3880 6234
127 459 217 511 285

1296 442 1378 495 nt;
1406 416 1846 495 Tenentttnns
1885 438 2112 494 LIBER.

3248 432 3349 486 νϐ

3288 464 3312 483 ιΙ

3288 464 3312 483 ιΙ

126 567 303 637 gratia,
335 576 381 617 tn
406 557 739 630 mqutnoctio
788 570 1014 621 vernau,
1038 551 1184 622 quod
1207 550 1357 619 juxta
1387 546 1672 617 Aigyptios
1703 549 1748 607 Λ
1779 547 1911 601 nalis
1940 546 2072 617 cycli
2121 559 2318 599 annum
2374 542 2760 598 CCCLXXXI"
2791 542 2979 596 diebus
3020 540 3147 595 facit
3198 556 3343 595 com-

125 656 206 711 XII
223 652 570 709 Calendarum
597 649 862 719 Aprilium
888 646 973 700 die
1002 642 1280 716 provenit,
1311 649 1617 707 surgentem
1644 652 1674 691 a

126 746 284 802 medio
309 742 528 797 orientis
551 741 838 809 diligenter
865 734 1227 799 adnotaveris,
1255 731 1398 785 hunc
1427 744 1566 782 anno
1591 741 1679 781 se-

127 839 307 908 quenti.
331 837 415 892 die
442 834 700 889 videlicet
725 831 915 888 eodem
932 870 949 896 ,
978 829 1252 897 aliquanto
1281 822 1501 878 inferius
1526 818 1673 885 oriri,

127 938 176 983 et
209 929 371 991 tertio,
409 934 631 994 quarto,
672 924 969 993 quintoque
995 934 1137 973 anno
1166 916 1409 971 eamdem
1441 912 1677 967 diminu-

128 1019 304 1071 tionem
334 1018 385 1069 in
412 1023 626 1067 tantum
658 1012 841 1081 augeri
867 1009 1126 1079 reperies,
1158 1014 1216 1059 ut
1255 1004 1354 1057 nisi
1385 1002 1524 1055 diem
1551 1007 1677 1053 ante

126 1103 502 1174 superadjieias,
556 1100 626 1154 XI
657 1083 936 1154 Calendas'
951 1089 1146 1165 Aprilis
1184 1090 1563 1161 aequinoctium
1602 1088 1682 1140 ἵει-ε

126 1206 287 1249 cturus
326 1193 401 1248 sol
428 1208 459 1248 e
494 1190 679 1245 medio
716 1197 900 1256 surgat
930 1185 1172 1250 orientis,
1204 1182 1445 1236 eamdem
1476 1180 1681 1234 scilicet

126 1284 407 1338 tarditatem
454 1285 466 1312 '
515 1281 731 1336 ameris
766 1283 984 1347 quoque
1025 1282 1339 1330 servaturus
1378 1270 1675 1325 exortibus.

727 1384 956 1443 CAPUT
978 1384 1065 1439 XI.

512 1477 591 1532 De
613 1477 822 1531 Circulo
852 1473 1263 1529 decennorenalt.

180 1571 387 1643 Cyclum
413 1569 908 1625 decennovenalem
956 1573 1176 1636 propter
1223 1561 1336 1616 XIV
1387 1562 1539 1615 lunas
1588 1577 1683 1630 pa-

121 1663 310 1717 schales
335 1661 547 1715 Nicatna
574 1659 813 1730 synodus
834 1657 1082 1721 instituit,
1103 1670 1167 1710 eo
1188 1656 1328 1723 quod
1350 1654 1414 1707 a.l
1436 1654 1682 1707 eumdem

154 1753 233 1808 nni
256 1753 444 1808 solaris
480 1753 625 1806 diem
653 1764 990 1819 unaquaque
1019 1748 1143 1801 luna
1169 1762 1263 1815 per
1316 1733 1463 1798 XIX.
1487 1760 1677 1809 annos,

124 1841 373 1897 CCXXXV
421 1843 751 1897 circumacta
806 1840 1034 1905 vicibus,
1084 1836 1356 1891 inerrabili
1404 1852 1564 1889 cursu
1597 1852 1682 1889 re-

122 1936 251 1999 deat,
273 1935 359 2004 qui
390 1934 652 1987 dividitur
683 1933 736 1986 in
759 1931 1033 2001 ogdoadas
1076 1936 1132 1983 et
1167 1926 1527 1993 hendecadas,
1580 1927 1683 1981 hoc

121 2034 222 2087 est,
250 2026 299 2078 in
340 2024 449 2077 VIII
498 2032 554 2078 et
598 2022 668 2075 XI
700 2037 891 2076 annos.
942 2018 1075 2074 Octo
1119 2018 1260 2072 enim
1301 2018 1426 2070 anni
1470 2016 1684 2070 lunares

125 2114 328 2169 totidem
359 2129 530 2169 annos
557 2114 766 2169 solares
789 2111 995 2165 duobus
1026 2118 1231 2162 tantum
1287 2107 1474 2161 diebus
1499 2118 1685 2182 .trans-

121 2206 365 2271 ceudunt,
430 2220 664 2276 quorum
710 2204 848 2257 alter
875 2200 942 2255 ad
1014 2199 1410 2268 explementum
1453 2197 1687 2251 occurrit

124 2298 455 2363 heudecadis,
487 2298 628 2353 alter
652 2297 865 2351 ratione
894 2295 1061 2349 saltus
1087 2292 1405 2353 absumitur,
1449 2290 1683 2359 alioquin

124 2388 444 2443 hendecades
465 2389 678 2442 solares
707 2402 817 2441 uno
841 2386 926 2439 die
952 2383 1391 2438 transcenderent
1420 2381 1681 2434 lunarem.

128 2479 263 2534 Licet
288 2480 500 2549 quidam
534 2479 803 2533 violenter
830 2478 931 2531 bos
968 2478 1079 2530 dies
1122 2490 1187 2529 ex
1218 2476 1239 2507 '
1272 2473 1520 2527 bissextis
1562 2479 1687 2525 octo

124 2585 368 2624 annorum
390 2570 648 2640 supplere
674 2569 944 2623 nitantur:
971 2581 1090 2619 cum
1120 2565 1389 2618 bissextus
1428 2563 1599 2617 soleat
1635 2562 1688 2615 in

124 2673 297 2712 mense
340 2659 636 2713 Februario
686 2658 787 2713 soli
823 2655 1132 2729 superfusus
1182 2663 1236 2709 et
1288 2652 1447 2720 luna},
1511 2655 1691 2708 futuro

126 2751 341 2819 tempori
369 2751 499 2804 nihil
525 2748 900 2819 prsejulicare,
932 2757 988 2802 et
1018 2748 1116 2818 ipsi
1146 2745 1346 2799 nullum
1395 2742 1690 2800 bendecadi

129 2840 407 2896 bii-sextum
460 2841 685 2895 addant.
739 2839 809 2895 Ut
863 2854 992 2907 ergo
1044 2838 1280 2908 apertius
1320 2835 1516 2899 dicam,
1584 2834 1691 2889 duo

128 2928 253 2985 luna:
277 2930 409 2993 dies,
437 2933 531 3002 qui
552 2934 866 3001 supeis‘unt,
895 2927 1156 2998 ogdoade,
1180 2927 1316 2982 duos
1357 2925 1448 2995 qui
1497 2924 1694 2980 desunt

127 3022 175 3079 in
201 3024 505 3081 bendecade
533 3026 829 3095 complent.

717 3111 944 3169 CAPUT
974 3111 1088 3168 XII.

666 3202 746 3257 De
782 3203 933 3258 Saltu
964 3202 1144 3256 Lnnw.

186 3294 384 3350 Saltum
416 3295 559 3349 luna:
590 3294 741 3348 locus
763 3301 818 3348 et
846 3293 978 3347 hora
1004 3294 1162 3347 citior
1200 3290 1524 3345 incensionis
1578 3289 1694 3357 ejus

124 3403 211 3456 per
238 3385 354 3439 XIX
382 3401 560 3441 annos
590 3385 793 3439 efﬁcit:
822 3384 1063 3454 quamvis
1092 3382 1234 3438 enim
1273 3380 1488 3450 quidam
1518 3380 1693 3448 singu-

122 3478 195 3535 las
238 3478 386 3533 lunas
442 3476 623 3532 XXIX
653 3477 816 3532 semis
861 3476 1048 3531 diebus
1071 3482 1463 3543 computantes,
1514 3472 1695 3526 incen-

122 3570 289 3624 siooes
318 3586 507 3624 carum
561 3569 743 3623 medio
770 3567 895 3633 diei,
926 3578 979 3620 et
1024 3564 1203 3620 medio
1259 3563 1433 3617 noctis
1480 3577 1696 3632 semper

121 3662 394 3727 alternent,
431 3678 544 3716 non
568 3662 623 3716 iu
650 3662 755 3716 hoc
780 3669 960 3715 tamen
985 3658 1268 3712 veritatem
1319 3665 1543 3718 naturaa,
1598 3654 1692 3709 sed

118 3752 408 3809 calculandi
449 3755 472 3786 ³
498 3754 815 3809 facilitatem
840 3752 927 3807 vel
968 3749 1346 3820 compendium
1396 3746 1689 3815 inquirunt.

119 3837 243 3895 Nam
268 3841 312 3894 si
341 3850 595 3895 naturam
628 3856 839 3911 quaeras
879 3839 901 3871 ⁸
936 3840 1074 3894 luna:
1121 3837 1278 3907 primi
1329 3836 1547 3900 mensis,
1574 3849 1695 3901 qua:

119 3931 291 3984 nunc‘
316 3930 369 3984 in
398 3929 635 3985 meridie
679 3947 692 3984 :
723 3936 780 3984 et
806 3928 1059 3994 secundi,
1097 3940 1217 3994 quae
1246 3940 1389 3979 nunc
1434 3926 1487 3978 in
1518 3922 1696 3976 medio

119 4022 285 4078 noctis
310 4022 655 4086 accenditur,
687 4036 831 4075 anno
859 4018 1036 4073 futuro
1060 4018 1215 4083 hora,
1246 4023 1303 4071 et
1355 4030 1463 4069 uno
1494 4021 1693 4084 puncto

116 4120 169 4165 et
192 4111 379 4167 decem
418 4111 738 4174 momentis,
764 4117 820 4164 et
852 4109 874 4140 ⁸
903 4105 1128 4168 dimidio
1178 4104 1436 4158 momenti
1469 4102 1699 4159 nonade-

118 4200 248 4255 cima
272 4211 426 4270 parte
451 4203 618 4257 unius
641 4199 822 4269 puncti
852 4208 978 4253 ante
1008 4197 1236 4252 medium
1268 4196 1378 4252 diei
1407 4195 1493 4249 vel
1522 4196 1702 4250 noctis

118 4289 425 4345 illustratur.
459 4291 591 4345 Ilmc
628 4299 809 4343 tamen
840 4288 1109 4342 diSIinctio
1134 4303 1238 4339 non
1262 4286 1327 4338 ad
1357 4295 1561 4357 certum
1590 4302 1704 4337 em-

118 4383 344 4451 bolismi,
363 4385 450 4438 vel
478 4382 788 4439 communis
810 4381 934 4434 anni
959 4379 1263 4441 terminum,
1293 4378 1384 4431 sed
1412 4376 1475 4429 ad
1494 4389 1701 4442 mquam

115 4471 427 4530 divisionem
459 4472 592 4528 XIX
615 4472 789 4527 tendit
824 4484 1110 4537 annorum,
1132 4470 1314 4537 sicque
1338 4483 1432 4537 per
1454 4464 1571 4518 XIX
1604 4481 1698 4518 uno

1779 640 1975 709 putari.
2008 636 2159 703 Quod
2187 637 2229 691 si
2262 638 2435 691 facere
2463 636 2720 703 negligas,
2756 651 2849 704 per
2870 633 2964 686 XV
3011 633 3351 686 deccnnove-

1778 731 1928 784 nales
1950 729 2129 798 cyclos
2142 726 2233 780 XV
2255 728 2346 781 tibi
2366 727 2512 788 luna,
2529 727 2615 779 ubi
2640 727 2807 794 prima
2825 731 3060 793 putatur,
3084 730 3347 777 occurret.

2345 816 2573 871 CAPUT
2652 815 2787 868 XIII.

2134 896 2463 952 Contineuu'a
2494 894 2685 949 εἰν-(ιιιὶ
2731 893 2978 964 ejusdem.

1850 992 2044 1064 Cyclus
2073 990 2212 1044 idem
2257 987 2523 1057 paschalis
2550 986 2657 1038 VIII
2693 996 2775 1039 est
2797 985 2950 1037 lineis
2971 982 3351 1037 communitus.

1782 1084 1990 1139 Primus
2010 1080 2142 1136 ordo
2167 1079 2407 1134 continet
2436 1091 2606 1129 annos
2629 1076 2695 1128 ab
2727 1072 3093 1127 incarnatione
3125 1070 3354 1134 D.:miui,

1782 1176 1936 1230 unius
1964 1170 2187 1239 singulis
2208 1169 2360 1222 annis
2382 1175 2667 1234 augmento
2688 1165 2706 1195 ⁷
2730 1172 3051 1217 crescentes.
3079 1160 3357 1213 secundus

1783 1266 2105 1323 iudictiones
2133 1262 2527 1321 Romanorum,
2557 1272 2676 1325 qua:
2715 1257 2765 1307 in
2802 1270 2859 1308 se
2888 1258 2908 1282 "
2939 1268 3030 1321 per
3070 1249 3161 1303 XV
3194 1266 3358 1302 anno-

1783 1373 1899 1411 rum
1924 1369 2136 1409 cursum
2161 1353 2527 1407 revolvuntur.
2554 1348 2764 1401 Tertius
2786 1345 3015 1413 Epaetas
3037 1342 3103 1395 XI
3121 1344 3353 1415 lunares,

1781 1461 1902 1514 qua:
1923 1459 2019 1515 per
2044 1442 2280 1510 singulos
2310 1455 2483 1493 annos
2511 1440 2717 1493 solarcs
2746 1435 2809 1488 ad
2841 1449 3053 1488 cursum
3080 1433 3215 1484 lunae
3239 1446 3358 1484 suc-

1784 1545 2053 1598 crescunt,
2084 1542 2137 1587 et
2165 1531 2229 1585 ad
2262 1531 2437 1583 lunam
2468 1527 2822 1582 Calendarum
2852 1521 3188 1590 quaerendam
3216 1535 3356 1593 scm-

1783 1644 1881 1697 per
1908 1626 2230 1693 adjiciuntur
2259 1623 2446 1692 posita:
2477 1619 2542 1673 XI
2575 1618 2837 1672 Calendas
2864 1615 3093 1683 Apriles.
3126 1613 3358 1676 Quartus

1785 1726 2167 1771 concurrentes
2197 1713 2510 1781 septimana:
2541 1709 2673 1769 dies,
2707 1724 2823 1776 flllll}
2856 1706 3041 1773 pusila‘.
3071 1703 3135 1755 IX
3177 1703 3361 1756 Calen~

1786 1809 1882 1861 das
1914 1806 2141 1873 Apriles,
2172 1813 2392 1873 propter
2423 1801 2756 1870 dispendium
2789 1796 3012 1851 bissexti
3060 1793 3358 1848 necessario

1717 1897 1757 1953 Β
1788 1898 1999 1952 XXVIII
2022 1899 2175 1950 annis
2206 1894 2493 1963 implentur
2526 1911 2537 1943 :
2572 1906 2797 1960 quarum
2843 1887 2979 1941 ratio
3008 1887 3151 1953 cogit
3184 1885 3365 1954 cyclos

1786 1984 2251 2044 decennovenalcs
2283 1982 2494 2035 XXVIII
2528 1980 2780 2043 describi,
2814 1990 2870 2033 ut
2892 1978 3112 2043 singula:
3135 1990 3361 2029 concur-

1785 2091 1967 2135 rentes
1995 2075 2233 2143 singulos
2263 2073 2440 2143 cyclos
2464 2072 2733 2133 inchoent,
2768 2078 2985 2138 totaque
3014 2082 3221 2121 summa
3267 2081 3365 2133 pa-

1786 2169 1983 2225 schalis
2030 2166 2220 2221 calculi
2276 2162 2508 2217 DXXXII
2552 2162 2722 2215 annis
2770 2161 3087 2228 explicetur.
3139 2158 3369 2222 Quintus

1788 2261 1993 2332 cyclum
2033 2259 2310 2321 lunarem,
2344 2271 2501 2324 quem
2533 2254 2703 2308 tribus
2732 2254 2885 2306 annis
2923 2248 3366 2305 decennovenalii

1787 2349 2041 2420 prmcedit
2097 2346 2254 2401 :XIX
2307 2346 2459 2398 annis
2523 2346 2685 2397 etiam
2750 2343 2861 2411 ipse
2930 2340 3367 2409 comprehensus.

1790 2419 1985 2497 Sextus
2032 2439 2146 2493 XIV
2202 2440 2376 2505 lunas,
2407 2440 2427 2470 9
2460 2437 2653 2506 quibus
2708 2442 2917 2487 veteres
2967 2432 3159 2500 pascha
3210 2429 3372 2483 [πῖαρ
3450 2419 3459 2426 ’

1790 2535 1938 2597 bant,
1988 2547 2105 2600 qua:
2152 2546 2180 2583 a
2231 2528 2551 2583 duodecimo
2586 2524 2849 2579 Calendas
2908 2523 3145 2591 Apriles,
3202 2533 3371 2587 usque

1793 2627 1845 2680 in
1901 2623 2012 2677 XIV
2070 2620 2333 2676 Calendas
2386 2617 2551 2672 Maias
2594 2616 2743 2669 vario
2798 2614 3041 2667 discursu
3097 2618 3371 2677 vagantes,

1796 2728 2004 2785 tempus
2050 2715 2375 2770 incensionis
2431 2712 2497 2765 ab
2563 2708 2672 2764 VIII
2736 2708 2859 2761 Idus
2934 2705 3153 2759 Mart'as
3206 2717 3375 2772 usque

1793 2812 1846 2865 in
1872 2809 2048 2863 Nonas
2070 2805 2280 2875 Apriles
2302 2802 2568 2872 accipiunt
2604 2818 2617 2852 :
2647 2813 2674 2851 a
2704 2797 2817 2851 XIV
2842 2805 3022 2850 autem
3054 2796 3179 2847 luna
3204 2805 3374 2859 usque

1794 2903 1858 2955 ad
1883 2899 1999 2957 XIV
2030 2897 2153 2953 anni
2182 2894 2456 2964 sequentis
2476 2893 2588 2947 dies
2610 2898 2733 2945 sunt
2762 2887 3025 2949 CCCLIV,
3049 2887 3092 2939 si
3121 2898 3371 2938 commu-

1796 2996 1877 3051 nis
1907 3007 2078 3049 annus
2104 2998 2205 3046 est.
2220 2988 2277 3043 Si
2293 2986 2658 3047 embolismus,
2678 2978 3087 3038 CCCLXXXIV.
3111 2975 3373 3045 Septimo,

1796 3087 1909 3143 dies
1929 3083 2209 3139 dominica:
2240 3078 2457 3134 Pasch-.13
2483 3075 2821 3144 reperiuntur
2843 3072 2908 3125 ab
2930 3069 2997 3123 XI
3020 3067 3377 3123 Calendarum

1799 3176 2059 3247 Aprilium
2094 3186 2264 3240 usque
2289 3171 2343 3224 in
2385 3166 2473 3222 VII
2512 3165 2777 3221 Calendas
2806 3164 2989 3227 Maias,
3018 3162 3086 3215 ob
3116 3161 3379 3213 rationem

1722 3238 1767 3299 δ
1800 3238 2234 3321 ειιιὶιοὶίεωοτυιη
2261 3259 2489 3314 licenter
2508 3253 2746 3309 extendi.
2766 3256 2805 3284 ¹⁰
2825 3251 3025 3307 Ultimo
3046 3248 3233 3304 ordine
3257 3248 3379 3301 luna

1796 3357 1917 3411 festi
1972 3351 2242 3424 paschalis
2298 3366 2328 3403 a
2382 3348 2473 3403 XV
2504 3346 2757 3416 usquein
2802 3342 2923 3399 XXI
2978 3351 3203 3413 propter
3239 3341 3379 3393 diem

1796 3445 2125 3501 dominicum
2170 3440 2415 3495 variata:
2443 3441 2484 3471 ιι
2517 3438 2704 3492 adimit
2742 3437 2885 3491 enim
2917 3434 3086 3488 saltus
3140 3439 3378 3493 noctem,

1799 3541 1843 3572 “
1868 3538 2013 3593 addit
2040 3550 2197 3590 verro
2225 3541 2461 3597 aetatem,
2485 3547 2604 3601 quae
2634 3514 2728 3599 per
2756 3543 2969 3581 omnem
2999 3524 3206 3595 cyclum
3239 3521 3379 3574 ado-

1800 3628 1944 3682 levit.
1972 3624 2078 3679 Sed
2101 3624 2151 3677 in
2184 3623 2287 3675 hoc
2314 3638 2417 3675 nox
2442 3619 2714 3680 adimitur,
2738 3616 2881 3685 quod
2912 3624 3037 3669 ante
3068 3613 3193 3667 luna
3220 3613 3261 3643 ¹³
3285 3611 3379 3665 de-

1803 3718 1945 3783 ﬁcit,
1986 3713 2133 3785 quod
2182 3721 2423 3783 putatur,
2480 3710 2797 3765 naturaliter
2826 3724 2955 3761 vero
2986 3722 3090 3760 nox
3122 3705 3232 3773 ipsa
3263 3719 3384 3771 pcr-

1801 3815 2030 3871 severat,
2064 3819 2180 3875 qua:
2210 3818 2317 3859 nox
2350 3802 2556 3857 initium
2584 3808 2667 3853 est
2696 3796 2857 3851 futuri
2877 3796 3023 3858 anni,
3054 3801 3107 3845 et
3133 3792 3267 3862 cycli
3298 3790 3383 3843 in-

1803 3898 2050 3968 cipientis
2109 3893 2387 3948 exordium
2448 3909 2462 3943 :
2516 3898 2736 3959 propter
2782 3887 2925 3955 quod
2982 3883 3120 3937 idem
3165 3880 3385 3937 ultimus

1802 4001 1973 4043 annus
2019 3984 2249 4053 Epactas
2302 3977 2464 4034 XVIII
2525 3986 2653 4036 tunc
2700 3976 2976 4037 retinens,
3026 3970 3201 4041 primo
3242 3982 3385 4020 anno

1802 4094 1910 4133 nou
1934 4075 2002 4129 XI
2032 4083 2089 4129 ut
2128 4074 2179 4126 in
2228 4072 2438 4126 cmteris
2467 4068 2621 4123 annis
2652 4067 2768 4121 fieri
2824 4066 2981 4128 solet,
3014 4062 3105 4117 sed
3136 4058 3229 4112 XII
3271 4058 3387 4112 dies

1805 4165 2198 4226 accommodat.
2222 4162 2290 4218 Et
2318 4163 2440 4235 quia
2471 4160 2621 4215 XXX
2649 4160 2855 4214 dierum
2882 4156 2985 4210 Iiue
3018 4152 3385 4215 revolvuntur,

1807 4261 1951 4314 nulla
1982 4267 2171 4327 epacta
2204 4257 2258 4309 in
2287 4254 2552 4324 principio
2579 4250 2715 4321 cycli
2748 4249 2983 4318 ponitur.

2385 4362 2614 4420 CAPUT
2668 4358 2805 4414 XIV.

2090 4460 2403 4530 Argumenta
2462 4453 2727 4507 titulorum
2781 4448 3101 4519 paschalium

119 4578 213 4617 nos
234 4565 500 4633 paulatim
562 4563 774 4619 lunaris
826 4560 1071 4617 accensio
1114 4574 1233 4614 sese
1278 4556 1701 4627 pncoccupando
1738 4535 1783 4594 ί)
1879 4554 1934 4609 Si
1990 4568 2150 4608 nosse
2178 4552 2257 4605 vis
2306 4556 2437 4618 quot
2483 4555 2608 4601 sunt
2638 4544 2762 4598 anni
2792 4544 2858 4596 ab
2889 4538 3261 4594 incarnatione
3285 4530 3390 4585 Do—

117 4652 265 4715 unius
292 4656 402 4712 diei
463 4656 707 4728 spatium
737 4656 1021 4720 amittens;
1063 4651 1309 4707 ultimum
1364 4648 1699 4703 decennove-

1812 4645 1960 4709 mini,
1994 4644 2129 4700 scito
2148 4648 2281 4711 quot
2311 4640 2511 4693 fuerint
2540 4636 2758 4691 ordines
2785 4631 3158 4691 Iudictionum,
3180 4634 3237 4678 ut
3258 4637 3386 4694 puta

1328 4775 1719 4830 VARIANTES
1760 4772 2162 4827 LICC'I‘IONES.

184 4904 200 4933 ‘
240 4902 302 4961 A.
332 4900 393 4960 Β,
428 4900 485 4953 in
515 4898 743 4957 certarit.
815 4894 819 4919 ῖ
948 4896 968 4925 ³
1007 4892 1162 4961 Βθεῑίι.
1188 4890 1297 4961 94.,
1326 4887 1624 4961 bissexfilis.

167 4973 230 5036 Α,
252 4959 397 5023 (una.
738 4966 760 4995 ⁸
798 4960 992 5021 01min
1026 4962 1085 5036 A,
1119 4960 1180 5036 I_3,

118 5026 356 5095 ιιοῖᾶιεηιὲ
404 5050 478 5094 ει.
750 5036 769 5065 ⁷
811 5033 1091 5088 Crescentis
1133 5029 1293 5087 Basil.
1347 5026 1434 5081 ed.

122 5113 163 5143 “
196 5115 241 5166 Δ
294 5111 497 5166 Ultimo
527 5108 676 5162 (una.

840 5107 879 5137 “
918 5103 1124 5161 Caetera
1153 5113 1321 5169 usque
1351 5097 1418 5152 ad
1439 5104 1597 5168 caput
1625 5089 1856 5165 sequens
1886 5112 1989 5151 non
2014 5094 2177 5147 habet
2200 5089 2263 5145 A.

1824 4886 1845 4917 ³
1886 4886 1948 4938 A.
2024 4900 2133 4937 om.
2208 4879 2508 4949 facilitatem
2540 4870 2825 4949 tteerlC
2870 4870 2969 4949 _rel
3020 4866 3387 4949 compendium.

1491 4956 1511 4985 ⁸
1549 4957 1593 5007 Α
1617 4964 1672 5009 et
1723 4956 1879 5009 Basil.
1910 4955 1997 5008 ed.
2030 4970 2136 5007 orn.
2176 4939 2389 5003 dimidio
2418 4948 2689 5009 momenti;
2722 4942 2762 4995 Β
2792 4941 2904 4995 etC
2933 4947 3137 5007 ponunt
3177 4939 3390 4993 dimidio

1652 5028 1673 5057 ⁸
1712 5026 1928 5095 Semper
1977 5024 2039 5084 A.
2072 5023 2133 5087 Β,
2156 5022 2222 5095 C.
2252 5020 2413 5074 Basil.
2448 5019 2538 5095 ed.

2822 5013 2947 5072 ΟΔ,

2448 5091 2489 5119 ¹¹
2532 5088 2592 5141 Β.
2625 5083 2852 5139 addidit.

2984 5026 3113 5080 qua}

2998 5078 3037 5110 η
3079 5078 3137 5131 n.
3185 5080 3393 5149 defecit.

1376 5225 1662 5283 ϐιοδδίε
1704 5225 1788 5282 ΕΤ
1828 5225 2137 5281 SCHOLIA.

120 5336 301 5402 viginti
345 5342 593 5403 quatuor
619 5331 913 5391 horarum,
968 5323 1056 5377 alii
1102 5319 1413 5403 naturales,
1457 5319 1554 5400 qui.
1578 5325 1706 5376 sunt

125 5389 265 5459 inter.
280 5389 414 5460 solis
443 5412 701 5457 exortum
746 5410 801 5456 et
840 5389 1087 5452 occasum
1114 5410 1127 5453 ;
1180 5392 1311 5444 alias
1353 5390 1405 5460 Iii
1431 5389 1555 5442 anni
1588 5404 1683 5460 ver

333 5473 616 5535 dicuntur,
658 5479 719 5525 ut
764 5463 902 5537 apud
946 5464 1257 5537 Ciceronem
1283 5498 1300 5522 ,
1349 5459 1437 5511 lib.
1481 5474 1612 5537 .Vl,_
1643 5458 1711 5511 de

125 5541 330 5669 mh.
352 5581 369 5604 ,
414 5541 572 5609 quod
604 5527 748 5594 'Iiant
789 5529 919 5594 solis
943 5531 1294 5592 conversione
1332 5543 1426 5597 per
1449 5527 1709 5580 circulum

228 5614 240 5624 ’
276 5626 445 5669 cum;
479 5610 627 5663 unde
648 5618 704 5663 et
725 5608 914 5669 (ii-reci,
941 5605 1127 5660 eadem
1154 5597 1498 5669 similitudine
1525 5596 1667 5669 ducti
1692 5634 1707 5658 ,

228 5596 451 5676 nenia;
479 5610 627 5663 unde
648 5618 704 5663 et
725 5608 914 5671 Graeci,
941 5605 1127 5676 eadem
1154 5597 1498 5676 similitudine
1525 5596 1707 5675 ducti,

128 5666 329 5739 annum
378 5666 612 5735 ἐνὶαυτον
667 5666 911 5742 vocant,
950 5675 1106 5745 quod
1154 5670 1317 5745 veluti
1345 5666 1439 5745 _in_
1478 5666 1712 5745 seipsuin

130 5734 497 5815 gnra-tatur,
520 5763 644 5817 qua:
666 5755 859 5800 natura
886 5734 1169 5817 est-motus
1198 5736 1490 5817 circularis.
1517 5734 1714 5817 Verum

132 5824 199 5883 de
230 5837 425 5892 magno
466 5810 651 5892 anno,
704 5829 864 5885 quem
902 5815 1065 5892 etiam
1108 5810 1438 5867 Platonicum
1488 5813 1713 5870 vocant,

136 5895 291 5951 varia
315 5885 443 5953 Eunt
470 5889 777 5947 dictionum
799 5885 1094 5942 sementim.

2438 5323 2609 5362 CAPUT
2648 5320 2754 5360 XIII.

1879 5429 2031 5483 Jom.
2073 5424 2207 5480 Nov.
2238 5422 2492 5475 Scuom.
2520 5448 2592 5458 —
2620 5414 2878 5468 Redditur
2900 5411 2984 5464 hic
3015 5410 3150 5483 ratio
3175 5409 3385 5483 illorum

1814 5480 2045 5555 iudicum
2085 5494 2173 5563 qui
2208 5492 2341 5545 libro
2381 5488 2659 5563 ultimo‘ad
2693 5484 2848 5538 linem
2874 5490 3005 5563 sunt
3052 5481 3271 5563 adjecti,
3296 5480 3386 5545 qui

1814 5551 2062 5627 constant
2084 5551 2243 5617 armis
2268 5575 2467 5620 uxxxn,
2499 5558 2694 5626 quibus
2714 5554 2937 5627 esactis,
2966 5552 3143 5627 omnia
3168 5551 3395 5627 redeunt

1816 5619 2003 5696 eadem
2032 5646 2087 5689 ut
2106 5641 2230 5688 sunt
2254 5633 2319 5685 ab
2349 5619 2992 5696 iuitiofquemadmodum
3018 5620 3139 5696 alibi
3168 5619 3409 5696 pluribus

1823 5688 2169 5764 dictum’est.
2225 5688 2576 5755 Rcduximus'
2610 5698 2709 5750 bos
2756 5692 2986 5764 circulos
3022 5688 3071 5740 in
3125 5688 3398 5764 pristinam

1824 5757 2163 5846 dignitatem,
2198 5780 2351 5826 erant
2378 5769 2518 5822 enim
2560 5759 3035 5846 inexemplaribus
3073 5772 3187 5827 qna‘
3217 5757 3399 5811 hacte-

1826 5828 2101 5905 ἷιῖέίἱίεὶε
2124 5828 2172 5899 in
2202 5858 2298 5898 usu
2327 5853 2487 5907 supra
2519 5833 2733 5891 modum
2763 5828 3059 5904 depravati.
