3880 6234
112 414 201 468 297

1289 409 1375 463 DE
1416 408 1553 463 TI-IM
1566 409 1796 465 I’ORUM
1841 408 2163 463 ΠΑΪΙΟΝΕ.

3269 412 3373 462 ἑκ

108 554 222 605 Cum
247 549 375 604 dicis
403 546 798 614 Quadraginta,
834 545 1089 599 interiora
1121 544 1335 612 pollicis
1386 543 1543 597 lateri
1591 546 1664 597 ve

1785 533 2011 588 qua-que
2041 533 2136 587 per
2183 519 2297 571 lucc
2322 516 2585 571 occultius
2618 515 2889 570 immendo
2920 516 3251 585 signiﬁuus,
3282 539 3360 575 ru

109 640 249 694 dorso
276 638 463 693 indicis
490 635 839 704 superduccs,
870 635 1134 688 ambobus
1162 632 1425 688 duntaxat
1457 634 1675 688 erectis.

109 729 223 782 Cum
266 727 395 782 dicis
436 725 869 793 Quinquaginta,
930 724 1181 793 pollicem
1232 723 1508 778 exteriore
1557 734 1676 777 artu

108 826 256 879 instar
281 823 481 877 Graeca:
506 822 698 873 littera:
724 834 937 886 gamma
965 832 996 872 r
1021 828 1321 880 curvatum,
1348 817 1414 871 ad
1443 817 1675 887 palmam

110 910 381 965 inclinabis.
414 908 549 963 Cum
573 907 707 961 dicis
750 908 1063 975 sexaginta,
1094 907 1349 975 pollicem
1378 912 1462 971 (ut
1489 909 1675 974 supra)

109 1010 394 1061 curvatum,
454 999 630 1053 indice
694 996 1042 1053 circumﬂexo
1095 997 1381 1063 diligenter
1419 1012 1445 1049 a
1500 998 1678 1051 fronte

109 1088 543 1160 praeciugesﬁtnn
574 1088 709 1143 dicis
729 1090 1089 1155 septuaginta,
1126 1088 1354 1143 indicem
1380 1090 1462 1159 (ut
1490 1090 1676 1155 supra)

109 1178 484 1241 circumﬂexum
519 1178 717 1247 pollice
743 1176 986 1234 immisso
1015 1179 1426 1247 superimplebis
1449 1219 1464 1243 ,
1500 1193 1678 1246 ungue

109 1274 344 1326 duntaxat
383 1272 524 1326 illius
552 1280 739 1325 erecta
768 1272 782 1301 ¹
819 1280 966 1326 trans
990 1271 1223 1325 medium
1256 1272 1444 1325 indicis
1475 1280 1675 1325 artum.

107 1362 225 1417 Cum
260 1363 389 1420 dicis
438 1362 749 1431 Octoginta,
799 1362 1030 1417 indicem
1082 1365 1167 1430 (ut
1199 1363 1396 1432 supra)
1442 1363 1677 1417 circum-

107 1454 319 1518 ﬂexum,
371 1452 569 1521 pollice
614 1452 667 1505 in
716 1451 936 1519 longum
981 1462 1135 1507 tenso
1185 1452 1466 1520 implebis,
1502 1466 1677 1519 ungue

107 1546 334 1601 videlicet
380 1545 569 1601 ’illius
616 1545 669 1598 in
708 1544 945 1598 medium
1001 1544 1193 1599 indicis
1255 1556 1432 1599 artum
1490 1546 1671 1600 iulixa.

104 1636 221 1690 Cum
267 1634 399 1691 dicis
445 1636 764 1704 nonaginta,
805 1635 995 1690 indicis
1025 1635 1203 1691 inﬂexi
1234 1636 1488 1706 ungulam
1507 1636 1676 1690 radici

102 1726 292 1796 pollicis
314 1727 333 1758 ³
363 1724 571 1795 inﬁges.

164 1813 426 1868 Hactenus
453 1814 510 1867 in
534 1813 691 1875 lteva,
709 1813 940 1867 Centum
966 1828 1098 1867 vero
1128 1815 1180 1868 in
1204 1814 1449 1879 dextera,
1485 1828 1674 1882 quem-

1784 610 2064 679 imperitos
2090 622 2337 678 quosque
2365 609 2521 677 quasi
2570 608 2861 663 divinando
2896 609 3171 665 deludens.
3204 615 3367 679 Cujus

1782 702 1915 756 ordo
1947 700 2161 755 Iudivel
2190 699 2419 768 loquela:
2462 700 2583 755 talis
2604 708 2685 754 est
2712 718 2723 752 :
2748 715 2870 755 cum
2918 701 3144 770 primam
3186 705 3366 773 alpha~

1781 790 1892 845 beti
1936 791 2171 845 litteram
2230 790 2483 844 intimare
2530 792 2705 861 cupis,
2735 807 2899 845 unum
2945 810 3107 847 manu
3151 803 3365 848 teneto:

1779 898 1903 936 cum
1954 882 2250 937 secundam
2283 882 2434 950 duo,
2488 898 2611 937 cum
2666 884 2903 949 tertiam,
2953 885 3076 942 tria.
3122 886 3185 940 Et
3206 887 3284 941 sic
3304 903 3372 943 ex

1781 974 1971 1028 ordine
1994 983 2242 1029 caeteras.

1854 1062 2013 1118 V'crbi
2041 1064 2213 1132 gratia
2263 1081 2276 1116 :
2323 1064 2369 1118 si
2420 1063 2655 1119 amicum
2689 1064 2830 1118 inter
2860 1066 3199 1122 insidiatores
3231 1072 3375 1138 posi-

1722 1190 1727 1195 -
1781 1162 1917 1217 tum,
1964 1162 2022 1206 ut
2066 1162 2225 1208 caute
2250 1161 2269 1189 τ
2300 1169 2415 1206 rem
2445 1162 2589 1222 agat,
2622 1154 2915 1208 admonere
2938 1158 3209 1210 ιιρεὶὼως
3236 1176 3249 1211 :
3283 1158 3369 1221 III,

1781 1253 1839 1298 et
1868 1242 1907 1306 I,
1938 1252 1992 1297 et
2022 1241 2140 1307 XX,
2173 1252 2232 1297 et
2278 1242 2418 1305 XIX,
2445 1252 2501 1298 et
2532 1243 2592 1308 ν,
2624 1252 2677 1297 et
2703 1244 2745 1312 I,
2792 1255 2848 1299 et
2878 1238 3043 1301 \‘lI'ct
3078 1247 3139 1312 γ,
3194 1249 3375 1315 digitis

1780 1336 2028 1390 ostende.
2077 1334 2248 1404 Hujus
2279 1350 2512 1405 namque
2543 1336 2752 1391 ordinis
2778 1337 2974 1391 littera:
2998 1381 3013 1403 ,
3049 1339 3221 1395 Caute
3251 1356 3371 1408 age,

1781 1425 2107 1493 signiﬁcant.
2170 1422 2358 1478 Potest
2396 1433 2451 1477 et
2480 1425 2552 1478 ita
2583 1426 2765 1490 scribi,
2817 1427 2861 1478 si
2904 1442 3063 1481 causa
3112 1431 3373 1485 secretior

1781 1519 1981 1584 exigat.
2032 1516 2139 1570 Sed
2168 1516 2283 1569 lucc
2326 1515 2640 1571 Graecorum
2673 1527 2929 1586 computo
2964 1520 3261 1588 litterisque
3289 1520 3365 1576 ἣν

1780 1608 1937 1661 cilius
1989 1604 2121 1660 disci
2165 1604 2326 1658 simul
2375 1614 2554 1673 atque‘
2591 1607 2674 1675 agi
2718 1617 2978 1675 possunt,
3038 1609 3128 1677 qui
3173 1626 3280 1663 non
3319 1616 3377 1660 ut

1781 1698 1995 1763 Latini,
2033 1696 2219 1768 paucis
2268 1695 2568 1765 iisdemque
2613 1698 2896 1765 geminatis
2941 1714 3069 1753 suos
3121 1716 3371 1754 numeros

1779 1789 1958 1845 solent
1999 1787 2310 1856 exprimere
2357 1786 2570 1853 litteris,
2602 1804 2791 1842 verum
2824 1798 2955 1861 toto
2988 1790 3257 1860 alphabeti
3289 1796 3370 1845 sul

100 1900 366 1956 admodum
382 1900 575 1956 Decem
606 1902 658 1955 in
678 1901 805 1955 laeva
830 1901 1015 1958 facies.
1042 1903 1297 1969 Duceuta,
1329 1906 1380 1958 in
1404 1880 1625 1960 dextera
1653 1922 1664 1958 :

1777 1882 2098 1936 charactere
2126 1880 2179 1933 in
2211 1894 2560 1934 numerorum
2593 1880 2792 1949 Iiguras
2818 1883 2839 1913 ⁸
2861 1896 3123 1952 expenso,
3145 1892 3255 1937 tres
3276 1885 3367 1952 qui

98 1991 535 2059 quemadmodum
551 1991 753 2059 Viginti
777 1993 999 2047 inlazva.
1029 1993 1312 2059 Trecenta,
1344 1996 1393 2049 in
1410 1995 1665 2050 dextera:

97 2081 535 2143 quemadmodum
578 2080 820 2149 Triginta
862 2083 915 2136 in
970 2084 1119 2137 hera.
1166 2082 1369 2138 Eodem
1411 2086 1575 2140 tnodo
1616 2096 1670 2140 et

93 2178 277 2224 cetera
329 2184 498 2238 usque
526 2170 595 2223 ad
642 2169 881 2224 DCCCC.
930 2170 1063 2225 Item
1104 2171 1277 2236 Mille,
1335 2174 1387 2227 in
1413 2174 1665 2229 dextera:

92 2261 530 2331 quemadmodum
553 2260 731 2316 Unum
750 2262 803 2316 in
824 2262 973 2317 laeva.
1006 2262 1121 2318 Duo
1136 2265 1323 2329 millia,
1351 2265 1401 2318 in
1420 2266 1665 2321 dextera:

92 2352 526 2419 quemadmodum
557 2352 677 2406 Duo
707 2352 759 2407 in
791 2352 947 2407 laeva.
978 2353 1102 2407 Tria
1134 2356 1323 2418 millia,
1352 2358 1402 2409 in
1419 2356 1665 2411 dextera:

94 2444 531 2511 quemadmodum
583 2443 709 2504 Tria
752 2445 808 2498 in
855 2444 1011 2499 laeva.
1066 2446 1133 2499 Et
1175 2457 1369 2501 cictera
1404 2464 1573 2519 usque
1602 2452 1669 2505 ad

94 2550 277 2590 novem
316 2534 500 2589 millia.
561 2532 733 2590 Porro
762 2548 882 2588 cum
914 2535 1051 2589 dicis
1096 2536 1286 2591 decem
1337 2540 1526 2602 millia,
1571 2541 1667 2596 la:-

94 2639 205 2678 tam
235 2638 253 2663 δ
280 2625 335 2680 in
378 2624 556 2679 medio
610 2634 829 2694 pectore
863 2627 1113 2694 supinam
1167 2642 1437 2697 appones,
1488 2630 1669 2699 digitis

93 2724 289 2772 tantmn
317 2716 384 2771 ad
402 2717 603 2772 collum
631 2717 849 2772 erectis.
883 2716 1084 2785 Viginti
1146 2719 1311 2772 millia
1360 2736 1479 2773 cum
1508 2721 1665 2786 dicis,

92 2810 323 2863 eamdem
353 2811 558 2879 pectori
580 2824 878 2877 expansam
912 2810 1021 2865 late
1043 2826 1399 2881 superpones.
1428 2812 1667 2883 Triginta

93 2898 247 2952 millia
275 2916 397 2955 cum
425 2900 561 2955 dicis
582 2942 599 2967 ,
634 2902 655 2932 ⁸
683 2901 874 2956 eadem
905 2917 1100 2971 prona,
1132 2902 1226 2957 sed
1256 2912 1469 2967 erecta,
1504 2907 1664 2973 polli—

89 3005 200 3043 cem
237 2993 531 3060 cartilagini
584 2993 747 3047 medii
799 2993 1036 3062 pectoris
1093 2992 1368 3047 immittes.
1421 2993 1666 3059 Quadra-

90 3079 225 3144 ginta
256 3081 421 3135 millia
449 3098 570 3136 cum
618 3084 753 3137 dicis
781 3126 797 3149 ,
846 3084 1093 3138 eamdem
1150 3085 1203 3137 in
1242 3083 1499 3138 umbilico
1547 3101 1668 3139 ere-

88 3176 220 3223 ctam
238 3170 525 3244 supinabis.
550 3170 950 3241 Quinquaginta
980 3173 1145 3227 millia
1190 3188 1311 3228 cum
1347 3172 1501 3237 dicis,
1531 3175 1668 3243 ejus~

88 3259 202 3313 dem
230 3276 410 3328 pronae
430 3304 446 3327 ,
468 3264 563 3317 sed
590 3273 811 3329 erecte,
838 3266 1088 3333 pollicem
1110 3267 1365 3321 umbilico
1393 3270 1655 3334 imponas.

86 3351 363 3420 Sexaginta
406 3356 568 3412 millia
618 3371 742 3428 cum
797 3356 967 3424 dicis,
1004 3357 1210 3412 eadem
1266 3374 1436 3428 prona
1482 3358 1660 3413 feritur

89 3441 269 3495 lterum
317 3442 549 3514 desuper
585 3425 1033 3515 comprehendes.
1091 3425 1443 3518 Septuaginta
1492 3450 1657 3503 millia

85 3544 199 3581 cum
246 3530 412 3597 dicis,
458 3532 707 3587 eamdem
757 3535 1004 3600 supinam
1052 3535 1241 3591 femori
1298 3552 1659 3607 superpones.

84 3612 359 3688 Octoginta
407 3622 575 3677 millia
600 3639 724 3678 cum
752 3624 907 3691 dicis,
938 3627 1183 3681 eamdem
1214 3643 1439 3696 pronam
1473 3630 1661 3686 femori

82 3724 428 3783 tuperpones.
458 3713 763 3785 Nonaginta
792 3717 960 3773 millia
989 3734 1110 3773 cum
1129 3719 1284 3784 dicis,
1316 3720 1506 3774 eadem
1526 3721 1663 3775 lum-

84 3800 182 3854 bos
203 3803 597 3871 apprehendas,
629 3804 829 3873 pollice
860 3806 930 3859 ad
958 3807 1177 3874 inguina
1206 3823 1386 3862 verso.
1442 3808 1512 3862 At
1535 3825 1663 3864 vero

84 3887 309 3944 ίῖεπιιιπι
331 3891 519 3953 millia,
545 3901 604 3946 et
627 3892 929 3948 Ducentnm
960 3896 1151 3961 millia,
1188 3907 1244 3950 et
1272 3906 1466 3952 caetera
1494 3914 1663 3965 usque

83 3979 145 4033 ad
184 3974 399 4035 DCCCC
452 3981 663 4045 millia,
723 3982 915 4039 eodem
963 4000 1075 4053 quo
1124 3985 1359 4040 diximus
1388 3989 1579 4043 ordine
1607 3990 1660 4044 in

82 4065 298 4122 dextera
347 4070 598 4138 corporis
645 4079 800 4139 parte
846 4072 1167 4141 complehis.
1236 4073 1425 4129 Decies
1480 4087 1659 4131 autem

77 4153 318 4213 Centena
343 4159 511 4214 millia
556 4175 679 4215 cum
709 4160 864 4222 dicis,
894 4163 1082 4218 ambas
1112 4164 1212 4217 sibi
1243 4180 1456 4231 manus,
1488 4168 1661 4223 inser-

81 4244 145 4297 tis
171 4244 400 4323 iarieem
423 4248 608 4314 digitis
648 4250 966 4320 implicabis.

142 4332 238 4388 Est
264 4348 323 4389 et
348 4335 568 4391 alterius
597 4338 743 4392 modi
776 4350 1082 4410 computus,
1113 4344 1436 4399 articulatim
1466 4347 1661 4403 decuro

75 4435 233 4475 reus:
264 4423 377 4492 qui,
406 4426 669 4493 quoniam
696 4429 1002 4497 specialiter
1028 4432 1094 4486 ad
1136 4430 1357 4489 Pascha
1387 4437 1655 4492 rationem

72 4513 323 4582 pertinet,
352 4530 475 4570 cum
518 4517 587 4571 ad
618 4518 757 4574 hanc
784 4535 850 4575 ex
879 4521 1072 4578 ordine
1093 4533 1313 4579 ventum
1348 4525 1527 4594 fuerit,
1555 4545 1656 4600 op-

73 4608 353 4669 portunius
401 4608 781 4678 explicabitur.
838 4610 1024 4667 Potest
1078 4627 1258 4670 autem
1306 4626 1363 4673 et
1409 4619 1477 4673 de
1533 4621 1677 4689 ipso.

66 4706 223 4760 quem
242 4698 545 4765 pranotavi
568 4709 827 4767 computo
855 4704 1098 4770 quaedam
1119 4709 1387 4765 manualis
1416 4710 1655 4780 loquela,

69 4788 175 4835 tam
196 4783 397 4851 ingenii
428 4789 717 4844 exercendi
759 4807 921 4859 quam
969 4795 1078 4850 ludi
1107 4801 1297 4867 agendi
1324 4803 1493 4868 gratia
1520 4804 1653 4871 ligu-

67 4873 171 4925 rari
198 4889 215 4926 :
239 4873 263 4905 ⁸
282 4889 393 4944 qua
422 4876 620 4934 litteris
659 4881 782 4949 quis
808 4884 1118 4953 singillatim
1170 4897 1444 4959 expressis
1464 4896 1647 4961 verba,

63 4974 182 5027 qua
224 4963 418 5021 iisdem
468 4968 665 5025 litteris
710 4974 1113 5044 contineantur,
1170 4982 1327 5037 alteri
1380 4986 1471 5054 qui
1510 4987 1649 5041 hanc

62 5064 283 5125 quoque
325 5058 542 5113 noverit
585 5060 924 5128 industriam,
969 5071 1185 5125 tametsi
1213 5073 1401 5140 procul
1444 5075 1640 5142 posito,

62 5142 283 5211 lasciuia
305 5154 476 5218 atque
502 5150 849 5222 intelligenda
878 5160 1186 5226 contradat,
1221 5164 1305 5217 vel
1331 5165 1642 5220 necessaria

1773 1970 1894 2039 plus
1915 1979 2043 2024 sunt
2075 1984 2336 2023 numeros
2360 1971 2505 2024 notis
2531 1970 2754 2039 singulis
2774 1970 3093 2042 depingunt,
3118 1974 3366 2027 eumdem

1773 2076 1912 2129 pene
1961 2060 2175 2116 numeri
2228 2059 2529 2129 ﬁgurandi,
2562 2078 2722 2131 quem
2771 2065 3041 2120 scribendi
3096 2067 3367 2147 alphabeti

1771 2153 2019 2215 ordinem
2048 2161 2363 2221 sequentes,
2398 2152 2504 2209 hoc
2530 2155 2694 2209 modo
2726 2173 2739 2209 :

2024 2243 2068 2297 Α
2288 2241 2308 2296 1
2632 2254 2670 2300 Ξ
2892 2247 2977 2301 LX

2030 2342 2066 2387 Β
2291 2334 2332 2387 Il
2635 2349 2675 2388 0
2895 2338 3029 2394 LXX

2032 2438 2066 2479 ι’
2287 2427 2349 2480 ιιι
2636 2444 2679 2487 ιι.
2890 2432 3078 2486 LXXX

2033 2530 2068 2567 A
2289 2516 2352 2569 IV
2642 2533 2665 2587 ς
2889 2520 2979 2573 XC

2031 2620 2064 2662 Ε
2285 2607 2324 2659 ν
2636 2623 2665 2662 r
2884 2614 2927 2665 (ζ

2021 2725 2060 2766 ς·
2276 2700 2343 2754 γι
2633 2716 2663 2757 Σ
2886 2705 2971 2758 (lC

2023 2804 2058 2846 z
2279 2789 2366 2843 VII
2618 2806 2660 2850 τ
2891 2796 3018 2850 CCC

2028 2896 2062 2939 ιι
2280 2884 2395 2961 \jtn
2619 2898 2655 2944 τ
2879 2890 3055 2945 cccc

2020 2984 2062 3023 θ
2278 2973 2350 3027 IX
2466 2988 2469 2993 '
2614 2988 2652 3029 γ
2881 2979 2922 3030 υ

2035 3075 2049 3116 l
2280 3063 2327 3117 Χ
2616 3078 2657 3122 x
2875 3068 2960 3122 DC

2017 3168 2053 3206 tt
2278 3152 2372 3207 XX
2607 3168 2644 3210 θ
2869 3156 2997 3213 DCC

2020 3257 2064 3298 A
2283 3244 2430 3298 XXX
2555 3258 2654 3299 -Ὠ
2728 3316 2731 3319 η
2874 3239 3047 3304 DCCC

1963 3318 1969 3324 ’
2012 3342 2064 3386 Μ
2276 3333 2366 3388 XI.
2609 3336 2651 3406 =)
2875 3339 3091 3394 DCCCC

2023 3438 2059 3480 Ν
2280 3424 2320 3477 L

1837 3512 1937 3580 Qui
1962 3524 2018 3569 et
2038 3516 2156 3570 ideo
2181 3532 2310 3571 mox
2339 3521 2358 3551 ’
2391 3527 2449 3573 ut
2474 3532 2730 3574 numeros
2762 3521 2941 3589 digitis
2965 3524 3266 3592 signiﬁcare
3288 3528 3361 3585 di-

1763 3605 2016 3671 dicerint,
2039 3608 2187 3664 nulla
2220 3609 2545 3665 interstaute
2576 3627 2747 3677 mora,
2768 3612 2958 3670 litteris
2978 3632 3195 3689 quoque
3216 3622 3360 3698 pari-

1768 3705 1851 3751 ter
1878 3697 2065 3753 iisdem
2110 3700 2393 3769 pra-ligere
2439 3703 2636 3758 sciunt.
2676 3703 2870 3759 Verum
2920 3706 3035 3763 htec
3077 3711 3353 3765 hactenus.

1763 3785 1917 3843 Nunc
1944 3790 2012 3844 ad
2042 3806 2311 3861 tempora.
2336 3802 2600 3863 quantum
2634 3794 2749 3865 ipse
2777 3808 3083 3866 temporum
3110 3802 3357 3856 conditur

1764 3879 2155 3950 ordinatorque
2218 3883 2482 3940 Dominus
2527 3886 2786 3954 adjuvare
2829 3888 3167 3959 dignabitur,
3193 3908 3357 3964 expo-

1765 3968 1942 4022 nenda
1970 3972 2271 4026 veniamus.

2382 4064 2611 4120 CAPUT
2655 4067 2717 4121 II.

2120 4152 2195 4206 De
2220 4156 2443 4209 trimoda
2469 4166 2757 4227 temporum
2787 4165 3011 4218 ratione.

1837 4258 2103 4330 Tempora
2135 4262 2295 4330 igitur
2318 4279 2348 4317 a
2375 4265 2418 4296 "
2464 4273 2802 4335 temperando
2834 4289 3029 4328 nomen
3061 4278 3353 4347 accipiunt,

1764 4348 1879 4401 sive
1912 4350 2055 4417 quod
2088 4353 2509 4422 unumquodque
2550 4355 2764 4412 illorum
2794 4362 3025 4428 spatium
3052 4371 3348 4435 separatim

1762 4448 2124 4509 temperatum
2152 4442 2223 4495 sit
2256 4457 2269 4494 :
2297 4457 2395 4498 seu
2423 4444 2569 4511 quod
2599 4449 2907 4515 momentis,
2938 4451 3104 4518 horis,
3139 4457 3348 4524 diebus,

1764 4532 2062 4597 mensibus,
2087 4534 2260 4598 annis,
2293 4537 2614 4607 saeculisque
2643 4548 2700 4594 et
2720 4544 2966 4599 mtatibus
2997 4550 3175 4604 omnia
3200 4570 3346 4607 mor-

1765 4622 1889 4677 talis
1920 4622 2042 4677 vitae
2067 4623 2335 4679 curricula
2367 4634 2761 4695 temperentur.
2788 4632 2863 4687 De
2886 4637 3084 4703 quibus
3104 4640 3348 4708 singulis,

1760 4719 1922 4780 prout
1951 4711 2212 4766 Dominus
2232 4711 2468 4783 dederit,
2491 4719 2813 4784 exposituri,
2849 4726 3023 4791 primo
3063 4727 3347 4783 Lectorem

1759 4800 2120 4854 admonemus
2173 4800 2405 4856 trimoda
2461 4806 2674 4861 ratione
2722 4823 3037 4879 computum
3089 4821 3349 4887 temporis

1758 4906 1879 4945 esse
1900 4891 2219 4945 discretum.
2242 4892 2352 4946 Aut
2380 4894 2523 4948 enim
2556 4906 2767 4961 natura,
2799 4913 2891 4956 aut
2928 4911 3349 4975 consuetudine,

1758 4989 1852 5033 aut
1873 4990 2026 5035 certe
2055 4983 2382 5037 auctoritate
2402 4983 2656 5041 decurrit.
2679 4987 2746 5043 Et
2776 4990 2889 5060 ipsa
2920 4995 3136 5063 quidem
3166 5011 3346 5056 aucto-

1756 5075 1915 5127 ritate
1958 5074 1997 5105 ¹¹
2030 5072 2222 5127 hilarie
2251 5074 2419 5129 divisa
2450 5095 2462 5129 :
2494 5078 2726 5135 humana
2768 5084 3047 5155 videlicet,
3080 5099 3136 5145 ut
3163 5091 3343 5163 Olym-

1758 5163 1946 5234 piadas
1984 5170 2220 5231 quatuor
2265 5178 2554 5234 annorum,
2588 5171 2853 5228 nundinas
2883 5191 3078 5233 novem
3102 5181 3333 5247 dierum,

1287 5270 1675 5333 VAMANTES
1715 5274 2007 5331 LECTIUN
2016 5275 2116 5328 ES.

126 5368 147 5465 ξ
260 5367 340 5465 (ὲ
344 5369 435 5465 2,1
434 5383 633 5465 erecto:
642 5460 707 5465 μ
746 5461 756 5465 Δ
814 5462 827 5465 4
844 5462 855 5465 Α
872 5447 896 5465 γ’
914 5378 943 5465 '7
970 5377 1165 5465 C.‘nm.
1186 5383 1359 5465 itum.

181 5437 247 5515 ρ.
271 5441 511 5493 nudarat
537 5460 780 5511 pronam,
804 5447 896 5500 sed
920 5460 1085 5502 erecto
1111 5453 1315 5515 pollice.

122 5507 147 5537 ⁸
180 5505 252 5571 C,
283 5505 591 5575 ακηαιὰι.
766 5505 776 5511 ’
914 5521 934 5551 ⁸
972 5518 1034 5581 C,
1066 5505 1187 5574 mea:
1210 5538 1471 5578 numeros.

1754 5386 1780 5459 ξ
1814 5385 1875 5459 ii,
1906 5383 1969 5445 C,
2001 5384 2240 5459 erecti.__
2436 5456 2461 5459 ῃ
2583 5388 2604 5419 ι
2643 5388 2703 5452 B,
2736 5390 2799 5459 C,
2830 5393 2893 5457 D,
2925 5412 3032 5449 om.
3059 5398 3112 5449 in

1761 5453 1891 5536 1C“.
1931 5454 2160 5536 qualiter
2190 5454 2267 5508 his
2291 5459 2407 5527 qui;
2436 5456 2494 5523 Β¹
2664 5453 2809 5536 φάτ’Δ
2830 5533 2841 5536 Δ
2882 5453 2918 5536 ’Δ
2958 5466 2976 5495 τ
3022 5466 3078 5530 Βι
3112 5467 3260 5536 (λεδ.

1757 5524 1803 5556 ⁴⁶
1842 5523 1903 5585 Β,
1927 5523 1992 5585 C,
2023 5523 2439 5593 temperamento.
2590 5532 2629 5561 “
2670 5523 2733 5599 C,
2762 5531 3027 5600 bifariam.

1315 5632 1602 5690 GLOSS/E
1644 5633 1729 5689 ET
1768 5634 2083 5692 SCHOLIA.

130 5778 283 5836 Βυυ.
302 5778 447 5837 ΒΔ..
459 5730 1039 5865 (ξιρσιβξῗξιιιξζνα
1056 5793 1217 5862 igitur
1236 5810 1269 5848 ιι
1283 5802 1658 5865 temperamen-

69 5862 123 5911 to
146 5868 337 5911 manu
382 5852 672 5921 accipiant,
699 5857 805 5912 eiu
831 5852 966 5928 quod
1004 5852 1403 5937 unumquodque
1425 5865 1635 5921 illorum

344 5950 629 6021 Ρλτιιοι..
684 5950 813 6029 XC.

1758 5726 1986 5811 spatium
2007 5727 2298 5811 separatim
2316 5736 2653 5802 temperatum
2668 5736 2755 5811 sit,
2781 5744 2885 5811 etc.
2916 5734 3343 5811 Unumquodque

1765 5804 1979 5874 tempus
1998 5795 2262 5874 ab_altet_'o
2285 5795 2635 5871 temperatur,
2660 5795 2799 5862 sicut
2825 5807 2955 5861 dicit
2988 5810 3036 5859 in
3063 5795 3232 5874 pdst.,
3253 5795 3342 5865 ubi

1746 5864 1815 5921 de
1842 5864 2173 5937 temporibus
2208 5864 2475 5941 loquitur,
2509 5882 2562 5931 et
2588 5864 2776 5931 omnes
2806 5876 3007 5932 fructus
3039 5864 3091 5933 in
3132 5864 3339 5950 tempus

2748 5968 2820 6023 10
