3880 6234
575 309 679 367 3(ὶῦ

1051 310 1248 366 "[3!le
1280 311 1728 369 VENERADILIS
1766 312 2041 369 OPERUM
2082 312 2260 369 PARS
2298 315 2332 371 Ι.
2366 344 2432 358 --
2471 315 2909 373 DlDASCALlCA
2949 316 3269 374 GENUINA.
3708 317 3793 376 Sfii

573 428 727 497 pulos
758 443 884 481 vero
912 430 1002 495 qui
1032 444 1061 481 a
1090 444 1148 482 se
1177 429 1479 483 illustrandi
1499 396 1739 497 ΐυεῗιιηι,
1772 432 1934 486 horas
1963 432 2149 499 appel-
2179 436 2226 490 A
2252 431 2416 486 bitere
2441 432 2765 502 particulas,
2793 433 3053 502 quaesiere
3099 434 3198 488 sibi
3227 434 3510 495 vocabula,
3546 436 3725 505 quibus
3752 438 3793 489 id

574 519 785 582 lnverit,
816 519 977 572 solito
1010 528 1186 573 tamen
1228 519 1473 572 humante
1499 521 1919 588 computationis
1954 520 2147 574 ordine

575 624 853 662 numerum
884 608 1121 662 delinivit
1167 609 1438 662 horarum.
1471 609 1671 664 Verum
1703 610 1998 665 notandum
2041 620 2144 673 est,

570 699 695 765 quia
723 697 766 751 si
797 712 984 751 omnes
1014 699 1138 750 anni
1162 698 1276 752 dics
1306 698 1566 753 duodenis
1588 700 1732 753 horis
1758 709 2143 770 supputentur,

570 789 784 842 :t'slivus
814 803 1032 843 necesse
1063 798 1144 843 cst
1173 789 1288 842 dies
1330 788 1682 856 longioribus,
1716 790 1984 846 brumales
2019 806 2148 846 vero

572 876 899 931 brevioribus
920 878 1069 937 horis
1092 878 1310 933 includi.
1342 878 1396 933 Si
1420 895 1550 934 vero
1579 896 1769 935 omnes
1798 881 1957 937 horas
1978 882 2145 951 :nqui-

571 983 779 1037 parare,
807 969 909 1024 hoc
936 977 1036 1031 est,
1060 968 1460 1034 :equinoctiales
1489 970 1692 1024 habere
1714 970 1985 1035 volumus,
2017 971 2117 1025 bru
2135 1002 2153 1014 -

574 1062 699 1115 mali
749 1060 852 1113 diei
904 1060 1246 1115 nihilominus
1296 1061 1596 1130 pauciores,
1651 1071 1705 1117 et
1726 1065 1922 1119 κιείιὶνο
1966 1065 2152 1134 plures

569 1166 790 1207 necesse
818 1159 901 1204 est
923 1152 1237 1206 tribuamus.
1272 1151 1483 1219 Recipit
1516 1162 1695 1208 autem
1724 1154 1855 1208 hora
1897 1153 1963 1208 IV
2012 1171 2152 1224 pun-

570 1252 707 1305 ctos,
736 1239 781 1294 Χ
814 1243 1036 1305 minuta,
1064 1239 1158 1296 XV
1190 1250 1389 1311 partes,
1415 1240 1503 1297 XL
1531 1253 1823 1308 momenta,
1856 1246 1997 1299 etin
2028 1247 2147 1313 qui.

570 1334 797 1389 busdam
816 1333 951 1387 luuze
974 1333 1238 1401 computis
1270 1332 1310 1387 V
1341 1343 1583 1402 punctos.
1615 1336 1729 1389 Non
1755 1336 1897 1391 enim
1921 1337 2002 1390 ba:
2020 1337 2150 1391 divi-

567 1424 750 1478 sion‘cs
776 1432 1082 1490 temporum
1120 1423 1414 1484 naturales,
1444 1424 1538 1477 sed
1570 1424 1821 1479 videntur
1842 1440 1961 1480 esse
1984 1426 2150 1481 'con-

568 1513 816 1568 ductivze.
862 1512 991 1566 Nam
1038 1513 1400 1567 calculatores
1452 1528 1572 1567 cum
1614 1529 1835 1569 necesse
1876 1523 2025 1570 esset
2065 1513 2151 1569 vel

573 1602 716 1658 diem
742 1605 792 1657 in
824 1602 913 1657 Xll
942 1604 1025 1656 vel
1058 1603 1246 1657 horam
1269 1604 1321 1657 in
1342 1601 1431 1669 ιν,
1452 1612 1546 1658 aut
1572 1602 1642 1670 Χ,
1663 1616 1755 1659 aut
1779 1604 1893 1671 XV,
1920 1614 2011 1659 aut
2030 1604 2150 1673 XL,

2253 521 2396 589 quod
2429 522 2676 577 volebant
2707 540 3034 592 nuncupare,
3074 532 3130 578 et
3156 524 3483 577 a'terutrum
3513 524 3798 592 dignoscere

2254 621 2496 680 possent,
2518 613 2705 667 horam
2723 614 2971 667 videlicet
2990 614 3345 683 appellantes,
3369 614 3513 685 quod
3536 615 3661 669 certi
3691 624 3800 669 tent-

2255 702 2402 771 poris
2427 717 2543 768 ora,
2587 702 2638 756 id
2660 710 2771 766 est,
2802 704 3061 757 terminus
3090 704 3160 758 sit
3184 722 3199 757 :
3230 702 3370 759 sicut
3398 714 3454 759 et
3483 706 3801 759 vestimento-

2255 806 2395 857 rum,
2413 789 2821 862 lluviormnque,
2854 795 3017 847 matis
3042 808 3258 864 quoque
3283 795 3417 849 lines
3441 810 3565 849 oras
3590 792 3800 850 vocitare

2255 884 2511 938 solemus.
2565 881 2796 938 Punctos
2840 899 2970 939 vero
3006 901 3037 938 a
3069 900 3236 953 parvo
3274 888 3457 955 puncti
3491 898 3800 957 transcensu,

2246 973 2337 1042 qui
2368 973 2426 1027 lit
2478 975 2531 1027 in
2570 974 2871 1042 horologia,
2915 975 3123 1029 minuta
3166 984 3343 1030 autem
3368 992 3399 1030 a
3432 977 3633 1034 minore
3658 982 3803 1036 inter-

2248 1062 2387 1115 vallo
2412 1071 2686 1117 vocantes.
2742 1063 2929 1118 Partes
2959 1080 2988 1118 a
3014 1066 3313 1134 partitione
3357 1068 3550 1122 circuli
3578 1068 3797 1138 Zodiacl,

2248 1165 2408 1218 quem
2440 1153 2655 1208 tricenis
2703 1154 2891 1225 diebus
2947 1170 3045 1223 per
3072 1170 3287 1210 menses
3305 1157 3547 1225 singulos
3585 1159 3789 1215 ﬁndunt.

2251 1239 2423 1296 Porro
2466 1252 2739 1297 momenta
2770 1239 2804 1297 ti
2856 1252 3006 1298 motu
3054 1245 3290 1299 siderum
3322 1248 3607 1305 celerrimo
3628 1267 3807 1307 nuncn-

2254 1339 2469 1400 pantes,
2490 1349 2613 1387 cum
2644 1333 2845 1403 aliquid
2864 1336 2964 1389 sibi
2996 1333 3325 1392 brevissimis
3348 1338 3400 1391 in
3430 1341 3616 1409 spatiis
3633 1342 3807 1398 cedere

2251 1431 2413 1490 atque
2435 1425 2725 1481 succedere
2766 1427 3014 1481 sentitur.
3058 1426 3331 1482 Minimum
3360 1438 3544 1485 autem
3574 1435 3804 1497 omnium,

2251 1518 2306 1567 et
2333 1513 2479 1581 quod
2510 1515 2656 1571 nulla
2701 1517 2911 1570 ratione
2940 1516 3102 1571 dividi
3128 1526 3293 1587 queat
3323 1528 3559 1589 tempus,
3590 1529 3805 1577 atomum

2254 1605 2439 1665 Grmce
2457 1651 2474 1677 ,
2504 1609 2610 1664 hoc
2635 1616 2740 1675 est,
2789 1606 3111 1663 indivisibile
3158 1609 3275 1664 sive
3300 1610 3626 1677 inseetibilc,
3655 1615 3805 1668 norni-

573 1697 743 1751 autin
771 1695 902 1749 alias
920 1694 1188 1764 quaslibet
1207 1695 1470 1759 minores,
1496 1698 1801 1766 majoresve
1816 1698 1943 1767 quid
1969 1698 2154 1753 distri-
2256 1709 2389 1754 nant
2419 1716 2433 1753 :
2466 1698 2608 1769 quod
2636 1698 2709 1754 ob
2736 1697 2819 1752 sui
2860 1696 3211 1768 pusillitatetn
3256 1686 3629 1770 grammaticis
3652 1702 3808 1774 potius

670 1791 676 1796 ’
1750 1786 2139 1845 νΑιιιΑΝτΕε
2175 1786 2570 1846 ιεοτιυΝΕε.

1805 1926 2102 1984 ϐιοεεΑε
2141 1926 2227 1981 ET
2262 1928 2341 1982 SC
2350 1928 2500 1982 llOLl
2514 1932 2573 1982 Α.

571 1998 771 2053 faciunt
801 2013 831 2050 ι
856 1996 1076 2059 minuta,
1111 1995 1164 2067 id
1203 2003 1305 2067 est,
1333 2011 1401 2050 ιι,
1432 2003 1726 2061 momenta,
1752 2011 1871 2065 quae
1911 1998 2143 2067 quadra-
2180 2003 2223 2060 Β
2251 1998 2375 2052 licet
2402 1999 2541 2053 sicut
2565 2005 2775 2053 ostenta
2805 2005 2931 2052 sunt
2956 2004 3011 2053 et
3038 1998 3220 2062 ato‘mi,
3253 1997 3580 2067 maioresve,
3603 1998 3804 2061 scilicet,

643 1862 656 1890 '
700 1858 757 1921 C,
791 1855 1107 1911 rondictivtc.

569 2070 716 2136 ginta
748 2075 1016 2120 momenta
1050 2066 1358 2134 quindecim
1405 2076 1585 2134 partes
1626 2066 1963 2121 redtlunt.»A
2003 2068 2147 2136 prin-

568 2135 707 2207 cipio
735 2145 883 2190 ortus
907 2135 1498 2207 uninscujusque__signi,
1531 2151 1698 2205 usque
1720 2136 1785 2189 ad
1824 2135 2142 2199 extremum,

568 2204 685 2261 (luze
730 2207 873 2260 hora:
917 2215 1261 2272 peraguntur.
1312 2204 1509 2275 Viginti
1554 2204 1786 2275 quatuor
1833 2209 1976 2261 hora:
2021 2216 2149 2261 sunt

570 2278 709 2332 inter
729 2276 869 2330 diem
891 2283 945 2329 et
967 2288 1200 2337 noctem,
1216 2282 1271 2327 et
1292 2274 1573 2328 duodecim
1590 2276 1737 2341 signa
1760 2285 1883 2329 sunt
1912 2277 1962 2330 in
1984 2278 2144 2341 ctelo,

568 2358 625 2401 et
646 2348 765 2401 ideo
796 2347 1079 2413 unicuique
1107 2346 1259 2414 signo
1282 2343 1403 2398 dum
1425 2344 1569 2400 hora:
1590 2347 1861 2414 pertinent
1887 2348 1937 2400 in
1968 2350 2149 2401 orien-

568 2416 659 2472 do.
690 2416 835 2469 Talis
862 2425 946 2470 est
972 2418 1110 2468 ratio
1141 2433 1154 2466 :
1186 2413 1380 2468 Natura
1411 2423 1495 2468 est
1523 2413 1685 2470 ut’sol
1714 2416 1949 2470 circucat
1978 2426 2145 2471 totam

571 2497 770 2541 terram
792 2487 841 2539 in
856 2486 1044 2551 viginti
1065 2493 1295 2552 quatuor
1310 2484 1476 2548 horis,
1495 2494 1550 2538 et
1567 2485 1779 2551 triginta
1806 2495 1985 2554 partes
1998 2499 2144 2551 sunt,

570 2558 622 2611 id
639 2567 721 2611 est
738 2556 955 2623 triginta
988 2554 1142 2609 linea:
1164 2555 1216 2607 in
1245 2570 1569 2623 unoquoque
1588 2554 1758 2621 signo;
1774 2568 1828 2608 et
1845 2569 1939 2623 per
1969 2572 2149 2609 unani-

569 2641 840 2695 quamque
868 2626 937 2679 de
968 2625 1071 2678 illis
1102 2623 1287 2692 viginti
1317 2634 1553 2693 quatuor
1581 2624 1726 2678 horis
1748 2624 2049 2693 quindecim
2079 2625 2148 2679 de

571 2697 841 2750 illislineis
855 2703 1113 2764 apparent
1130 2696 1181 2748 in
1198 2702 1316 2749 ortu
1332 2695 1747 2763 uniuscujusque
1761 2696 2146 2764 signi,quando

570 2781 630 2820 se
658 2768 864 2832 erigere
894 2765 1143 2824 inchoat.
1184 2779 1350 2831 supra
1396 2773 1595 2818 terram
1643 2765 1862 2820 veniens
1901 2765 1970 2818 ab
2014 2767 2142 2819 imo.

572 2836 742 2889 Aliter
775 2853 787 2887 :
824 2833 1020 2902 "eripit
1064 2844 1232 2885 autem
1278 2833 1439 2905 liora,
1473 2834 1690 2905 scilicet
1731 2835 1880 2905 solis,
1927 2845 2148 2905 quatuor

573 2915 823 2975 punctos;
855 2906 904 2957 in
933 2912 1189 2971 quantum
1221 2917 1349 2957 vero
1378 2904 1444 2956 ad
1473 2902 1652 2975 lunam
1683 2902 2147 2975 pertinet,’recipit

572 2972 702 3031 hnra
733 2976 929 3028 lunaris
959 2975 1197 3042 quinque
1220 2983 1464 3041 punctos,
1497 2982 1552 3025 et
1596 2974 1700 3027 hoc
1732 2972 1858 3027 facit
1891 2976 2150 3030 velocitas

573 3048 728 3099 hunc.
780 3045 1016 3098 Punctus
1066 3044 1266 3097 lunaris
1314 3044 1474 3096 habet
1516 3046 1622 3097 duo
1671 3042 1892 3107 minuta,
1946 3044 1995 3096 il
2042 3051 2143 3107 est,

572 3118 813 3183 quintam
852 3124 1057 3183 partem
1100 3114 1255 3167 unius
1283 3113 1467 3177 horae;
1517 3124 1742 3181 punctus
1787 3129 1914 3168 vero
1959 3114 2148 3168 solaris

574 3184 737 3238 habet
781 3184 888 3237 duo
919 3186 1119 3236 minuta
1148 3191 1204 3237 et
1230 3183 1421 3245 semis,
1456 3191 1634 3251 partes
1663 3191 1772 3237 tres
1797 3191 1850 3237 et
1879 3187 2068 3247 semis,
2093 3193 2149 3237 et

574 3262 822 3319 quartam
865 3261 1068 3321 partem
1099 3254 1297 3320 partis,
1340 3260 1611 3306 momenta
1640 3252 1849 3307 decem.
1888 3252 2147 3308 Minutum

577 3324 737 3393 habet
789 3330 995 3391 partem
1038 3336 1200 3374 unam
1238 3330 1303 3393 et
1338 3323 1534 3393 semis,
1576 3331 1847 3393 momenta
1893 3333 2143 3393 quatuor.

577 3390 705 3447 Pars
734 3390 895 3446 habet
924 3402 1194 3444 momenta
1220 3390 1325 3443 duo
1347 3399 1401 3443 et
1427 3391 1586 3451 bisse,
1610 3391 1656 3444 id
1680 3399 1781 3453 est,
1808 3390 1941 3446 duas
1962 3396 2148 3449 tertias

575 3473 773 3533 partes.
802 3459 1101 3533 Quindecim
1121 3460 1542 3533 partca,__scilic_et
1571 3461 1620 3513 in
1652 3462 1949 3533 ortu_signi._
1974 3462 2148 3533 Motus

576 3528 701 3588 cmli
745 3534 799 3586 in
848 3528 1150 3599 quindecim
1196 3528 1437 3599 partibus
1481 3530 1670 3599 horam
1715 3528 1906 3592 elllcit.
1936 3531 2146 3597 id'est,

575 3594 882 3672 quindecim
923 3610 1104 3672 partes
1132 3594 1369 3672 signiferi
1416 3598 1468 3652 in
1502 3614 1605 3651 una
1634 3598 1765 3653 hora
1794 3602 2039 3672 oriuntur
2065 3594 2149 3656 vel

576 3665 853 3736 occidunt,
883 3665 967 3724 vel
994 3669 1061 3723 de
1090 3665 1211 3723 loco
1232 3671 1299 3721 al
1339 3669 1516 3722 locum
1549 3677 1848 3723 moventur.
1884 3665 2146 3736 Unaquae-

576 3743 849 3810 que,enim
894 3755 1021 3810 pars
1049 3747 1303 3810 movetur
1336 3736 1544 3810 duobus
1594 3739 1880 3810 momentis
1907 3750 1965 3793 et
2007 3736 2149 3810 bisse

578 3807 737 3890 unius
757 3807 1034 3890 momenti,
1066 3810 1117 3864 id
1143 3818 1245 3877 est,
1276 3809 1480 3890 duabus
1508 3809 1681 3890 tertiis
1705 3810 1962 3890 partibus.
1992 3807 2148 3876 Quod

574 3882 805 3947 spatium
852 3880 1075 3932 duorum
1127 3887 1520 3947 momentorum
1567 3887 1622 3933 et
1670 3878 1812 3933 bisse
1841 3880 1997 3935 unius
2034 3898 2149 3935 mo-

577 3946 776 4010 tnen‘ti.
809 3948 1115 4016 quindecies
1143 3946 1398 4009 ductum,
1451 3950 1711 4016 integram
1761 3948 1885 4003 facit
1932 3950 2143 4005 horam.

577 4019 687 4072 llac
712 4019 871 4085 igitur
898 4017 1104 4070 ratione
1134 4032 1235 4069 una
1268 4018 1398 4085 hora
1426 4018 1729 4083 quindecim
1751 4028 1929 4085 partes
1948 4018 2149 4073 habere

573 4084 788 4143 dicitur.
822 4086 954 4141 Nam
998 4095 1236 4139 trecente
1266 4084 1373 4154 ima
1403 4086 1733 4152 sexagesima
1758 4087 1942 4154 qttinta
1969 4088 2147 4154 portio

575 4160 808 4226 signiferi
842 4172 962 4225 pars
988 4157 1305 4225 appellatur.
1336 4152 1402 4207 Et
1429 4155 1613 4222 viginti
1643 4152 1872 4222 quatuor
1898 4152 2059 4219 hora),
2096 4157 2147 4211 id

574 4225 657 4282 est
681 4237 823 4281 totus
851 4228 982 4287 dics,
1030 4227 1223 4294 quibus
1251 4227 1327 4281 sol
1360 4225 1502 4278 illam
1530 4226 1764 4294 signiferi
1793 4234 1997 4294 partem
2028 4227 2148 4280 illu-

574 4306 726 4359 strat,
752 4307 805 4350 et
828 4302 1056 4364 spatium
1088 4296 1235 4361 illud,
1257 4310 1366 4364 quo
1391 4296 1477 4349 illa
1506 4311 1628 4364 pars
1656 4295 1893 4363 signiferi
1924 4295 1992 4351 de
2022 4298 2146 4352 loco

577 4369 627 4419 in
662 4367 836 4418 locum
866 4375 1125 4426 movetur,
1160 4375 1340 4431 partes
1368 4367 1723 4432 appellantur.
1752 4365 1857 4420 Sed
1885 4366 2025 4420 sicut
2050 4383 2145 4419 va-

576 4437 743 4488 riatur
768 4449 1014 4487 mensura
1046 4426 1295 4486 horarum
1327 4426 1423 4501 pro
1443 4426 1780 4499 longitudine
1807 4435 2041 4498 dierum,
2073 4437 2146 4488 ita

573 4509 734 4559 etiam
774 4514 1186 4557 momentorum.
1233 4502 1534 4571 Aliquando
1583 4502 1715 4554 hora
1758 4504 2147 4571 atquinocttalis

574 4586 674 4637 est,
710 4574 761 4628 id
800 4583 911 4635 νει,
944 4572 1242 4637 naturalis;
1290 4570 1577 4640 aliquando
1602 4572 1793 4638 major,
1825 4570 1906 4625 vel
1936 4574 2144 4638 minor;

574 4646 716 4699 unde
745 4644 973 4700 efficitur
1001 4653 1058 4696 ut
1086 4644 1450 4711 cujuscunque
1479 4640 1823 4707 longitudinis
1847 4650 1937 4694 aut
1967 4644 2143 4695 brevi-

574 4718 697 4769 tatis
728 4717 855 4767 hora
874 4715 1051 4777 fuerit,
1075 4713 1481 4782 quadragesima
1509 4725 1631 4778 pars
1654 4712 1793 4782 illius
1820 4721 2148 4765 momentum

573 4785 889 4853 appellatur.
923 4781 1132 4852 Recipit
1156 4792 1336 4837 autem
1382 4781 1535 4845 hora,
1585 4792 1641 4834 ut
1678 4781 1788 4853 jam
1814 4783 2013 4836 dictum
2042 4792 2143 4847 est,

574 4852 843 4906 momenta
869 4853 1248 4921 quadraginta,
1296 4859 1505 4905 ostenta
1537 4852 1844 4919 sexaginta;
1898 4853 2016 4918 vel,
2062 4868 2146 4907 se-

574 4923 803 4974 cundum
845 4921 1253 4977 mathematicos
1281 4936 1466 4979 ttcccc,
1496 4927 1707 4972 atomos
1736 4935 1971 4974 xxunu.
2002 4922 2064 4975 Et
2094 4925 2144 4975 in

574 4991 890 5060 quibttsdam
922 4990 1058 5042 lunze
1085 4990 1351 5060 compotis
1371 5028 1385 5053 ,
1430 4988 1669 5060 scilicet,
1700 4989 2033 5060 horanoctis
2057 5007 2146 5045 re-

573 5057 704 5128 cipit
747 5063 982 5129 quinque
1012 5066 1257 5126 punctos.
1291 5057 1405 5110 Non
1457 5059 1598 5108 enim
1639 5057 1721 5110 hae
1748 5057 2064 5121 dvisiones,
2095 5060 2149 5112 id

572 5140 657 5185 est
680 5133 831 5194 hora,
852 5128 1095 5198 pu..ctus,
1118 5128 1402 5198 minutum,
1423 5141 1564 5193 pars,
1594 5136 1943 5187 momentum,
1967 5138 2151 5182 osten-

576 5212 707 5262 tum,
738 5197 977 5262 atomus,
1010 5197 1283 5252 naturales
1309 5198 1513 5250 scilicet
1542 5206 1665 5267 sunt
1694 5198 2148 5267 tetttporum;sed

576 5274 821 5325 videntur
848 5285 967 5325 esse
994 5269 1325 5330 condiclivaa,
1358 5267 1408 5321 id
1438 5276 1548 5329 est,
1576 5266 1790 5320 factiti.e
1810 5266 1872 5319 et
1899 5266 2147 5321 nomina-

573 5345 711 5404 tivre,
741 5351 796 5395 et
818 5340 885 5393 ab
914 5339 1223 5393 auctoribus
1252 5341 1479 5392 inventa:
1509 5346 1563 5391 et
1592 5344 1925 5406 nuncupata.
1958 5335 2147 5390 Calcu-

570 5415 781 5472 latores,
812 5411 863 5463 id
886 5417 997 5472 est,
1030 5417 1448 5477 contputatores,
1480 5408 1606 5462 dicti
1636 5422 1666 5460 a
1697 5410 1941 5473 calculis,
1986 5407 2041 5477 id
2066 5413 2150 5460 est

575 5481 785 5550 lapillis,
832 5494 927 5547 per
954 5492 1089 5550 quos
1130 5475 1463 5550 numerando
1492 5478 1908 5550 computabant:
1932 5476 1985 5529 in
2013 5475 2149 5530 duo-

571 5546 747 5603 decim
774 5546 977 5603 scilicet
1006 5549 1182 5609 horas,
1217 5548 1297 5599 vel
1327 5547 1377 5599 itt
1408 5557 1639 5616 quatuor
1662 5546 1869 5616 scilicet
1895 5553 2142 5616 punctos,

573 5629 665 5670 aut
694 5620 745 5671 iu
775 5620 961 5671 decem
989 5618 1191 5672 scilicet
1222 5614 1445 5677 minuta,
1490 5626 1582 5669 aut
1624 5616 1674 5668 in
1706 5614 2008 5683 quindecim
2037 5615 2144 5668 sci-

576 5687 699 5740 licet
748 5698 942 5754 partes,
992 5697 1084 5740 aut
1132 5689 1183 5739 in
1227 5687 1575 5752 quadraginta
1618 5685 1824 5754 scilicet
1852 5694 2143 5748 momenta,

572 5769 662 5809 aut
692 5752 891 5809 scilicet
922 5774 1041 5810 cum
1076 5774 1292 5813 necesse
1321 5765 1465 5807 esset
1501 5755 1553 5805 iu
1586 5757 1717 5807 alias
1746 5752 2005 5820 ntittoreS,
2034 5755 2141 5808 sci-

2248 2069 2386 2123 sicut
2409 2070 2655 2133 trientes,
2682 2082 2785 2136 qua
2807 2070 3006 2123 lrantes
3034 2077 3090 2123 et
3116 2069 3432 2123 dodrantes.
3464 2071 3605 2124 Anni
3636 2070 3686 2124 in
3711 2069 3805 2123 dies

2248 2148 2303 2193 et
2330 2154 2558 2200 menses,
2586 2147 2642 2193 et
2665 2137 3045 2200 hebdomadas,
3075 2139 3158 2191 vel
3184 2138 3300 2192 dies
3326 2139 3694 2194 hebdomade.

2320 2209 2455 2272 Quid
2496 2209 2801 2261 distribuere
2843 2209 3148 2275 partitulas.
3182 2204 3338 2272 Quid,
3385 2209 3439 2261 id
3486 2219 3572 2263 est
3608 2208 3802 2275 aliquid.
3878 2260 3880 2275 ε

2247 2279 2440 2346 quibus
2467 2279 2673 2333 scilicet
2712 2272 3004 2329 vocabulis.
3060 2278 3400 2345 Alterutrum,
3431 2272 3803 2334 adverbialiter.
3878 2272 3880 2283 ’

2248 2350 2452 2401 scilicet
2481 2348 2606 2416 quid
2638 2352 2782 2400 esset
2810 2361 2915 2416 una
2944 2361 3092 2416 pars,
3114 2356 3207 2400 aut
3234 2348 3361 2416 quid
3389 2349 3585 2403 altera.
3615 2348 3809 2407 liorem,

2250 2418 2300 2471 id
2332 2426 2414 2472 est
2446 2415 2734 2471 terminum
2758 2424 2815 2469 et
2842 2415 3023 2470 linem.
3058 2415 3224 2481 Hora,
3247 2418 3298 2471 id
3326 2428 3429 2482 est,
3460 2427 3670 2486 tempus
3696 2420 3803 2475 oris.

2246 2503 2369 2543 cum
2398 2488 2747 2555 aSpiratione,
2773 2494 3085 2555 ceterarum
3114 2497 3296 2540 autem
3324 2502 3505 2540 rerum
3535 2489 3652 2542 sine
3688 2490 3806 2555 aspi-

2249 2554 2757 2627 ratione’scribitur.
2789 2554 3018 2609 Puncta:
3048 2570 3201 2620 vero,
3242 2556 3452 2610 scilicet
3480 2554 3803 2627 appellantes.

2249 2623 2483 2680 Punctus
2512 2635 2594 2679 est
2640 2634 2829 2695 quarta
2875 2640 3003 2695 pars
3052 2627 3217 2687 horze,
3268 2627 3474 2681 scilicet
3519 2623 3572 2681 in
3619 2631 3742 2687 sole,
3768 2626 3807 2677 id
3878 2623 3880 2695 ξ

2250 2704 2588 2767 transcensus
2632 2696 3036 2767 uniuspuncti.
3117 2696 3423 2767 l'unctusa
3457 2699 3725 2767 pungendo
3745 2702 3809 2767 est

2248 2766 2439 2830 dictus,
2468 2781 2534 2821 eo
2560 2765 2705 2835 quod
2732 2764 3047 2835 quibusdam
3078 2764 3465 2835 punctionibus
3491 2764 3652 2821 certae
3688 2766 3806 2819 de:i-

2249 2843 2377 2904 gnat
2398 2837 2518 2890 onis
2558 2836 2610 2889 in
2661 2834 2956 2902 horologiis
2997 2834 3335 2906 designetur.
3377 2834 3734 2906 Horologium.
3768 2836 3808 2886 id
3878 2834 3880 2887 Ι

2248 2915 2358 2975 est,
2389 2906 2556 2959 series
2586 2906 2836 2975 horarum
2878 2906 2946 2958 de
2988 2918 3193 2975 puncto
3219 2904 3428 2958 scilicet
3457 2908 3513 2958 in
3557 2904 3806 2975 punctum.

2250 2973 2457 3027 Minuta
2483 2992 2514 3028 a
2552 2976 2759 3027 minore
2795 2974 3076 3027 intervallo
3103 2974 3310 3029 scilicet
3338 2973 3706 3042 punctiﬁNam
3727 2974 3807 3027 ini-

2250 3053 2435 3097 nutum
2486 3046 2660 3097 minus
2706 3043 2936 3111 spatiurn
2989 3052 3073 3098 est
3118 3058 3282 3111 quam
3328 3055 3579 3111 punctus,
3629 3044 3806 3098 decima

2249 3114 2452 3169 sci‘icel
2484 3129 2606 3182 pars
2642 3114 2806 3165 Itone.
2853 3111 3038 3167 Partes
3080 3115 3288 3168 scilicet
3320 3123 3598 3178 voeantes,
3628 3117 3693 3167 de
3724 3121 3806 3165 tnta

2249 3185 2437 3252 quinta
2466 3198 2590 3253 pars
2618 3183 2783 3247 bone,
2812 3200 2843 3235 α
2872 3184 3150 3250 partitione
3169 3183 3353 3236 circuli
3382 3185 3605 3238 zodiaci.
3625 3182 3677 3237 In
3708 3197 3807 3236 una.

2250 3252 2576 3323 quaquedie
2604 3256 2768 3308 currit
2809 3253 2890 3323 sol
2936 3269 3094 3307 unam
3127 3261 3333 3323 partem
3363 3254 3608 3321 zodiaci,
3637 3252 3688 3307 id
3724 3261 3807 3323 est,

2176 3349 2222 3412 C
2252 3322 2519 3412 signiferi,
2553 3338 2649 3412 per
2682 3322 2867 3412 viginti
2908 3322 3372 3412 quatt'tor‘horas,‘
3394 3327 3447 3412 Ἦ
3478 3335 3733 3412 quantum
3739 3322 3805 3412 ξιξ

2254 3394 2400 3447 illuni
2425 3396 2616 3447 attinet
2633 3407 2846 3447 cursum
2868 3408 3024 3462 quem
3046 3393 3173 3449 facit
3193 3400 3381 3462 contra
3407 3394 3803 3462 firmamentum;

2252 3463 2305 3517 in
2351 3471 2607 3529 quantum
2639 3477 2765 3516 vero
2793 3460 3056 3517 ad'illum
3101 3478 3263 3531 quem
3313 3460 3441 3517 facit
3484 3478 3609 3518 cum
3655 3460 3805 3513 ﬁrma-

2250 3541 2461 3593 mento,
2494 3534 2682 3585 eadem
2722 3546 2845 3598 pars
2869 3546 3030 3600 quam
3057 3547 3153 3601 per
3190 3531 3375 3597 viginti
3415 3541 3651 3599 quatuor
3675 3532 3805 3583 horas

2250 3602 2303 3654 in
2349 3616 2451 3670 suo
2477 3615 2638 3654 cursu
2676 3601 2910 3668 peragit,
2953 3615 3073 3669 qua
3116 3608 3199 3655 est
3240 3602 3451 3654 decima
3498 3602 3681 3670 quinta
3707 3612 3805 3669 pars

2250 3669 2449 3724 dimidii
2466 3670 2601 3740 signi
2622 3686 2637 3733 ;
2663 3684 2784 3724 nam
2805 3670 3086 3740 dimidium
3106 3672 3321 3740 signum
3336 3670 3646 3740 quindecim
3659 3676 3806 3736 partes

2248 3740 2431 3795 habet.
2479 3738 2727 3794 Muvetur
2769 3739 2838 3795 de
2886 3738 3008 3795 loco
3058 3739 3124 3795 ad
3178 3738 3379 3807 locum,
3403 3754 3530 3807 -per
3571 3741 3802 3796 decimam

2249 3809 2491 3879 quintam
2519 3817 2725 3880 partem
2746 3824 2900 3864 unius
2922 3810 3086 3880 hanc,
3114 3810 3166 3865 id
3186 3819 3268 3880 est
3293 3826 3391 3880 per
3407 3809 3519 3865 duo
3542 3819 3802 3880 momenta.

2248 3876 2305 3934 et
2347 3881 2489 3935 bisse
2518 3876 2675 3935 unius
2718 3881 2997 3935 momenti.
3047 3878 3111 3933 Et
3158 3876 3460 3937 ideo'recte
3504 3879 3643 3933 dixit
3684 3876 3800 3931 Beda

2248 3950 2390 4017 quod
2421 3959 2602 4018 partes
2640 3950 2893 4003 horarum
2938 3964 2969 4002 a
3013 3949 3252 4018 partibus
3282 3949 3490 4002 zodiaci
3526 3947 3703 4002 circuli
3729 3960 3799 4018 vn-

2248 4015 2459 4078 eantur,
2490 4017 2616 4087 dum
2663 4017 2852 4070 eadem
2874 4085 2879 4087 Α
2902 4015 3027 4085 pars
3062 4025 3145 4072 est
3184 4017 3330 4087 horas
3353 4058 3371 4083 ,
3399 4027 3457 4071 et
3506 4032 3631 4087 pars
3671 4015 3800 4082 signi.

2251 4087 2495 4153 quamvis
2530 4085 2840 4156 bino_cursu
2870 4085 3216 4154 intelligatur.
3248 4085 3317 4139 Et
3348 4088 3477 4156 quia
3508 4085 3721 4140 δίκε-επ
3743 4087 3799 4137 si-

2249 4156 2622 4223 gniﬁcationes
2648 4153 2958 4224 frequenter
2988 4153 3353 4223 inveniuntur,
3369 4153 3610 4213 necesse
3635 4167 3709 4210 est
3730 4168 3801 4208 eat

2249 4224 2519 4287 sigillatin‘t
2580 4226 2855 4295 distingui.
2886 4225 3185 4297 Aliquando
3208 4227 3348 4279 enin
3371 4228 3657 4282 duodecim
3681 4228 3799 4293 signa

2251 4297 2454 4351 zodiaci
2486 4296 2824 4367 appellantur
2846 4313 2928 4365 par
2945 4296 3023 4351 tes
3051 4300 3163 4352 sive
3188 4299 3487 4366 particulae.
3514 4297 3581 4351 Et
3605 4298 3797 4367 spatiqu

2250 4367 2378 4420 illud
2416 4369 2575 4433 quod'
2610 4370 2691 4421 sol
2734 4368 2941 4435 perlicit
2991 4382 3025 4436 p
3060 4384 3089 4420 r
3133 4368 3296 4421 horas
3347 4369 3537 4435 viginti
3583 4380 3794 4435 quatuor.

2250 4448 2374 4502 pars
2400 4437 2721 4499 nominatur,
2746 4437 2995 4490 videlicet
3037 4438 3124 4489 illa
3149 4451 3270 4503 qua:
3305 4448 3386 4489 est
3411 4438 3626 4490 decima
3645 4436 3795 4502 quinta

2252 4518 2377 4625 pars
2397 4504 2598 4556 dimidii
2626 4506 2784 4571 signi,
2815 4515 2870 4558 et
2900 4507 3011 4573 ipsa
3038 4505 3169 4583 hora
3194 4504 3505 4585 quindecim
3538 4515 3706 4583 partes
3727 4504 3797 4554 ha-

2289 4585 2381 4624 ere
2408 4571 2593 4625 fertur.
2623 4571 2809 4625 Partes
2836 4590 2864 4625 a
2895 4582 3180 4625 natttttune
3209 4573 3413 4625 zodiaci
3440 4574 3653 4625 circuli.

2289 4585 2381 4642 ere
2408 4571 2593 4625 fertur.
2623 4571 2810 4642 Partes
2836 4590 2864 4626 a
2895 4571 3180 4642 partitione
3209 4571 3413 4627 iodiaci
3440 4571 3653 4628 circuli.

2324 4640 2758 4697 RECAPITULA‘I‘IO
2786 4639 3029 4699 Gno'ssm.
3050 4675 3123 4685 --
3145 4642 3287 4697 Duos
3314 4659 3507 4698 cursus
3531 4644 3659 4698 facit
3675 4640 3740 4694 sol
3758 4639 3794 4691 in

2255 4713 2391 4765 cmln
2418 4732 2431 4764 :
2458 4728 2617 4765 unum
2645 4729 2766 4767 cum
2798 4714 3155 4778 lirmatnentu,
3173 4714 3399 4767 alterum
3426 4724 3619 4767 contra
3649 4715 3793 4765 linus.

2253 4792 2515 4837 tuentum.
2562 4782 2693 4836 Nam
2743 4785 2982 4853 quotidie
3028 4799 3187 4837 unam
3237 4795 3446 4854 partem
3499 4785 3725 4853 graditur
3758 4782 3793 4831 in

2254 4854 2391 4906 caelo
2422 4868 2517 4921 per
2545 4854 2727 4919 viginti
2764 4852 2998 4922 quatuor
3036 4855 3218 4908 horas.
3238 4852 3401 4908 ‘lstud
3434 4852 3611 4923 ipsum
3654 4863 3794 4923 tamen

2255 4919 2450 4995 caelum
2480 4923 2706 4995 volvitur
2730 4919 2870 4995 circa
2894 4935 3091 4995 terram
3121 4938 3221 4995 per
3242 4924 3428 4995 viginti
3458 4919 3689 4993 quatuor
3722 4919 3797 4995 lit}:

2255 4995 2361 5053 ras’,
2406 4992 2509 5044 hoc
2535 5001 2645 5054 est,
2675 4992 2953 5045 duodecim
2977 4986 3147 5059 signa.
3191 4986 3497 5047 Ditn'idium'
3520 4994 3724 5059 calum,
3757 4986 3793 5038 id

2251 5067 2363 5119 est,
2391 5074 2509 5130 _sex_
2541 5060 2712 5127 signa,
2741 5061 2975 5115 volvitur
3006 5058 3103 5130 per
3143 5062 3426 5118 duodecim
3459 5064 3639 5114 horas.
3688 5058 3739 5111 Ει
3760 5058 3792 5107 si

2252 5142 2350 5196 per
2374 5126 2657 5183 duodecim
2702 5132 2861 5184 horas
2891 5126 3174 5186 volvuntur
3200 5147 3299 5187 sex
3338 5132 3527 5196 signa,
3579 5145 3669 5197 per
3691 5129 3791 5180 duas

2251 5206 2458 5267 tantum
2487 5198 2647 5252 horas
2682 5201 2912 5267 volvitur
2948 5216 3113 5255 unum
3138 5203 3373 5267 signum.
3404 5197 3475 5251 Et
3499 5199 3548 5253 si
3578 5214 3671 5267 per
3690 5197 3793 5251 deat

2250 5266 2415 5320 horas
2455 5268 2691 5324 volvitur
2738 5264 2899 5325 unum
2937 5264 3446 5337 signumfdmtilitt
3509 5264 3632 5337 pars
3672 5269 3791 5323 uniti

2250 5337 2384 5409 signi
2406 5338 2654 5409 volvitur
2685 5356 2780 5409 per
2800 5354 2967 5409 unam
2998 5341 3217 5409 horam,
3252 5336 3306 5389 in
3350 5352 3454 5409 qua
3485 5336 3794 5393 continentur

2249 5408 2553 5474 Quindecim
2577 5407 2776 5477 partes.
2796 5408 2929 5463 Nam
2952 5408 3170 5477 triginta
3193 5416 3371 5474 partes
3394 5407 3603 5463 liuntin
3622 5411 3790 5475 integro

2256 5479 2426 5548 signo,
2480 5478 2533 5532 in
2582 5476 2808 5532 dimidio
2858 5476 3244 5548 atttetn__signo
3288 5478 3604 5548 quindecim
3640 5486 3799 5548 partui

2249 5545 2376 5602 lnde
2402 5549 2611 5604 decima
2640 5548 2825 5615 quinta
2867 5560 2989 5614 pars
3016 5544 3217 5616 dimidii
3263 5546 3429 5616 signi,
3475 5547 3581 5606 hoc
3604 5544 3683 5605 est
3716 5554 3791 5599 unt

2252 5633 2392 5684 pars,
2426 5614 2669 5671 movetur
2694 5618 2761 5688 de
2790 5615 2910 5688 loco
2936 5616 3002 5668 ad
3018 5614 3207 5688 locum
3238 5614 3335 5688 per
3361 5619 3630 5673 deeimm
3667 5617 3789 5686 quia-

2250 5683 2356 5757 tam
2385 5697 2589 5757 partem
2637 5686 2791 5740 unius
2817 5685 2983 5757 horae.
3013 5683 3080 5738 Et
3104 5688 3221 5742 ideo
3239 5683 3401 5744 recte
3423 5688 3563 5743 dixit
3584 5683 3790 5743 domum

2251 5754 2322 5809 lle
2341 5754 2536 5826 la’quia
2565 5771 2751 5810 cursus
2778 5756 2905 5811 solis
2934 5771 3027 5825 per
3055 5771 3214 5811 unam
3243 5770 3479 5825 patr-tu,
3510 5762 3560 5813 id
3590 5769 3685 5817 εει.
3719 5764 3789 5815 ου
