3880 6234
531 401 634 454 τιοἸ

999 395 1208 450 ΒΕΜΞ
1248 394 1702 453 VENERADILI‘S
1740 395 2017 453 OPERUM
2061 396 2100 451 Ρ

2211 396 2239 450 5
2280 396 2318 449 Ι.
2384 422 2452 436 -ο
2495 395 2953 453 DIDASCALICA
2995 397 3323 455 GENL'INA.
3671 406 3749 462 ’ωε

530 515 674 584 quod
709 514 760 567 iu
816 512 922 567 ictu
960 513 1243 581 pungentis
1286 513 1624 579 transcurrit,
1654 514 1802 582 quod
1853 513 2026 568 secari
2056 520 2112 567 et
2143 519 2186 572 Α
2216 510 2528 579 quadrantis
2556 529 2751 568 nomen
2786 514 2997 570 obtinet
3037 533 3049 568 :
3089 516 3317 570 residua:
3346 523 3491 580 tres,
3522 515 3748 576 dodrantis

529 607 690 661 dividi
720 605 925 673 nequit,
952 620 1091 659 nunc
1120 613 1472 669 momentum,
1498 620 1639 660 nunc
1668 614 1948 677 punctum,
1973 620 2116 660 nunc

532 704 773 750 atomum
805 704 1022 749 vocant.

1156 783 1384 839 CAPUT
1421 784 1509 839 IV.

992 873 1068 927 Bc
1104 876 1307 927 ratione
1345 878 1645 930 unciarmn.

605 983 889 1038 Daciarum
919 998 1134 1051 quoque
1156 983 1473 1038 divisionem
1510 1002 1689 1051 nosse,
1719 1001 1837 1057 qua:
1866 1003 1971 1042 non
2005 988 2111 1042 mi-

528 1090 627 1127 nus
660 1074 989 1142 temporibus
1012 1074 1239 1128 rebusve
1262 1075 1378 1129 aliis
1410 1092 1570 1145 quam
1601 1079 1833 1133 nummis
1855 1089 1935 1133 est
1960 1090 2107 1148 apta,

528 1164 923 1231 computandis,
958 1180 1062 1217 non
1094 1164 1341 1230 ignobilis
1370 1166 1607 1220 inventio
1631 1177 1731 1221 est.
1758 1167 1961 1233 Quibus
1986 1170 2110 1238 quia

526 1264 582 1309 ct
609 1256 861 1325 dispersm
890 1256 1084 1323 passim
1130 1256 1393 1317 liistorim,
1438 1266 1493 1310 et
1516 1258 1626 1327 ipsa
1646 1274 1808 1313 sacra
1834 1259 2109 1329 Scriptura

526 1348 712 1410 utitur,
765 1348 978 1401 nomina
1020 1348 1219 1416 pariter
1266 1358 1321 1403 et
1366 1349 1561 1419 ﬁguras
1604 1354 1618 1382 ³
1660 1367 1879 1415 eorum,
1928 1354 2110 1423 paucis

525 1439 743 1505 aliigere
764 1440 1089 1493 curavimus.

599 1526 755 1579 Libra
774 1568 787 1587 ,
807 1528 888 1580 vel
921 1527 992 1579 As
1009 1570 1023 1591 ,
1046 1527 1159 1580 sive
1180 1527 1327 1581 Assis
1344 1570 1357 1592 ,
1382 1528 1662 1585 duodecim
1690 1532 1878 1586 unc-im.
1899 1531 2105 1601 Deunx,

525 1617 639 1670 sive
669 1620 687 1647 '
719 1616 923 1680 Labus,
958 1617 1201 1671 undecim
1238 1620 1423 1673 uncia}.
1452 1620 1670 1675 Decunx
1697 1663 1711 1686 ,
1735 1624 1818 1677 vel
1848 1624 2105 1692 Dextans,

525 1708 713 1761 decem
746 1709 937 1760 unciie.
971 1706 1239 1772 Dodrans,
1283 1710 1396 1762 sive
1426 1709 1660 1777 Dodras,
1701 1728 1891 1767 novem
1914 1714 2105 1767 uncite.

526 1796 657 1861 Des,
681 1798 793 1851 sive
825 1796 971 1851 Bisse
988 1839 1000 1861 ,
1027 1807 1151 1850 octo
1175 1792 1363 1853 uncite.
1393 1798 1633 1869 Septunx
1654 1841 1669 1865 ,
1693 1804 1804 1857 sive
1836 1801 2070 1872 Septuns
2092 1847 2107 1870 ,

2219 616 2414 656 nomen
2462 603 2746 672 accipiunt.
2780 602 2847 657 Et
2878 604 3034 673 hujus
3059 605 3353 674 disciplina:
3400 606 3577 673 regula
3621 609 3751 662 solvi-

2216 699 2321 753 tur,
2353 690 2498 759 quod
2532 692 2815 762 plerosque
2854 693 3036 747 turbat
3083 694 3402 762 imperitos:
3434 695 3553 762 quia
3591 694 3751 765 l’bilip-

2214 792 2314 847 pus
2354 779 2407 833 in
2441 782 2783 848 expositione
2834 782 2976 836 beati
3018 780 3119 837 Job
3158 792 3348 838 :nstum
3399 784 3559 839 maris
3591 782 3752 840 Oceani

2212 869 2455 938 quotidie
2497 870 2578 925 bis
2627 872 2810 925 verire
2854 871 3198 937 describens,
3250 873 3554 941 adjunxcrit
3594 874 3711 929 hunc
3736 878 3751 904 '

2211 959 2600 1026 tequinoctialis
2627 960 2773 1015 liora:
2800 960 3061 1015 dodrante
3092 964 3428 1026 transmisso,
3454 964 3639 1017 tardius
3660 966 3753 1020 sine

2212 1047 2638 1115 intermissione,
2668 1051 2783 1105 sive
2811 1050 2901 1105 die
2933 1052 3144 1116 venire,
3176 1053 3290 1106 sive
3320 1064 3501 1107 nocte.
3562 1052 3703 1110 Porro
3720 1058 3754 1111 si

2210 1153 2308 1208 per
2336 1140 2436 1193 tria
2473 1140 2601 1209 quid
2632 1140 2872 1197 dividere
2910 1143 3092 1209 cupis,
3123 1144 3338 1197 tertiam
3383 1152 3582 1212 partem
3619 1146 3753 1201 trien-

2211 1238 2320 1283 tem
2339 1272 2355 1298 ,
2386 1232 2521 1285 duas
2567 1228 2807 1287 residuas
2836 1233 3033 1288 bissem
3063 1236 3419 1304 nuncupabis.
3453 1234 3507 1288 Si
3531 1251 3616 1305 per
3641 1236 3753 1301 duo,

2210 1321 2485 1375 dimidium
2508 1324 2671 1377 semis
2698 1324 3019 1392 appellatur.
3044 1324 3135 1379 Sic
3159 1335 3215 1379 et
3243 1335 3437 1380 caetera
3457 1368 3473 1391 ,
3497 1342 3608 1394 qua:
3626 1328 3756 1380 verbo

2212 1412 2406 1466 melius
2428 1414 2804 1483 colloquentis,
2827 1430 2987 1483 quam
3016 1418 3300 1471 scribentis
3330 1419 3470 1487 ston
3491 1418 3616 1472 disci
3644 1421 3755 1487 patio

2216 1512 2299 1556 ter
2329 1514 2385 1557 et
2410 1504 2588 1559 doceri
2621 1516 2845 1574 queunt.
2888 1506 3019 1560 ltein
3050 1508 3118 1561 de
3145 1510 3467 1577 corporibus
3488 1548 3502 1571 ,
3536 1510 3639 1563 sive
3658 1510 3752 1561 nul.

2213 1594 2427 1649 liarium
2446 1636 2461 1661 ,
2495 1598 2608 1651 sive
2630 1599 2860 1652 stadium
2877 1641 2894 1667 ,
2923 1600 3036 1654 sive
3058 1600 3309 1669 jugerum
3330 1640 3348 1667 ,
3370 1602 3485 1655 sive
3514 1602 3753 1669 perticam.

2212 1690 2325 1742 sive
2346 1691 2507 1743 etiam
2537 1692 2773 1744 cubitum
2797 1730 2813 1755 ,
2864 1691 3123 1760 pedemve
3152 1701 3248 1745 aut
3277 1692 3299 1723 ⁸
3330 1693 3558 1759 palmam
3602 1694 3752 1761 partiri

2214 1795 2350 1848 Opus
2378 1781 2572 1845 babes,
2617 1780 2833 1849 prmfata
2883 1782 3095 1835 ratione
3142 1782 3327 1836 facies.
3375 1782 3608 1851 Denique
3647 1784 3755 1835 etin

521 1896 729 1954 septem
763 1886 949 1939 unciae.
995 1886 1195 1949 Semis,
1238 1904 1331 1941 sex
1375 1892 1564 1943 nucim.
1619 1870 1937 1956 Quincunx,
1992 1896 2108 1949 sive
2146 1870 2185 1926 Β
2215 1872 2431 1937 Emdov
2471 1873 2752 1927 dimidium
2794 1875 2960 1927 c'lbm
2991 1875 3152 1927 semis
3190 1875 3495 1942 appellatur
3543 1887 3755 1927 nam”

524 1976 829 2043 Quinquus,
864 1977 1098 2045 quinque
1128 1979 1319 2032 uncim.
1353 1978 1572 2047 Triens,
1603 1981 1715 2035 sive
1743 1980 1939 2047 Treas,
1970 1997 2105 2051 qua-

528 2079 650 2119 tuor
692 2068 884 2120 ttucite.
930 2067 1244 2132 Quadratus,
1290 2070 1403 2122 sive
1442 2068 1716 2134 Quadras,
1757 2081 1866 2125 tres
1908 2073 2101 2127 unciae.

524 2157 787 2219 Sextans,
830 2158 943 2211 siie
980 2156 1206 2221 Sextas,
1253 2162 1367 2212 dua)
1418 2161 1606 2214 unciae.
1664 2161 1912 2216 Sexcunx
1938 2205 1953 2231 ,
1995 2164 2111 2219 sive

522 2249 853 2312 Sescuncia,
887 2264 989 2301 una
1032 2250 1188 2302 uncia
1233 2259 1287 2303 et
1319 2251 1501 2305 semis.
1548 2250 1745 2318 Uncia,
1771 2255 2107 2325 vigintiqua-

526 2346 649 2389 tuor
673 2338 930 2405 scrupuli.
962 2335 1247 2392 Semuncia
1270 2381 1284 2401 ,
1324 2340 1607 2394 duodecim
1652 2345 1885 2411 scrupuli
1906 2386 1921 2411 ,
1946 2345 1997 2397 id
2025 2356 2106 2400 est

524 2426 679 2479 tertia
720 2442 845 2495 pars
889 2429 1077 2480 uncic.
1113 2427 1239 2482 Dna:
1275 2430 1495 2483 sextula:
1522 2473 1534 2496 ,
1574 2431 1687 2485 sive
1716 2434 1932 2499 sesclm,
1981 2445 2108 2491 octo

520 2516 778 2583 scrupuli.
805 2516 1081 2582 Sicilicus,
1117 2533 1211 2572 sex
1256 2520 1510 2587 scrupuli.
1541 2521 1759 2575 Sextula
1782 2564 1796 2587 ,
1837 2526 1950 2577 sive
1976 2523 2106 2579 Ses-

520 2606 638 2669 cla,
677 2616 906 2673 quatuor
943 2609 1201 2676 scrupuli.
1242 2608 1466 2663 Dimidia
1488 2612 1726 2677 sextula,
1761 2615 1873 2669 sive
1901 2616 2104 2683 Sescla,

521 2695 627 2747 duo
655 2696 911 2764 scrupuli.
944 2694 1257 2763 Scrupulus,
1288 2714 1383 2751 sex
1418 2700 1645 2767 siliquae.

593 2785 720 2841 llaze
758 2790 1017 2857 (inquam)
1051 2790 1346 2857 ponderum
1391 2792 1677 2855 vocabula,
1710 2794 1794 2847 vel
1833 2795 2108 2851 characte-

522 2896 643 2940 res,
684 2896 790 2935 non
815 2879 979 2935 modo
1010 2883 1075 2934 ad
1109 2882 1394 2949 pecuniam
1439 2884 1848 2939 mensurandam
1874 2926 1888 2950 ,
1919 2902 2104 2942 verum

521 2970 588 3023 ad
620 2972 824 3039 quaevis
853 2986 1081 3039 corpora
1121 2972 1232 3025 sive
1286 2982 1529 3041 tempora
1560 2975 1884 3031 dimetienda
1907 2993 2105 3034 conve-

522 3063 697 3115 niunt.
734 3062 882 3116 Unde
910 3074 963 3117 et
990 3064 1126 3117 ratio
1148 3065 1230 3117 vel
1262 3080 1377 3118 mos
1402 3067 1665 3132 obtinuit,
1698 3078 1757 3122 ut
1780 3070 1830 3123 in
1854 3074 2105 3127 cautione

520 3163 927 3222 computorum,
979 3154 1129 3222 pueri
1182 3170 1343 3207 unum
1375 3165 1429 3208 et
1472 3157 1612 3221 duo,
1659 3161 1853 3228 saepius
1887 3177 2007 3217 asse
2049 3174 2104 3218 et

519 3247 775 3315 dipondio
801 3256 1077 3299 mutentur
1104 3263 1119 3297 :
1154 3246 1281 3299 item
1323 3249 1541 3313 tressis,
1574 3256 1905 3319 quartussis,
1938 3256 2100 3324 quin-

522 3337 723 3401 cussis,
765 3336 1053 3398 sextussis,
1097 3335 1393 3404 septussis,
1434 3343 1490 3390 et
1518 3349 1711 3393 caetera
1757 3339 2098 3409 hujusmodi,

522 3426 676 3493 quasi
716 3436 827 3480 tres
861 3440 1037 3487 asses,
1064 3426 1147 3479 vel
1190 3434 1422 3493 quatuor
1450 3442 1596 3483 asses
1626 3430 1934 3498 proferant:
1966 3442 2023 3486 et
2049 3435 2100 3487 in

521 3516 768 3569 eumdem
806 3514 1023 3569 modum
1058 3517 1338 3582 sequentia
1379 3532 1723 3573 numerorum
1776 3538 1935 3590 quam
1976 3526 2099 3593 pluo

522 3608 677 3660 rima.
706 3606 832 3662 Sive
862 3607 1025 3676 igitur
1048 3609 1234 3661 horam
1255 3625 1418 3663 unam
1438 3649 1453 3671 ,
1484 3612 1598 3667 sive
1631 3614 1774 3669 diem
1807 3618 2065 3683 integrum
2084 3662 2097 3683 ,

520 3699 636 3751 sive
668 3712 941 3760 mensem,
971 3698 1083 3751 sive
1114 3713 1341 3763 annum,
1371 3702 1484 3755 sive
1520 3714 1668 3759 certe
1709 3706 1852 3760 aliud
1885 3710 2101 3778 aliquod

522 3788 694 3856 majus
721 3788 963 3843 minusve
988 3791 1241 3857 temporis
1274 3792 1507 3859 spatium
1539 3794 1591 3847 in
1621 3795 1903 3852 duodecim
1932 3800 1952 3830 ³
1974 3816 2100 3870 par-

520 3879 623 3932 tire
658 3880 777 3943 vis,
816 3880 928 3947 ipsa
964 3879 1281 3933 duodecima
1306 3895 1447 3960 pars
1486 3885 1642 3937 uncia
1685 3895 1768 3940 est
1809 3905 1821 3939 :
1871 3889 2105 3960 reliquas

521 3968 799 4033 undecim,
845 3968 1105 4023 deuncem
1157 3968 1452 4038 appeliant.
1509 3972 1565 4027 Si
1611 3975 1661 4028 in
1710 3992 1804 4031 sex
1856 3982 2101 4047 partiris,

519 4065 669 4111 sexta
699 4073 823 4126 pars
855 4069 1076 4112 sextans
1103 4076 1115 4109 :
1156 4060 1394 4126 quinque
1433 4062 1654 4130 reliqua:
1676 4104 1692 4127 ,
1733 4066 1987 4131 dextans,
2018 4072 2104 4125 vel

523 4157 607 4213 (ut
633 4148 749 4215 alii)
770 4148 791 4178 ⁸
812 4147 978 4203 distas
1006 4157 1288 4203 vocantur.
1313 4148 1369 4203 Si
1394 4150 1445 4203 in
1475 4163 1725 4219 quatuor,
1745 4168 1932 4224 quarta
1954 4176 2099 4229 pars,

2214 1964 2430 2033 Moyse,
2470 1965 2615 2032 quod
2664 1965 2913 2018 habuerit
2941 1980 3063 2019 arca
3108 1969 3418 2018 testamenti
3456 1967 3589 2019 duos
3628 1966 3757 2020 semis

2211 2055 2425 2107 cubitos
2454 2053 2833 2121 longitudinis,
2863 2062 2918 2107 et
2941 2055 3178 2108 cubitum
3208 2069 3272 2107 ac
3306 2056 3584 2109 semissem
3612 2055 3755 2108 altitu-

2211 2144 2370 2198 dinis.
2406 2144 2473 2198 Et
2502 2145 2555 2199 in
2585 2144 2880 2214 Evangelio
2903 2186 2918 2211 ,
2949 2157 3139 2215 quarta
3176 2163 3302 2217 pars
3349 2150 3519 2201 totius
3544 2148 3755 2202 mundani

2210 2236 2494 2303 corporis,
2525 2236 2577 2289 id
2605 2244 2691 2291 est
2736 2246 2909 2301 terra,
2952 2239 3176 2307 mystice
3218 2238 3536 2305 quadrantis
3582 2240 3757 2293 nomine

2212 2334 2483 2387 censetur,
2514 2341 2635 2379 cum
2659 2327 2920 2381 mittendo
2950 2328 3003 2380 in
3034 2342 3247 2396 pcenam
3271 2330 3542 2396 peccaturi
3568 2330 3755 2383 dicitur:

2213 2414 2336 2468 Non
2368 2417 2507 2469 εει-ἕω
2531 2416 2683 2483 inde,
2727 2416 2889 2470 donec
2929 2418 3116 2469 reddas
3157 2420 3493 2471 novissimum
3528 2421 3755 2489 quadran-

2212 2518 2339 2569 tem,
2382 2507 2433 2559 id
2470 2515 2556 2560 est
2589 2509 2762 2560 donec
2802 2508 2918 2559 luas
2964 2520 3175 2560 terrena
3227 2518 3452 2576 peccata
3476 2550 3493 2576 ,
3517 2519 3577 2561 ut
3608 2511 3757 2559 beatus

2212 2598 2538 2664 Augustinus
2562 2597 2822 2665 exponit:
2878 2616 2895 2647 ι
2926 2598 3036 2652 lloc
3063 2598 3203 2651 enim
3240 2599 3462 2667 (inquit)
3494 2600 3513 2629 ⁷
3544 2607 3755 2667 peccator

2208 2690 2447 2743 audivit:
2478 2688 2636 2741 Terra
2662 2705 2735 2745 es.
2757 2691 2870 2740 etin
2897 2702 3085 2741 terram
3115 2690 3264 2742 ib’s.»
3294 2690 3496 2754 Quarta
3533 2690 3754 2758 siquidem

2209 2793 2333 2847 pars
2358 2777 2733 2830 distinctorum
2760 2778 3123 2831 membrorum
3164 2777 3322 2845 hujus
3349 2778 3589 2842 mundi,“
3614 2786 3662 2830 et
3680 2793 3757 2827 nn-

2206 2868 2420 2922 vissima
2446 2878 2586 2921 terra
2618 2868 2904 2931 invenitur,
2926 2881 2987 2920 ut
3012 2869 3236 2936 incipias
3257 2884 3287 2920 a
3318 2870 3477 2931 coelo,
3502 2869 3754 2921 secundum

2209 2974 2390 3013 aerem
2423 2975 2676 3013 numeres
2700 2998 2715 3021 ν
2750 2976 2942 3029 aquam
2974 2962 3216 3023 tertiam,
3265 2970 3514 3028 quartam
3571 2970 3755 3013 terrain.

2206 3050 2307 3116 Qui
2333 3053 2496 3105 etiam
2538 3052 2591 3105 in
2622 3053 2961 3120 expositione
2986 3057 3006 3087 ’
3032 3054 3122 3107 ubi
3167 3054 3430 3123 scriptum
3478 3061 3561 3107 est
3600 3070 3611 3103 :
3656 3048 3757 3101 Emi

2208 3153 2376 3195 autvm
2414 3142 2697 3197 Parascere
2743 3146 2947 3214 pasclue
2973 3187 2987 3209 ,
3021 3146 3148 3199 liora
3176 3149 3321 3213 quasi
3347 3153 3525 3209 sexta,
3570 3142 3687 3209 hujtt
3709 3155 3755 3193 ce

2132 3214 2178 3276 ο
2210 3234 2506 3303 disciplinae
2541 3236 2814 3298 meminit,
2854 3237 3072 3290 dicens:
3110 3254 3130 3287 ι
3180 3237 3298 3289 Non
3326 3240 3471 3289 enim
3494 3235 3602 3303 jam
3629 3232 3754 3302 plena

2207 3334 2361 3380 sexta
2384 3334 2523 3387 erat,
2548 3325 2642 3380 sed
2656 3326 2807 3394 quasi
2826 3336 3047 3391 sexta,»
3080 3326 3131 3381 id
3157 3335 3236 3381 est
3262 3335 3484 3396 peracta
3503 3324 3692 3393 quinta,
3715 3327 3757 3372 et

2207 3414 2413 3482 aliquid
2444 3416 2488 3445 "
2516 3416 2583 3469 de
2613 3427 2763 3469 sexta
2800 3431 2921 3472 esse
2971 3426 3249 3485 coeperat;
3292 3430 3567 3484 nunquam
3611 3420 3755 3465 autem

2212 3505 2299 3558 isti
2344 3506 2624 3559 dicerent:
2658 3507 2859 3572 Quinta
2911 3516 2965 3561 et
3013 3508 3321 3578 quadrans,
3371 3517 3466 3561 aut
3517 3507 3687 3575 quinta
3716 3511 3757 3555 et

2211 3597 2399 3661 triens,
2423 3608 2517 3650 aut
2535 3598 2720 3666 quinta
2751 3609 2807 3653 et
2834 3600 2997 3653 semis
3015 3640 3030 3663 ,
3059 3611 3153 3654 aut
3179 3600 3381 3668 aliquid
3408 3595 3717 3667 hujusmodi.

2829 3706 3056 3763 CAPUT
3094 3708 3159 3759 V.

2887 3798 2964 3850 De
2990 3800 3091 3851 die.

2280 3887 2403 3943 Dies
2436 3899 2519 3943 est
2543 3904 2639 3943 aer
2665 3889 2782 3943 sole
2822 3889 3132 3955 illustratus,
3167 3903 3361 3943 nomen
3406 3887 3530 3942 inde
3554 3897 3755 3945 sumens,

2206 3981 2347 4049 quod
2377 3980 2629 4033 tenebras
2657 3995 2688 4032 ει
2722 3982 2837 4034 luce
2864 3978 3130 4048 disjungat
3156 3994 3221 4032 ac
3244 3978 3469 4032 dividat.
3510 3976 3638 4031 Nam
3661 3987 3756 4027 cum

2210 4070 2262 4122 in
2284 4068 2579 4137 primordio
2593 4076 2959 4121 creaturarum
2981 4066 3214 4120 tenebrae
3226 4077 3411 4121 essent
3428 4082 3589 4136 super
3601 4062 3754 4116 faciem

2208 4161 2408 4229 abyssi,
2438 4158 2573 4212 dixit
2612 4157 2756 4212 Deus
2784 4175 2799 4209 :
2830 4155 2957 4210 Fiat
2980 4142 3093 4223 lux,
3121 4166 3171 4210 et
3200 4159 3341 4227 facta
3364 4167 3443 4211 est
3485 4159 3595 4223 lux,
3622 4165 3665 4207 et
3686 4166 3754 4204 ro-

1739 4267 2123 4330 VARIANTES
2160 4262 2557 4328 ιιοτιυκεεζ

593 4354 608 4381 ¹
642 4350 697 4407 ll.
728 4349 793 4414 C,
821 4368 1019 4403 eorum.
1129 4352 1149 4381 ¹
1177 4349 1361 4415 labiis,
1395 4350 1455 4413 Β,
1486 4350 1547 4405 C.

1660 4353 1680 4383 ³
1720 4355 1777 4417 Β,
1802 4362 2006 4423 partiri.

592 4423 613 4451 '
655 4421 716 4485 lt,
743 4422 806 4481 ll,
836 4434 883 4474 et
906 4432 1162 4486 peccator.

1340 4429 1361 4453 ⁸
1399 4420 1459 4484 Β,
1486 4426 1544 4485 (.2,
1568 4433 1615 4475 et
1635 4440 1695 4475 ea
1718 4442 1771 4479 ιι.
1789 4420 2010 4482 (ἐπεκα.

2121 4364 2140 4394 ⁵
2168 4365 2232 4429 C,
2263 4364 2463 4415 denas.

2120 4436 2141 4467 ⁹
2180 4435 2316 4486 Add.
2350 4430 2621 4499 Eiaugelii
2644 4429 2708 4493 Β,
2731 4428 2793 4481 υ.

2575 4361 2596 4389 ⁸
2626 4358 2687 4418 Β.
2718 4358 2781 4418 C,
2806 4360 2978 4411 unius.
3089 4355 3199 4428 ξε,
3227 4357 3454 4428 palmum
3483 4362 3683 4428 partire.

3086 4426 3130 4456 "
3167 4426 3230 4491 Β,
3253 4426 3319 4491 Κ,
3350 4426 3531 4481 etiam.

1782 4536 2070 4595 ϐιυδδιε
2112 4543 2197 4596 ET
2236 4541 2545 4596 SCIIOLIA.

522 4646 625 4696 cini
656 4641 817 4717 habet
865 4649 1068 4708 partes,
1090 4649 1384 4717 propterea
1422 4639 1567 4705 quod
1596 4640 1722 4717 dum
1765 4642 2090 4717 borapexigi-
2124 4654 2169 4711 υ
2198 4649 2365 4703 clarat
2386 4648 2664 4711 virtu:um,
2689 4657 2745 4702 ct
2766 4648 3069 4715 iniquorum
3094 4652 3315 4717 peccata
3339 4661 3597 4715 arguens,
3615 4647 3753 4702 bones

522 4726 632 4769 tur,
663 4712 981 4781 exoriuntur
1012 4710 1523 4781 quindecnnpartes
1560 4712 1965 4781 aequinoctialis,
1994 4710 2093 4770 seu

523 4780 826 4848 quindecim
856 4779 1080 4844 gradus,
1108 4780 1155 4830 id
1180 4790 1281 4841 est,
1308 4779 1582 4833 dimidium
1612 4783 1843 4848 signum.

600 4849 777 4899 Partes
808 4850 925 4899 item
965 4850 1196 4915 singular
1227 4850 1279 4899 in
1311 4860 1524 4914 puncto:
1571 4850 1858 4903 duodecim.
1893 4850 2093 4907 Horum

524 4928 865 4992 punctorum,
897 4918 1257 4992 neque__etiam
1288 4928 1620 4992 ostentorum
1651 4929 1731 4992 (ut
1758 4924 1933 4990 vocat)
1956 4928 2096 4992 apud

524 4994 659 5041 alios
688 4989 976 5056 scriptores
997 4986 1194 5037 nullam
1232 4986 1405 5038 inveni
1431 4989 1881 5044 observationem.

1180 5070 1348 5106 CAI'l‘T
1385 5072 1436 5106 γ.

598 5126 747 5177 Βκιῐι.
782 5122 917 5175 Itur.
950 5121 1413 5176 (Imma—Dies
1442 5135 1518 5175 est
1548 5143 1637 5177 αρν
1660 5129 1767 5179 sole
1793 5129 2101 5195 illustratus,

524 5213 707 5247 norma
728 5196 847 5245 inde
864 5208 1087 5263 sunteas,
1113 5196 1246 5263 quod
1268 5196 1502 5245 tencbras
1523 5194 1787 5263 disjungut
1805 5214 1865 5249 ac
1885 5194 2099 5251 dividat.

523 5268 801 5337 Sciiceta
828 5264 971 5337 luce.
1018 5261 1405 5337 luesdicitnra
1435 5261 1806 5337 disjmigcudo,
1855 5283 1921 5337 co
1960 5269 2102 5337 quod

526 5338 701 5385 lucem
732 5333 917 5385 dividit
947 5347 975 5382 η
1006 5331 1260 5383 tenebris.
1314 5332 1432 5385 Dies
1478 5331 1624 5384 enini
1667 5331 1991 5389 naturaliter-
2018 5349 2103 5391 est

524 5416 755 5469 spatium
803 5404 1060 5467 temporis
1098 5401 1283 5466 viginti
1313 5412 1546 5469 quatuor
1570 5402 1851 5467 horarum,
1886 5407 1953 5458 ab
1980 5422 2032 5459 Ol
2047 5418 2101 5459 tu

525 5474 591 5523 ad
622 5482 819 5544 ortum.
854 5469 975 5544 Dies
1004 5471 1146 5521 enim
1169 5472 1377 5534 gemine
1407 5473 1662 5544 appellari
1694 5476 1851 5544 solet.
1884 5472 2103 5544 Proprie

526 5556 556 5590 a
588 5542 717 5591 solis
738 5550 857 5589 ortu
878 5580 889 5595 .
921 5542 1091 5590 donec
1134 5554 1320 5591 rursus
1348 5543 1582 5597 oriatur;
1615 5541 1832 5594 abusive
1856 5581 1871 5601 ,
1917 5559 1944 5594 a
1976 5541 2103 5598 solis

528 5620 649 5659 o'tu
697 5608 1175 5680 usqtiequo_veuiat
1205 5609 1269 5657 ad
1310 5623 1581 5680 occasum.
1628 5610 1845 5680 Mystice
1890 5626 2105 5680 quoque

533 5680 648 5728 dies
679 5680 961 5743 imaginem
992 5678 1123 5741 legis
1154 5686 1350 5741 portat.
1392 5678 1537 5728 Sicut
1578 5679 1715 5732 enim
1746 5679 1846 5732 diei
1888 5678 2105 5735 claritas

528 5750 757 5797 obscura
803 5746 1143 5797 tenebrarum
1194 5746 1473 5807 iliuminat,
1504 5748 1575 5797 ita
1608 5758 1659 5799 et
1704 5754 1783 5803 lex
1815 5752 1953 5803 viam
1986 5754 2104 5804 vita:

530 5826 923 5877 demonstrans,
949 5814 1102 5880 depel
1126 5815 1164 5866 it
1195 5818 1442 5872 tenebras
1473 5832 1715 5870 chorum
1738 5859 1753 5883 ,
1805 5820 1973 5874 lucem
2011 5821 2104 5875 de-

2199 4720 2263 4789 ad
2286 4719 2507 4789 meliora
2535 4719 2798 4785 perducit.
2825 4714 2969 4789 Dia-it
2991 4714 3127 4770 Dea)
3151 4731 3169 4767 :
3190 4714 3323 4789 Fiat
3345 4714 3459 4789 lui,
3484 4729 3533 4772 et
3553 4722 3753 4789 {actam

2203 4787 2313 4839 lux.
2362 4786 2418 4839 Si
2469 4784 2647 4839 autem
2692 4788 2941 4853 quaeritur
2968 4789 3161 4855 quibus
3188 4787 3241 4841 in
3270 4787 3407 4841 locis
3426 4784 3645 4855 jube'nte
3667 4784 3753 4837 Dei)

2204 4858 2343 4909 facta
2374 4866 2441 4907 s:t
2470 4858 2557 4908 lux
2578 4895 2593 4919 ,
2634 4873 2755 4910 cun
2788 4858 3012 4925 abyssus
3039 4858 3213 4909 adhuc
3237 4872 3454 4909 omnem
3488 4866 3637 4909 terrae
3660 4870 3751 4907 ant-

2205 4926 2517 4993 plitodinem
2546 4937 2855 4991 contigeret
2880 4968 2895 4989 ,
2939 4934 3088 4993 patet
3125 4925 3369 4994 profecto
3396 4927 3523 4994 quia
3554 4926 3603 4979 in
3626 4938 3753 4993 sape

2206 4996 2435 5047 tioribus
2462 4994 2695 5057 ejusdem
2721 5005 2873 5047 terrm
2900 4996 3158 5062 partibus,
3188 5010 3324 5064 quas
3348 5005 3404 5049 et
3432 5010 3576 5050 nunc
3599 4994 3752 5064 diurna

2208 5066 2338 5116 solis
2378 5064 2468 5135 lux
2494 5064 2775 5135 _i_llustrare
2804 5060 3117 5126 εοηέυρνιι,
3165 5060 3294 5118 hinc
3343 5063 3647 5135 principalis
3686 5060 3754 5135 lux

2210 5134 2443 5187 emicuit.
2494 5131 2609 5186 Non
2641 5133 2799 5199 igitur
2828 5142 2964 5184 totas
2997 5136 3179 5186 mundi
3228 5131 3485 5188 tenebras
3522 5131 3642 5188 'tttce
3672 5133 3755 5184 ds

2210 5204 2343 5270 pulit
2372 5201 2544 5254 infusa
2564 5242 2579 5263 ,
2605 5204 2699 5255 sed
2729 5205 2797 5271 ab
2824 5217 2922 5253 una
2952 5203 3098 5256 illum
3132 5214 3283 5271 parte
3313 5203 3604 5265 illustrans,
3626 5202 3752 5271 etiarn

2209 5268 2423 5338 reliquit
2450 5271 2750 5323 obscuram.
2784 5270 2848 5323 Et
2880 5275 2930 5343 si
2963 5268 3145 5325 rursus
3182 5288 3301 5340 qua:
3334 5275 3373 5325 it
3402 5273 3597 5343 aliquis
3628 5268 3753 5343 quale

2210 5344 2443 5408 potuerit
2485 5356 2602 5392 85:8
2647 5343 2823 5393 lumen
2860 5342 3104 5394 diurnum
3135 5354 3261 5395 ante
3287 5340 3755 5397 creatioitetu'side-

2214 5427 2357 5471 tum,
2392 5424 2495 5461 non
2527 5414 2594 5463 ab
2620 5426 2676 5463 re
2699 5422 2778 5463 est
2799 5413 2941 5463 credi
2974 5415 3114 5479 quod
3137 5417 3242 5463 tate
3272 5410 3430 5464 fuerit
3460 5416 3618 5482 quate
3643 5410 3755 5462 vide-

2213 5495 2327 5531 mus
2357 5483 2595 5544 quotidie
2624 5496 2810 5543 inane,
2841 5494 3178 5546 proximante
3218 5482 3425 5535 sciiicet
3467 5482 3597 5534 soli,
3623 5484 3752 5539 ortu,

2212 5558 2263 5599 et
2313 5552 2536 5602 necdum
2578 5552 2735 5602 terris
2772 5560 3094 5616 apparente,
3139 5552 3354 5617 quando
3394 5551 3540 5604 lucet
3573 5548 3752 5618 quidem

2212 5628 2417 5673 Ol-lUStS
2464 5620 2741 5673 stellarum
2791 5618 2950 5671 radiis
2997 5621 3149 5683 dies,
3203 5620 3299 5673 sed
3345 5620 3570 5677 minime
3610 5622 3752 5671 adhes

2213 5690 2277 5737 di.
2302 5700 2421 5747 tlur,
2462 5690 2541 5742 snl
2582 5694 2805 5749 oriatur,
2848 5690 3109 5755 refulget;
3155 5691 3296 5743 unde
3324 5688 3473 5743 nulla
3519 5694 3755 5743 mactasse

2212 5758 2467 5828 dis-rtello
2499 5769 2797 5828 temporum
2830 5770 3025 5828 potest.
3054 5760 3160 5828 dici
3190 5758 3365 5828 solum
3400 5770 3456 5811 et
3482 5760 3751 5828 noctiali?

2215 5834 2372 5879 terat.
2423 5826 2552 5880 Item
2572 5868 2586 5893 ,
2612 5827 2746 5881 dixit
2777 5824 2914 5883 Déus
2944 5846 2955 5880 :
3022 5827 3144 5880 Fiat
3172 5829 3281 5881 lux.
3316 5824 3385 5879 Et
3413 5826 3751 5899 ίαςιαεειᾶιεν
