3880 6234
527 412 628 466 537

994 404 1192 458 ΒῐίῐὶιΕ
1233 399 1680 454 \‘liNlCﬁABllJS
1719 394 1994 452 OPERUM
2038 393 2210 448 PARS
2250 393 2290 450 1.
2333 423 2398 434 --
2441 391 2878 448 DIDASCALICA
2918 387 3234 446 GENUINA.

3667 386 3768 441 538

529 536 706 577 merus
723 528 807 572 est
828 517 914 570 ille.
941 515 1232 586 perfectus,
1252 519 1308 565 ut
1332 513 1491 564 etiam
1517 524 1611 576 per
1634 509 1775 560 hunc
1796 519 1959 574 opera
1990 517 2084 556 sua
2116 507 2164 564 Α
2191 501 2537 555 hebdomadis
2562 511 2581 539 θ
2603 501 2955 556 addiscerent.
2991 514 3113 552 mox
3143 498 3280 551 hanc
3314 496 3368 549 in
3393 494 3611 549 laudem
3643 511 3766 549 suo-

527 614 779 682 probaret
826 623 943 661 esse
995 607 1259 669 perirem,
1308 602 1398 670 qui
1443 601 1553 654 suis
1605 598 1846 667 partibus
1894 596 2094 663 primus

529 705 798 770 impletur,
831 697 881 750 id
911 704 1014 757 est,
1034 700 1048 729 ι
1081 702 1232 747 sexta
1261 701 1316 746 et
1347 692 1530 751 tertia,
1559 688 1774 740 dimidia
1794 728 1806 748 ,
1834 700 1951 752 qua:
1971 692 2096 738 sunt

529 807 728 854 unum,
768 789 873 842 duo
905 795 958 840 et
997 786 1127 844 tria,
1168 791 1218 836 et
1255 780 1411 846 simul
1449 793 1543 831 sex
1589 777 1740 830 ﬁunt.
1780 795 1798 827 ι
1830 777 1907 829 Ad
1939 773 2098 840 hujus

528 879 832 946 exemplum
875 874 1068 927 divtna:
1117 869 1460 925 hebdomadis
1510 866 1745 920 secunda
1793 863 2097 917 hominibus

529 968 872 1023 observantia
921 964 1220 1024 mandatur,
1251 960 1466 1014 dicente
1490 957 1753 1010 Domino:
1787 954 1894 1008 Sex
1919 951 2096 1004 diebus

530 1057 824 1126 aperaberis
841 1097 855 1118 ,
881 1055 1040 1122 facies
1067 1051 1244 1102 omnia
1261 1064 1418 1116 opera
1445 1056 1528 1098 tua
1549 1087 1562 1107 ,
1589 1045 1802 1112 septimo
1824 1051 1993 1095 autem
2015 1041 2098 1093 die

530 1145 728 1199 sabbati
761 1141 964 1195 Domini
992 1140 1082 1192 Dei
1109 1141 1178 1190 tui
1209 1154 1311 1190 non
1337 1137 1494 1205 [acies
1515 1150 1662 1187 omne
1686 1148 1812 1201 Opus
1841 1131 2020 1184 servile
2042 1129 2096 1182 in

530 1254 608 1290 eo.
642 1235 746 1287 Sex
774 1234 909 1284 enim
939 1231 1111 1282 diebus
1139 1230 1256 1297 fecit
1283 1225 1416 1279 Deus
1439 1224 1621 1277 coelum
1638 1230 1686 1275 et
1716 1231 1931 1285 terram,
1955 1234 2098 1271 mare

529 1332 579 1376 ct
605 1323 777 1375 omnia
818 1337 930 1387 qua:
957 1320 1010 1371 in
1037 1320 1111 1371 eis
1139 1324 1253 1368 sunt
1278 1356 1294 1379 ,
1324 1323 1372 1367 et
1401 1313 1642 1382 requievit
1661 1313 1714 1372 in
1744 1312 1827 1362 die
1859 1311 2092 1375 septimo.

533 1414 661 1480 Quae
689 1413 884 1481 populo
914 1410 1006 1464 Dei
1041 1405 1372 1463 bebdomada
1410 1406 1481 1457 ita
1527 1402 1933 1470 computabatur
1961 1399 2099 1451 anti-

483 1496 488 1499 ’
532 1502 742 1570 quitus:
773 1502 940 1569 prima
975 1498 1190 1552 Sabbati
1211 1537 1224 1558 ,
1256 1495 1338 1549 vel
1369 1509 1473 1548 una
1501 1493 1716 1546 Sabbati
1750 1491 1861 1544 sive
1893 1489 2096 1544 Subba-

535 1603 740 1655 torutn;
799 1590 1027 1644 secunda
1072 1588 1329 1652 Sabbati,
1384 1585 1540 1638 tertia
1592 1581 1848 1645 Sabbati,
1905 1571 2095 1649 quarta

533 1682 782 1746 Sabbati,
835 1681 1018 1748 quinta
1073 1677 1326 1741 Sabhati,
1372 1683 1524 1728 sexta
1579 1672 1833 1737 Sabbati,
1871 1673 2097 1741 septima

532 1770 782 1833 Sabbati,
806 1769 886 1822 vel
928 1767 1239 1821 Sabbatum.
1286 1763 1402 1818 Non
1432 1762 1575 1831 quod
1614 1749 2095 1816 omnes’Sabbatoo

2196 607 2311 645 rum
2351 591 2617 646 deﬁexere
2643 589 2886 645 deorum.
2913 588 3144 642 Primam
3178 587 3434 642 videlicet
3463 586 3608 640 diem
3635 587 3764 650 Soli,

2196 681 2482 734 secundam
2512 679 2704 745 Lunai,
2740 680 2950 734 tertiam
2983 679 3168 742 Marti,
3195 688 3442 743 quartam
3472 675 3769 737 Mercurio.

2196 770 2434 838 quintam
2475 769 2625 832 Jovi,
2667 785 2871 824 sextam
2926 770 3154 830 Veneri,
3202 769 3489 838 septimam
3537 769 3774 823 Saturno

2200 869 2220 898 ³
2252 859 2531 924 dicentes;
2563 859 2764 913 eisdem
2791 861 2978 926 utique
3001 858 3251 913 monstris
3275 873 3400 912 suos
3422 857 3560 923 dies,
3585 859 3776 925 quibus

2196 957 2252 1002 et
2264 949 2494 1003 errantia
2511 949 2684 1002 sidera
2703 956 3104 1013 consecrantes,
3126 948 3336 1001 tametsi
3355 947 3573 1002 diverso
3590 947 3777 1000 ordine

2197 1047 2467 1106 putantes.
2498 1036 2888 1092 Existimabam
2915 1039 3058 1092 enim
3087 1051 3144 1091 se
3168 1037 3370 1091 habere
3399 1052 3430 1090 a
3459 1037 3592 1090 Sole
3619 1037 3774 1104 spiri-

2199 1137 2333 1190 tum,
2365 1142 2396 1181 a
2421 1125 2568 1180 Luna
2597 1141 2793 1196 corpus
2814 1168 2827 1187 ,
2859 1141 2891 1179 a
2928 1126 3095 1180 Marte
3123 1127 3391 1180 fervorem
3412 1165 3427 1188 ,
3453 1140 3482 1178 a
3511 1123 3775 1178 Mercurio

2197 1217 2516 1287 sapientiam
2547 1227 2603 1270 et
2638 1218 2887 1280 verbum,
2915 1232 2946 1270 a
2971 1215 3104 1272 Jove
3131 1217 3576 1285 temperantiam,
3607 1231 3638 1269 a
3679 1215 3776 1271 Ve—

2199 1322 2328 1360 nere
2352 1306 2682 1373 voluptatem
2709 1347 2724 1371 ,
2753 1322 2781 1359 a
2811 1306 3043 1360 Saturno
3075 1306 3382 1361 tarditatem
3412 1324 3424 1358 :
3459 1305 3634 1361 credo
3657 1304 3772 1372 quia

2197 1400 2278 1452 sol
2300 1397 2351 1449 in
2385 1395 2563 1448 medio
2591 1396 2924 1464 planetarum
2955 1395 3161 1463 positus
3184 1404 3355 1448 totum
3380 1396 3646 1448 mundum
3669 1393 3772 1464 spi-

2198 1485 2333 1539 ritus
2373 1485 2542 1539 instar
2591 1485 2886 1540 calefacere
2932 1493 2989 1538 et
3029 1486 3182 1553 quasi
3231 1486 3506 1541 viviﬁcare
3547 1486 3772 1546 videtur,

2200 1575 2522 1631 Ecclesiaste
2570 1585 2892 1640 attestante,
2947 1576 3070 1644 qui,
3103 1576 3170 1630 de
3200 1577 3319 1645 ipso
3359 1577 3626 1645 loquens,
3669 1578 3770 1635 ait:

2201 1662 2404 1734 Cyruns
2450 1666 2683 1736 gyrando
2728 1666 2867 1721 vadit
2915 1667 3163 1733 spiritus,
3213 1676 3264 1720 et
3300 1667 3357 1719 in
3399 1668 3625 1722 circulos
3665 1684 3772 1721 suos

2199 1761 2486 1814 revertitur.
2539 1758 2688 1812 Luna
2735 1774 2830 1827 per
2880 1747 3120 1814 humoris
3168 1759 3523 1815 ministerium
3572 1763 3770 1816 cunctis

536 1877 683 1922 rum,
723 1861 824 1912 hoc
852 1866 954 1916 est,
980 1856 1370 1924 requietionum
1401 1854 1514 1905 dies
1539 1866 1657 1906 esse
1683 1851 1972 1920 potuerint,
2002 1851 2096 1904 sed
2131 1847 2169 1902 Β
2199 1849 2582 1903 incrementum
2647 1848 2963 1918 corporibus
3025 1851 3284 1918 suggerit.
3343 1851 3526 1906 Martis
3579 1853 3728 1905 stella
3755 1890 3766 1908 .

533 1953 674 2019 quod
710 1966 738 2003 a
783 1949 1172 2018 requietionum
1200 1947 1316 2010 die,
1345 1960 1463 2013 quas
1483 1959 1582 1998 sue
1623 1944 1838 1997 nomine
1868 1951 1924 1996 et
1951 1942 2098 1996 cultu

534 2040 816 2107 singularis
836 2037 1150 2095 excellebat.
1176 2035 1366 2105 prima,
1395 2033 1476 2088 vel
1505 2034 1760 2096 secunda,
1788 2034 1872 2087 vel
1903 2035 2058 2088 tertia
2082 2071 2098 2096 ,

537 2133 619 2185 vel
657 2140 862 2184 aeterm
890 2144 990 2181 suo
1017 2111 1244 2196 quaeque
1271 2133 1620 2178 censerentur
1657 2140 1724 2178 ex
1750 2123 1957 2178 ordine.
1994 2122 2098 2175 Ve-

535 2237 652 2276 rum
705 2219 930 2287 gentiles
981 2229 1103 2272 cum
1147 2214 1578 2270 observationem
1626 2230 1656 2267 a
1699 2214 1896 2284 populo
1936 2212 2098 2267 Israel

2202 1949 2390 2008 utpote
2411 1939 2510 1992 soli
2537 1939 2780 2007 proxima
2801 1979 2816 2002 ,
2845 1940 3025 1994 calore
3064 1941 3220 1994 simul
3259 1951 3314 1994 et
3340 1950 3531 1994 natura
3564 1951 3650 1996 est
3679 1940 3771 1995 fer-

2200 2045 2353 2086 vens.
2396 2030 2692 2084 Mercurius
2721 2039 2982 2099 perpetuo
3012 2032 3152 2087 circa
3195 2031 3366 2085 solem
3393 2031 3765 2086 discurrendo.

2201 2120 2352 2188 quasi
2395 2119 2708 2174 inexhausta
2761 2119 3037 2190 sapientiae
3080 2120 3200 2175 luce
3243 2120 3439 2174 radiari
3471 2121 3767 2190 putabatur.

2205 2209 2412 2280 Jupiter
2457 2211 2656 2278 frigore
2697 2208 2915 2265 Saturni
2955 2221 3010 2266 et
3029 2211 3221 2266 ardore
3247 2209 3470 2276 Martis,
3505 2211 3636 2265 hinc
3663 2210 3769 2264 inde

1743 2341 1779 2392 γ
1791 2348 1826 2396 Α
1839 2342 2127 2397 HIANTES
2168 2341 2562 2396 LECTIONES.

610 2473 623 2499 ¹
665 2467 728 2532 Β,
755 2465 818 2528 C,
841 2473 1007 2531 sexta,
1039 2463 1185 2516 tertia
1207 2472 1275 2515 et.
1421 2472 1440 2500 ι
1482 2460 1539 2527 Β,
1563 2461 1623 2526 C,
1652 2462 1949 2514 ediscerent.

2171 2471 2190 2501 ³
2230 2461 2289 2524 Β,
2321 2460 2385 2524 C,
2415 2462 2666 2514 dicentes.

1747 2571 2028 2626 GLOSSA'J
2076 2572 2161 2627 ET
2203 2573 2514 2628 SGllOLlA.

538 2665 938 2728 centenarium;
979 2666 1057 2719 sic
1103 2663 1241 2718 intra
1298 2663 1651 2716 millennrium
1698 2678 1916 2727 cnxcvt;
1975 2665 2112 2718 intra

537 2758 625 2797 ex.
643 2755 753 2798 vui,
782 2752 992 2790 cxxvut.
1012 2733 1078 2787 Ut
1104 2735 1256 2785 etiam
1281 2749 1372 2798 per
1390 2734 1544 2794 Inmc,
1569 2732 1790 2794 scilicet,
1819 2736 2107 2786 senarium.

538 2811 638 2876 Qui
667 2807 876 2876 scilicet
895 2804 1154 2876 senarius,
1176 2801 1546 2876 suis,_scilicet,
1572 2803 1621 2876 in
1663 2801 1892 2876 partibus
1913 2805 2106 2876 primus

538 2870 796 2944 impletur.
828 2873 952 2926 Ideo
977 2873 1212 2944 primus,
1236 2872 1356 2944 quia
1388 2871 1822 2944 suntr‘etiamnalii
1844 2870 2064 2944 perfecti
2093 2913 2108 2937 ,

541 2939 629 3015 qui
657 2939 1214 3015 similiteriinplentur
1241 2940 1350 3015 suis
1397 2940 1652 3015 partibus.
1701 2939 1858 3015 Sexti
1906 2941 2112 3015 scilicet

541 3008 796 3086 parte._it_l_
821 3025 1138 3086 CSILt‘ltmm;
1170 3008 1541 3086 tertiascilicet
1564 3017 1739 3086 parte,
1765 3009 1814 3086 id
1839 3017 1941 3086 est,
1966 3011 2065 3062 duo
2089 3027 2106 3070 ;

539 3077 593 3140 et
619 3083 831 3136 dimidia
860 3081 1064 3148 scilicet
1083 3089 1254 3148 parte,
1281 3079 1330 3131 id
1356 3086 1439 3130 est
1461 3117 1477 3148 ,
1514 3077 1739 3148 triasAd
1760 3077 1908 3148 hujus
1931 3094 2109 3132 exem-

2214 2663 2484 2719 Orientem
2517 2665 2568 2718 in
2600 2663 2785 2718 laavum
2815 2663 3117 2718 volvuntur.
3150 2661 3406 2729 Quamvis
3433 2665 3644 2732 agilitas
3669 2682 3767 2721 eos.

2215 2735 2360 2788 lrstis
2389 2736 2596 2800 sphera)
2617 2742 2761 2787 tanta
2785 2733 2872 2799 sit,
2901 2741 2960 2786 ut
2981 2748 3190 2803 cursum
3215 2732 3548 2801 planetarum
3582 2749 3764 2803 prmpe-

2213 2805 2342 2865 dint,
2391 2793 2610 2871 illasque
2631 2807 2828 2870 impetu
2851 2793 2949 2855 suo
2979 2793 3170 2872 rapiat,
3202 2793 3362 2869 atque
3385 2803 3505 2858 ideo
3534 2793 3768 2859 videnlur

2215 2874 2368 2925 nobis
2393 2888 2609 2942 currere
2635 2873 2696 2942 ad
2722 2872 3083 2942 Occidentem,
3109 2887 3228 2924 cum
3259 2880 3436 2926 tamen
3467 2890 3684 2942 semper
3703 2876 3765 2929 fec

2213 2951 2400 2994 rantur
2449 2943 2526 3012 ad?
2561 2939 2852 3012 Orientem.
2888 2939 3018 2993 Nam
3042 2955 3258 3012 cursum
3302 2955 3458 3012 suum
3509 2939 3764 3012 nunquam

2213 3013 2482 3075 amittunt,
2517 3011 2642 3064 licet
2669 3011 2732 3062 ad
2761 3025 2973 3063 cursum
2995 3010 3218 3074 sphaera»
3239 3009 3472 3065 caelestis
3501 3013 3551 3066 vi
3578 3009 3764 3068 'eantut

2218 3080 2363 3134 ferri.
2389 3079 2492 3133 Iste
2519 3080 2668 3133 locus
2695 3080 2842 3132 varie
2872 3079 3198 3145 intelligitur.
3230 3077 3466 3133 Primum
3490 3082 3632 3135 enim
3656 3084 3726 3136 sic
3753 3101 3760 3131 :

539 3155 680 3221 ptum
703 3153 887 3203 divinae
908 3146 1237 3221 hebdomadis
1257 3189 1270 3211 ,
1291 3146 1513 3221 secunda
1544 3147 1736 3221 scilicet
1763 3146 2109 3221 hebdomade,
2139 3149 2185 3210 C
2215 3150 2348 3221 cum
2378 3152 2518 3202 enim
2544 3149 2706 3221 homo
2717 3148 2991 3221 convertit
3016 3148 3204 3221 lat-ient
3232 3149 3299 3200 ad
3337 3150 3466 3203 solis
3494 3166 3762 3211 occasum.

541 3217 828 3275 nominibus
886 3217 1200 3272 observanda
1256 3217 1549 3268 mandatur.
1608 3217 1851 3270 Secunda
1901 3219 2106 3273 hebdo-

541 3291 714 3352 mada,
742 3305 860 3357 qua:
885 3304 914 3340 a
947 3288 1112 3357 prima
1144 3286 1365 3357 fortnam
1393 3286 1616 3352 accepit,
1640 3297 1843 3352 septem
1864 3287 2109 3357 similiter

542 3360 658 3412 dies
705 3354 957 3424 deinceps
1005 3356 1205 3424 habuit.
1228 3354 1423 3424 Verum
1459 3358 1670 3422 gentiles
1713 3370 1825 3406 cnnt
1866 3356 2106 3409 observa-

542 3431 728 3481 tionem
780 3423 1019 3493 upopulo
1073 3423 1236 3475 Israel
1277 3423 1603 3476 hebdomadis
1649 3425 1963 3487 ediscerent,
1990 3441 2108 3479 mox

543 3498 674 3549 hanc
700 3496 752 3547 in
783 3493 987 3547 laudent
1029 3509 1232 3562 suorum
1262 3493 1512 3560 deﬂexere
1547 3495 1773 3545 dearum.
1821 3493 2015 3562 Pagani
2043 3510 2109 3548 ex

543 3566 690 3644 pagis
716 3565 1122 3644 .Atlieniens‘ium
1153 3561 1314 3644 dicti,
1345 3561 1442 3644 tibi
1483 3562 1654 3644 ent-mi
1675 3572 1826 3644 sunt.
1957 3564 2108 3644 enim

545 3631 597 3687 in
620 3631 758 3688 locis
801 3632 1098 3699 agrestibus
1151 3641 1202 3682 et
1233 3631 1386 3700 pagis
1413 3633 1636 3700 gentiles
1675 3632 1822 3686 lucos
1866 3633 2112 3700 idolaque

541 3698 880 3762 statuerunt,
910 3709 964 3754 et
999 3715 1027 3752 a
1053 3700 1141 3752 tali
1174 3698 1323 3769 initio
1350 3698 1660 3769 vocabulum
1705 3702 1891 3769 pagani
1938 3698 2110 3754 sortiti

544 3780 690 3824 sunt.
742 3769 978 3823 Gentiles
1007 3775 1128 3821 sunt
1156 3808 1170 3830 ,
1202 3768 1293 3834 qui
1322 3768 1438 3821 sine
1465 3768 1581 3834 lege
1604 3768 1726 3821 sunt
1752 3809 1767 3832 ,
1798 3778 1853 3822 et
1876 3771 2110 3823 nondum

543 3839 904 3893 crediderunt.
952 3838 1083 3893 Dicti
1127 3847 1303 3890 autem
1354 3838 1596 3902 gentiles,
1635 3838 1756 3905 quia
1787 3840 1855 3890 ita
1884 3849 2027 3901 sunt,
2054 3846 2115 3892 ut

545 3911 756 3963 fuerunt
784 3909 983 3975 geniti,
1012 3909 1062 3960 id
1090 3915 1171 3959 est
1192 3947 1206 3970 ,
1254 3906 1391 3960 sicut
1413 3907 1475 3975 in,
1504 3919 1664 3960 carne
1693 3907 2109 3972 descenderunt,

543 3981 642 4032 sub
665 3973 887 4046 peccato
914 3978 1121 4046 scilicet
1159 3975 1314 4046 idolis
1342 3973 1634 4046 servientes
1654 4014 1668 4033 .
1693 3983 1746 4028 et
1771 3977 1994 4029 necdum
2023 3992 2112 4029 re-

546 4041 804 4108 generati,
852 4045 1076 4112 proinde
1112 4044 1336 4111 gentiles
1373 4041 1620 4112 primitus
1648 4046 2109 4112 nuncupabantur.

546 4116 647 4183 Ipsi
678 4110 924 4168 dicuntur
964 4110 1149 4167 Grzece
1177 4112 1398 4166 ethnici.
1436 4110 1638 4183 Ethnici
1665 4114 1807 4183 enim
1829 4110 1893 4167 ex
1923 4113 2113 4170 Graaco

547 4180 598 4237 in
649 4183 893 4236 Latinum
941 4183 1358 4250 interpretantur
1421 4181 1667 4246 gentiles.
1720 4180 1919 4235 Ethnos
1971 4185 2111 4237 enim

543 4253 729 4306 (ἓν-τηου
757 4267 886 4318 gens
914 4249 1129 4305 dicitur.
1163 4249 1371 4302 Eisdem
1396 4249 1566 4319 utique
1593 4252 1834 4304 monstris
1862 4267 1979 4305 suos
2003 4253 2112 4305 dies

545 4321 723 4392 quibus
750 4331 797 4373 et
827 4323 1054 4374 errantia
1079 4320 1257 4374 sidera
1281 4327 1657 4392 consecrantes.

619 4390 760 4442 Inter
786 4394 963 4441 ete'nm
995 4400 1276 4458 terramque
1305 4398 1496 4456 septem
1522 4387 1694 4440 sidera
1735 4387 1969 4452 pendent,
1997 4406 2106 4442 cer-

548 4463 611 4512 tis
642 4461 860 4511 discreta
890 4460 1088 4525 spatiis,
1111 4474 1221 4526 qua:
1250 4469 1494 4510 vocantur
1516 4458 1764 4516 errantia,
1791 4459 2106 4510 contrarium

546 4530 736 4581 mttndo
761 4530 966 4597 agentia
989 4525 1221 4597 rursum,
1253 4527 1301 4577 id
1332 4535 1441 4587 est,
1474 4525 1692 4597 laevum,
1723 4527 1813 4582 illo
1833 4544 2029 4593 semper
2060 4530 2109 4578 in

547 4600 730 4649 dextra
785 4595 1054 4664 prwcipiti.
1113 4595 1178 4648 Et
1226 4597 1454 4664 quamvis
1492 4595 1729 4664 assidua
1790 4599 2114 4648 conversione

546 4662 807 4718 immensa:
830 4662 1100 4718 celeritatis
1131 4662 1428 4716 "tollantur
1449 4662 1512 4714 ab
1535 4680 1594 4716 eo
1613 4705 1626 4726 ,
1677 4666 2039 4732 rapianturque
2060 4669 2108 4716 in

547 4752 774 4793 occasus,
805 4737 1013 4785 adverso
1045 4743 1210 4785 tamen
1242 4734 1333 4785 ἐγω
1363 4742 1499 4785 motu
1525 4749 1613 4799 per
1651 4749 1768 4784 suos
1797 4749 2027 4801 quaque,
2061 4734 2115 4784 id

549 4815 646 4865 est,
679 4805 922 4863 incessus,
951 4819 1152 4868 passus,
1185 4802 1531 4860 advertuntur,
1564 4818 1697 4853 nunc
1721 4804 1955 4869 inferius.
1977 4818 2126 4854 nunc.

548 4874 800 4937 superius,
827 4881 1031 4937 propter
1043 4873 1385 4938 obliquitatem
1400 4872 1631 4940 signiferi
1652 4875 1910 4939 vagantia.
1931 4871 2113 4923 Radiis

547 4953 714 4993 autem
741 4941 865 4992 solis
907 4941 1219 5008 pra'pedita,
1247 4943 1490 4990 anomalu
1508 4977 1522 5000 ,
1553 4942 1628 4992 vel
1676 4942 2008 5008 retrograda,
2036 4943 2112 4993 vel

548 5011 877 5068 stationaria,
903 5009 1053 5074 ﬁunt.
1091 5006 1235 5059 Inter
1261 5011 1461 5069 calum,
1493 5008 1542 5058 in
1569 5018 1668 5068 est,
1694 5006 2106 5061 ﬁrmamentum.

553 5078 890 5145 Terramque;
921 5079 970 5129 id
1000 5086 1099 5135 est,
1135 5077 1186 5128 in
1216 5079 1412 5145 mthere
1440 5085 1643 5142 septeni
1673 5079 1866 5130 sidera.
1896 5077 1968 5130 De
1996 5079 2109 5144 pla-

551 5149 688 5200 netis
728 5144 854 5198 dicit
906 5147 1157 5212 pendent,
1209 5144 1448 5204 scilicet,
1507 5145 1630 5207 quia
1682 5161 1786 5197 non
1818 5148 2108 5200 cobmrcnt.

552 5216 784 5268 l’eudent
815 5215 969 5273 dicit,
1002 5215 1124 5281 quia
1157 5226 1260 5264 non
1285 5221 1408 5264 sunt
1433 5214 1535 5264 lixa
1559 5215 1608 5265 in
1641 5215 2006 5280 ﬁrmamento,
2036 5217 2110 5268 si-

548 5293 641 5337 cut
668 5292 859 5336 caatera
895 5283 1092 5352 sidera.
1125 5281 1216 5334 Sol
1248 5290 1303 5333 et
1332 5281 1451 5352 luna
1474 5319 1489 5342 ,
1521 5289 1575 5333 ct
1603 5284 1838 5352 quinque
1882 5286 2108 5352 planetu

551 5368 656 5404 non
678 5360 800 5404 sunt
820 5352 872 5402 in
889 5350 1220 5402 ﬁrmamento
1234 5351 1440 5418 positaz,
1454 5352 1545 5404 sed
1568 5351 1618 5403 in
1635 5351 1834 5403 attinere
1855 5350 2108 5419 pendent,

549 5423 670 5488 quia
689 5433 815 5484 ergo
836 5419 1023 5471 vicina:
1042 5426 1167 5488 sunt
1189 5419 1539 5484 firmamento,
1567 5421 1685 5474 ideo
1712 5421 1760 5471 in
1778 5420 2109 5475 ﬁrmamento

550 5487 732 5554 posita:
755 5489 1021 5540 dicuntur.
1059 5487 1293 5538 Discreta
1321 5525 1336 5549 ,
1363 5488 1633 5542 distincta.
1685 5490 1938 5543 Distantia
1973 5493 2110 5543 inter

548 5572 631 5622 se,
651 5567 704 5608 et
730 5556 896 5607 divisa
925 5557 1084 5609 certis
1109 5558 1310 5622 spatiis.
1336 5554 1658 5608 Contrarium
1682 5567 1902 5616 cursum.
1928 5560 1976 5611 id
2006 5574 2034 5610 e
2067 5569 2106 5621 t,

550 5625 766 5685 lmvum,
796 5625 844 5677 id
874 5632 956 5675 est
971 5624 1286 5693 ,_sinistrutn
1317 5627 1557 5690 agentia,
1587 5628 1711 5693 quia
1743 5635 1929 5679 contra
1958 5641 2106 5678 n-un-

553 5693 675 5743 dunt
703 5702 942 5757 pergunt.
977 5691 1180 5744 Ctxalum
1205 5693 1255 5743 in
1282 5693 1525 5747 dextrum
1548 5691 1850 5748 abOriente
1880 5693 1931 5746 in
1961 5693 2110 5746 Occi-

549 5759 760 5814 dentem
789 5760 1037 5824 nectitur,
1066 5760 1294 5830 planetu:
1323 5777 1355 5817 ο
1383 5767 1600 5830 regione
1626 5765 1692 5819 ab
1738 5763 2026 5818 Occidente
2054 5764 2106 5818 in

2219 3219 2433 3272 sinistra
2485 3233 2608 3286 pars
2658 3217 2795 3270 illius
2844 3216 2911 3286 de
2965 3216 3194 3269 Australi
3246 3225 3398 3284 parte
3424 3221 3564 3283 erit,
3595 3230 3762 3274 contra

2211 3301 2371 3356 quam
2401 3285 2605 3355 partem
2637 3299 2823 3340 omnes
2851 3285 3077 3353 planetu:
3105 3295 3326 3339 cu'runt
3381 3288 3446 3340 ab
3476 3303 3667 3342 occasu
3708 3291 3764 3342 ad

2211 3367 2408 3410 ortum.
2445 3357 2534 3409 Vel
2558 3358 2716 3410 etiam
2748 3364 2888 3408 terra
2908 3393 2922 3419 ,
2952 3369 3069 3422 qua:
3091 3365 3310 3408 vocatur
3339 3357 3598 3416 mundus,
3637 3361 3761 3412 scili-

2210 3433 2297 3480 cet
2343 3427 2502 3480 bomo
2563 3425 2808 3494 supinus,
2839 3424 2992 3490 cujus
3040 3431 3200 3486 caput
3244 3424 3310 3494 ad
3340 3424 3611 3494 Orientem
3658 3441 3758 3488 esu,

2211 3496 2377 3564 pedes
2396 3510 2525 3549 vero
2552 3496 2614 3546 ad
2630 3492 2890 3548 occasum
2914 3532 2929 3554 ,
2960 3501 3147 3564 contra
3171 3492 3323 3564 cujus
3351 3493 3619 3549 sinistram
3664 3513 3760 3554 nis-

2211 3561 2339 3616 num
2371 3578 2555 3618 omnes
2585 3564 2811 3632 planetu:
2839 3570 3078 3632 currunt.
3109 3561 3202 3615 Vel
3226 3563 3384 3615 etiam
3414 3580 3574 3618 omne
3595 3606 3609 3631 ,
3635 3567 3758 3632 quod

2211 3641 2294 3686 est
2332 3632 2656 3687 contrarium
2707 3633 2892 3701 laevum
2957 3631 3180 3701 dicitur;
3230 3632 3352 3701 quia
3406 3647 3536 3700 ergo
3591 3631 3757 3689 eontra

2212 3702 2465 3756 mundum
2511 3709 2730 3755 currunt
2757 3741 2770 3762 ,
2805 3700 2925 3754 ideo
2950 3699 3197 3753 dicuntur
3225 3699 3443 3756 currere
3485 3704 3538 3755 in
3569 3703 3757 3756 kevum.

2211 3769 2308 3823 lllo
2332 3811 2347 3834 ,
2377 3771 2579 3824 scilicet
2603 3811 2617 3835 ,
2636 3769 2842 3839 _mundo
2866 3810 2880 3833 ,
2913 3771 3012 3839 qui
3031 3785 3242 3839 semper
3269 3769 3619 3834 indexteram
3651 3788 3757 3834 nar-

2213 3847 2319 3892 tem
2351 3840 2600 3892 volvitur.
2635 3837 2939 3906 Praecipiti,
2968 3838 3019 3891 id
3048 3837 3167 3904 est,
3221 3839 3464 3895 volubili.
3515 3842 3755 3898 Assidue.

2214 3909 2264 3962 id
2313 3916 2427 3970 est,
2467 3909 2718 3960 continua
2744 3947 2760 3971 ,
2808 3908 2930 3974 quia
2974 3907 3200 3962 mundus
3241 3908 3294 3962 in
3326 3925 3642 3977 unaquaque
3686 3910 3758 3962 die

2215 3977 2358 4030 cirta
2386 3986 2554 4049 terras
2582 3977 2881 4049 advolvitur
2921 3991 3041 4049 cum
3089 3991 3182 4049 sua
3226 3988 3384 4032 nocte
3436 3981 3616 4049 viginti
3645 3994 3756 4049 qua—

2214 4056 2336 4100 tuor
2393 4046 2557 4099 lioris.
2611 4044 2760 4116 iltem
2803 4061 2816 4096 :
2871 4047 2950 4097 sol
2993 4052 3074 4116 et“
3113 4047 3236 4116 luna
3292 4044 3593 4116 ceteraque
3657 4044 3754 4116 pla-

2213 4126 2456 4168 notarum
2503 4115 2672 4168 stellae
2721 4129 2828 4167 non
2875 4121 3000 4166 sunt
3047 4113 3150 4166 lixa
3198 4115 3249 4166 in
3279 4116 3453 4180 casio,
3487 4113 3544 4169 ut
3587 4113 3755 4171 caetera

2213 4185 2424 4253 sidera;
2480 4184 2574 4237 sed
2607 4185 2658 4236 in
2686 4197 2809 4253 aere
2858 4181 3118 4244 feruntur,
3171 4198 3289 4251 qua:
3317 4182 3504 4239 Grece
3533 4186 3754 4253 planeac.

2213 4252 2401 4306 Latine
2432 4267 2608 4306 autem
2629 4251 2802 4306 sidera
2823 4253 3055 4305 errantia
3077 4262 3449 4319 nuncupantur
3474 4272 3488 4316 ;
3513 4251 3615 4309 non
3636 4253 3754 4322 quod

2213 4323 2326 4387 ipsa
2355 4332 2704 4392 errent;,qu:n
2728 4336 2914 4375 cursus
2939 4337 3066 4375 suos
3102 4322 3393 4392 secundum
3423 4323 3588 4378 divini
3611 4325 3753 4392 impe:

2215 4391 2274 4442 iii
2306 4391 2752 4460 tlispensatiOnem
2783 4398 3080 4460 peragunt,
3131 4391 3224 4444 sed
3253 4406 3352 4444 nos
3373 4407 3561 4447 errare
3614 4393 3661 4446 in
3687 4391 3754 4444 sui
3801 4405 3810 4416 ·

2215 4459 2397 4513 motus
2440 4461 2846 4527 investigatione
2876 4459 2940 4511 fat
2961 4460 3090 4520 iant.
3121 4475 3242 4512 cum
3272 4461 3539 4514 interdum
3577 4463 3627 4514 in
3661 4461 3753 4513 Au-

2215 4538 2403 4588 strum,
2437 4531 2700 4582 interdum
2729 4527 3186 4594 Septentrionem:
3217 4527 3552 4595 plerumque,
3582 4540 3634 4584 ut
3653 4530 3752 4597 qui-

2215 4597 2336 4648 dam
2393 4598 2613 4660 dicunt,
2665 4608 2851 4650 contra
2907 4597 3199 4660 mttndnm,
3233 4612 3613 4666 nonnunquam
3653 4614 3752 4652 cum

2215 4667 2414 4718 mundo
2459 4667 2716 4720 feruntur.
2766 4666 2892 4718 Item
2919 4683 2932 4718 :
2991 4667 3174 4720 Sidera
3205 4668 3437 4720 errantia
3463 4706 3480 4728 ,
3516 4683 3632 4728 qua:
3655 4676 3753 4718 sunt

2215 4683 2414 4718 nmmo
2459 4683 2716 4720 teruntur.
2766 4683 2932 4718 item:
2991 4683 3174 4720 macra
3205 4683 3437 4720 errantia
3463 4706 3480 4728 ,
3557 4684 3632 4722 ua:
3655 4683 3749 4718 sunt

2214 4743 2438 4801 svptctn.
2466 4752 2571 4788 non
2601 4750 2811 4804 semper
2842 4736 3108 4804 ineodem
3141 4738 3279 4797 loco,
3309 4737 3402 4788 ubi
3430 4683 3604 4804 prigie
3631 4738 3749 4789 free-

2214 4812 2334 4853 rant
2361 4819 2408 4854 οι
2427 4814 2536 4856 tum
2557 4844 2571 4866 ,
2605 4803 2804 4856 faciunt
2834 4803 2919 4856 vel
2945 4818 3226 4862 occasum;
3262 4805 3355 4858 sed
3386 4803 3553 4858 modo
3574 4807 3635 4858 ad
3665 4805 3752 4857 inti.

2213 4884 2297 4922 ma
2330 4887 2475 4924 zonae
2518 4873 2770 4926 brumalis
2797 4874 3157 4938 descendunt,
3200 4875 3358 4928 modo
3407 4874 3472 4927 ad
3504 4876 3608 4928 alta
3633 4889 3752 4927 enim

2212 4941 2503 5012 sustitialis
2531 4943 2852 5003 ascendunt,
2890 4942 3050 5012 modo
3089 4941 3325 5012 mediam,
3365 4958 3517 5000 zona:
3558 4944 3750 5012 aqnino-

2212 5005 2386 5062 cliulis
2402 5011 2593 5063 lineam
2613 5019 2877 5075 repetunt.
2895 5010 2984 5063 Sic
3003 5012 3271 5074 nimirum,
3285 5011 3364 5065 sic
3381 5022 3505 5064 sunt
3522 5005 3750 5070 haeretici,

2210 5078 2301 5142 qui
2334 5081 2502 5131 lucem
2527 5078 3183 5148 veritatispromittentes,
3219 5095 3488 5148 nunquam
3517 5082 3574 5136 in
3593 5083 3750 5136 uideni

2211 5156 2352 5198 statu
2385 5146 2610 5214 docendi
2667 5147 2992 5214 perdurant;
3042 5148 3135 5200 sed
3165 5149 3325 5202 modo
3347 5146 3450 5211 sic,
3482 5153 3642 5204 modo
3664 5149 3750 5209 sic,

2210 5214 2506 5268 doctrinam
2528 5213 2896 5286 informantes,
2923 5215 3017 5283 ipsi
3045 5217 3225 5282 utique
3249 5233 3408 5286 quam
3438 5219 3510 5270 sit
3537 5226 3748 5271 contem-

2212 5285 2382 5352 nenda
2436 5284 2567 5336 luris
2615 5287 2902 5337 ostentatio
2931 5299 3089 5352 quam
3116 5284 3436 5352 pollicentur
3484 5286 3746 5341 insinuant.

2209 5350 2386 5405 Credo
2416 5354 2536 5420 quia
2569 5353 2648 5405 sol
2694 5354 2746 5403 in
2777 5350 3308 5418 nicdie'planetarum
3351 5354 3578 5422 positus,
3609 5366 3748 5408 totum

2211 5423 2464 5474 mundum
2486 5423 2702 5488 spiritus
2730 5423 2894 5472 in~tar
2918 5422 3229 5487 calefacere,
3255 5429 3310 5474 et
3329 5424 3485 5488 quasi
3514 5426 3749 5479 vivilicarc

2213 5491 2438 5553 videtur,
2488 5505 2679 5558 quarto
2709 5490 2906 5543 circulo
2935 5491 3062 5543 solis
3090 5505 3275 5546 cursus
3303 5506 3333 5544 e
3365 5500 3386 5543 t
3439 5495 3746 5549 collocatus;

2209 5560 2298 5622 qui
2347 5561 2569 5626 proinde
2600 5597 2616 5620 ,
2647 5559 2768 5626 quia
2799 5560 3040 5629 omnibus
3068 5559 3403 5629 luridior‘at
3433 5603 3451 5629 ,
3476 5564 3746 5616 mediu~esl

2209 5640 2275 5678 co
2302 5625 2547 5688 ustitutus,
2580 5637 2634 5679 ut
2659 5625 2761 5680 tam
2785 5625 3026 5695 supernis
3051 5641 3210 5694 quam
3233 5625 3580 5685 inferioribus
3608 5632 3748 5683 lucem

2212 5703 2449 5765 praestet.
2486 5697 2630 5749 Luna
2656 5697 2984 5766 anteinjdeo
3007 5697 3247 5766 proxima
3281 5698 3442 5752 terris
3471 5712 3556 5752 est
3585 5702 3747 5766 posita.

2212 5763 2271 5819 ut
2317 5775 2476 5822 nocte
2522 5765 2677 5821 nobis
2719 5765 2890 5821 lucem
2917 5763 3122 5820 facilius
3161 5766 3433 5823 exhibeat.
3467 5763 3748 5824 Ecclesium
