3880 6234
512 308 617 362 559

1004 302 1207 359 usus:
1253 302 1700 371 XENEItADlLlS
1740 300 2018 357 OPERUM
2058 300 2088 353 ε

2194 304 2231 355 5
2272 302 2307 354 l.
2350 330 2419 341 —-
2462 301 2905 356 llIDASlZAlJCA
2949 301 3268 357 GENUINA.

3655 302 3739 360 5ἰο

513 430 674 474 mtate
722 419 884 472 homo
914 418 965 470 in
995 416 1226 485 paradisi
1274 416 1587 471 amoenitate
1631 414 1856 469 locatur.
1910 412 2085 468 Divisa
2117 418 2168 475 Α
2193 411 2617 481 Hierosolymam
2642 421 2848 481 petunt,
2880 428 3003 481 pars
3031 412 3213 466 volatu
3242 412 3498 466 destituta
3522 414 3737 468 virtultm

515 514 637 565 lure
658 526 685 563 a
711 509 943 563 tenebris
961 506 1159 561 factum
1183 515 1264 561 est
1284 521 1586 575 vespentm,
1608 514 1684 569 et,
1707 504 1969 572 separatis
1992 503 2087 558 Dei

517 604 640 656 tiliis
670 616 699 655 a
731 586 932 655 semine
965 613 1191 665 nequam
1210 639 1225 661 ,
1266 612 1373 651 non
1402 597 1559 664 longe
1586 604 1708 664 post
1738 595 1877 648 natis
1904 594 2088 661 gigan-

515 694 675 753 tibus,
702 699 951 758 corrupta
974 697 1057 742 est
1078 689 1250 742 omnis
1268 696 1430 749 terra,
1454 683 1628 739 donec
1647 682 1895 750 Creator,
1918 684 2089 751 paeni—

513 797 631 838 tens
659 798 717 837 se
748 780 1016 835 hominem
1067 778 1256 833 fecisse
1277 817 1291 843 ,
1338 778 1593 830 mundum
1634 775 1834 829 diluvio
1865 774 2090 842 perdere

513 877 844 944 disponeret.
890 868 1133 925 Secunda
1162 870 1246 922 die
1296 867 1683 920 lirmamentum
1716 865 1767 918 in
1800 864 1976 917 medio
2022 864 2087 917 li-

518 968 704 1021 bratur
735 978 1015 1031 aquarum;
1041 960 1275 1015 secunda
1306 967 1466 1012 (etate
1497 973 1619 1011 arca
1649 957 1699 1010 in
1728 954 1903 1009 medio
1925 954 2091 1008 fertur

514 1070 797 1125 aquarum,
844 1054 967 1107 hinc
1005 1052 1156 1105 fonte
1200 1048 1374 1118 abyssi
1416 1055 1763 1117 snpportata,
1788 1044 1932 1098 illinc
1970 1042 2091 1098 coeli

514 1145 801 1199 cataractis
816 1143 1108 1211 compluta,
1126 1156 1243 1210 quae
1258 1139 1442 1193 habuit
1455 1152 1754 1207 vesperam,
1769 1136 1984 1205 quando
2001 1135 2091 1188 lilii

514 1216 684 1287 Adam
718 1232 881 1301 pedes
904 1231 971 1284 ab
1000 1228 1217 1284 Oriente
1246 1238 1545 1287 moventes.
1579 1226 1669 1295 qui
1702 1224 1753 1278 in
1784 1233 2094 1279 construen-

514 1328 581 1379 da
603 1326 867 1393 superbia:
898 1333 1043 1377 turre
1091 1326 1477 1385 convenerant,
1510 1318 1804 1385 linguarum
1833 1318 2094 1371 divisione

519 1416 749 1477 multati,
774 1422 828 1467 et
856 1414 923 1466 ab
945 1412 1173 1466 invicem
1202 1418 1323 1464 sunt
1346 1408 1592 1476 dispersi.
1611 1406 1788 1460 Tertia
1813 1406 1917 1467 die,
1943 1406 2095 1475 aquis

520 1507 573 1558 in
598 1503 1065 1571 congregationem
1092 1514 1249 1552 unam
1278 1497 1497 1560 coactis,
1521 1494 1766 1564 apparuit
1794 1494 1958 1559 arida,
1983 1493 2094 1563 syl-

514 1596 596 1648 vis
622 1595 907 1659 herbisque
928 1591 1120 1645 decora
1147 1608 1160 1653 ;
1188 1598 1242 1643 et
1269 1588 1425 1643 tertia
1451 1595 1607 1641 aetate
1633 1587 1857 1639 lirmatis
1878 1586 1927 1639 in
1949 1586 2095 1640 cultu

514 1684 816 1738 daemonum
848 1681 1171 1741 nationibus,
1203 1680 1469 1733 Abraham
1500 1678 1801 1746 patriarcha
1823 1678 2095 1745 cognatio-

2187 503 2327 557 inter
2357 501 2661 571 Babylonia:
2699 500 2898 556 ﬂuenta
2941 502 3196 556 resident.
3246 501 3519 557 Successit
3556 514 3605 555 et
3648 519 3739 559 ris-

2187 607 2339 661 pera,
2366 590 2606 659 quando,
2656 592 2967 645 imminente
3006 592 3117 658 jam
3168 590 3472 646 Salvatoris
3517 594 3741 662 adventu,

2187 696 2318 749 gens
2343 678 2523 733 Juduta
2556 688 2777 748 propter
2797 680 3057 734 scelerum
3110 682 3539 747 magnitudinem
3577 680 3743 735 Roma-

2189 772 2271 823 nis
2300 771 2576 823 trihutaria
2607 768 2765 836 facta,
2792 769 3007 838 insuper
3027 780 3082 824 et
3114 771 3434 839 alienigenis
3454 781 3536 824 est
3562 774 3744 840 regibus

2190 874 2392 927 pressa.
2422 858 2586 911 Sexta
2614 857 2699 912 die
2728 867 2871 912 terra
2896 860 3008 912 suis
3035 860 3396 914 animantibus
3424 861 3676 929 impletur,
3701 870 3746 915 et

2190 949 2351 1003 homo
2370 952 2572 1018 primus
2585 950 2655 1001 ad
2673 950 2956 1016 imaginem
2980 947 3071 1002 Dei
3086 960 3322 1016 creatur,
3340 964 3570 1018 moxque
3581 967 3637 1004 ex
3650 952 3746 1018 ejus

2191 1040 2358 1093 latere
2390 1040 2704 1093 dormientis
2746 1048 2960 1107 sumpta
3007 1037 3402 1093 costa.femina
3454 1040 3744 1106 lahnicatur;

2192 1138 2342 1184 sexta
2368 1138 2549 1194 aetate,
2580 1128 3015 1197 praaconantihus
3046 1129 3342 1197 prophetis,
3386 1129 3549 1185 Fiiius
3596 1130 3679 1185 Dei
3704 1132 3746 1185 iu

2193 1237 2389 1283 carne,
2420 1214 2799 1289 quihominem
2820 1219 2885 1272 ad
2918 1220 3203 1288 imaginem
3232 1220 3329 1275 Dei
3359 1233 3645 1286 recrearet,
3667 1239 3746 1292 ap-

2193 1316 2393 1383 paruit,
2418 1312 2507 1381 qui
2535 1312 2879 1365 obdormiens
2900 1313 2950 1365 in
2973 1316 3493 1381 cruce,sanguinem
3514 1326 3569 1370 et
3582 1332 3689 1387 aqu:
3705 1334 3747 1372 ta

2193 1403 2260 1457 de
2289 1404 2477 1467 latere,
2509 1403 2645 1454 unde
2668 1401 2768 1455 sibi
2789 1401 3076 1456 Ecclesiam
3098 1414 3469 1471 consecraret,
3487 1409 3746 1461 emanavit.

2195 1491 2364 1560 Hujus
2390 1494 2562 1547 :etatis
2593 1508 2812 1561 vespera
2842 1493 3051 1546 caeteris
3082 1493 3367 1548 obscurior
3396 1495 3451 1548 in
3468 1494 3751 1554 Antichristi

2193 1592 2277 1635 est
2301 1583 2674 1650 persecutione
2702 1590 2945 1637 ventura.
2972 1583 3212 1652 Septima
3254 1585 3364 1648 die,
3396 1592 3751 1644 consummatis

2196 1672 2449 1740 operibus
2488 1672 2599 1725 suis
2624 1714 2639 1737 ,
2670 1671 2810 1726 Deus
2839 1673 3103 1741 requievit
3126 1717 3144 1742 ,
3189 1689 3423 1743 eamque
3452 1676 3751 1744 significans,

516 1789 638 1829 nem
690 1773 1026 1841 patriamque
1076 1770 1364 1832 deserens,
1421 1776 1838 1835 sanctorumque
1886 1768 2091 1821 semine
2122 1757 2168 1816 Β
2192 1760 2481 1815 Sabbatum
2507 1762 2799 1831 nuncupari
2825 1764 3240 1832 pnncepit,qu;e
3257 1780 3539 1835 vesperam
3565 1766 3753 1820 habuis-

515 1862 851 1916 fecundatur.
884 1860 1113 1913 Advenit
1141 1867 1195 1912 et
1219 1873 1439 1927 vespera
1465 1856 1677 1925 quando
1701 1870 1830 1923 gens
1852 1854 2091 1921 Hebraea,

518 1954 673 2007 malis
698 1960 883 2006 coacta
931 1950 1334 2019 prementibus,
1384 1958 1572 2003 contra
1625 1947 1718 2001 Dei
1767 1947 2095 2001 voluntatem

513 2055 695 2108 regem
725 2039 823 2092 sibi
853 2039 983 2106 petit
1010 2079 1024 2103 ,
1054 2038 1168 2105 qui,
1198 2053 1322 2090 mox
1352 2037 1627 2090 ordinatus
1651 2076 1664 2099 ,
1691 2036 1864 2105 primo
1885 2036 2094 2090 Domini
2140 2096 2143 2097 ν

510 2130 818 2183 sacerdotes
861 2128 1253 2197 prophetasque
1290 2125 1549 2190 trucidat,
1592 2126 1927 2194 postmodum
1984 2125 2095 2193 ipse

512 2235 634 2273 cum
663 2229 775 2273 tota
812 2226 970 2285 gente
1007 2216 1181 2283 gladio
1210 2200 1369 2284 periit
1418 2215 1845 2284 Allophylorum.
1895 2214 2092 2279 Quarta

513 2307 601 2362 die
629 2298 820 2362 ctelut'n
840 2306 1187 2360 luminaribus
1202 2312 1453 2368 ornatur;
1479 2315 1667 2371 quarta
1681 2313 1837 2357 :etate
1858 2319 1989 2371 gens
2006 2304 2091 2357 illa

516 2400 721 2455 ctelesti
741 2399 841 2452 fide
856 2400 1075 2469 inclyta,
1090 2410 1254 2464 regno
1272 2397 1436 2450 David
1451 2406 1504 2449 et
1520 2396 1823 2449 Salomonis
1838 2396 2089 2461 gloriosa,

516 2490 698 2559 templi
723 2490 885 2543 etiam
913 2487 1236 2543 sanctissimi
1268 2486 1551 2539 altitudine
1581 2494 1749 2538 totum
1782 2485 2093 2539 nobilitatur

514 2582 566 2635 in
589 2581 793 2636 orhent.
826 2579 930 2633 Sed
960 2579 1166 2647 accepit
1188 2588 1243 2632 et
1268 2592 1577 2644 vesperam,
1604 2575 1847 2643 quando,
1876 2577 2090 2629 crebre-

512 2674 785 2727 scentibus
824 2670 1076 2739 peccatis.
1127 2683 1349 2737 regnum
1374 2666 1501 2720 illud
1531 2681 1561 2718 a
1582 2664 1843 2717 Chaldzeis
1869 2664 2091 2732 dissipa-

517 2773 629 2813 tum
654 2801 669 2820 ,
695 2762 948 2830 templum
972 2759 1203 2811 dirutum
1231 2800 1245 2823 ,
1269 2765 1322 2810 ct
1350 2765 1461 2810 tota
1488 2770 1617 2824 gens
1639 2765 1720 2807 est
1744 2754 2088 2824 Babyloniam

518 2850 796 2905 tanslata.
856 2847 1046 2912 Quinta
1070 2848 1352 2915 die‘pisces
1391 2860 1624 2912 avesque
1668 2844 1817 2911 aquis
1848 2845 2083 2909 eductm;

513 2942 568 2997 hi
596 2941 781 3009 patriis
802 2947 1019 2991 manent
1042 2937 1197 2990 undis
1222 2975 1237 2997 ,
1272 2937 1373 2989 illa)
1402 2950 1525 2988 aera
1568 2944 1869 3001 terramque
1898 2950 2087 3003 pervo-

514 3033 665 3097 lant;
708 3030 891 3100 quinta
938 3037 1097 3082 astate
1139 3027 1523 3094 multiplicatus
1553 3026 1602 3079 in
1631 3024 1878 3079 Chaldrra
1914 3039 2083 3094 popu-

2195 1869 2255 1908 se
2278 1868 2383 1907 non
2415 1854 2627 1920 legitur.
2657 1852 2896 1923 Septima
2939 1864 3099 1908 actate
3117 1855 3388 1924 justorutu
3440 1860 3626 1913 anima:
3653 1868 3755 1928 post

2195 1942 2427 2011 Optimos
2455 1942 2613 2010 hujus
2636 1943 2757 1996 vitm
2784 1943 2998 1998 labores
3032 1948 3083 1997 in
3109 1945 3212 1998 alia
3250 1948 3361 2000 vita
3397 1958 3653 2017 perpetuo
3684 1964 3754 2002 re-

2193 2034 2492 2101 qu’escunt,
2521 2049 2640 2102 qua:
2672 2034 2816 2087 nulla
2845 2050 3077 2105 unquam
3127 2036 3340 2090 tristitia
3399 2039 3751 2103 maculahitnr,

2192 2122 2285 2175 sed
2317 2123 2487 2191 major
2526 2125 2742 2192 insuper
2772 2126 3177 2180 resurrectionis
3199 2126 3369 2193 gloria
3393 2129 3749 2181 cumulabitur.

2194 2210 2319 2267 llmc
2363 2223 2492 2267 :etas
2546 2213 2849 2267 hominibus
2901 2224 3028 2267 tunc
3071 2215 3255 2283 capit,
3309 2218 3530 2282 quando
3578 2220 3754 2285 primus

2193 2311 2393 2372 martyr
2424 2303 2576 2367 Abel,
2616 2318 2844 2371 corpore
2873 2304 3087 2371 quidem
3136 2304 3395 2357 tumulum
3417 2348 3433 2371 ,
3464 2307 3650 2374 spiritu
3674 2323 3755 2359 au-

2193 2402 2297 2446 tem
2329 2393 2622 2447 Sabbatum
2669 2404 2942 2462 perpetua:
2968 2395 3163 2462 quietis
3196 2395 3436 2448 intravit.
3469 2394 3754 2451 Pcrﬁcietur

2192 2490 2389 2542 autem,
2423 2481 2656 2548 quando,
2704 2482 2937 2549 receptis
2972 2484 3142 2535 sancti
3173 2485 3493 2551 corporibus
3537 2486 3589 2539 in
3633 2496 3752 2540 terra

2190 2590 2283 2628 sua
2311 2574 2542 2642 duplicia
2575 2576 2715 2641 possi
2740 2576 2947 2637 'ebunt,
2980 2574 3159 2628 laetitia
3191 2580 3523 2643 sempiterna
3551 2584 3647 2631 erit
3670 2579 3752 2641 eis,

2189 2671 2243 2716 et
2286 2664 2398 2732 ipsa
2428 2673 2511 2717 est
2563 2672 2786 2728 octava,
2815 2680 2913 2731 pro
2943 2680 3045 2732 qua
3082 2664 3143 2717 γι
3176 2664 3422 2720 Psalmus
3450 2670 3753 2733 inscribitur,

2188 2753 2349 2806 credo
2378 2753 2501 2821 quia
2530 2752 2581 2805 in
2600 2768 2693 2806 seex
2732 2753 2887 2820 hujus
2913 2753 3091 2807 surculi
3130 2756 3383 2808 :etatihus
3409 2772 3507 2823 pro
3547 2758 3752 2826 septima

2187 2842 2272 2897 vel
2301 2852 2490 2897 octava
2521 2843 2662 2897 illius
2702 2844 2885 2897 smruli
2916 2852 3075 2897 aetate
3120 2853 3202 2898 est
3243 2846 3671 2915 supplicandum.
3706 2846 3752 2898 In

2186 2953 2290 3007 qua
2318 2939 2440 3007 quia
2483 2937 2612 3005 justi
2661 2939 2893 3005 gaudia,
2942 2937 3037 2992 sed
3080 2939 3292 3007 reprobi
3348 2949 3475 2992 sunt
3514 2942 3751 3010 supplicia

2187 3028 2511 3094 percepturi,
2535 3025 2776 3081 Psalmus
2799 3027 2885 3080 hic
2907 3026 3107 3094 ingenti
3131 3041 3330 3095 pavore
3350 3027 3561 3098 incipit,
3585 3027 3752 3091 currit,

513 3120 596 3175 lus
621 3119 799 3185 Israel,
829 3133 955 3188 pars
979 3117 1277 3173 coalestium
1307 3115 1693 3171 desideriorum
1725 3117 1913 3184 pennis
1954 3116 2082 3168 fulta
2114 3104 2158 3165 C
2191 3114 2371 3168 linitur
2400 3133 2414 3169 :
2451 3114 2689 3179 Domine,
2711 3132 2774 3167 ne
2800 3116 2950 3168 inira
2976 3123 3064 3168 tua
3092 3130 3286 3185 arguas
3314 3132 3419 3179 me,
3467 3126 3575 3173 etc.

1751 3228 2037 3284 GLOSSE
2080 3229 2163 3283 ΕΤ
2204 3227 2445 3282 SCHOLI
2462 3232 2487 3277 λ
2501 3267 2516 3282 .

518 3325 586 3378 ει
607 3323 731 3391 quia
762 3323 877 3392 ipse
921 3320 1287 3387 immutabilis,
1338 3319 1390 3373 id
1435 3318 1577 3387 qunti
1618 3319 1846 3392 vniuerﬁit
1891 3330 2082 3382 mutat,

516 3391 1286 3464 paniteredicitur,quamvis
1313 3404 1424 3442 rem
1452 3398 1641 3464 mutet.
1666 3391 1941 3464 consilium
1982 3406 2087 3464 non

516 3457 708 3517 mutat.
749 3461 885 3523 Lege
914 3462 965 3514 in
1003 3459 1289 3512 Moralibns
1312 3458 1482 3511 sancti
1516 3457 1755 3522 Gregorii
1789 3459 1979 3511 librum
2012 3462 2087 3511 vi-

517 3532 798 3599 gesimum,
831 3532 882 3584 in
915 3546 1023 3597 quo
1056 3531 1355 3599 irrcisacra
1388 3528 1547 3579 verba
1578 3531 1920 3580 continentur
1947 3548 1960 3582 :
1989 3528 2087 3591 Qui

513 3598 568 3653 in
598 3600 990 3653 construendum
1015 3598 1264 3661 superbit:
1292 3600 1475 3647 turrim
1504 3608 1863 3655 conuenerunt,
1892 3598 2088 3663 lingua-

517 3686 631 3723 rum
658 3668 905 3721 divisione
930 3668 1130 3723 mutati,
1160 3677 1208 3718 et
1232 3668 1295 3716 ab
1319 3666 1530 3717 inritent
1558 3675 1677 3716 sunt
1707 3664 1943 3730 dispersi.
1964 3666 2087 3719 Hai-

520 3754 639 3792 rno:
665 3737 899 3805 Babylon
930 3736 1116 3789 civitas
1155 3736 1251 3787 fuit
1270 3733 1641 3805 Chaltheorutn
1675 3736 2090 3805 metropolis,et

518 3801 910 3875 potentissima,
940 3813 1207 3875 tantzeque
1233 3802 1647 3875 magnitudinis,
1671 3802 1810 3875 sicut
1850 3801 2089 3857 Herodo-

517 3869 602 3930 ius
626 3883 829 3938 narrat,
861 3884 915 3927 et
944 3873 1093 3925 multi
1124 3869 1212 3925 alii
1236 3870 1649 3937 historiographi
1678 3869 2007 3935 Grzecorum,
2034 3882 2091 3925 ut

517 3946 584 3997 ab
613 3942 807 4009 angulo
834 3945 885 3994 in
917 3942 1169 4007 angulum
1199 3940 1577 3994 extenderetur
1599 3955 1691 4005 per
1717 3942 1979 4007 quadrum
2005 3956 2090 3995 se-

513 4014 686 4067 decim
717 4011 879 4063 millia
916 4026 1188 4075 passuum,
1234 4010 1283 4061 id
1314 4018 1415 4069 est,
1456 4012 1611 4061 simul
1641 4012 1918 4074 sexaginta
1954 4026 2089 4075 qua-

520 4095 661 4143 tuor,
704 4083 793 4147 qni
839 4080 1039 4132 fat-inut
1070 4079 1249 4132 leucas
1280 4078 1627 4144 quadraginta
1669 4082 1819 4140 duas,
1861 4088 1915 4131 et
1961 4078 2092 4132 duas

518 4160 698 4217 partes
727 4149 914 4209 unius;
951 4158 1006 4201 et
1027 4158 1109 4201 est
1134 4148 1391 4201 aediﬁcata
1420 4163 1449 4199 a
1490 4148 1671 4213 regina
1699 4162 1820 4213 qua:
1843 4147 1980 4201 dicta
2009 4158 2092 4203 est

517 4220 847 4275 Semiramis,
881 4220 932 4271 in
966 4217 1118 4283 ejus
1148 4218 1323 4270 medio
1352 4225 1433 4268 est
1458 4232 1571 4277 arx,
1606 4218 1719 4268 sive
1760 4217 2087 4284 capitolium,

522 4289 679 4341 turris
719 4302 877 4351 quam
910 4288 1306 4338 :ttlilicaverunt
1349 4285 1436 4335 lilii
1472 4286 1633 4336 Adam
1667 4295 1785 4351 post
1813 4286 2089 4351 diluvium,

518 4368 804 4425 antequam
844 4356 1206 4408 dividerentur
1244 4369 1351 4425 per
1378 4355 1699 4425 universum
1728 4358 1911 4425 orbem
1938 4396 1953 4417 ,
1974 4370 2093 4423 qua:

518 4423 679 4478 turris
720 4424 915 4477 dicitur
955 4436 1139 4477 tenere
1170 4426 1221 4475 in
1263 4423 1596 4475 altitudinem
1641 4424 1738 4474 tria
1776 4424 1938 4475 millia
1973 4441 2089 4487 pas-

516 4511 691 4549 suum.
726 4493 831 4546 hoc
862 4503 964 4555 est,
997 4496 1175 4543 leucas
1197 4493 1348 4554 duas,
1390 4493 1644 4558 paulatim
1676 4492 1740 4542 de
1767 4492 1876 4545 lato
1913 4494 1965 4545 in
1995 4509 2089 4548 au-

2192 3335 2308 3381 nus,
2341 3321 2391 3373 in
2425 3321 2562 3373 libro
2603 3336 2679 3383 ιι,
2724 3318 2792 3385 de
2819 3318 3048 3371 Civitate
3078 3317 3171 3372 Dei
3206 3317 3386 3373 :Cum
3414 3336 3546 3375 vero
3583 3320 3635 3376 in
3676 3321 3752 3375 die

2186 3406 2215 3443 s
2251 3392 2417 3457 ptimo
2458 3390 2745 3457 requiescit
2791 3389 2926 3441 Deus
2962 3388 3032 3440 ab
3069 3388 3316 3441 omnibus
3347 3390 3602 3457 operibus
3626 3391 3744 3450 suis,

2189 3470 2242 3511 et
2270 3460 2563 3513 saucttlimt
2593 3475 2735 3519 eum,
2761 3472 3097 3527 nequaquam
3125 3466 3210 3527 est
3241 3459 3610 3525 accipiendum
3639 3476 3749 3527 pue-

2191 3530 2376 3599 riliter,
2403 3540 2653 3595 tanquam
2679 3524 3166 3599 Deuslahoraverit
3193 3528 3493 3599 operando,
3516 3529 3605 3597 qui
3628 3524 3749 3581 tliin

2189 3610 2242 3651 et
2274 3598 2410 3650 facta
2452 3594 2592 3657 sunt,
2627 3594 3131 3660 verbu'intetligibiti
3168 3604 3227 3662 et
3266 3594 3615 3662 sempiterno,
3654 3614 3746 3650 nun

2188 3668 2413 3720 sanabili
2434 3676 2488 3719 et
2515 3665 2795 3731 temporali
2821 3682 2837 3728 ;
2860 3667 2951 3717 sed
2983 3663 3194 3733 requies
3216 3661 3309 3716 Dei
3338 3661 3580 3731 requiem
3601 3666 3749 3733 signi-

2192 3736 2312 3788 licat
2342 3752 2526 3787 eorum
2554 3737 2645 3802 qui
2676 3736 3013 3797 requiescunt
3046 3732 3097 3785 in
3129 3732 3259 3802 Deo,
3282 3733 3425 3787 sicut
3456 3733 3633 3789 latitia
3660 3732 3747 3789 do-

2190 3820 2307 3856 mus
2339 3805 2571 3857 laetitiam
2602 3803 2863 3871 signiﬁcat
2888 3817 3077 3856 eorum
3105 3802 3195 3871 qui
3215 3801 3470 3856 lzetantur
3497 3803 3548 3856 in
3576 3805 3745 3867 domo,

2190 3875 2396 3927 etiamsi
2428 3890 2532 3925 non
2560 3870 2667 3927 eos,
2683 3874 2875 3927 domus
2911 3874 3046 3939 ipsa,
3073 3870 3168 3941 sed
3196 3872 3298 3923 alia
3335 3887 3423 3941 res
3462 3873 3638 3941 aliqua
3667 3874 3747 3925 la:-

2191 3949 2275 3994 tos
2302 3941 2446 3995 facit.
2474 3941 2731 3995 Similiter
2754 3958 2877 3995 cum
2907 3943 3025 3995 laeta
3062 3940 3747 4009 epistoladicitnnsignili-

2190 4026 2316 4062 cans
2339 4026 2526 4063 eorum
2558 4012 2793 4063 laetitiam
2817 4026 2954 4078 quos
2973 4007 3215 4078 legeitta
3240 4007 3408 4063 eﬂicit
3430 4009 3599 4064 laetos.
3614 4007 3747 4065 Con-

2193 4079 2586 4150 virtyientissitne
2615 4081 2773 4145 igitur
2801 4096 2920 4134 cum
2966 4078 3133 4150 Deum
3163 4079 3489 4146 requievisse
3531 4082 3747 4150 prophe-

2193 4148 2297 4201 tica
2323 4157 2507 4201 narrat
2533 4150 2854 4217 auctoritas,
2894 4148 3157 4215 signiﬁcat
3183 4163 3279 4201 eos
3305 4149 3397 4217 qui
3447 4150 3501 4202 in
3534 4148 3641 4204 illo
3672 4165 3745 4205 re-

2189 4222 2491 4282 quiescunt,
2522 4218 2741 4284 et'quos
2764 4216 2892 4270 facit
2921 4218 3035 4284 ipse
3068 4216 3432 4284 requiescere.
3465 4218 3581 4273 lloc
3597 4221 3743 4273 etiam

2192 4286 2516 4358 horninibus,
2542 4288 2736 4353 quibus
2765 4286 3020 4358 loquitur,
3063 4294 3119 4338 et
3146 4295 3367 4358 propter
3406 4304 3544 4358 quos
3580 4291 3745 4358 utique

2192 4357 2495 4419 conscri;=ta
2524 4366 2633 4419 est,
2682 4356 3028 4425 promittente
3069 4354 3381 4425 prophetia,
3422 4354 3569 4425 quod
3598 4354 3742 4411 etiam

2192 4425 2290 4495 ipsi
2323 4433 2441 4492 post
2471 4427 2608 4495 bona
2645 4439 2831 4491 opera,
2858 4438 2978 4495 qua:
3005 4424 3057 4495 iu
3083 4424 3163 4478 eis
3190 4432 3248 4495 et
3271 4426 3369 4493 pe'r
3388 4424 3485 4480 eos
3509 4436 3745 4495 operatur

2195 4493 2357 4564 Deus,
2384 4496 2433 4564 si
2459 4494 2524 4545 ad
2552 4494 2697 4545 il'um
2737 4496 2887 4564 prius
2924 4493 2997 4564 in,
3032 4493 3136 4564 ista
3173 4494 3285 4564 vita
3315 4510 3409 4560 per
3441 4493 3598 4549 tidem
3630 4511 3745 4564 quo-

516 4576 697 4643 gustas
727 4574 903 4615 enaret
925 4574 1017 4621 ita,
1049 4571 1107 4643 nrt
1132 4560 1652 4643 pondusimminens
1675 4558 1879 4613 facilius
1893 4563 2086 4643 _a_late-
2119 4587 2164 4643 ο
2190 4561 2475 4640 damnando
2504 4558 2849 4643 accesserint,
2879 4561 3040 4642 itiillo
3056 4558 3329 4613 habebunt
3358 4564 3595 4643 requiem
3618 4558 3745 4618 seu»

519 4634 662 4683 ribus
682 4640 1025 4682 sustentetur.
1072 4630 1131 4679 Et
1171 4631 1295 4695 quia
1346 4630 1413 4681 ibi
1460 4629 1739 4681 confusum
1770 4638 1851 4679 est
1893 4630 2085 4685 lahiutu

520 4703 780 4751 κηποι-μω
808 4707 982 4757 ternr,
1015 4710 1234 4750 vocatur
1265 4698 1523 4750 Hebraice
1552 4696 1736 4757 Babrl,
1769 4696 1953 4750 Grzeoe
1983 4698 2085 4751 Ba-

520 4770 695 4837 Itylﬂn.
733 4768 997 4820 Isidorus:
1031 4767 1347 4837 Linguarum
1390 4766 1670 4837 diversitas
1694 4776 1879 4837 exorta
1923 4776 2004 4820 est
2034 4768 2086 4821 iu

518 4834 869 4888 :e'iliticatiune
918 4838 1077 4887 turris
1117 4845 1239 4903 post
1275 4835 1549 4888 diluvium.
1602 4834 1730 4886 Nam
1779 4835 2084 4901 priusquam

519 4906 766 4973 superbia
784 4906 953 4973 turris
976 4906 1115 4955 illius
1139 4907 1187 4956 in
1220 4905 1458 4955 diversos
1487 4903 1761 4969 signorum
1792 4918 1953 4973 sonos
1982 4905 2083 4956 ltu-

523 4972 731 5025 tnanam
763 4972 1022 5025 divideret
1047 4976 1377 5033 societatem,
1405 4986 1509 5024 una
1537 4972 1773 5025 omnium
1804 4972 2082 5025 nationum

523 5045 696 5109 lingua
727 5040 845 5103 fuit,
865 5055 981 5105 qm:
1022 5040 1239 5092 llclntca
1266 5049 1505 5109 vocatur,
1548 5055 1653 5107 qua
1692 5040 2003 5106 patriarcha:
2031 5051 2083 5094 et

521 5107 795 5177 propheta:
824 5110 900 5159 usi
946 5119 1069 5160 sunt
1119 5124 1221 5161 ι.οη
1261 5107 1434 5177 solum
1482 5110 1533 5159 in
1570 5109 1909 5162 sermonibus
1950 5111 2080 5171 suis,

520 5174 703 5231 verum
727 5180 887 5229 etiam
913 5177 1171 5229 intuleris
1200 5177 1385 5229 sacris.
1412 5174 1567 5227 Initio
1596 5180 1757 5237 enim,
1786 5188 1917 5245 quot
1949 5190 2080 5243 gen-

523 5257 620 5303 tes,
656 5255 734 5298 tot
762 5246 951 5310 lingua:
994 5245 1223 5315 fuerunt.
1277 5245 1474 5296 Deinde
1505 5246 1681 5309 tlures
1710 5259 1893 5310 gentes
1923 5262 2081 5315 quam

524 5316 733 5380 lingu.
766 5316 885 5380 quia
913 5331 975 5366 ex
1012 5329 1111 5364 una
1148 5314 1323 5379 lingua
1359 5316 1533 5365 multa:
1581 5323 1701 5365 sunt
1753 5314 1951 5379 gentes,
1991 5331 2085 5367 ex-

524 5394 677 5434 urat.
706 5382 920 5446 Lingua
948 5383 1087 5434 enim
1117 5383 1269 5435 dicta:
1293 5382 1341 5432 in
1366 5381 1467 5432 hoc
1500 5382 1616 5432 loco
1641 5398 1735 5448 pro
1768 5399 1813 5431 vt
1834 5384 1939 5435 rbis
1967 5398 2083 5449 qua:

527 5465 620 5518 per
648 5449 877 5515 linguam
924 5450 1071 5507 tiunt,
1110 5465 1304 5515 genere
1353 5449 1630 5501 lmutiunis
1660 5452 1766 5509 illo,
1795 5466 1900 5516 quo
1926 5452 1969 5503 is
1994 5453 2082 5518 qui

525 5516 687 5569 elﬁcit
718 5533 811 5583 per
842 5519 888 5569 id
930 5520 1070 5585 quod
1110 5520 1337 5571 elticitur
1367 5518 1690 5577 nominatur,
1720 5522 1853 5571 sicut
1891 5534 1951 5571 os
1978 5516 2082 5573 diti

528 5586 663 5636 solet
687 5600 781 5651 pro
805 5590 997 5647 verbis,
1024 5596 1075 5637 et
1106 5590 1239 5637 sicut
1273 5602 1459 5637 manus
1489 5601 1584 5651 pro
1614 5588 1821 5639 litteris.
1852 5588 2083 5652 Septima

530 5658 608 5704 die
637 5660 995 5705 consumimus
1021 5656 1251 5713 operibus
1282 5658 1383 5707 suis
1426 5653 1562 5706 Deus
1591 5658 1846 5715 requievit,
1876 5672 2089 5721 “atque

532 5726 857 5790 κλίμαξι-αξη
888 5726 1162 5777 Subitam“
1208 5726 1487 5791 mmrupari
1534 5726 1791 5791 rra'crrtl.
1838 5726 2085 5793 Augusti-

2193 4631 2472 4701 piternant.
2526 4631 2599 4683 De
2644 4632 3126 4701 septenariiiporro
3168 4631 3379 4684 numeri
3429 4635 3745 4701 perfectione

2177 4696 2293 4765 jam
2320 4702 2562 4763 superius
2590 4701 2845 4763 scriptum
2875 4696 3154 4753 habemus.

2262 4768 2565 4835 Per/icietitr
2594 4782 2765 4821 autem
2791 4771 2999 4839 wonder
3018 4770 3427 4839 γραφαί-ιαμιὶ
3456 4770 3741 4836 corporibus

2188 4837 2409 4908 interra
2437 4855 2529 4908 sua
2576 4836 3180 4908 ἀκριὶάωήροιάάώςκι,
3224 4836 3411 4889 latitia
3450 4843 3744 4908 sempiterna

2185 4905 2283 4954 erit
2300 4905 2394 4957 eis.
2431 4907 2492 4956 In
2525 4916 2657 4959 terra
2683 4923 2793 4965 sua.
2825 4905 2928 4960 hoc
2952 4914 3053 4963 est,
3086 4906 3139 4957 in
3164 4916 3303 4957 terra
3358 4905 3647 4963 viventium
3696 4920 3745 4961 et

2185 4984 2604 5045 mansuetorum.
2640 4973 2877 5041 Duplicia
2897 4972 3241 5042 possidebunt.
3344 4984 3446 5040 est,
3467 4978 3745 5045 incorpore

2186 5049 2240 5092 et
2269 5043 2462 5105 anima,
2499 5057 2622 5096 curn
2651 5045 2988 5111 perceperint
3013 5044 3476 5097 immortalitatem
3498 5056 3554 5099 et
3579 5043 3742 5099 incor-

2187 5111 2487 5170 ruptionem
2556 5112 2607 5164 in
2647 5127 2896 5179 corpore,
2937 5123 2995 5165 et
3058 5112 3651 5169 incomtuutahilitatetu
3697 5114 3743 5167 ia

2184 5181 2382 5236 anima.
2416 5188 2471 5231 et
2494 5180 2674 5234 letiﬁ-
2694 5182 3000 5244 καμίιιηα
3020 5183 3117 5232 erit
3138 5181 3232 5232 eis.

2258 5246 2389 5323 lru
2413 5263 2549 5323 uno:
2575 5264 2834 5301 sum.—
2862 5248 2918 5323 In
2951 5251 3064 5317 ipso
3095 5249 3311 5315 quidem
3342 5250 3606 5323 principio
3625 5268 3743 5305 eou-

2186 5313 2403 5387 ditiou._s
2449 5317 2584 5387 facta
2633 5329 2758 5387 sunt
2808 5313 3013 5387 omium,
3051 5313 3295 5387 et'terra,
3345 5313 3553 5387 angeli.
3582 5336 3675 5373 aer
3696 5329 3744 5377 et

2187 5384 2417 5457 aquade
2445 5386 2631 5457 nihilo.
2656 5385 2758 5457 Die
2778 5401 2910 5457 vero
2939 5385 3106 5451 prima
3136 5384 3275 5457 facta
3305 5398 3390 5439 est
3418 5384 3535 5453 l—ux,
3562 5399 3615 5443 et
3640 5390 3743 5457 ipsa

2185 5450 2252 5524 de
2274 5452 2457 5505 nihilo.
2481 5452 2749 5524 Secundo,
2779 5450 3166 5507 firmamentum
3194 5456 3246 5506 in
3262 5456 3443 5524 medio
3471 5450 3739 5524 aquarum.

2187 5520 2383 5589 'l‘ertia,
2414 5523 2621 5586 species
2640 5524 2801 5575 maris
2820 5532 2875 5575 et
2897 5532 3073 5587 terr-.12,
3094 5538 3215 5576 cum
3244 5523 3322 5577 eis
3347 5520 3637 5589 quaterve
3661 5541 3741 5577 ra.

2184 5588 2376 5644 dicitus
2400 5592 2676 5645 intimi-ent.
2706 5590 2927 5655 Quarta,
2958 5591 3237 5644 luminaria
3267 5588 3391 5646 (mli
3445 5594 3514 5646 de
3556 5594 3743 5647 lumine

2185 5658 2357 5723 primo
2418 5659 2507 5713 die
2558 5661 2720 5714 iacto.
2750 5658 2966 5725 Quinto,
3024 5660 3263 5713 natatilia
3299 5672 3355 5714 et
3401 5662 3636 5718 volatilia
3681 5660 3742 5717 de

2185 5728 2354 5793 aquis.
2412 5727 2600 5795 Sexto,
2649 5730 2850 5799 reliqua
2898 5729 3149 5787 animalia
3186 5728 3253 5785 de
3306 5731 3738 5797 terra..th
