3880 6234
484 373 588 428 5ιῦ

968 380 1172 436 IIEIL‘E
1219 383 1676 440 \‘LNEItAUILIS
1721 384 2004 440 υΡΕιιωι
2048 385 2228 440 ΡΜιὸ
2268 385 2308 438 Ι.
2355 415 2418 426 -—
2465 387 2920 444 DIIIASCALICA
2960 390 3285 446 CENUNA.

3664 399 3746 454 3ἱό

480 492 598 546 dies
629 494 853 546 inveniri
886 511 896 555 ;
935 494 1032 547 nisi
1058 497 1195 549 forte
1255 497 1555 565 putandunt
1581 509 1666 552 est
1715 499 2072 568 synecdochi-
2109 503 2155 558 Α
2184 496 2446 564 digressio
2475 500 2545 552 sit
2575 500 2704 554 solis
2737 517 2834 569 per
2885 502 3263 558 duodecimam
3314 517 3526 575 partem
3554 507 3747 574 ιοιιὶειείι

480 592 602 646 νὼς,
622 600 740 651 qua:
769 593 852 637 est
875 586 1056 648 regula
1080 596 1282 640 sancta:
1304 586 1598 655 Scriptura:
1620 589 2075 660 frequentissima,

482 692 508 722 a
537 684 686 742 parte
719 683 890 726 totum
921 678 1243 745 computari.
1297 676 1497 732 Verum
1539 679 1656 734 hinc
1688 692 1959 750 utcunque
1989 696 2079 733 ac-

482 774 533 814 ta
570 764 650 814 vel
682 775 996 832 computata
1044 768 1264 829 fuerint,
1316 769 1488 823 claret
1510 780 1691 824 tamen
1731 769 1983 824 lchrxos
2015 771 2080 824 ad

481 853 617 905 luna-
649 870 865 908 cursum
908 872 1035 910 suos
1066 873 1282 913 menses
1311 859 1602 914 observare
1633 877 1941 916 consuesse.
1972 861 2082 916 Nrc

480 946 639 998 aliter
689 948 741 999 in
786 946 980 1002 Genesi
1030 959 1177 1003 recte
1222 952 1729 1016 sentiendum‘,*ubi
1777 952 1922 1017 Noe,
1956 968 2080 1007 cum

480 1037 590 1090 suis
623 1035 757 1090 XVII
781 1039 866 1093 die
910 1042 1129 1094 secundi
1179 1043 1380 1096 mensis
1430 1058 1612 1096 arcam
1664 1044 1973 1110 ingressus,
2027 1051 2082 1096 et

485 1126 670 1181 XXVII
701 1130 944 1197 ejusdem
975 1133 1178 1186 mensis
1211 1133 1300 1187 die
1351 1144 1472 1201 post
1503 1134 1759 1187 diluvium
1809 1149 2078 1202 egressus,

482 1222 772 1285 asseritur,
804 1237 963 1290 quant
1008 1238 1206 1275 annum
1256 1225 1388 1278 solis
1443 1225 1750 1292 integrum,
1807 1226 1909 1279 hoc
1964 1235 2080 1289 est,

484 1308 750 1363 CCCLXV
769 1313 998 1376 dierum,
1019 1330 1137 1368 esse
1151 1314 1497 1383 descriptum,
1515 1318 1639 1384 quia
1662 1317 1911 1370 videlicet
1933 1316 2080 1379 luna,

482 1418 600 1468 quc
633 1406 882 1472 praesenti
915 1421 1080 1471 anno,
1109 1406 1258 1459 verbi
1314 1408 1506 1474 gratia,
1539 1423 1634 1476 per
1686 1407 1866 1461 Nonas
1915 1406 2083 1460 Maias

482 1503 709 1561 septima
740 1495 950 1548 decima
977 1497 1179 1562 existit,
1226 1513 1368 1552 anno
1397 1508 1661 1566 sequente
1690 1500 1941 1554 vicesima
1991 1515 2080 1555 se-

485 1586 650 1652 ptima
676 1588 846 1654 pridie
887 1588 1063 1641 Nonas
1093 1589 1258 1644 Maias
1312 1602 1580 1646 occurret.
1614 1591 1921 1644 Notandum
1950 1607 2084 1646 sane

482 1678 625 1743 quod
659 1680 881 1733 nimium
916 1681 1172 1734 falluntur
1211 1682 1300 1750 qui
1327 1697 1566 1736 mensem
1607 1682 1970 1737 deﬁniendum
2001 1683 2082 1747 vel

483 1770 550 1821 ab
573 1771 814 1838 antiquis
837 1772 1113 1824 delinitum
1155 1782 1462 1840 autumant,
1489 1773 1726 1842 quandiu
1752 1775 1874 1827 luna
1903 1775 2082 1828 zodia-

2187 588 2237 640 id
2261 598 2363 651 est,
2394 590 2631 659 signiferi
2663 594 2872 658 circuli,
2903 609 3024 662 qua:
3053 593 3201 650 XXX
3259 598 3453 652 diebus
3501 609 3556 654 et
3593 603 3750 656 decem

2185 680 2350 734 semis
2382 684 2529 737 horis
2559 684 2834 753 impletur,
2861 686 3048 753 viginti
3076 688 3333 742 videlicet
3387 690 3595 745 duabus
3634 693 3752 746 boris

2183 786 2245 827 ac
2275 773 2492 828 dimidia
2527 776 2699 830 lunari
2748 793 2934 832 mense
2991 780 3344 847 productior,
3389 798 3422 836 e
3466 785 3651 852 quibus
3698 783 3753 836 XI

2183 873 2496 932 epactarum
2543 866 2659 920 dies
2687 876 2741 918 et
2788 868 3067 935 quadrans
3108 872 3385 923 annuatim
3441 872 3753 928 subcrescew

2182 961 2390 1023 solent;
2421 959 2708 1014 duodecies
2751 962 2892 1014 enim
2921 962 3095 1016 viceni
3139 974 3194 1017 et
3234 964 3350 1016 bini
3401 963 3642 1018 CCLXIV
3693 967 3752 1017 Ia-

2184 1053 2358 1114 cinnt,
2387 1067 2524 1118 quas
2565 1067 2683 1106 esse
2708 1052 2873 1107 horas
2904 1051 2971 1106 XI
3003 1054 3213 1108 dierum
3261 1054 3385 1109 hinc
3416 1055 3569 1109 facile
3597 1067 3751 1124 patet,

2185 1145 2309 1213 quia
2345 1144 2601 1198 undecies
2633 1146 2806 1199 viceni
2837 1157 2893 1200 et
2921 1148 3172 1214 quaterni
3224 1142 3469 1201 eamdem
3519 1165 3752 1202 summam

2186 1234 2497 1288 Conticiunt.
2545 1233 2716 1290 Porro
2747 1237 3046 1291 duodecies
3072 1237 3235 1291 semis
3263 1254 3356 1291 sex
3403 1237 3623 1303 faciunt,
3659 1255 3754 1308 qua.

2185 1343 2376 1381 annua:
2402 1339 2528 1381 sunt
2571 1330 2716 1382 hora:
2745 1330 3064 1397 quadrantis
3097 1348 3108 1382 :
3144 1330 3190 1384 si
3240 1331 3457 1398 quidem
3515 1332 3633 1385 luna
3681 1329 3754 1386 XII

2184 1432 2312 1470 suos
2342 1433 2556 1470 menses
2582 1415 2651 1469 XI
2682 1417 2892 1479 diebus,
2925 1427 2982 1470 ut
3003 1419 3204 1472 dictum
3230 1428 3313 1472 est
3338 1460 3351 1482 ,
3385 1429 3440 1473 et
3465 1421 3755 1488 quadrante,

2185 1510 2461 1564 breviores
2491 1510 2718 1564 totidem
2748 1510 2876 1564 solis
2899 1512 3173 1563 mensibus
3204 1526 3489 1580 peragens,
3520 1512 3570 1564 in
3593 1511 3752 1564 iisdem

2186 1601 2513 1668 peragendis
2545 1600 2816 1654 tredecies
2848 1601 3052 1654 zodiaci
3082 1601 3347 1654 ambitum
3407 1602 3616 1655 lustrat.
3644 1584 3756 1655 'Sed

2186 1692 2239 1744 in
2268 1701 2500 1759 utroque
2529 1706 2715 1745 mense
2751 1693 3150 1760 computando,
3180 1693 3538 1757 consuetudo,
3573 1694 3651 1747 vel
3679 1709 3756 1745 au-

2185 1783 2434 1846 ctoritas,
2485 1781 2570 1835 vel
2601 1792 2751 1834 certe
2807 1782 3187 1850 compendium
3235 1781 3538 1835 calculandi
3583 1791 3758 1835 natura:

483 1875 605 1928 cum
635 1861 894 1914 circulum
946 1873 1185 1931 peragat,
1217 1879 1339 1931 quae
1369 1864 1641 1929 nimirum,
1685 1866 1822 1919 sicut
1849 1865 2077 1934 diligen-
2113 1885 2157 1943 Β
2185 1873 2498 1943 pravam“;
2531 1889 2653 1925 nam
2684 1887 2791 1925 non
2820 1872 2994 1925 solum
3026 1873 3166 1925 luna:
3195 1887 3440 1936 menses,
3499 1873 3639 1943 quod
3662 1874 3756 1928 εει.

485 1952 590 2004 tior
612 1953 888 2020 inquisitio
919 1965 1232 2008 naturarum
1261 1957 1516 2021 edocuit,
1547 1957 1827 2010 aodiacum
1859 1958 2077 2024 quidem

482 2040 667 2097 XXVII
698 2046 907 2112 diebus,
932 2062 986 2104 et
1018 2050 1123 2103 Vlll
1149 2052 1314 2114 horis,
1345 2050 1429 2104 sui
1469 2065 1598 2104 vero
1621 2066 1810 2105 cursus
1833 2051 2075 2105 ordinem

482 2133 648 2187 XXIX
679 2137 892 2203 diebus,
922 2150 976 2193 et
1005 2138 1093 2192 XII
1145 2141 1316 2205 horis,
1371 2140 1521 2196 salva
1569 2141 1652 2193 sui
1707 2141 1876 2195 saltus
1906 2144 2075 2196 ratio-

484 2240 572 2287 ne,
605 2229 834 2281 conticit.
866 2227 1102 2298 Ideoque
1133 2231 1332 2284 rectius
1361 2230 1434 2283 ita
1489 2229 1876 2294 deﬁniendum,
1932 2233 2074 2300 quod

486 2319 682 2372 mensis
713 2319 850 2372 luna:
873 2322 942 2374 sit
971 2322 1188 2375 luminis
1218 2322 1423 2376 lunaris
1451 2322 1710 2376 circuitus
1737 2365 1750 2386 ,
1800 2337 1862 2377 ac
1890 2322 2076 2378 redin-

480 2410 704 2477 tt-gratio
737 2409 802 2464 de
824 2428 962 2466 nova
1010 2411 1322 2466 adnovam.
1376 2412 1584 2468 Solaris
1635 2423 1813 2468 autem
1870 2416 2074 2470 mensis

2187 1963 2399 2018 eulandi
2453 1963 2751 2017 necessitas
2815 1962 2981 2029 cogit,
3047 1962 3267 2016 tricenis
3317 1965 3760 2032 unuetriceuisque

2186 2053 2376 2107 diebus
2406 2052 2678 2113 ordinant,
2711 2051 2804 2107 sed
2835 2061 2891 2104 et
2917 2051 3099 2104 lunam
3126 2048 3483 2119 superﬂuam,
3514 2068 3630 2120 qua:
3653 2057 3756 2119 jux-

2187 2155 2240 2198 ta
2267 2153 2473 2198 natura:
2502 2144 2765 2197 rationem
2790 2143 2842 2196 in
2869 2142 2974 2196 line
3003 2143 3128 2195 anni
3159 2144 3428 2197 debuerat
3457 2143 3755 2206 intercalari,

2185 2235 2426 2304 pica-ique
2456 2234 2546 2288 ubi
2576 2234 2707 2287 libet
2741 2233 3062 2286 intercalant
3083 2219 3204 2294 ,‘et,
3233 2233 3378 2300 quod
3411 2242 3494 2285 est
3523 2235 3721 2299 gravius
3741 2271 3754 2296 ,

2184 2337 2388 2381 tantum
2413 2328 2552 2381 inter
2569 2309 2629 2380 se
2646 2325 3000 2378 calculatores
3013 2323 3292 2385 dissident,
3327 2335 3385 2377 ut
3410 2340 3515 2377 uno
3537 2341 3756 2378 nonnun-

2181 2437 2344 2492 quam
2370 2420 2672 2489 colemque
2690 2418 2778 2472 die
2797 2417 2886 2473 hic
2905 2425 3154 2487 quartam
3175 2415 3477 2485 decimam,
3507 2417 3596 2472 ille
3620 2418 3753 2488 quin-
3786 2405 3796 2420 “

1734 2525 2024 2584 ϐιυδδιΕ
2063 2532 2147 2586 ΕΤ
2188 2534 2501 2588 SCIIOLIA.

477 2635 770 2690 secundum
800 2636 908 2702 jam
935 2651 1178 2689 mensem
1212 2652 1318 2690 non
1355 2635 1714 2704 trigesimum,
1747 2638 1841 2691 sed
1891 2640 2067 2694 unde-

480 2708 809 2769 trigesimum
836 2705 1034 2760 debere
1058 2707 1329 2760 Concludi.
1359 2705 1688 2770 Priscianus,
1731 2710 1782 2762 in
1824 2709 1961 2763 libro
2001 2713 2070 2766 de

481 2775 662 2838 figuris
720 2793 1060 2830 numerorum
1097 2796 1107 2829 :
1173 2776 1514 2844 Undeviginti
1547 2779 1775 2834 dicimus
1817 2795 1915 2842 pro
1967 2797 2069 2835 no-

479 2845 775 2918 vendecini,
811 2847 862 2918 id
895 2857 996 2904 est,
1030 2863 1192 2898 Unum
1224 2848 1376 2900 deest
1418 2848 1486 2902 de
1531 2849 1741 2916 viginti.
1786 2848 2064 2918 Horatius,

479 2915 530 2965 in
559 2916 797 2968 secundo
833 2915 1184 2970 Sermonum:

606 3029 742 3078 L'nde
762 3030 1039 3091 octuagiota
1067 3042 1218 3077 annos
1243 3037 1384 3078 natus
1413 3030 1490 3079 cui
1513 3030 1741 3092 Stragula
1766 3030 1944 3081 Vestis.

555 3131 1014 3198 Undeoctuaginta
1049 3135 1195 3197 dicit,
1247 3135 1295 3188 id
1340 3144 1446 3199 est,
1487 3136 1828 3204 septuaginta
1876 3152 2070 3191 novem

481 3219 647 3255 annos
672 3185 1093 3265 tiabens‘artatis,
1130 3183 1232 3258 huic
1261 3215 1363 3266 est,
1383 3183 1849 3271 octuagintaounde
1879 3223 2068 3261 unum.
2100 3183 2142 3242 Ο

483 3271 854 3346 Duodeviginti
888 3277 1140 3328 dicuntur
1165 3290 1262 3346 pro
1314 3275 1644 3346 octodecim,
1697 3276 2071 3346 undetriginta

482 3359 580 3414 pro
620 3345 805 3414 viginti
836 3361 1049 3403 novem.
1076 3355 1129 3398 et
1169 3344 1252 3398 his
1280 3345 1496 3398 similia.
1903 3348 1907 3351 ’

557 3413 672 3466 .Visi
705 3418 834 3480 [orte
863 3417 1148 3487 putandum
1170 3426 1267 3476 est,
1309 3415 1728 3487 synecdoc/iicos,
1751 3434 1866 3487 (μίαν
1883 3426 1957 3470 est
1987 3435 2073 3470 re-

483 3487 606 3551 gula
634 3475 830 3536 sancta
859 3475 1011 3549 Scrip
1039 3475 1146 3535 uri:
1185 3475 1620 3552 [réquéntissimm
1667 3504 1697 3538 ιι
1720 3475 1884 3548 parte
1914 3499 2073 3541 totum

481 3557 789 3621 computari.
819 3554 1256 3621 Synecdochiros,
1285 3556 1680 3606 adverbialiter.
1709 3555 1838 3621 Qua:
1867 3561 2073 3612 scil.cet

480 3627 686 3690 species
714 3633 793 3676 est
817 3624 1002 3690 regula
1035 3639 1062 3674 a
1090 3634 1244 3692 parte
1298 3633 1492 3680 totum.
1526 3625 1732 3677 scilicet
1757 3637 1812 3678 ut
1864 3628 2065 3680 intelli-

482 3708 672 3759 (tantur
698 3709 791 3762 per
809 3695 1162 3761 quadraginta
1185 3708 1401 3756 novem,
1427 3693 1838 3760 quinquaginta.
1861 3696 2069 3764 Synec-

480 3765 734 3817 dochicos
760 3768 903 3818 enim
928 3765 1182 3818 dicuntur
1227 3778 1348 3816 esse
1398 3765 1810 3830 quinquaginta.
1858 3764 2072 3818 IIahcnt

480 3835 621 3885 enim
661 3835 800 3887 hunc
829 3851 1032 3888 morem
1065 3835 1379 3902 S.-riptttne,
1417 3842 1526 3887 uta
1555 3850 1708 3902 parte
1752 3844 1924 3889 totum
1979 3853 2071 3905 po-

484 3913 632 3972 nant,
668 3905 900 3956 maxime
935 3907 983 3956 i'l
1021 3906 1377 3972 temporibus.

555 3971 667 4025 Nec
691 3975 842 4024 aliter
871 3976 924 4024 in
951 3971 1145 4027 Genesi
1171 3975 1493 4027 sentiendum
1512 3984 1608 4027 est.
1637 3973 1749 4029 Nec
1776 3975 1949 4037 aliter,
1965 3978 2070 4031 sci-

481 4044 604 4097 licet
626 4044 871 4111 quamvis
903 4057 1219 4111 computent
1242 4045 1451 4097 Ilebrmi
1482 4048 1547 4095 a.l
1572 4045 1755 4097 lunam
1774 4061 1904 4098 suos
1918 4061 2070 4099 men-

480 4129 584 4167 ses.
616 4113 712 4166 Ubi
750 4110 864 4165 Noe
893 4129 1004 4163 cum
1035 4110 1168 4175 suis,
1202 4115 1410 4164 scilicet
1433 4113 1552 4164 ﬁliis
1577 4126 1633 4166 et
1662 4115 1938 4168 uxoribus.
1991 4115 2070 4169 Ita

481 4185 673 4252 Icgitur
698 4185 746 4235 in
771 4182 989 4241 Genesi.
1018 4200 1137 4251 cap.
1166 4198 1272 4234 vn:
1302 4201 1318 4231 ι
1342 4181 1498 4235 Anno
1523 4183 1922 4236 sexcentesimo
1950 4183 2070 4236 vita:

480 4253 613 4315 Noe,
646 4270 828 4307 mense
853 4255 1111 4314 secundo,
1145 4253 1286 4322 rupti
1320 4260 1447 4305 sunt
1477 4267 1668 4306 omnes
1686 4254 1861 4306 fontes
1891 4253 2069 4322 abyssi

482 4337 704 4390 magnae.
739 4334 794 4377 et
825 4325 875 4377 in
903 4326 1132 4378 articulo
1176 4325 1278 4376 diei
1313 4323 1457 4376 illius
1520 4323 1792 4390 ingressus
1839 4332 1925 4378 est
1957 4323 2071 4378 Noe

480 4409 602 4446 cum
625 4395 735 4445 suis
761 4397 810 4445 in
849 4411 995 4448 area.
1021 4415 1037 4445 ι
1071 4395 1144 4446 Ac
1168 4393 1397 4448 deinde:
1432 4413 1448 4444 ι
1474 4392 1658 4446 Mense
1688 4396 1950 4459 secundo,
1981 4410 2067 4449 se-

482 4465 645 4528 ptima
677 4471 730 4513 rt
778 4465 1032 4528 vigesima
1067 4465 1152 4517 die
1183 4465 1382 4518 mensis
1423 4461 1660 4516 arefacta
1690 4474 1770 4517 est
1823 4475 1965 4518 terra
2015 4473 2069 4519 et

2179 2657 2422 2700 remanet
2445 2661 2605 2708 unus,
2647 2655 2701 2700 et
2729 2646 2780 2698 in
2811 2645 3075 2699 bissextili
3103 2661 3246 2698 anno
3295 2657 3588 2702 remanent
3643 2648 3752 2703 duo.

2179 2717 2306 2782 Qua:
2339 2732 2442 2769 una
2470 2717 2605 2778 dies,
2631 2715 2712 2768 vel
2735 2715 2844 2767 duo
2873 2715 2926 2768 in
2978 2717 3243 2768 hissextili
3291 2731 3458 2780 anno,
3512 2719 3640 2773 dum
3683 2735 3751 2772 se-

2179 2788 2484 2856 ptenariqu
2513 2801 2793 2856 numerum
2817 2785 3229 2856 transcendunt,
3255 2786 3465 2842 faciunt
3491 2789 3634 2842 illam
3656 2805 3753 2842 tnu-

2180 2855 2458 2910 tationem.
2491 2855 2555 2908 Et
2583 2857 2830 2925 quamvis
2879 2855 2966 2909 illa
3013 2857 3242 2910 mutatio
3269 2860 3653 2925 appellationis
3694 2860 3750 2910 de

2180 2927 2266 2980 die
2291 2928 2341 2979 in
2374 2927 2515 2980 diem
2539 2927 2608 2980 sit
2627 2928 2680 2996 in
2709 2941 2873 2988 anno,
2899 2941 3005 2978 nou
3031 2934 3210 2978 tamen
3244 2927 3429 2992 plures
3453 2927 3750 2996 appellatio-

2181 3012 2277 3050 nes
2307 3005 2431 3065 sunt
2458 3012 2618 3065 quam
2658 2993 2829 3054 terim;
2861 2996 3010 3063 quia,
3051 2996 3152 3048 etsi
3184 3004 3428 3048 mutetur
3482 2993 3754 3065 appellatio

2179 3065 2248 3135 de
2296 3063 2426 3118 feria
2460 3067 2511 3119 in
2545 3064 2753 3130 feriam,
2798 3081 2904 3118 non
2957 3078 3136 3117 tamen
3192 3063 3565 3133 supercrescit
3612 3081 3753 3135 super

2181 3134 2360 3188 ferias.
2393 3135 2522 3201 Qua:
2546 3137 2818 3203 nimirum,
2852 3135 2994 3187 sicut
3021 3135 3338 3201 diligentior
3368 3137 3647 3203 inquisitio
3673 3134 3754 3188 na-

2179 3214 2423 3258 turarum
2451 3205 2688 3266 edocuit,
2719 3201 3012 3259 Zodiacum
3058 3204 3278 3271 quidem
3331 3201 3516 3272 viginti
3566 3217 3754 3274 septem

2176 3277 2368 3330 diebus
2389 3285 2443 3328 et
2469 3285 2597 3330 octo
2618 3275 2790 3339 horis,
2812 3276 2893 3328 sui
2922 3289 3051 3327 vero
3072 3289 3264 3328 cursus
3283 3275 3540 3330 ordinem
3587 3277 3752 3342 viginti

2177 3362 2372 3400 novem
2406 3347 2616 3408 diebus,
2647 3353 2702 3396 et
2729 3343 3018 3398 duodecim
3049 3344 3216 3406 horis,
3265 3346 3418 3399 salva
3467 3348 3553 3400 sui
3608 3355 3755 3400 saltus

2177 3419 2386 3470 ratione
2409 3416 2647 3470 coniicit.
2678 3412 2817 3481 Lege
2848 3415 2901 3466 in
2927 3429 3088 3483 supra
3118 3416 3295 3483 capite
3329 3413 3416 3476 16.
3474 3418 3603 3485 quia
3653 3431 3751 3467 ιιιεο

2178 3485 2368 3539 liorem
2401 3486 2819 3550 glossamsuper
2852 3485 3011 3537 istum
3044 3487 3370 3539 versiculum
3393 3486 3640 3538 invenire
3664 3499 3754 3534 non

2174 3557 2345 3624 potui.
2384 3554 2494 3609 Sed
2518 3557 2570 3606 in
2601 3563 2816 3622 utroque
2862 3571 3035 3607 mense
3054 3556 3423 3621 computando,
3458 3554 3756 3607 consuetudo

2174 3627 2250 3678 cel
2277 3627 2565 3677 auctoritas
2595 3627 2670 3676 vel
2697 3632 2831 3675 certe
2861 3625 3219 3691 compendium
3247 3624 3549 3675 calculandi
3573 3635 3754 3676 natura

2175 3696 2472 3763 prwvatuit.
2505 3693 2704 3745 Natura
2735 3703 2838 3763 est,
2871 3702 2930 3744 ut
2954 3693 3153 3763 iniensis
3181 3693 3378 3763 solaris
3423 3695 3624 3746 habeat
3676 3695 3756 3745 tri-

2174 3761 2318 3830 ginta
2347 3764 2484 3826 dies,
2515 3775 2565 3815 et
2593 3764 2778 3815 decem
2805 3761 2987 3825 horas,
3011 3771 3067 3814 et
3094 3762 3400 3828 dimidiam;
3433 3765 3755 3817 consuetudo

2177 3843 2358 3887 tamen
2384 3838 2464 3887 vel
2497 3833 2813 3894 auctoritas,
2847 3833 2930 3885 vel
2977 3832 3378 3899 compendium.
3437 3843 3494 3886 ut
3554 3835 3753 3900 triginta

2119 3962 2125 3967 _
2174 3903 2290 3959 dies
2317 3907 2533 3958 habeat.
2566 3902 2766 3956 Natura
2792 3905 2969 3956 etiam
2997 3912 3081 3955 est
3114 3914 3171 3955 ut
3201 3906 3407 3958 mensis
3439 3904 3752 3958 lunarisha-

2174 3973 2302 4028 beat
2330 3975 2516 4042 viginti
2540 3988 2732 4026 novem
2783 3973 2920 4036 dies,
2951 3980 3007 4026 et
3062 3971 3388 4036 dimidium;
3429 3974 3755 4028 consuetudo

2175 4052 2358 4097 tamen
2398 4045 2480 4096 vel
2511 4045 2824 4105 auctoritas,
2865 4043 2950 4096 vel
2993 4043 3400 4108 compendium.
3463 4055 3528 4097 ut
3579 4044 3750 4109 viginti

2175 4128 2370 4165 novem
2397 4112 2511 4164 dies
2543 4111 2764 4182 habeat,
2787 4111 2870 4163 vel
2899 4111 3074 4182 etiam
3096 4109 3339 4182 triginta.
3378 4110 3465 4174 Et,
3498 4112 3643 4182 quod
3691 4119 3755 4163 ω

2173 4182 2402 4251 gravius.
2435 4191 2633 4246 tantum
2663 4181 2801 4232 inter
2825 4196 2879 4232 se
2907 4179 3250 4234 calatatores
3273 4179 3557 4246 dissident,
3585 4183 3636 4235 id
3666 4191 3753 4240 est.

2175 4250 2506 4312 discordant,
2537 4260 2593 4301 ut
2619 4266 2991 4320 nonnunquam
3013 4251 3296 4320 eodemque
3318 4254 3407 4306 die
3442 4253 3754 4317 hic,5ciiicct

2177 4321 3080 4394 Anatbolius,‘decintantquartam,
3105 4322 3225 4394 ille,
3249 4322 3299 4374 id
3323 4333 3430 4386 est,
3461 4324 3754 4394 Dictiysius,

2176 4394 2428 4445 decimam
2452 4391 2713 4458 quintam,
2740 4390 2897 4452 alius,
2931 4390 2982 4443 id
3006 4401 3109 4454 est,
3169 4391 3461 4458 Victorius,
3518 4390 3754 4448 decimam

2175 4472 2397 4528 textam,
2422 4471 2710 4530 assererem
2740 4461 2916 4513 (uitam
2940 4477 3050 4514 esse
3072 4463 3384 4528 putandum,
3419 4465 3596 4530 idest,
3624 4479 3754 4519 com-

482 4533 592 4585 Noe
619 4547 871 4598 egressus
895 4542 976 4585 est
1003 4531 1069 4584 de
1096 4548 1242 4585 arca.
1267 4551 1286 4582 ι
1315 4532 1420 4585 Sed
1443 4533 1572 4586 dicit
1600 4543 1822 4587 sanctus
1879 4533 2058 4587 Hiero-
2092 4545 2140 4601 ι)
2169 4543 2333 4601 putan
2355 4536 2460 4583 lani
2481 4570 2499 4593 ,
2538 4529 2747 4584 scilicet
2790 4538 3014 4601 propter
3054 4533 3409 4601 insertionem
3440 4529 3752 4592 embolismi.

480 4619 690 4672 nytnus,
719 4605 768 4656 in
797 4603 932 4654 libro
963 4601 1345 4655 Ilebraicarum
1386 4601 1789 4672 QmestiOiiuttt:
1845 4603 2059 4662 Ararat,

480 4670 754 4728 Armenia.
809 4673 1084 4728 Siquidem
1123 4671 1172 4722 in
1207 4673 1480 4724 montibus
1530 4670 1721 4722 Ararat
1773 4687 1896 4724 arca
1946 4681 2067 4739 post

478 4747 734 4798 diluviunt
794 4742 1000 4797 sedisse
1059 4741 1393 4810 perhibetur,
1442 4749 1498 4793 et
1542 4741 1797 4795 dicuntur
1869 4743 2065 4795 ibidem

480 4829 648 4883 usque
681 4815 840 4869 hodie
883 4814 1000 4880 ejus
1027 4827 1244 4864 manere
1274 4812 1519 4883 vestigia.
1555 4809 1690 4874 Quia
1723 4812 1957 4865 videlicet
1990 4814 2066 4864 lu-

479 4882 701 4952 na,qute
726 4887 966 4951 prtvscnti
994 4901 1133 4934 anno
1167 4882 1324 4950 (verbi
1348 4885 1539 4952 gratiul
1574 4900 1664 4949 per
1680 4883 1863 4938 Nonas
1891 4884 2068 4936 Huius

480 4957 676 5004 decima
693 4958 906 5020 septima
930 4955 1148 5010 exstitit.
1170 4958 1550 5022 annoisrqiieuti
1574 4957 2009 5022 cigcsimaseptint
2031 4975 2065 5017 ι,

476 5025 644 5087 pridie
679 5022 823 5075 Non.
859 5023 986 5074 Mati
1013 5042 1056 5072 Ol
1076 5033 1263 5073 curret.
1299 5021 1476 5073 Pridie
1502 5022 1686 5076 Nonus
1712 5025 1743 5076 d
1769 5037 1860 5089 Cll,
1884 5021 2066 5078 etnon

479 5093 677 5156 Nonas,
706 5095 826 5160 quia
851 5094 1037 5144 feriam
1056 5093 1267 5156 qumrit,
1289 5107 1392 5161 non
1420 5095 1856 5159 appellationum
1877 5095 1932 5146 In
1957 5097 2068 5161 ipsa

479 5166 622 5217 enim
668 5159 818 5224 tei'ia,
857 5166 905 5215 in
939 5177 1043 5228 qua
1080 5161 1255 5213 bonas
1307 5159 1468 5212 “aliis
1500 5163 1731 5229 appellat
1776 5165 1879 5216 hoc
1905 5159 2070 5228 anno,

479 5235 791 5302 appellabit,
831 5235 880 5286 in
914 5232 1164 5299 sequenti
1195 5246 1358 5290 anno,
1403 5233 1454 5283 in
1488 5234 1675 5284 eadem
1722 5233 1851 5285 feria
1897 5233 2070 5299 pridie

482 5306 659 5359 Aonas
684 5305 867 5359 Maias.
903 5303 1057 5357 γεω
1089 5303 1229 5355 enim
1282 5312 1487 5365 tnanel,
1544 5303 1832 5369 appellatio
1888 5312 2066 5356 tamen

482 5378 547 5426 de
602 5379 688 5430 die
739 5379 788 5429 in
843 5378 985 5430 diem
1019 5376 1068 5426 in
1100 5375 1671 5440 uanuoquelinitur;
1722 5374 1861 5427 unde
1917 5373 1973 5426 Iit
2017 5382 2074 5426 ut

485 5447 582 5496 ista
610 5447 924 5512 appellatio.
961 5459 1078 5510 qua:
1106 5448 1358 5512 prmsenti
1382 5461 1524 5496 anno
1553 5447 1600 5497 in
1627 5447 1796 5512 prima
1816 5444 1944 5498 feria
1967 5455 2069 5508 est,

485 5532 532 5563 ιη
562 5519 738 5568 loturo
770 5531 914 5566 anno
943 5517 1010 5565 sit
1064 5514 1117 5566 in
1171 5517 1445 5574 secunda;
1479 5518 1520 5568 si
1575 5525 1753 5568 autem
1804 5517 2007 5570 bisscxt
2030 5533 2073 5569 is

484 5586 659 5644 fuerit,
696 5585 752 5634 lit
781 5595 944 5635 etiam
993 5585 1040 5634 in
1078 5583 1253 5634 tertia.
1284 5583 1376 5634 Sic
1401 5595 1454 5634 et
1480 5588 1848 5639 soleninitates
1879 5599 1932 5640 et
1974 5603 2071 5637 ano

485 5657 776 5708 Νικὼ-δυτψ
814 5655 881 5707 de
910 5655 994 5705 die
1029 5655 1078 5703 itt
1103 5653 1241 5704 diem
1270 5668 1392 5703 cunt
1422 5655 1785 5720 appellatione
1818 5657 1866 5706 in
1927 5672 2071 5709 anno

485 5737 775 5779 imitantur.
817 5725 938 5778 Ila'c
965 5735 1046 5776 est
1078 5724 1218 5794 enim
1252 5738 1435 5783 eausa,
1466 5740 1584 5789 qua:
1619 5726 1742 5778 facit
1776 5727 1917 5778 illam
1975 5742 2074 5794 ap-

488 5796 827 5850 imrlatioaein
877 5794 1096 5848 mutari.
1135 5792 1317 5847 Annus
1348 5795 1540 5847 solaris
1592 5796 1753 5849 habet
1796 5797 1910 5850 dies
1963 5792 2069 5848 tre-

487 5875 671 5919 teuto:
697 5880 971 5934 sexaginta
1006 5867 1264 5934 quinque.
1320 5867 1506 5921 Dividc
1540 5868 1657 5922 illos
1693 5884 1788 5938 per
1837 5879 2068 5938 septem,

2169 4599 2240 4666 au
2264 4616 2293 4653 a
2322 4602 2408 4653 ubi
2441 4601 2540 4652 istc
2570 4599 3116 4660 facitembolismmn,
3152 4599 3242 4653 ille
3279 4616 3391 4654 non
3435 4601 3588 4656 facit.
3626 4601 3754 4656 Unde

2173 4667 2882 4734 lit,uteoruinanniprimi
2939 4683 2968 4718 a
3028 4669 3272 4724 bisseno
3326 4674 3488 4724 tertio
3545 4671 3752 4726 Kalend.

2172 4738 2449 4808 Septemb.
2483 4736 2708 4802 Quidam
2736 4738 2876 4789 enim
2907 4739 3205 4791 bissextum
3263 4749 3319 4792 et
3374 4744 3580 4796 saltum
3629 4744 3750 4796 luna:

2170 4812 2381 4866 diverse
2429 4817 2655 4878 ponunt.
2688 4808 2877 4860 A'iicn
2904 4823 2954 4860 m
2983 4818 3133 4870 ante,
3185 4819 3240 4862 ut
3284 4810 3634 4877 Anatbotius,
3681 4811 3755 4865 Vi-

2171 4882 2393 4954 guit-ius,
2421 4892 2474 4954 et
2520 4880 2608 4932 alii
2644 4888 2783 4954 pot,
2811 4888 2866 4930 ut
2919 4894 3038 4954 nos.
3087 4879 3167 4933 Illi
3199 4891 3384 4954 autem
3425 4887 3522 4953 qui
3575 4892 3755 4954 quarto

2173 4953 2394 5027 Kalend.
2421 4950 2980 5027 Sept_eiii._liissextiitn
3010 4951 3234 5015 laciunt,
3269 4950 3470 5027 habent
3499 4957 3553 5010 in
3581 4950 3757 5027 quarto

2173 5025 2296 5077 lius
2352 5023 2604 5076 Decemb.
2655 5021 2921 5073 decimam
2984 5033 3237 5087 quartam
3296 5025 3522 5089 lunam;
3595 5021 3650 5081 et
3695 5025 3753 5078 itii

2171 5094 2261 5160 qui
2337 5095 2560 5154 saltum,
2609 5090 2872 5143 decimam
2954 5103 3206 5210 septem;
3255 5103 3311 5146 et
3383 5095 3458 5149 illi
3507 5098 3600 5165 qui
3645 5111 3757 5148 neu-

2175 5177 2337 5210 trum.
2393 5163 2656 5210 decimam
2712 5160 2976 5210 auintatn.
3057 5161 3175 5210 erbi
3235 5164 3754 5210 aratiazl-Zstnnur.

2175 5177 2338 5222 trum,
2393 5163 2656 5213 decimam
2712 5160 2976 5224 quintam.
3015 5160 3175 5213 Verbi
3235 5164 3451 5227 gratia:
3482 5160 3580 5219 Est
3611 5177 3754 5220 nunc.

2174 5232 2534 5297 sciliCrtapud
2555 5244 2674 5304 nos,
2693 5228 2914 5304 ultimus
2937 5229 3396 5304 decennovenalis
3423 5236 3564 5304 cycli
3580 5250 3754 5290 annus.

2176 5304 2266 5367 qui
2304 5304 2464 5353 habet
2481 5301 2782 5372 octodecim
2808 5305 3051 5372 epactas,
3066 5313 3203 5372 quas
3215 5300 3416 5368 iunges
3437 5300 3758 5372 regularibus

2177 5373 2386 5426 dei-imo
2413 5383 2607 5439 quarto
2642 5369 2885 5435 Augusti,
2911 5377 2966 5424 et
2990 5369 3234 5439 invenies
3261 5369 3563 5429 secundam
3595 5378 3756 5430 lunam

2177 5444 2226 5498 in
2280 5437 2506 5496 Kalend.
2541 5443 2978 5520 Augu_sii,_tiuant
3011 5437 3178 5520 facies
3205 5447 3508 5520 ascendere
3569 5447 3758 5504 trimi-

2177 5532 2337 5571 mam.
2365 5524 2557 5580 quarto
2605 5510 3169 5582 IialetuI.VSep_temb._,
3200 5524 3428 5581 propter
3450 5517 3758 5582 bissextum.

2175 5587 2265 5649 qui
2324 5586 2393 5638 ibi
2448 5586 2682 5652 pUIIItUI',
2731 5581 2891 5652 tertio
2940 5580 3172 5652 Kalend.
3203 5580 3480 5651 primatu,
3534 5580 3758 5645 scemata

2178 5648 2401 5709 Kalend.
2435 5648 2748 5723 secundum,
2781 5648 3005 5723 Kalend.
3034 5648 3315 5720 Septemb.
3346 5648 3591 5723 tertiam,
3615 5669 3672 5714 et
3694 5655 3758 5710 εἰ(

2179 5725 2544 5793 computando
2565 5722 2731 5794 debes
2761 5721 3046 5794 pervenire
3077 5735 3248 5794 usque
3269 5737 3525 5794 quartum
3561 5721 3642 5784 ω,
3669 5727 3758 5781 οε.

2177 5790 2375 5855 centu,
2407 5804 2462 5846 et
2494 5791 2732 5845 invenies
2774 5790 2843 5865 ibi
2874 5791 2926 5844 in
2950 5792 3139 5848 eadem
3160 5790 3425 5865 dieapud
3481 5800 3636 5853 illum
3683 5795 3761 5865 qui

2179 5868 2310 5921 fecit
2343 5867 2657 5927 iJISSCMUIll,
2691 5861 2956 5918 decimam
2989 5872 3239 5932 Quartam
3266 5861 3454 5922 lunam
3483 5885 3500 5936 ;
3537 5877 3596 5926 et
3638 5861 3762 5938 apud
