3880 6234
557 408 653 461 571

1032 402 1232 455 ΒὶὶυεΕ
1277 400 1720 452 VENI'ZIIAII'IJS
1760 397 2035 451 υιιιῑιιωι
2080 396 2124 447 1⁵.

2224 396 2249 447 s
2294 396 2331 447 l.
2372 424 2439 435 —
2471 384 2920 448 ninascsttca
2958 394 3281 451 GENUINA.
3648 402 3733 458 ass

561 515 738 568 Marco
780 512 1008 565 Antonio
1038 510 1192 563 Marci
1248 508 1353 559 lilio
1392 508 1629 570 consule,
1680 506 1848 559 Julius
1894 516 2112 559 vocatus
2140 508 2183 561 Α
2216 505 2366 567 tium,
2391 520 2573 559 omnes
2592 507 2765 570 electi,
2791 507 3082 562 lucentibus
3107 509 3367 565 bonorqu
3389 523 3596 571 actuum
3623 519 3729 573 latn-

558 609 659 661 est,
687 600 827 666 quod
854 601 951 650 hoc
975 612 1153 649 mense
1180 596 1243 648 ad
1267 596 1350 649 IIII
1375 595 1496 647 Idus
1516 595 1772 660 Quintiles
1797 594 1963 647 Julius
1990 610 2113 662 pro-

560 696 773 739 creatus
800 687 888 738 sit.
924 686 1186 751 Augustus
1217 684 1410 735 mensis
1441 682 1655 735 Sextilis
1682 690 1837 733 antea
1884 681 2112 733 vocaba-

561 785 669 840 tur,
716 776 886 827 donec
927 775 1095 825 honor
1135 774 1367 839 Augusto
1407 772 1623 824 daretur
1668 787 1734 824 ex
1773 780 2115 824 senatuscon-

562 866 737 925 sulto,
787 880 850 917 eo
881 864 1019 931 quod
1060 866 1170 929 ipse
1210 863 1293 914 die
1325 862 1494 929 primo
1526 861 1682 927 hujus
1726 860 1918 913 mensis
1947 859 2116 912 Auto-

565 957 706 1007 niuni
735 964 786 1007 et
813 956 1143 1019 Cleopatram
1169 953 1519 1016 superaverit,
1552 961 1604 1004 et
1630 952 1905 1017 imperium
1935 949 2114 1016 populi

567 1043 787 1095 Romani
845 1042 1144 1094 lirtuaverit.
1198 1040 1511 1107 September
1565 1040 1797 1103 mensis,
1845 1037 2113 1100 October,

567 1132 862 1183 NUVt'ltlht‘r
910 1141 962 1182 et
1014 1129 1319 1189 December,
1371 1128 1715 1195 privicipalem
1760 1127 1838 1179 sui
1888 1126 2118 1178 retinent

568 1220 997 1287 appellationem,
1022 1217 1374 1282 signiﬁcantes
1400 1217 1611 1267 nomine
1632 1214 1779 1280 quoti
1807 1214 1915 1266 sint
1943 1229 1971 1265 a
2000 1228 2118 1266 ver-

572 1320 642 1359 no
671 1290 872 1370 [ιιι-ιιδθ,
905 1308 951 1358 id
983 1315 1081 1369 est,
1116 1305 1323 1365 Martio,
1349 1304 1428 1357 vel
1454 1304 1591 1370 quod
1624 1304 1818 1356 imbres
1846 1305 1897 1354 in
1919 1303 1999 1355 eis
2021 1303 2118 1354 im-

568 1398 824 1448 mineant.
855 1394 974 1447 Iltuc
1006 1394 1214 1446 Romuli
1238 1395 1331 1446 fuit
1360 1409 1533 1446 annua
1562 1393 1804 1447 ordinata
1834 1391 2118 1460 dimensio,

567 1486 657 1553 qui
685 1501 878 1536 armum
912 1485 950 1537 Χ
987 1486 1262 1545 mensium,
1293 1480 1494 1535 dierum
1526 1496 1651 1533 vero
1675 1480 1801 1535 CCC
1831 1490 1882 1534 et
1907 1480 1992 1533 IIII
2027 1481 2119 1533 Ita-

567 1571 799 1626 Iaentluui
850 1587 966 1625 esse
1012 1572 1301 1624 constituit.
1352 1569 1664 1635 Mensesque
1712 1570 1781 1621 ita
1829 1570 2118 1636 disposuit,

567 1670 624 1712 ut
644 1661 729 1715 IIII
752 1676 815 1714 ex
840 1662 921 1722 iis,
945 1660 1179 1724 Martius,
1199 1660 1383 1723 Maius,
1402 1658 1663 1725 Quintilis,
1686 1659 1932 1721 October,
1960 1660 2118 1712 trire-

569 1764 668 1801 nos
692 1749 913 1813 singuli,
944 1762 1036 1799 sex
1065 1763 1191 1801 vero
1220 1748 1405 1814 reliqui
1436 1748 1669 1800 tricenos
1694 1747 1949 1799 haberent
1976 1746 2111 1813 dies,

2214 595 2453 660 pﬂtIIIHH,
2484 597 2691 649 obviam
2729 612 2923 663 SpOltSO
2955 613 3017 652 ac
3046 601 3153 666 regi
3182 616 3280 655 suo
3311 605 3604 671 venientes,
3629 626 3730 663 mox

2214 697 2332 735 cum
2356 698 2419 734 eo
2449 684 2511 736 ad
2536 676 2745 752 nuptias
2770 700 3011 753 superna:
3030 688 3256 743 civitatis
3285 692 3565 747 intrabunt.
3592 694 3732 749 Paulo

2215 780 2332 837 post
2361 770 2525 824 Numa
2558 772 2606 825 in
2638 774 2891 827 honorem
2914 775 3128 841 imparis
3158 779 3361 832 numeri
3385 796 3539 833 unum
3565 783 3733 849 adjecit

2214 860 2352 912 diem
2371 900 2383 919 ,
2431 875 2589 927 quem
2640 860 2890 915 Januario
2918 865 3091 927 dedit,
3122 876 3177 918 ut
3206 875 3313 919 tam
3354 870 3406 922 in
3436 884 3569 923 anno
3596 888 3732 939 quam

2216 947 2266 999 in
2296 949 2564 1002 mensibus
2593 950 2827 1015 singulis,
2864 960 3055 1019 przeter
3082 969 3241 1007 unum
3267 954 3620 1019 Februarium,
3651 959 3733 1011 itn-

2216 1050 2311 1103 par
2339 1051 2587 1090 numerus
2626 1048 2942 1101 servaretur,
2986 1040 3134 1107 quasi
3184 1040 3366 1095 inferis
3404 1052 3458 1095 et
3485 1045 3735 1099 diminutio

2216 1132 2271 1177 et
2312 1140 2409 1192 par
2456 1141 2705 1179 numerus
2747 1129 3070 1181 conveniret.
3100 1129 3230 1182 Cum
3271 1144 3400 1197 ergo
3444 1130 3651 1185 Romani
3678 1149 3733 1187 ex

2218 1211 2315 1265 hac
2360 1210 2728 1267 distributione
2778 1213 3017 1281 Pompilii
3056 1214 3121 1269 ad
3170 1217 3307 1271 luna:
3336 1233 3577 1285 cursum,
3619 1221 3736 1274 sicut

2172 1374 2175 1377 ἰ
2216 1299 2383 1354 61·ωεί
2404 1340 2419 1363 ,
2453 1316 2644 1354 annum
2677 1302 2941 1371 proprium
2970 1313 3357 1371 computarent,
3388 1307 3670 1363 necessario
3692 1320 3737 1361 et

2220 1391 2585 1443 intercalarem
2653 1407 2885 1445 mensem
2951 1394 3289 1447 instituerunt
3345 1410 3493 1450 more
3545 1396 3735 1449 Cmo-

2220 1494 2355 1531 rmn.
2385 1479 2511 1531 Nam
2538 1488 2592 1532 et
2617 1479 2785 1534 Grzeci
2823 1495 2939 1533 cum
2974 1481 3455 1536 animadverterent
3481 1493 3667 1537 temere
3688 1499 3737 1536 sc

2220 1566 2475 1621 CCCLIIII
2504 1569 2688 1622 diebus
2731 1568 3057 1625 ordinavisse
3083 1586 3300 1633 annum,
3323 1573 3569 1638 quoniam
3597 1588 3739 1640 appa-

2219 1665 2358 1710 reret
2381 1658 2446 1708 de
2468 1657 2595 1712 solis
2614 1672 2787 1721 cursu,
2805 1659 2893 1725 qui
2919 1658 3181 1712 CCCLXV
3204 1660 3394 1713 diebus
3420 1671 3474 1713 et
3493 1662 3736 1727 quadran-

2218 1756 2269 1800 te
2314 1746 2589 1801 zodiacum
2636 1748 2876 1813 conticit,
2918 1748 3103 1803 deesse
3142 1765 3284 1802 anno
3323 1764 3422 1801 suo
3448 1748 3509 1802 XI
3550 1749 3656 1802 dies
3696 1759 3763 1801 et

561 1838 652 1907 qui
690 1838 847 1891 hodie
879 1838 1158 1905 quintanas
1198 1838 1392 1891 habent
1422 1852 1611 1902 nouas,
1653 1838 1827 1891 cmteri
1861 1839 2114 1907 septima-
2150 1828 2192 1886 Β
2219 1836 2591 1901 quadrantem,
2621 1837 2959 1891 intercalares
3006 1847 3202 1891 statuta
3244 1839 3455 1891 ratione
3491 1852 3734 1891 commen-

565 1938 680 1976 nas.
732 1922 1069 1991 Septimauas
1111 1932 1285 1977 aut-im
1339 1924 1671 1985 habentibus,
1719 1925 1785 1976 ab
1827 1923 2002 1978 Idibus
2030 1941 2118 1979 re-

563 2012 908 2063 vertebantur
943 2009 1186 2064 Caleuda:
1216 2010 1281 2063 ad
1316 2012 1453 2064 diem
1482 2012 1762 2079 septimum
1806 2012 2067 2065 decimum
2101 2029 2117 2076 ;

565 2112 747 2151 verum
796 2098 1109 2151 habentibus
1147 2099 1430 2164 quintanas
1478 2100 1541 2151 ad
1573 2108 1816 2153 octavum
1855 2100 2119 2153 decimum

564 2187 838 2239 remeabat
868 2187 1071 2239 initium
1101 2187 1451 2240 Calendarum
1472 2205 1483 2239 :
1503 2189 1593 2241 sed
1621 2204 1739 2242 cum
1767 2190 1851 2243 hic
1870 2206 2121 2244 numerus

565 2288 741 2341 neque
766 2274 896 2328 solis
923 2275 1131 2338 cursui,
1163 2290 1335 2345 neque
1382 2278 1675 2329 rationibus
1706 2279 1841 2331 luna:
1870 2279 2121 2331 conveni-

567 2370 668 2425 ret,
701 2379 1081 2431 nonnunquam
1111 2380 1207 2417 usu
1231 2366 1472 2419 veniebat
1499 2378 1552 2420 ut
1583 2367 1745 2434 frigus
1774 2370 1898 2421 anni
1926 2371 2120 2425 :estivis

567 2451 858 2511 mensibus.
907 2459 964 2505 et
1013 2461 1199 2507 contra
1245 2454 1392 2508 calor
1438 2456 1749 2510 hiemalibus
1798 2460 2116 2526 proveniret.

566 2539 719 2605 Quod
749 2541 835 2594 ubi
866 2541 1197 2608 contigisset,
1230 2552 1431 2596 tantum
1461 2544 1665 2597 dierum
1694 2546 1809 2599 sine
1835 2546 1942 2599 u’lo
1972 2562 2120 2599 men-

568 2630 642 2681 sis
668 2629 883 2682 nomine
917 2629 1253 2697 patiebantur
1280 2631 1505 2692 absumi,
1536 2643 1787 2694 quantum
1818 2633 1884 2686 ad
1915 2635 1966 2687 id
1996 2636 2119 2687 anui

567 2724 777 2783 tempus
805 2716 1114 2783 adduceret,
1142 2733 1248 2785 quo
1294 2720 1412 2774 cmli
1460 2721 1666 2772 habitus
1697 2723 1908 2776 instanti
1955 2725 2121 2778 mensi

566 2814 726 2871 aptus
772 2807 1119 2863 inveniretur.
1144 2808 1252 2862 Sed
1296 2819 1511 2863 secutus
1539 2811 1701 2863 Numa
1746 2814 2120 2880 quinquaginta

570 2894 687 2947 dies
714 2894 879 2958 addit,
911 2904 969 2948 ut
996 2897 1048 2949 in
1075 2897 1247 2950 CCCL
1272 2907 1326 2950 ct
1351 2898 1436 2951 IIII
1469 2900 1602 2962 dies,
1634 2902 1824 2970 quibus
1871 2903 1957 2955 XII
1989 2906 2122 2957 luta:

567 2998 757 3038 cursus
791 2985 983 3039 conlici
1032 2986 1284 3051 credidit,
1327 3003 1495 3041 annus
1539 2991 1930 3054 extctiilerctur,
1962 3002 2122 3061 atque

2222 1926 2316 1977 tati
2340 1935 2487 1987 sunt,
2534 1927 2605 1979 ita
2638 1936 2694 1978 ut
2722 1937 2910 1979 octavo
2955 1942 3169 1994 quoque
3218 1942 3359 1980 anno
3410 1927 3495 1980 XC
3521 1927 3659 1990 dies,
3684 1940 3740 1979 ea

2218 2013 2411 2078 quibus
2440 2022 2547 2066 tres
2575 2028 2780 2065 menses
2806 2014 3129 2067 tricenoruut
3174 2016 3378 2067 dierum
3418 2024 3739 2082 computave-

2219 2109 2359 2165 runt,
2385 2101 2478 2153 inti
2496 2102 2771 2154 rcalarent.
2796 2102 3084 2169 Huncergo
3103 2103 3344 2157 ordinem
3373 2103 3740 2170 Romanisque-

2218 2203 2321 2255 que
2343 2188 2533 2239 imitari
2562 2188 2773 2257 placuit,
2797 2190 2888 2241 sed
2912 2189 3120 2252 frustra,
3145 2192 3340 2259 quippe
3367 2192 3496 2258 fugit
3516 2208 3607 2245 eos
3624 2193 3741 2260 diem

2222 2291 2410 2340 unum,
2442 2277 2578 2330 sicut
2616 2291 2778 2346 supra
2823 2278 3224 2343 admonuimus,
3255 2280 3493 2333 additum
3530 2294 3561 2332 a
3603 2294 3659 2333 se
3688 2280 3741 2330 ad

2218 2364 2458 2420 Graecum
2489 2382 2763 2421 numerum
2793 2367 2843 2419 iu
2890 2367 3143 2421 honorem
3176 2369 3394 2435 imparis
3441 2368 3667 2431 numeri;
3691 2382 3742 2419 ea

2220 2471 2278 2509 re
2306 2472 2401 2524 per
2418 2456 2719 2509 octennium
2739 2456 3021 2510 convenire
3044 2472 3290 2510 numerus
3320 2467 3479 2525 atque
3504 2458 3632 2511 ordo
3652 2471 3738 2509 nan

2220 2554 2458 2613 poterat,
2489 2545 2583 2599 sed
2609 2546 2699 2613 qui
2743 2545 2935 2599 exinde
2959 2548 3031 2599 sit
3068 2561 3223 2600 error
3248 2550 3485 2613 geniuts,
3514 2548 3742 2617 qualiter-

2219 2648 2322 2700 que
2350 2634 2521 2688 eidetu
2549 2636 2620 2687 sit
2657 2650 2983 2700 succursum,
3015 2636 3067 2689 in
3098 2636 3314 2704 prmfata
3361 2634 3487 2689 [lori
3530 2647 3583 2689 et
3628 2638 3741 2687 1⁵η-

2224 2726 2407 2775 tcxtati
2459 2723 2835 2790 disputatione,
2864 2726 3005 2777 unde
3044 2734 3099 2778 et
3146 2726 3245 2777 ista
3272 2726 3644 2793 decerpsimus,
3671 2724 3743 2793 qui

2221 2812 2359 2862 scire
2380 2810 2493 2861 vult
2511 2810 2759 2867 inveniet.
2789 2810 3021 2865 Tandem
3050 2813 3209 2865 Caius
3234 2810 3407 2867 Julius
3431 2812 3623 2872 (λων,
3648 2814 3745 2865 inii-

2225 2904 2364 2948 lutus
2392 2894 2690 2965 Egyptios,
2722 2897 2789 2949 ad
2812 2912 3088 2950 numerum
3117 2899 3246 2952 solis
3273 2914 3495 2963 annum,
3521 2901 3649 2952 sicut
3668 2899 3745 2949 lio-

2222 2980 2306 3034 tl:e
2334 2991 2589 3046 servatur,
2618 2983 2874 3047 instituit,
2909 2983 2948 3036 X
2978 2984 3226 3037 videlicet
3274 2986 3388 3037 dies
3416 2983 3745 3038 observationi

567 3071 634 3122 iis
667 3069 707 3122 ι.
750 3072 935 3125 diebus
960 3087 991 3125 a
1030 3087 1091 3127 se
1118 3075 1334 3137 additis,
1365 3076 1558 3142 adjecit
1596 3078 1728 3130 alios
1756 3078 1818 3130 \’l
1866 3090 2123 3134 retractos
2223 3072 2390 3123 νειεΐὶ
2430 3072 2845 3139 ευρεηιιιὶοίεηε
2871 3112 2886 3135 .
2940 3081 3000 3125 ιιι
3051 3086 3247 3125 annum
3304 3071 3574 3125 CCCLXV
3620 3072 3747 3131 dies.

567 3154 672 3209 illis
701 3155 764 3209 VI
794 3160 1080 3221 mensibus,
1107 3161 1197 3229 qui
1228 3161 1371 3213 XXX
1402 3163 1668 3216 habebant
1694 3164 1826 3226 dies,
1852 3165 1899 3218 id
1929 3180 2027 3231 est,
2056 3168 2126 3221 de
2154 3150 2200 3208 C
2229 3161 2417 3227 quibus
2440 3160 2550 3225 ipse
2576 3159 2849 3213 zodiacum
2880 3158 3103 3225 lustrat,
3131 3157 3431 3213 eﬂicereut.
3461 3159 3525 3211 Et
3552 3173 3617 3212 ne
3642 3175 3749 3227 qua-

2226 3247 2384 3301 drans
2403 3246 2631 3309 deesset,
2661 3247 2843 3300 statuit
2870 3258 2925 3298 ut
2948 3257 3140 3314 quarto
3188 3261 3407 3315 quoque
3426 3262 3568 3300 anno
3592 3262 3749 3301 sacer-

2226 3334 2401 3396 dotes,
2429 3335 2518 3400 qui
2557 3336 2845 3396 curabaut,
2876 3335 3143 3389 mensibus
3170 3349 3235 3389 ac
3262 3336 3453 3390 diebus
3492 3350 3646 3389 unum
3684 3335 3750 3387 in-

2228 3426 2543 3477 tercalarent
2588 3426 2759 3487 diem,
2806 3440 2872 3478 eo
2920 3425 3124 3478 scilicet
3168 3439 3353 3479 mense
3398 3440 3464 3479 ac
3491 3425 3751 3491 loco.quo

2226 3511 2387 3563 etiam
2427 3514 2563 3579 apud
2604 3523 2817 3566 veteres
2864 3514 3059 3565 mensis
3086 3498 3522 3579 intercalabatur,
3564 3514 3614 3565 id
3652 3522 3751 3571 est.

2229 3607 2350 3649 ante
2376 3599 2609 3663 quinque
2638 3600 2848 3651 ultimos
2895 3598 3091 3652 mensis
3135 3598 3412 3652 Februarii
3458 3600 3591 3663 dies,
3621 3600 3751 3664 idque

2230 3685 2517 3738 bissextum
2547 3686 2752 3738 censuit
2775 3685 3172 3739 nominandum.
3204 3682 3361 3739 Omni
3382 3687 3532 3745 enim
3554 3688 3753 3739 interca-

2233 3774 2414 3825 lationi
2446 3774 2641 3825 mensis
2674 3773 2991 3827 Februarius
3018 3774 3303 3845 deputatus
3330 3786 3432 3839 est,
3463 3778 3698 3845 quoniam
3721 3775 3755 3824 is

2232 3860 2448 3911 ultimus
2485 3861 2608 3911 anni
2637 3871 2771 3922 erat,
2798 3859 2936 3927 quod
2979 3863 3138 3914 etiam
3183 3863 3355 3929 ipsum
3382 3878 3449 3916 ex
3477 3863 3753 3917 Grccoruui

2232 3946 2528 3998 imitatione
2569 3946 2849 4005 faciebant,
2878 3963 3001 3999 nam
3033 3948 3108 4000 illi
3137 3948 3323 4001 ultimo
3356 3951 3484 4002 anni
3511 3951 3591 4003 sui
3618 3948 3756 4002 nunsi

2230 4050 2380 4102 super
2391 4034 2525 4087 ﬂuos
2550 4035 2935 4088 interserebaut
2958 4036 3091 4088 dies.
3115 4036 3313 4089 Verum
3333 4054 3440 4090 una
3463 4055 3523 4092 re
3544 4054 3574 4091 a
3591 4038 3707 4092 Cm
3724 4037 3756 4087 is

2230 4120 2560 4176 diderebant.
2584 4135 2705 4173 nam
2738 4121 2833 4184 illi,
2855 4120 3097 4174 confecto
3117 4122 3305 4175 ultimo
3332 4139 3538 4189 mense,
3565 4118 3755 4178 Romani

2234 4226 2336 4262 non
2366 4208 2609 4263 confecto
2631 4210 2959 4275 f'ebrnario,
2988 4212 3079 4264 sed
3108 4221 3230 4279 post
3262 4213 3574 4267 vicesimum
3601 4224 3651 4266 et
3674 4221 3757 4263 tera

568 3243 791 3309 singulis
818 3246 1074 3311 singulos,
1107 3248 1380 3315 tactosque
1406 3248 1445 3300 L
1469 3260 1523 3303 et
1551 3250 1613 3303 VI
1645 3254 1757 3304 dies
1788 3254 1837 3305 in
1866 3254 2000 3307 duos
2027 3271 2126 3307 no-

569 3346 668 3384 vos
694 3348 904 3389 menses
933 3337 1043 3403 pari
1078 3338 1287 3391 ratione
1312 3338 1521 3400 divisit,
1554 3355 1616 3393 ac
1638 3340 1704 3394 de
1743 3342 1949 3395 duobus
1981 3346 2127 3411 prio-

568 3435 683 3473 rem
728 3421 1036 3479 Januarium
1082 3431 1441 3495 nuncupavit,
1483 3432 1815 3499 primumque
1843 3434 1967 3485 anui
2011 3422 2130 3487 esse

570 3509 761 3571 voluit,
791 3520 1041 3577 tanquam
1073 3512 1301 3580 bicipitis
1326 3514 1411 3567 dei
1443 3530 1706 3579 mensem,
1757 3520 2127 3585 respicientem

573 3611 640 3649 ac
685 3601 1097 3666 prospicientem
1147 3605 1396 3657 transacti
1452 3607 1575 3658 anni
1622 3606 1811 3670 linem,
1862 3608 2131 3678 futurique

574 3685 855 3754 principia.
890 3690 1111 3752 Quidam
1142 3700 1416 3744 autumant
1438 3691 1741 3747 Januarium
1773 3710 2129 3764 nuncupatum

571 3786 639 3825 ex
667 3789 733 3826 eo
772 3778 911 3841 quod
946 3778 1095 3831 limes
1119 3788 1169 3830 et
1196 3779 1357 3845 jauua
1386 3782 1454 3833 sit
1481 3783 1625 3834 anni.
1656 3783 1956 3838 Secundum
1987 3786 2131 3839 dica-

575 3860 652 3911 vit
682 3860 911 3923 Februo,
947 3863 996 3915 id
1026 3873 1127 3926 est,
1162 3864 1397 3927 Plutoni,
1424 3868 1514 3932 qui
1542 3868 1912 3922 lustrationum
1945 3882 2132 3938 potens

571 3949 911 4015 credebatur,
942 3950 1257 4019 Ittsttarique
1286 3968 1352 4005 eo
1382 3968 1432 4003 ut
1470 3969 1564 4007 use
1610 3957 1879 4009 civitatem
1912 3974 2131 4012 necesse

572 4046 725 4093 crat.
754 4052 863 4104 quo
900 4042 1087 4092 statuit
1124 4052 1180 4092 ut
1210 4041 1330 4107 jura
1369 4043 1470 4094 diis
1499 4045 1739 4099 manibus
1777 4046 2128 4101 solverentur.

575 4126 683 4177 Sed
739 4128 879 4180 hanc
932 4128 1184 4181 lustrandi
1232 4131 1667 4183 consuetudinem
1722 4132 1858 4185 bene
1910 4137 2134 4188 mutavit

572 4213 875 4266 Christiana
902 4216 1113 4283 religio,
1140 4232 1259 4270 cum
1288 4217 1341 4270 in
1380 4232 1563 4271 mense
1601 4218 1789 4287 eodem
1815 4219 1903 4274 die
1938 4232 2134 4275 sancta:

578 4301 757 4355 Maria:
782 4305 930 4371 plebs
954 4306 1217 4369 universa,
1239 4321 1359 4359 cum
1380 4307 1744 4361 sacerdmibus
1770 4324 1835 4361 ac
1861 4311 2124 4375 ministris,

2235 4299 2363 4349 tium
2392 4297 2533 4348 diem
2577 4297 2693 4361 ejus
2742 4298 3145 4361 intenealabant,
3174 4297 3567 4353 Terminalibus
3591 4299 3757 4355 scilicet

579 4390 793 4458 hymnis
820 4392 1105 4445 modulata:
1145 4395 1290 4448 vocis
1336 4409 1430 4462 per
1458 4384 1708 4448 ecclesias
1730 4437 1746 4461 ,
1777 4412 1975 4464 perque
2001 4414 2124 4452 cnn-

2230 4385 2338 4451 jain
2372 4388 2631 4451 peractis;
2658 4386 2847 4439 deinde
2874 4386 3108 4455 reliquos
3138 4385 3414 4440 Februarii
3452 4391 3645 4442 mensis
3668 4385 3757 4439 dies

574 4492 711 4544 gnra
737 4481 879 4533 urbis
900 4482 1039 4542 loca,
1064 4458 1609 4553 procedit,‘datosque
1628 4501 1659 4539 a
1958 4493 2124 4543 cuncti

2240 4474 2329 4538 qui
2358 4482 2508 4524 erant
2550 4474 2808 4556 quinque,
2839 4484 2961 4539 post
3005 4475 3463 4528 intercalationem
3505 4475 3757 4540 subjunge-

576 4583 767 4621 oereos
792 4570 843 4621 in
862 4571 1102 4623 manibus
1121 4581 1328 4637 gestant
1344 4574 1610 4633 ardentes,
1634 4585 1686 4627 ει
1704 4587 2019 4642 sugg-scum,
2042 4579 2136 4631 bo.
2243 4563 2400 4623 baut,
2431 4561 2590 4613 credo
2622 4576 2669 4611 vi
2689 4562 2786 4613 teri
2824 4562 3096 4630 religionis
3132 4577 3245 4616 sua:
3274 4576 3449 4627 more,
3478 4571 3538 4614 ut
3563 4560 3759 4614 Februo

580 4672 649 4707 na
672 4660 1075 4724 consuetudine,
1094 4661 1143 4712 id
1173 4661 1341 4727 ipsum
1373 4663 1423 4713 in
1445 4666 1650 4718 caeteris
1670 4679 1882 4732 quoque
1902 4666 2124 4732 ejusdem

2242 4652 2376 4702 rium
2404 4650 2712 4702 omnimodo
2738 4650 2953 4703 Iartius
2978 4660 3313 4719 sequeretur.

580 4746 753 4798 beata:
772 4749 954 4799 matris
983 4758 1037 4798 et
1064 4758 1333 4817 perpetua:
1355 4751 1571 4817 virginis
1588 4753 1961 4808 festivitatibus
1981 4756 2137 4822 agere
2824 4783 3048 4837 CAPUT
3076 4784 3215 4837 χιιι,

582 4834 787 4895 didicit.
818 4852 923 4889 non
955 4838 1209 4906 utiquein
1236 4841 1597 4895 lustrationem
1629 4848 1895 4899 terrestris
1930 4848 2135 4906 imperii
2599 4891 2634 4906 ..
2690 4893 2725 4906 ..
2766 4895 2777 4906 .
2972 4834 3036 4906 ξί
3078 4834 3213 4906 im:
3247 4892 3264 4906 .
3538 4884 3543 4887 -

582 4846 787 4933 castrat.
818 4852 923 4889 non
955 4846 1135 4906 utique
1150 4846 1209 4936 in
1236 4846 1597 4895 lustrationem
1629 4848 1895 4899 terrestris
1930 4848 2135 4915 imperii
2594 4891 2667 4944 De
2686 4893 2921 4945 ﬁdem
2979 4891 3209 4944 κώεα
3238 4892 3423 4945 ’δίδη

582 4935 1001 4989 quiﬁt-cuneus.
1030 4926 1123 4979 sed
1171 4942 1223 4979 tn
1254 4943 1537 4995 perennem
1578 4934 1721 4997 regni
1771 4936 1999 4988 calests
2026 4952 2137 4989 me-
3426 4930 3443 4946 '

584 5014 833 5078 suariam,
854 5015 1085 5081 quando.
1105 5017 1253 5082 juxta
1282 5020 1585 5085 parabolatn
1616 5023 1874 5088 virginum
1904 5025 2137 5091 prnden-
2312 5020 2505 5073 Priscis
2528 5019 2857 5087 temporibus
2881 5019 3118 5086 pontiﬁci
3149 5020 3344 5073 minori
3375 5019 3489 5074 hac
3520 5016 3765 5091 providen-

1805 5155 2089 5211 υιυδειε
2130 5156 2217 5211 ΕΤ
2254 5152 2556 5210 εωιοιω.

587 5280 732 5351 ποίει
780 5290 1056 5351 utramque
1097 5279 1760 5351 etymolngi‘amAconlint-t.

664 5346 973 5413 Hermonis
1360 5346 1495 5410 Quid
1544 5350 1643 5399 hoc
1676 5351 1791 5401 loco
1820 5349 1959 5403 Beda
1991 5362 2145 5405 vocet

526 5456 545 5475 ε
593 5418 949 5479 horoscopos,
992 5416 1159 5468 fateor
1198 5432 1281 5466 me
1320 5416 1545 5466 nescire.
1606 5416 1732 5466 Nam
1782 5422 2063 5479 ὡςάποπος
2090 5430 2145 5472 et

592 5476 963 5549 nume-4mm
994 5484 1249 5547 signiﬁcat
1268 5522 1284 5543 ,
1310 5486 1357 5533 il
1386 5495 1463 5533 est
1492 5520 1503 5539 .
1534 5498 1650 5533 eam
1678 5476 1907 5547 signilvri
1940 5502 2142 5553 partem

594 5568 715 5620 ,ει-
744 5560 991 5621 sumu-
1040 5554 1285 5614 qtmpiam
1330 5564 1487 5612 supc‘
1534 5552 1864 5621 horizontem
1897 5552 2143 5621 emergit,

594 5620 969 5673 occule-stium
1032 5634 1207 5669 rerum
1266 5630 1665 5684 temporumque.
1714 5620 2141 5679 olLservatorem;

597 5703 756 5749 quem
786 5690 827 5735 si
858 5692 955 5737 hoc
988 5688 1105 5737 loco
1130 5686 1365 5747 strnue
1395 5690 1568 5741 voles.
1614 5702 1716 5737 non
1766 5690 1917 5739 rideo
1942 5706 2033 5740 ciir
2066 5692 2143 5741 has

600 5770 797 5807 annum
838 5756 1037 5820 aperiat
1078 5756 1287 5821 Aprilis.
1350 5754 1477 5804 Nam
1516 5755 1759 5820 ὶιξικηωε
1818 5770 1997 5811 noctes
2040 5770 2143 5809 tam

2249 5296 2371 5338 sunt
2414 5285 2642 5343 idonea,
2673 5283 2960 5350 etquidem
3008 5284 3239 5352 amplius
3281 5299 3446 5352 quam
3493 5299 3667 5340 vernae
3703 5288 3768 5333 aut

2247 5365 2464 5406 ηυνξ.

2867 5435 3063 5489 car-nt
3073 5433 3189 5489 xm.
3696 5481 3735 5489 η
3761 5478 3767 5489 ,

2322 5487 2467 5539 Bais.
2524 5487 2659 5540 Ral.
2690 5485 3220 5557 Cmam—Prisci:
3244 5488 3560 5557 temporibus

2250 5560 2435 5609 minori
2478 5560 2585 5607 hac
2631 5560 2949 5619 pret-idean:
2986 5552 3356 5620 (degebant;
3400 5556 3457 5609 Id
3484 5552 3600 5617 est,
3628 5552 3771 5605 trnale'

2250 5626 2425 5683 batur,
2474 5626 2921 5685 mittebatur,
2972 5624 3057 5675 vel
3101 5624 3445 5676 credebatur.
3510 5622 3770 5688 Visula“.

2250 5693 2449 5743 scilicet
2478 5694 2593 5763 ejus
2620 5691 2755 5743 Intus:
2782 5692 2961 5763 sidus,
2992 5692 3293 5763 velvisnm,

2250 5770 2301 5811 et
2332 5759 2735 5825 apparitioncm.
2798 5759 2923 5829 [legi
2968 5759 3290 5827 sorriﬁate,
3343 5760 3398 5814 id
3446 5770 3551 5825 est,
3580 5756 3771 5829 pontiﬁci
