3880 6234
473 366 579 421 385

958 361 1160 415 BED.E
1203 358 1651 414 VENEHABILIS
1681 359 1957 414 UPLttUM
2002 357 2194 411 PARS.
2236 356 2276 410 l.
2310 383 2379 397 -
2420 354 2861 410 DIDASCAIJCA
2905 354 3229 408 GENUISA.
3608 356 3695 409 5‘35

474 485 533 531 et
560 484 840 529 remanent
867 478 972 527 duo
998 453 1212 538 {tribus
1232 488 1359 540 ergo
1384 474 1549 541 signis
1577 480 1633 526 et
1678 472 1887 526 duobus
1915 486 2048 538 pun-
2084 477 2118 529 Α
2154 468 2424 539 ptuaginta
2466 483 2591 532 sex;
2644 467 2839 537 partire
2867 482 2961 537 per
3009 467 3215 530 decem,
3248 477 3447 534 se,.taes
3473 458 3591 521 deni
3626 484 3700 524 se-

476 564 598 626 ctis,
616 570 807 616 octava
828 564 945 614 luna
962 577 1174 629 semper
1200 579 1228 614 a
1259 562 1373 615 sole
1398 561 1682 615 dirimitur.
1704 562 1847 615 Duos
1869 573 2045 613 au'em

478 661 705 719 punctos
734 667 823 704 sev
870 658 1047 718 partes
1076 650 1330 717 intellig»,
1376 650 1428 705 id
1458 658 1556 713 est,
1598 659 1853 718 quantum
1886 650 1965 704 sol
1997 649 2046 702 in

476 743 696 797 zodiaca
713 758 817 795 .srx
837 742 1021 795 dichus
1040 743 1253 796 coniicit
1278 742 1499 806 ititn-ris,
1529 750 1753 809 punctus
1780 742 2045 811 siquidem

481 835 642 889 habet
673 844 780 887 tres
824 845 1021 901 partes,
1052 836 1173 900 quia
1205 834 1657 901 sigttum'quoque
1698 833 1885 887 decem
1916 850 2051 902 pun-

479 934 616 989 ctos,
653 926 864 991 triginta
895 925 1264 978 auteubhabet
1288 932 1487 993 pattes.
1517 924 1645 979 [tem
1676 940 1827 979 sume
1854 940 2048 979 nouam

477 1014 738 1068 decimam
783 1014 1002 1081 lunam,
1050 1012 1340 1083 multiplica
1372 1029 1469 1083 per
1494 1022 1744 1081 quatuor,
1793 1015 1923 1067 liunt
1969 1029 2055 1067 se-

2157 560 2311 630 ptais,
2340 568 2392 613 et
2420 568 2697 613 remanent
2735 561 2863 623 sex‘;
2895 566 3097 626 septem
3136 575 3265 625 ergo
3313 559 3479 625 signis
3506 568 3561 613 et
3587 560 3702 615 hora

2155 668 2277 714 una,
2305 652 2446 719 quod
2478 660 2559 705 est
2583 650 2854 705 dimidium
2882 649 3036 717 signi,
3069 664 3130 703 ac
3158 658 3379 719 puncto,
3413 648 3466 701 id
3494 657 3591 712 est,
3619 648 3703 703 tri-

2152 741 2251 796 bus
2290 741 2551 809 partibus,
2602 754 2740 793 nona
2785 739 2989 793 decima
3036 754 3247 807 semper
3296 738 3346 791 in
3394 738 3590 792 itinere
3608 754 3704 809 quo

2154 841 2391 903 coeperat
2418 847 2446 885 a
2476 831 2589 885 sole
2616 832 2848 899 digressa
2876 839 2973 884 est.
3006 829 3067 883 Et
3096 845 3163 883 ne
3192 832 3426 899 suspicio
3458 830 3550 884 tibi
3586 830 3703 882 torte

2155 922 2451 991 argumenti
2508 920 2737 976 fallentis
2788 921 3005 986 incidat,
3058 935 3236 989 qutere
3282 922 3348 973 ad
3401 921 3703 975 diametrum

2157 1015 2298 1079 cmli,
2324 1013 2466 1081 quod
2487 1013 2725 1081 quintam
2750 1012 3011 1066 decimam
3041 1012 3223 1066 lunam
3247 1020 3431 1066 tenere
3454 1000 3613 1065 netno
3635 1019 3704 1064 e.-t

1733 1146 2019 1203 (ἔωθε)ίί
2066 1149 2149 1202 ΕΤ
2188 1149 2501 1205 SCIlULlA.

477 1256 607 1293 vero
636 1241 874 1307 quintam
906 1240 1161 1303 continet,
1194 1239 1394 1292 habens
1434 1255 1484 1291 tu
1508 1253 1566 1291 se
1596 1238 1721 1291 oct'o
1756 1249 2044 1292 momenta.

480 1311 736 1363 Minutum
766 1325 892 1363 vero
922 1319 1004 1362 est
1030 1310 1256 1362 maxima
1305 1323 1428 1375 pars
1456 1309 1609 1361 unius
1656 1308 1832 1370 horae;
1865 1318 2017 1362 Oslt'n

482 1391 591 1431 tum
624 1394 747 1431 vero
788 1379 856 1430 60
895 1394 1018 1447 pars
1060 1378 1203 1431 hora:
1234 1385 1336 1442 est,
1366 1378 1567 1431 habens
1596 1378 1649 1431 in
1689 1392 1749 1431 se
1792 1393 2047 1431 CCCLXXVI

480 1460 709 1501 atomos.
750 1447 859 1500 Una
908 1462 1034 1500 vero
1063 1448 1191 1499 hora
1225 1447 1387 1501 habet
1416 1448 1467 1500 in
1508 1463 1566 1500 se
1599 1463 1703 1499 χιιι
1736 1455 1962 1510 atomos,
1997 1457 2051 1500 et

481 1533 602 1570 nu.
632 1514 709 1571 Ex
728 1518 807 1571 his
832 1526 1006 1569 tamen
1023 1518 1396 1582 partitionibus
1416 1516 1800 1584 prmdietisdua
1816 1526 2047 1569 stautnm

479 1588 542 1636 :nl
597 1587 733 1639 hanc
789 1594 1102 1654 prmsentem
1145 1587 1528 1652 qutcStiouem,
1562 1586 1614 1639 id
1657 1594 1758 1648 est,
1802 1587 1867 1637 ad
1914 1586 2050 1638 lunae

478 1656 775 1709 discursum
807 1656 1073 1723 pertinere
1094 1672 1197 1708 non
1228 1655 1445 1708 dubium
1474 1663 1572 1718 est,
1605 1655 1900 1724 quinariatn
1944 1656 2048 1707 sci-

479 1726 603 1777 lic-t
632 1734 686 1777 et
729 1725 1211 1791 quadragesimam.
1248 1725 1499 1788 Quinaria
1517 1738 1753 1792 namque
1793 1724 1856 1776 ad
1886 1725 2052 1777 solius

482 1794 619 1871 luna:
649 1805 860 1871 curunn
898 1796 1167 1871 pertinet,
1206 1794 1411 1871 ueteris
1443 1794 1815 1871 partitionibus
1842 1802 1895 1871 et
1925 1792 2052 1846 solis
2091 1817 2127 1871 ιι

477 1873 531 1915 ει
547 1864 680 1915 lunae
693 1864 1014 1917 discursibus
1031 1864 1316 1917 attributis.
1332 1861 1483 1927 Quod
1500 1877 1627 1929 ergo
1648 1861 1846 1915 Plinius
1860 1863 2053 1915 Secon-

478 1934 575 1983 du~
602 1932 784 1995 refert,
801 1933 977 1985 lunam
1010 1934 1298 1985 dodt-autes
1312 1942 1364 1984 et
1377 1932 1676 1985 semuncias
1689 1932 1939 1984 horarum
1960 1940 2053 1984 aut

483 2003 609 2054 oriri
637 2012 726 2054 aut
747 2002 991 2055 occidere
1014 2003 1217 2054 tardius
1237 2001 1473 2068 quotidie
1502 2017 1661 2069 quam
1693 2002 1858 2066 pridie
1880 2003 2050 2053 Inerat

478 2071 529 2122 in
553 2081 671 2123 ortu
696 2079 788 2124 aut
827 2071 878 2125 in
910 2086 1123 2136 occasu,
1167 2070 1297 2123 tanti
1335 2072 1564 2135 spatium
1596 2070 1851 2137 temporis
1882 2078 2048 2132 tenet,

481 2141 580 2191 hoc.
610 2149 691 2192 est
732 2156 836 2192 xxx
867 2149 921 2192 et
964 2157 1068 2193 nuu
1095 2159 1122 2189 ιι
1157 2149 1447 2203 momenta,
1496 2148 1549 2192 et
1593 2140 1731 2193 bisse
1763 2140 1917 2191 unius
1942 2156 2053 2192 mo-

482 2209 666 2261 menti.
695 2210 930 2261 Dodrans
960 2210 1156 2278 quippe
1183 2209 1233 2261 in
1258 2210 1402 2263 onmi
1431 2224 1674 2262 mensura
1702 2217 1811 2262 tres
1840 2220 2055 2275 qua-tas

481 2289 660 2345 partes
691 2279 949 2331 continet.
980 2279 1034 2330 Si
1057 2294 1185 2343 ergo
1216 2279 1347 2330 hora
1380 2294 1481 2330 una
1509 2278 1864 2344 quadraginta
1896 2280 2055 2331 habet

483 2358 766 2411 momenta,
810 2348 1051 2414 sequitur
1095 2356 1150 2398 ut
1190 2347 1423 2400 dodrans
1469 2348 1622 2400 unius
1665 2349 1809 2401 horae
1842 2348 2054 2412 tr'ginta

478 2426 749 2469 momenta
793 2418 1087 2470 contineat.
1141 2416 1269 2467 Dun
1301 2426 1477 2470 autem
1522 2432 1622 2469 una
1665 2417 1795 2470 hora
1843 2417 1895 2469 in
1924 2416 2057 2469 duo-

478 2486 648 2539 decim
683 2487 866 2539 uncias
908 2486 972 2539 ad
1003 2485 1403 2538 similitudinem
1450 2487 1587 2539 assis
1619 2486 1888 2549 dividitur,
1918 2487 2056 2538 duo-

476 2555 683 2608 decima
709 2555 823 2621 ejus
850 2571 992 2623 pars,
1026 2570 1143 2621 qua:
1178 2556 1330 2607 uncia
1363 2556 1543 2609 vocari
1575 2564 1770 2622 potest,
1803 2551 1864 2607 ιη’
1888 2554 2058 2607 tribus

481 2625 764 2678 momentis
810 2642 873 2678 ac
917 2624 1068 2677 tertia
1102 2624 1254 2677 unius
1287 2626 1538 2679 momenti
1575 2634 1725 2691 parte
1767 2624 2053 2678 invenitur.

477 2691 643 2760 Cujus
686 2693 853 2747 uncia)
904 2694 1179 2745 dimidium
1246 2702 1328 2746 est
1377 2706 1730 2756 momentum,
1780 2709 1941 2745 unum
2004 2703 2057 2746 et

483 2762 759 2815 dimidium
808 2764 1091 2825 momenti,
1127 2771 1181 2815 et
1228 2773 1379 2815 sexta
1410 2778 1533 2830 pars
1579 2765 1737 2816 unius
1779 2764 2056 2815 momenti.

480 2830 642 2895 igitur
664 2832 969 2899 prmdictum
992 2833 1242 2899 spatium,
1263 2833 1309 2883 id
1330 2840 1427 2895 est,
1447 2833 1679 2886 dodrans
1696 2832 2052 2893 etsemuncia,

483 2916 607 2952 χχχι
639 2910 928 2961 momenta,
963 2910 1015 2954 et
1043 2902 1175 2953 dias
1207 2902 1388 2955 tertias
1412 2911 1612 2969 partes,
1643 2901 1693 2954 id
1720 2908 1818 2962 est,
1838 2901 2056 2969 ilirssem

480 2986 590 3021 slve
616 2971 789 3022 bisseu
824 2972 959 3022 intra
990 2986 1047 3024 se
1076 2971 1296 3036 colligit.
1328 2968 1426 3038 Bgs
1469 2985 1719 3038 namque,
1746 2978 1803 3023 ut
1834 2968 2057 3022 Priscia-

481 3056 577 3089 nus
606 3040 795 3101 docet,
846 3054 941 3107 pro
974 3042 1066 3093 dcs
1096 3043 1327 3107 ponitur.
1376 3040 1479 3094 Des
1524 3056 1650 3094 vero
1680 3054 1873 3092 nomen
1904 3054 2047 3092 com-

2132 1241 2294 1298 ,enim
2328 1250 2428 1305 ter,
2474 1240 2585 1293 sive
2617 1251 2696 1295 ter
2734 1239 3112 1307 quadragiu‘a.
3147 1254 3252 1293 cxx
3300 1246 3443 1292 sunt.
3495 1237 3561 1292 Et
3600 1240 3707 1299 ideo

2155 1325 2317 1364 unum
2340 1319 2437 1374 est,
2465 1311 2627 1364 triens
2657 1309 2810 1363 unius
2849 1308 3122 1368 momenti,
3165 1317 3221 1362 et
3249 1310 3546 1362 centesima
3579 1311 3703 1367 vice-

2154 1380 2286 1433 sima
2318 1395 2438 1445 pars
2472 1381 2625 1432 unius
2664 1380 2822 1433 horae.
2860 1375 3032 1430 Prima
3078 1378 3236 1443 igitur
3266 1378 3389 1431 luna
3422 1388 3547 1446 post
3587 1382 3701 1434 solis

2154 1465 2401 1502 occasum
2434 1449 2644 1511 lucens,
2690 1456 2929 1500 moratur
2965 1462 3127 1517 super
3154 1455 3369 1517 terram,
3415 1449 3588 1517 spatio
3614 1450 3701 1502 do-

2157 1518 2359 1571 drantis
2384 1527 2438 1572 et
2476 1520 2743 1571 semuncia
2782 1518 2936 1570 unius
2967 1515 3132 1570 hora).
3168 1515 3571 1586 Lunasecuuda
3602 1531 3708 1586 post

2155 1588 2283 1640 solis
2310 1603 2557 1641 occasum
2607 1596 2841 1641 moratur
2869 1602 3029 1653 super
3058 1595 3279 1650 terram,
3326 1585 3551 1639 lucendo
3592 1585 3707 1641 hora

2158 1666 2211 1709 et
2239 1657 2475 1721 dimidia,
2511 1665 2565 1709 et
2613 1672 2713 1709 una
2761 1657 2933 1709 uncia.
2968 1654 3150 1707 Tertia
3201 1656 3384 1707 lucens
3429 1670 3553 1723 post
3596 1659 3708 1711 solis

2157 1740 2424 1789 occasum,
2458 1735 2696 1778 moratur
2722 1726 2893 1793 spatio
2922 1724 3141 1777 duarum
3177 1725 3451 1790 horarum,
3483 1734 3538 1779 et
3560 1729 3707 1781 tertia:

2160 1795 2323 1859 partis
2380 1796 2533 1849 unius
2587 1795 2762 1855 hmo,
2817 1802 2870 1848 et
2920 1795 3239 1857 semuncia};
3294 1803 3505 1859 quarta,
3560 1797 3707 1849 tribus

2159 1865 2303 1915 horis
2342 1872 2395 1915 ct
2435 1863 2637 1918 duabus
2687 1863 2893 1927 unciis;
2939 1864 3149 1930 quinta,
3176 1872 3405 1929 quatuor
3439 1865 3602 1924 horis,
3630 1881 3707 1917 ex-

2157 1944 2308 1997 cepta
2337 1934 2643 1996 semuncia;
2684 1941 2832 1985 sexta
2854 1971 2867 1994 ,
2896 1940 3126 1999 quatuor
3171 1932 3314 1985 horis
3345 1942 3398 1985 et
3437 1932 3707 1995 dodrante;

2159 2003 2405 2068 septima,
2439 2003 2671 2070 quinque
2695 2002 2839 2055 horis
2869 2011 2923 2055 et
2945 2001 3181 2063 dimidia,
3215 2010 3267 2053 et
3296 2003 3601 2065 semuncia;
3630 2018 3706 2055 0c-

2161 2080 2299 2134 tava,
2358 2087 2450 2125 sex
2500 2073 2665 2137 horis,
2713 2080 2766 2125 et
2796 2072 2947 2124 tertia
2981 2080 3133 2138 parte
3163 2070 3319 2122 unius
3360 2070 3533 2131 hune;
3567 2088 3705 2133 nona,

2161 2140 2299 2209 lucet
2344 2150 2547 2209 Septem
2600 2141 2762 2200 horis.
2813 2148 2867 2193 et
2918 2156 3017 2193 una
3066 2139 3216 2191 uncia
3256 2148 3313 2194 et
3349 2140 3595 2204 dimidia;
3626 2142 3705 2192 de-

2161 2207 2315 2274 cima,
2350 2207 2494 2265 lucet
2524 2218 2647 2263 octo
2695 2209 2870 2273 horis,
2925 2219 3150 2276 excepta
3183 2224 3285 2261 una
3319 2210 3507 2270 uncia;
3558 2210 3703 2263 unde-

2160 2279 2316 2341 cima,
2366 2280 2506 2333 lucet
2544 2288 2669 2333 octo
2700 2279 2866 2341 horis,
2908 2287 2960 2331 et
2992 2279 3129 2331 bisse
3157 2280 3311 2330 unius
3345 2277 3511 2339 horai,
3540 2290 3592 2332 et
3630 2293 3704 2330 se-

2160 2351 2403 2413 muucia;
2434 2348 2765 2411 duodecima,
2798 2348 2941 2402 lucet
2980 2363 3168 2400 [IOVEM
3200 2347 3367 2411 horis,
3396 2358 3448 2399 et
3474 2348 3703 2402 dimidia:

2162 2419 2563 2479 tertiadecima,
2619 2420 2753 2472 lucet
2802 2418 2987 2471 decem
3035 2416 3200 2479 hori=,
3251 2426 3306 2469 et
3350 2417 3638 2484 quadrante
3663 2426 3707 2471 et

2163 2488 2464 2549 semuncia;
2516 2487 2913 2555 quartadecima
2965 2487 3103 2540 lucet
3162 2485 3409 2540 undecim
3458 2488 3621 2551 horis,
3663 2500 3706 2539 et

2162 2558 2346 2617 uncia;
2399 2558 2790 2625 quintadecima
2841 2557 2985 2609 lucet
3038 2555 3284 2609 undecim
3338 2556 3504 2619 horis,
3553 2568 3603 2610 et
3627 2557 3705 2609 de-

2161 2640 2383 2678 cuncem
2407 2634 2461 2679 et
2486 2628 2833 2690 semunciam,
2861 2626 2911 2679 id
2936 2634 3038 2688 est,
3067 2625 3347 2678 duodecim
3367 2626 3513 2679 horis
3539 2635 3706 2694 praeter

2166 2710 2322 2747 unaut
2358 2697 2564 2749 unciam
2584 2704 2639 2749 et
2665 2695 3013 2750 semunciam.
3034 2694 3089 2748 Si
3112 2709 3237 2747 vero
3266 2696 3379 2747 inec
3401 2696 3706 2764 computatio

2161 2766 2448 2832 secundum
2469 2765 2664 2817 Bedam
2677 2772 2909 2832 quatuor
2925 2765 3135 2831 punctis
3148 2764 3389 2830 quotidie
3408 2774 3705 2823 succrescat.

2162 2831 2553 2899 decimaquinta
2578 2834 2698 2886 luna
2732 2833 3012 2886 duodecim
3055 2847 3216 2899 super
3246 2841 3443 2885 terram
3474 2834 3615 2887 horis
3642 2833 3707 2885 lu-

2164 2916 2287 2955 cere
2322 2902 2617 2963 invenitur;
2651 2917 2715 2956 ac
2745 2919 2839 2969 per
2878 2902 2981 2955 hoc
3011 2909 3233 2969 apparet
3271 2912 3530 2969 quantum
3569 2902 3707 2955 distat

2163 2970 2301 3022 inter
2317 2969 2467 3023 Plinii
2484 2972 2709 3024 Secundi
2725 2972 3177 3037 supputationem,
3196 2985 3317 3037 quas
3337 2986 3433 3038 per
3448 2971 3708 3024 dodrantes

2162 3048 2215 3092 ct
2252 3042 2553 3110 semuncias
2583 3040 2901 3110 cumulatur,
2940 3050 2995 3093 et
3022 3039 3196 3110 Beda},
3236 3055 3353 3108 quae
3377 3056 3475 3109 per
3503 3050 3709 3110 quatuor

479 3108 708 3173 positum
746 3103 862 3170 est,
897 3103 1132 3176 dempto,
1166 3110 1369 3163 scilicet
1398 3125 1525 3164 vero
1558 3109 1722 3162 triens
1763 3123 1793 3161 a
1822 3108 2057 3177 nomine,
2087 3103 2132 3165 C
2168 3117 2412 3177 punctos.
2448 3109 2715 3163 Invenitur
2741 3109 2883 3162 enim
2917 3125 3017 3162 una
3048 3103 3201 3161 uncia
3230 3103 3285 3161 εἰ
3313 3103 3538 3164 semisse
3576 3114 3708 3164 unius

476 3192 585 3244 quo
606 3179 619 3228 ι
637 3187 715 3231 est
749 3179 914 3248 triens
938 3194 1039 3230 una
1066 3179 1246 3248 littera
1263 3178 1473 3248 quidem
1497 3185 1785 3246 assumpta.
1822 3176 1956 3230 Hinc
1979 3188 2059 3248 est

480 3254 569 3297 des
616 3247 1000 3315 compositum,
1045 3247 1263 3314 dempto
1306 3249 1517 3311 triente,
1554 3263 1649 3315 pro
1691 3261 1798 3314 quo
1846 3247 2061 3302 nomine

480 3316 724 3384 ponimus
770 3319 870 3369 bes.
900 3318 1005 3372 Sed
1035 3317 1345 3383 praedictum
1374 3318 1625 3385 spatium,
1657 3315 1804 3384 quod
1827 3331 1856 3368 a
1890 3315 2061 3369 Plinio

483 3385 728 3438 Secundo
752 3385 901 3449 juxta
920 3386 1216 3439 naturalem
1243 3389 1379 3439 luna:
1409 3402 1621 3441 cursum
1645 3400 1955 3453 expressum
1981 3396 2063 3438 est

480 3470 576 3521 pro
626 3454 878 3509 facilitate
922 3454 1241 3519 calculandi,
1292 3455 1433 3509 Beda
1464 3464 1695 3521 quatuor
1739 3462 2060 3522 punctorum

480 3538 677 3575 mnteu
715 3534 805 3594 et
873 3539 1177 3577 mensulam
1241 3525 1516 3594 appellare
1558 3523 1894 3594 curavitaSi
1941 3525 2061 3591 quis

482 3608 612 3645 vero
639 3593 750 3644 vult
793 3594 1110 3661 dignoscere
1139 3592 1338 3658 quanta
1367 3592 1665 3648 differentia
1703 3594 1773 3646 sit
1802 3593 1940 3646 inter
1967 3593 2063 3646 do-

480 3661 683 3713 drantis
705 3674 754 3713 et
773 3663 1061 3715 semuncia:
1088 3664 1337 3730 spatium,
1368 3672 1423 3717 et
1462 3671 1693 3729 quatuor
1721 3671 2058 3730 punctorum,

480 3733 617 3782 sciat
647 3732 806 3784 talem
837 3747 954 3784 esse
994 3730 1348 3785 dil'l‘erent’am
1398 3733 1611 3799 qualem
1660 3732 1800 3784 inter
1849 3732 2061 3799 triginta

480 3800 587 3851 duo
620 3810 912 3867 momenta,
938 3809 992 3854 et
1026 3801 1240 3866 triginta
1268 3817 1452 3862 unum,
1485 3810 1539 3854 et
1582 3800 1721 3854 bisse
1749 3800 1907 3854 unius
1943 3817 2060 3854 m0-

485 3870 670 3921 meuti.
710 3867 835 3922 Ηωο
885 3878 1061 3923 autem
1128 3869 1429 3923 diliereutia
1487 3871 1751 3923 invenitur
1800 3870 1853 3923 in
1906 3871 2061 3924 tertia

484 3947 635 4005 parte
676 3940 828 3992 unius
851 3937 1127 3992 momenti.
1157 3938 1396 4003 Quatuor
1419 3939 1580 4005 igitur
1602 3938 1781 4006 puncti
1806 3947 2062 4005 superant

480 4007 801 4059 dodrantem
845 4017 898 4060 et
928 4009 1274 4069 semunciam,
1308 4008 1359 4061 in
1403 4010 1557 4061 tertia
1589 4016 1740 4075 parte
1769 4008 1921 4060 unius
1948 4024 2064 4061 mo-

486 4076 687 4138 menti;
720 4077 995 4129 dodrantis
1026 4092 1153 4129 vero
1179 4084 1231 4127 et
1261 4079 1545 4130 semuncia:
1570 4077 1703 4130 ratio
1731 4084 1890 4142 atque
1914 4092 2062 4130 men-

482 4161 607 4197 sura
636 4159 699 4196 εχ
737 4146 1068 4198 duodenario
1100 4161 1322 4198 numero
1368 4146 1520 4199 facile
1562 4146 2056 4212 comprehenditur.

484 4212 567 4265 Sit
596 4214 758 4276 enim,
791 4215 1018 4281 exempli
1038 4230 1215 4275 causa,
1250 4216 1610 4269 duodeuarius
1634 4230 1889 4268 numerus
1911 4216 2061 4283 quasi

489 4283 641 4335 uncia
684 4299 783 4335 una
819 4302 829 4335 :
866 4283 1117 4335 dividitur
1162 4284 1250 4353 illa
1290 4286 1445 4337 uncia
1474 4287 1525 4338 in
1549 4294 1657 4337 tres
1680 4292 1879 4353 partes,
1910 4287 2061 4337 tertia

488 4367 608 4415 pars
629 4352 1000 4418 quaternarius
1029 4362 1128 4405 est.
1163 4352 1548 4417 Quatermrius
1582 4352 1723 4407 enim
1751 4362 1830 4405 ter
1850 4352 2059 4414 ductus,

488 4420 539 4472 in
581 4420 971 4492 duodenarium
996 4423 1219 4492 crescit.
1251 4421 1413 4487 Cujus
1445 4422 1613 4477 tertia:
1644 4422 1830 4492 partis,
1883 4421 1933 4474 id
1962 4430 2063 4492 est

486 4490 811 4561 quaternarii
851 4490 1122 4561 dimidium
1150 4532 1164 4554 ,
1211 4491 1451 4545 binarius
1499 4502 1612 4557 est;
1644 4490 1761 4561 'qui
1804 4490 2059 4561 biuarius,

486 4559 1007 4630 duodenariisexta.
1034 4558 1168 4612 llinc
1193 4561 1493 4614 ostenditur
1507 4562 1648 4630 quod
1673 4558 1724 4613 in
1748 4560 1892 4614 onmi
1916 4573 2065 4630 meu-

485 4642 611 4698 sura
652 4624 929 4698 dimidium
980 4630 1151 4698 tertiac
1198 4641 1350 4683 sexta
1393 4624 1554 4685 totius
1605 4645 1727 4698 pars
1775 4628 2061 4682 invenitur.

487 4695 616 4748 Item
658 4695 897 4760 ejusdem
942 4697 1254 4751 duodenarii
1295 4700 1516 4753 numeri'
1544 4695 1775 4752 dodrans
1802 4740 1816 4763 ,
1867 4713 2061 4751 novem

486 4772 629 4817 sunt.
692 4764 923 4818 Tantum
972 4766 1113 4817 enim
1168 4767 1219 4818 in
1262 4784 1364 4820 una
1415 4769 1543 4822 hora
1595 4768 1828 4821 dodrans
1876 4776 2062 4828 tenet,

488 4844 746 4900 quantum
776 4835 828 4887 in
871 4835 1199 4889 duodenario
1251 4852 1462 4890 novem.
1518 4838 1639 4890 Alio
1685 4836 1887 4889 modo:
1921 4834 2063 4889 Hora

486 4904 839 4971 quadraginta
872 4913 1139 4974 momenta
1169 4906 1348 4970 habet,
1384 4916 1436 4959 et
1473 4906 1890 4974 unumquodque
1946 4920 2063 4957 mli-

491 4982 728 5042 ur'ntutu
776 4982 1008 5039 quatuor
1063 4973 1223 5026 habet
1269 4980 1509 5029 trientes.
1557 4973 1885 5029 Duddecima
1944 4990 2065 5042 pars

488 5040 723 5110 ipstirum
774 5042 1124 5110 quadraginta
1174 5052 1565 5097 momentorum
1614 5047 1766 5097 uncia
1818 5040 2059 5097 vocatur.

492 5109 565 5181 lle
588 5111 802 5181 triginta
830 5126 923 5164 sex
956 5109 1241 5181 momentis
1268 5114 1452 5180 accipe
1489 5113 1587 5165 tria
1618 5122 1912 5179 momenta,
1939 5113 2064 5181 quia

489 5178 807 5232 duodecima
837 5180 1198 5249 parsillorum
1220 5190 1321 5244 est,
1354 5178 1407 5233 et
1440 5182 1506 5234 de
1528 5190 1760 5249 quatuor
1782 5178 2066 5248 momentis

490 5250 677 5319 accipe
706 5247 872 5319 unum
907 5247 1179 5319 trientem,
1223 5249 1274 5302 id
1319 5259 1419 5310 εει,
1462 5247 1829 5305 duodecimam
1862 5258 2065 5319 partem

490 5316 723 5388 illorum,
756 5325 812 5371 et
846 5316 1015 5384 junge
1046 5316 1218 5384 ipsum
1251 5320 1499 5373 trientem
1526 5336 1645 5373 cum
1678 5320 1847 5373 tribus
1864 5316 2067 5388 'supra-

489 5385 645 5438 dictis
706 5388 1011 5449 momentis,
1056 5394 1111 5439 et
1175 5388 1279 5440 erit
1321 5389 1413 5441 tibi
1472 5390 1645 5442 uncia.
1690 5388 1758 5441 Et
1805 5385 2067 5445 metietas

490 5453 651 5507 unius
679 5455 871 5518 unciae,
898 5455 949 5509 id
973 5466 1075 5519 est,
1108 5467 1434 5510 momentum
1459 5466 1513 5509 et
1540 5457 1831 5521 dimidium,
1864 5465 1919 5512 et
1956 5475 2067 5513 me-

491 5522 669 5577 dietas
723 5524 960 5588 trientis,
1002 5539 1121 5592 qua:
1168 5538 1387 5580 vocatur
1416 5534 1655 5587 sextans,
1689 5526 1742 5579 id
1772 5534 1872 5589 est,
1914 5539 2065 5583 sexta

498 5607 626 5664 pars
672 5594 948 5664 momenti,
979 5595 1264 5664 semuncia
1297 5606 1577 5650 vocantur.
1613 5594 1753 5662 Ergo
1782 5595 1913 5650 hora
1935 5610 2069 5664 qua-

493 5660 809 5726 dragesima,
865 5671 922 5715 ut
960 5660 1221 5725 diximus,
1260 5664 1420 5719 habet
1466 5660 1758 5725 momenta;
1809 5660 2067 5719 etunum-

493 5731 742 5796 uztodque
815 5738 1145 5788 momentum
1221 5741 1328 5789 tres
1409 5734 1645 5790 trientes.
1707 5735 2064 5804 Quadraginta

2164 3176 2333 3231 uncire
2353 3176 2667 3234 dilferentia.
2687 3177 2914 3233 Plinium
2938 3188 3116 3233 tamen
3131 3180 3423 3233 secundum
3441 3181 3707 3234 naturalem

2161 3263 2374 3301 cursum
2399 3264 2515 3303 esse
2541 3257 2803 3312 secutum,
2827 3250 3073 3302 dubitare
3096 3264 3201 3302 non
3224 3248 3512 3311 debemus;
3536 3247 3707 3302 Bedam

2162 3333 2291 3371 vero
2313 3317 2616 3373 facilitatem
2644 3318 2988 3387 computandi
3013 3318 3256 3384 elegisse.
3281 3316 3339 3373 Si
3362 3319 3523 3387 igitur
3543 3333 3707 3387 agnos-

2163 3402 2286 3456 cere
2308 3388 2458 3451 cupis
2479 3398 2731 3456 quantam
2758 3386 3088 3456 unaquaeque
3122 3389 3248 3441 luna
3266 3386 3559 3442 secundum
3577 3386 3708 3440 Plinii

2163 3454 2397 3527 Secundi
2428 3454 2901 3527 computationem,
2927 3473 2957 3511 a
2986 3454 3154 3527 prima
3183 3472 3354 3527 usque
3373 3460 3442 3512 ad
3472 3459 3706 3513 decimam

2163 3526 2405 3595 quintam
2458 3527 2510 3580 in
2556 3526 2722 3582 nocte
2775 3527 2945 3588 lueet,
2990 3526 3293 3595 multiplica
3347 3528 3467 3595 ejus
3523 3535 3707 3581 :etateta

2163 3607 2370 3663 quater.
2405 3596 2473 3650 Et
2518 3611 2637 3649 cum
2675 3595 3009 3663 perspexeris
3052 3604 3184 3663 quot
3211 3605 3443 3666 punctos
3472 3596 3581 3665 ipse
3600 3610 3706 3666 qua.

2167 3666 2429 3718 ternarius
2459 3666 2748 3719 reddiderit
2798 3679 3069 3727 numerus,
3115 3663 3242 3720 tunc
3272 3663 3504 3732 exipsis
3527 3663 3707 3733 punetis

2168 3743 2245 3815 tot
2276 3734 2459 3815 tertias
2490 3733 3245 3815 partes'momentisubtrahe
3288 3745 3425 3815 quot
3468 3734 3708 3812 diesaztas

2166 3800 2303 3855 hune
2349 3800 2613 3856 habuerit.
2660 3803 2814 3855 Verbi
2845 3803 3040 3869 gratia,
3099 3803 3143 3856 si
3193 3800 3354 3857 fuerit
3401 3821 3455 3870 γ,
3504 3804 3707 3870 quinque

2167 3874 2346 3924 tertias
2377 3882 2554 3940 partes
2580 3872 2856 3934 momenti,
2889 3872 2941 3923 id
2970 3881 3052 3925 est
3089 3883 3423 3927 momentum
3457 3888 3642 3935 unum,
3666 3879 3707 3921 et

2166 3940 2308 3993 bisse
2335 3942 2487 3994 unius
2519 3942 2773 3994 momenti
2804 3941 3094 4001 subtrahe;
3128 3951 3183 3994 et
3202 3942 3245 3994 si
3275 3941 3439 3996 fuerit
3468 3958 3524 4006 ι,
3551 3943 3706 3994 decent

2168 4011 2351 4062 tertias
2389 4020 2568 4078 partes
2615 4010 2891 4075 momenti,
2939 4009 2992 4063 id
3036 4018 3149 4071 est,
3195 4010 3295 4063 tria
3345 4018 3630 4076 momenta,
3664 4017 3706 4078 et

2168 4076 2404 4148 tertiam—
2454 4093 2657 4148 partem
2734 4080 2890 4132 unius
2964 4078 3265 4143 momen'i,
3336 4080 3608 4133 subtrahe.
3662 4076 3704 4129 Si

2167 4147 2323 4201 fuerit
2372 4165 2459 4213 xv,
2492 4148 2793 4216 quindecim
2827 4148 3009 4200 tertias
3041 4158 3219 4216 partes
3248 4149 3527 4214 momenti,
3554 4148 3601 4201 id
3622 4155 3701 4203 est.

2166 4219 2400 4285 quinque
2462 4214 2771 4280 tn‘otnenta,
2821 4216 3095 4269 subtrahe.
3149 4214 3265 4286 ipsa
3322 4232 3453 4271 vero
3507 4218 3706 4286 quinque

2167 4297 2433 4341 momenta
2464 4326 2481 4351 ,
2546 4286 2986 4340 unam‘uuciam
3060 4296 3115 4338 et
3172 4285 3451 4339 dimiliam
3510 4285 3705 4339 reddunt

2167 4355 2270 4408 hoc
2326 4356 2485 4410 modo
2540 4373 2553 4408 :
2620 4354 2743 4409 Tria
2793 4363 3060 4408 momenta
3100 4361 3156 4407 et
3207 4353 3364 4408 tertia
3422 4370 3545 4424 pars
3581 4352 3707 4407 unius

2169 4426 2423 4479 momenti
2473 4426 2680 4479 unciam
2729 4424 3157 4480 l'aciunt.l1num
3197 4424 3364 4490 igitur
3413 4432 3704 4480 momentum

2165 4502 2219 4545 et
2248 4495 2543 4557 dimidium,
2575 4506 2628 4549 et
2656 4503 2808 4548 sexta
2830 4509 2953 4563 pars
2976 4494 3131 4547 unius
3161 4494 3445 4561 momenti,
3472 4491 3704 4549 dimidiam

2167 4564 2376 4631 unciam
2406 4565 2695 4631 complent.

2238 4630 2360 4685 Hzec
2407 4630 2563 4699 igitur
2615 4634 2750 4687 ratio
2797 4648 2958 4700 quam
3007 4631 3251 4698 superius
3296 4630 3364 4686 de
3406 4648 3564 4688 cursu
3592 4631 3703 4684 luna!

2166 4700 2520 4762 ostendimus,
2555 4716 2649 4770 per
2677 4704 2853 4756 omnia
2903 4703 3204 4757 accessibus
3233 4710 3402 4769 atque
3444 4701 3704 4758 recessibus

2167 4770 2327 4823 maris
2372 4771 2660 4823 convenire
2706 4771 3043 4825 manifestum
3093 4780 3198 4825 est.
3245 4770 3412 4831 Elaris
3450 4772 3585 4826 enim
3633 4781 3701 4821 re-

2167 4853 2229 4891 ce
2257 4853 2348 4892 sus
2375 4846 2535 4905 atque
2564 4853 2845 4907 accessus,
2870 4842 3076 4894 matiam
3104 4841 3266 4895 etiam
3291 4850 3351 4895 et
3378 4842 3548 4895 laudet:
3577 4849 3702 4893 nam.

2168 4907 2264 4959 rali
2292 4908 2566 4975 sequentia
2609 4909 2849 4963 lunarem
2878 4924 3092 4963 cursum
3132 4912 3447 4965 observant.
3497 4910 3619 4963 llinc
3640 4914 3705 4960 est

2168 4986 2224 5050 ut
2268 4976 2402 5031 sicut
2454 4976 2575 5029 luna
2627 4979 2910 5050 perksigna
2958 4994 3173 5050 cursum
3219 4993 3375 5050 suum
3432 4977 3640 5050 peragit.
3662 4982 3704 5050 ςι

2167 5046 2308 5100 circa
2342 5054 2536 5098 terram
2564 5043 2875 5115 Quotidiano
2904 5047 3108 5100 ambitu
3143 5043 3458 5113 revolvitur;
3484 5043 3703 5115 ita—tuti!

2170 5128 2415 5186 accessus
2456 5112 2798 5186 quotidianus
2851 5124 2906 5169 et
2966 5130 3211 5172 recessus
3263 5118 3507 5186 ejusdem
3553 5112 3705 5186 spoliis

2175 5184 2379 5238 tardius
2412 5183 2665 5253 temporis
2690 5190 2795 5239 aut
2820 5187 2886 5237 al
2932 5193 3129 5239 terram
3158 5183 3393 5252 accedit,
3423 5196 3518 5243 aut
3540 5183 3701 5240 Itan

2167 5254 2385 5317 recedit.
2422 5252 2488 5306 Et
2526 5252 2666 5308 sicut
2695 5256 2837 5317 luna,
2889 5261 2947 5307 ut
2989 5255 3351 5324 praediximus,
3382 5256 3704 5324 dn-Jrantoel

2169 5324 2467 5398 semuncia,
2500 5325 2585 5398 vel
2614 5332 2845 5398 quatuor
2877 5322 3089 5391 punctis
3115 5324 3317 5380 tardius
3346 5326 3520 5398 (vet-hi
3544 5322 3703 5395 [nl-ili

2169 5393 2327 5445 hodie
2353 5408 2514 5461 quam
2554 5393 2680 5447 heri
2731 5403 2849 5449 orta
2872 5402 3108 5463 esttam
3147 5404 3267 5463 post
3312 5393 3446 5449 solis
3492 5393 3701 5449 om

2167 5475 2328 5529 supra
2359 5471 2527 5515 ternas
2573 5472 2810 5516 moratur
2830 5504 2845 5529 ,
2875 5461 3121 5517 similiter
3148 5461 3422 5519 accessus
3451 5463 3600 5518 maris
3627 5466 3701 5514 alt

2170 5546 2410 5586 recessus
2429 5531 2619 5586 eodem
2642 5532 2817 5601 spatio
2841 5531 3042 5586 tardius
3069 5534 3227 5588 hodie
3246 5547 3409 5601 quam
3433 5533 3546 5588 beri
3564 5531 3699 5601 [ιιαᾳι

2169 5598 2843 5671 comprehenditurfSicut
2867 5600 3008 5671 enim
3032 5602 3230 5655 animal
3256 5598 3597 5671 adsedrabjt
3610 5598 3701 5668 ιρί·

2170 5670 2350 5732 ritum,
2401 5672 2478 5725 sic
2528 5673 2650 5724 luna
2708 5686 2875 5725 utare.
2925 5670 3049 5736 Qui,
3082 5671 3286 5726 scilicet
3336 5680 3500 5727 astus
3541 5670 3700 5725 (tum

2171 5739 2406 5806 quotidie
2444 5741 2524 5795 bis
2554 5740 2798 5810 alllucrc,
2838 5750 2892 5797 et
2920 5741 3125 5797 scilicet
3153 5740 3234 5799 bis
3265 5756 3525 5818 remeare,
3550 5736 3597 5795 id
3616 5742 3698 5799 cal.
