3880 6234
134 379 220 438 389

1333 369 1425 450 ne
1463 365 1844 423 'I'EIIPOIIUII
1887 364 2203 418 ιιΑτιοΝε,

3296 360 3402 413 590

136 500 338 562 punctos
358 475 613 560 quatuor,
644 497 700 543 et
727 501 886 542 unam
925 491 1165 556 partem:
1195 491 1250 537 et
1280 481 1405 552 quia
1455 479 1542 534 illa
1582 476 1697 531 XIII
1729 480 1775 540 Α
1805 473 2039 538 LXXVI,
2069 474 2270 544 partire
2296 486 2394 542 per
2423 470 2629 562 decem,
2675 471 2901 562 septies
2924 469 3046 562 deni
3095 471 3404 562 septaistet

138 590 297 650 partes
323 578 629 647 complente
657 576 740 630 sol
772 590 928 629 unam
975 571 1232 641 complet,
1281 569 1405 624 inde
1451 568 1565 622 ﬁeri
1618 575 1699 634 ut,

139 672 259 724 sicut
283 684 438 738 supra
468 667 774 728 docuimus,
797 680 900 719 non
929 664 1046 733 plus
1072 660 1388 730 quotidiano
1413 671 1702 729 progressu

140 758 306 824 asoIe,
336 772 492 828 quam
539 756 816 826 quaternis
853 752 1087 824 punctis,
1139 749 1245 804 hoc
1290 758 1393 812 est,
1443 744 1705 801 duodenis

141 850 380 917 partibus,
410 849 711 915 elongetur.
741 845 914 900 Ponat
936 857 1065 911 ergo
1091 845 1272 897 lunam
1308 839 1531 894 ubilibet
1557 853 1707 892 como

141 951 313 1008 putare
339 937 586 997 voluerit,
639 943 828 1004 utpote
870 934 922 987 in
955 933 1072 986 ΚΑΙ.
1122 930 1407 984 Januarias
1439 929 1704 997 primam:

142 1033 350 1089 hrecnbi
395 1033 563 1100 prima
615 1038 827 1082 noctem
860 1025 1114 1092 diemque
1161 1022 1504 1088 transegerit,
1557 1019 1706 1073 illum

146 1125 246 1178 mali
277 1124 445 1176 locum
471 1127 638 1180 tenet,
668 1132 828 1186 quem
859 1116 939 1170 sol
968 1113 1086 1167 XIII
1126 1113 1326 1167 mensis
1355 1111 1593 1178 ejusdem
1624 1108 1712 1161 die

146 1211 406 1281 completo.
440 1207 540 1262 Ubi
571 1207 806 1262 secunda
838 1215 939 1269 est,
992 1204 1283 1273 multiplica
1311 1203 1416 1254 duo
1445 1216 1538 1270 per
1581 1213 1713 1268 qua-

150 1312 272 1366 tuor,
304 1300 428 1354 ﬁunt
455 1309 604 1354 octo.
636 1298 768 1352 Item
792 1306 850 1350 ut
871 1296 937 1355 de
969 1295 1182 1366 punctis
1209 1295 1273 1345 ad
1305 1302 1488 1362 partes
1518 1305 1712 1360 perve-

151 1393 267 1454 nias,
295 1389 578 1458 multiplica
606 1386 713 1439 VIII
761 1401 856 1456 per
886 1384 973 1449 III,
1001 1385 1131 1438 liunt
1161 1382 1367 1436 XXIIII.
1402 1381 1550 1434 Illam
1585 1394 1714 1448 ergo

150 1480 255 1534 cteIi
282 1488 478 1548 partem
508 1483 657 1530 tenet
687 1476 810 1529 luna
859 1474 900 1547 II
950 1476 1001 1528 in
1050 1473 1138 1528 IIII
1186 1473 1366 1527 Nonas
1409 1471 1712 1533 Ianuarias,

151 1587 290 1639 quam
317 1573 392 1625 sol
418 1570 602 1638 viginti
633 1577 867 1637 quatuor
893 1569 960 1620 ab
1007 1567 1134 1620 hinc
1183 1567 1270 1620 die
1300 1564 1571 1618 confecto.
1618 1561 1714 1616 Ubi

153 1661 285 1715 tertia
314 1669 409 1725 est,
447 1659 738 1728 multiplica
771 1656 835 1710 III
860 1672 957 1727 per
997 1666 1249 1725 quatuor,
1285 1655 1420 1708 Iiunt
1448 1652 1559 1714 XII,
1593 1668 1716 1721 par-

154 1753 238 1805 tire
265 1767 351 1820 per
376 1749 582 1810 decem,
613 1749 793 1802 decies
822 1762 943 1801 asse
984 1746 1170 1810 decus,
1200 1753 1256 1798 et
1301 1753 1584 1798 remanent
1610 1743 1716 1798 duo

1805 573 2091 620 remanent
2121 561 2209 627 VI,
2240 561 2532 630 multiplica
2567 561 2680 613 lucc
2710 576 2805 628 per
2837 559 2925 620 III,
2959 560 3091 611 Iinnt
3115 557 3160 610 X
3184 568 3238 612 et
3262 557 3398 613 VIII.

1806 656 1952 709 Illam
1976 663 2181 723 partem
2205 653 2326 708 caeli
2358 652 2709 704 circumvolat
2739 651 2860 703 luna
2886 649 3001 703 XIX
3033 649 3085 704 in
3117 649 3256 703 XIIII
3287 651 3402 705 Kal.

1807 745 2150 810 Februariac,
2182 724 2342 812 quam
2393 744 2476 798 sol
2518 751 2639 810 post
2682 741 2772 794 VII
2821 743 2888 794 ab
2940 743 3066 795 binc
3101 757 3314 796 menses
3343 758 3407 796 ac

1808 836 1923 891 dies
1967 834 2010 888 X
2054 844 2109 889 et
2132 833 2265 898 VIII,
2298 833 2346 886 id
2375 840 2476 892 est,
2513 831 2666 884 XVIII
2696 831 2782 884 die
2826 840 2948 900 post
2994 831 3130 884 XIIII
3181 832 3406 884 Kalend.

1809 927 2113 997 Septemb.,
2145 925 2236 993 qui
2268 934 2348 978 est
2379 923 2487 976 VIII
2521 923 2702 976 Iduum
2733 923 3012 990 Septemb.
3047 923 3182 976 dies.
3228 923 3294 975 Et
3344 937 3410 975 ne

1811 1021 2095 1090 scrupulus
2127 1020 2218 1072 tibi
2251 1019 2386 1072 forte
2419 1017 2718 1084 argnmemi
2763 1015 2996 1068 fa'lentis
3026 1016 3248 1079 incidat,
3289 1031 3411 1084 pro-

1813 1115 1877 1167 ba
1902 1113 1966 1166 ad
1994 1111 2317 1164 diametrum
2348 1110 2493 1172 anni,
2523 1109 2665 1173 quod
2698 1105 2791 1158 XV
2827 1115 3012 1159 t-nere
3046 1106 3224 1159 lunam
3260 1120 3412 1158 rarus

1814 1205 1902 1274 qui
1932 1204 2153 1265 nesciat,
2187 1201 2481 1267 multiplira
2506 1198 2595 1252 XV
2643 1214 2736 1267 per
2767 1198 2874 1258 IIII,
2911 1196 3042 1250 fiunt
3074 1197 3180 1256 LX,
3213 1199 3414 1266 partire

1816 1309 1912 1362 per
1940 1293 2149 1355 decem,
2183 1290 2358 1343 sexies
2405 1291 2515 1342 seni
2560 1290 2772 1352 sexais;
2829 1289 2890 1340 VI
2943 1290 3085 1342 enim
3139 1292 3415 1342 mensibus

1818 1384 2039 1444 exactis,
2065 1383 2114 1436 id
2144 1391 2245 1444 est,
2281 1381 2458 1434 medio
2482 1381 2738 1434 circuitus
2768 1379 2892 1432 anni
2921 1377 3171 1432 confecto
3202 1379 3415 1439 itinere,

1818 1475 1898 1528 sol
1931 1475 2257 1542 ingredietur
2296 1483 2500 1542 partem
2536 1474 2653 1527 em'i
2687 1488 2790 1541 qua
2828 1472 2950 1524 luna
2986 1470 3072 1522 XV
3106 1471 3418 1523 cireumfer-
3507 1508 3510 1511 -

1821 1572 1922 1618 tur.
1960 1563 2023 1616 Et
2057 1565 2179 1632 quia
2212 1573 2337 1616 tttnc
2377 1561 2467 1616 XV
2501 1563 2621 1615 Jan.
2655 1564 2769 1615 dies
2820 1571 2924 1624 est,
2973 1563 3222 1613 nimirum
3276 1562 3418 1614 illam

1819 1663 2027 1723 partem
2060 1654 2140 1706 sol
2171 1652 2260 1705 XV
2287 1655 2373 1707 die
2402 1652 2526 1706 Julii
2560 1655 2759 1707 mensis
2789 1654 2976 1706 adibit.
3006 1653 3069 1704 Et
3102 1663 3158 1705 ut
3181 1654 3246 1705 ad
3275 1670 3421 1707 sum-

1821 1760 1966 1797 mum
1999 1745 2296 1806 veniamus,
2343 1760 2492 1796 smne
2534 1743 2680 1795 XXX
2711 1745 2913 1805 lunam,
2955 1761 3074 1811 qua:
3104 1755 3229 1797 tunc
3272 1746 3326 1796 lit
3358 1745 3422 1798 III

155 1842 329 1908 puncti,
359 1840 408 1893 id
431 1856 474 1894 e.
494 1847 534 1904 t,
569 1838 633 1891 VI
676 1847 893 1907 partes;
923 1838 1066 1890 Illam
1100 1849 1228 1904 ergo
1252 1836 1374 1890 (ξαιιί
1405 1844 1612 1904 partem
1639 1843 1716 1888 te-
1753 1819 1792 1877 Β
1826 1834 1940 1887 Kal.
1967 1833 2122 1899 Feb.,
2153 1834 2446 1903 multiplica
2473 1849 2566 1900 per
2597 1831 2703 1897 IIII,
2737 1833 2870 1884 liunt
2896 1832 3034 1885 CXX
3062 1851 3073 1896 ;
3106 1833 3305 1900 partire
3329 1849 3423 1902 per

153 1940 230 1985 net
255 1933 366 1984 luna
398 1930 459 1983 III
491 1945 651 1998 quam
684 1931 762 1982 sol
807 1943 990 1982 mense
1036 1935 1152 1982 toto
1181 1935 1237 1980 et
1277 1927 1469 1981 diebus
1501 1925 1565 1979 VI
1600 1932 1720 1994 post

155 2024 345 2076 tertiuzn
371 2022 549 2076 Nonas
587 2020 873 2074 Ianuarias
901 2020 1129 2081 exactis,
1161 2019 1210 2072 id
1237 2026 1341 2085 εει,
1373 2017 1439 2070 VI
1464 2026 1585 2086 post
1616 2025 1720 2070 ter-

157 2114 268 2166 lium
296 2114 466 2167 Nonas
496 2113 821 2168 Februarias
849 2112 935 2164 die
959 2120 1354 2164 eon-ummato.
1388 2109 1488 2163 Ubi
1529 2119 1719 2178 quarta

155 2211 242 2260 e-t,
273 2203 555 2271 mu'tiplica
603 2203 718 2256 haec
750 2217 847 2271 per
895 2200 1001 2265 IIII,
1047 2201 1180 2254 tinnt
1209 2199 1347 2263 XVI,
1383 2202 1584 2269 pattire
1629 2218 1725 2269 per

157 2293 344 2357 decem,
368 2293 547 2348 decies
579 2307 699 2346 asse
727 2293 912 2357 decus,
943 2301 997 2347 et
1024 2297 1306 2346 remanent
1335 2291 1401 2345 VI
1441 2293 1644 2360 puncti,
1674 2292 1722 2344 id

157 2392 249 2449 est,
272 2393 442 2452 partes
468 2382 510 2436 X
549 2391 604 2436 et
633 2362 766 2435 VIII.
801 2381 948 2435 Illam
981 2382 1144 2452 igitur
1170 2381 1292 2437 coeli
1325 2389 1534 2449 partem
1579 2390 1728 2435 tenet

158 2471 272 2524 luna
297 2483 500 2538 quarta,
547 2486 708 2539 quam
736 2472 817 2524 sol
851 2467 1036 2524 mense
1065 2469 1284 2538 expleto
1329 2484 1396 2522 ac
1444 2467 1493 2521 X
1527 2477 1582 2522 et
1616 2469 1726 2522 VIII

157 2561 330 2619 diebus
357 2555 471 2630 'post
501 2562 674 2631 pridie
715 2558 895 2613 Nonas
927 2557 1228 2613 Ianuarias.
1261 2556 1362 2612 Ubi
1394 2559 1581 2627 quinta
1622 2567 1723 2624 est,

160 2653 428 2724 multiplica
466 2652 507 2706 V
537 2668 635 2722 per
661 2650 771 2715 IIII,
803 2650 939 2703 Iqut
968 2648 1086 2713 XX,
1121 2650 1323 2722 partire
1373 2665 1469 2718 per
1515 2651 1725 2717 decem,

158 2746 232 2799 bis
251 2747 366 2800 deni
395 2746 540 2806 sies;
570 2743 783 2798 duobus
809 2756 939 2810 ergo
971 2743 1248 2796 mensibus
1283 2741 1532 2811 expletis,
1561 2741 1726 2794 adve-

162 2836 263 2889 niet.
287 2835 364 2889 sol
394 2843 596 2903 partem
627 2831 747 2886 caeli
777 2845 938 2897 quam
969 2829 1094 2883 Iuna
1121 2830 1310 2898 quinta
1341 2837 1512 2888 tenet,
1542 2827 1593 2880 id
1623 2837 1724 2890 est,

159 2925 238 2978 die
257 2924 514 2978 Nonarum
544 2921 877 2974 Martiarum.
927 2917 1024 2973 Ubi
1049 2927 1241 2973 octava
1272 2927 1355 2974 est
1383 2918 1446 2971 VI
1478 2918 1600 2972 [lus
1639 2916 1729 2971 Jao

162 3015 382 3082 nnarias,
437 3011 727 3083 multiplica
762 3011 869 3065 VIII
903 3027 998 3081 per
1028 3008 1135 3076 IIII,
1171 3010 1308 3065 ﬁunt
1345 3008 1561 3075 XXXII,
1607 3026 1729 3079 par-

162 3104 254 3157 tire
301 3121 391 3172 per
427 3105 634 3165 decem,
687 3111 768 3156 ter
814 3101 941 3156 deni
990 3101 1139 3168 tries,
1189 3109 1247 3155 et
1288 3109 1575 3154 remanent
1620 3099 1728 3154 duo

1825 1926 2034 1988 decem,
2069 1926 2357 1979 duodecies
2388 1925 2510 1979 deni
2543 1935 2760 1978 centum
2794 1926 2929 1987 vies,
2967 1926 3056 1978 illa
3104 1925 3225 1980 C(eli
3271 1936 3424 1992 parte

1825 2015 1948 2068 luna
1981 2013 2123 2067 XXX
2154 2015 2340 2080 currit,
2373 2030 2531 2080 quam
2558 2013 2644 2065 XII
2679 2015 2954 2067 mensibus
2986 2015 3210 2077 exactis,
3238 2015 3286 2066 id
3319 2024 3423 2078 e:t,

1828 2115 1941 2160 toto
1968 2108 2093 2159 anni
2121 2107 2321 2160 circulo
2364 2114 2658 2166 transacto,
2691 2115 2769 2159 est
2802 2104 2883 2159 sol
2931 2106 3271 2159 obtenturus.
3309 2106 3361 2174 Ip
3395 2123 3424 2159 a

1828 2206 1909 2252 est
1940 2199 2081 2251 enim
2123 2212 2248 2266 pars
2277 2197 2464 2250 eadem
2497 2196 2547 2248 in
2576 2211 2681 2262 qua
2712 2205 2767 2249 et
2798 2212 2941 2249 nunc
2965 2208 3320 2251 converSatus
3347 2200 3425 2250 ln-

1828 2306 1952 2344 nam
1982 2305 2079 2343 suo
2103 2296 2385 2358 receperat
2415 2289 2468 2340 in
2491 2287 2655 2340 coitu.
2683 2287 2813 2351 Qua:
2837 2296 2895 2340 ut
2919 2286 3288 2342 manife.~tio:a
3321 2304 3351 2343 c
3393 2290 3426 2341 i-

1828 2381 1957 2435 libet
1985 2381 2148 2435 etiam
2194 2380 2446 2434 tardioris
2477 2379 2674 2446 ingenii
2706 2379 3020 2440 reddantur,
3053 2397 3151 2448 per
3190 2381 3326 2448 sing:
3352 2381 3428 2434 Ias

1830 2471 1967 2524 lunas
1987 2478 2174 2524 :etates
2198 2477 2460 2537 quantum
2504 2483 2566 2522 ea
2597 2469 2763 2521 distet
2792 2485 2820 2521 a
2853 2469 2971 2522 sole
3000 2469 3304 2524 distinctius
3334 2471 3422 2522 ad-

1830 2569 2021 2613 notare
2043 2560 2368 2613 curavimus.
2404 2557 2582 2611 Prima
2615 2573 2744 2627 ergo
2777 2558 2902 2612 luna
2936 2560 3023 2612 ubi
3067 2575 3218 2613 suam
3250 2559 3426 2630 perfe-

1829 2649 2226 2710 eer‘itzctatem,
2259 2649 2545 2716 elongatur
2591 2663 2618 2701 a
2667 2648 2782 2701 sole
2834 2650 3013 2717 spatio
3068 2650 3275 2704 dierum
3312 2650 3427 2713 XII,

1829 2738 2067 2792 secunda
2100 2741 2276 2805 spatio
2307 2737 2513 2791 dierum
2543 2736 2752 2801 XXIIII,
2787 2739 2946 2791 tertia
3001 2740 3180 2808 spatio
3231 2743 3429 2796 mensis

1831 2829 1988 2882 unius
2014 2837 2069 2882 et
2091 2827 2299 2881 dierum
2331 2843 2446 2887 sex.
2497 2810 2689 2894 quarta
2729 2829 2906 2897 spatio
2940 2831 3144 2883 mensis
3176 2833 3334 2886 unius
3378 2841 3431 2885 et

1832 2918 2038 2971 dierum
2069 2917 2256 2971 decem
2287 2928 2343 2971 et
2373 2927 2518 2979 octo,
2548 2919 2734 2985 quinta
2769 2917 2947 2986 spatio
2992 2921 3261 2974 mensium
3293 2922 3430 2976 duo-

1833 3022 1972 3069 rum,
2030 3017 2184 3059 sexta
2226 3007 2401 3075 spatio
2448 3007 2712 3060 mensium
2753 3006 2806 3059 II
2857 3016 2914 3061 et
2960 3009 3171 3065 dierum
3228 3013 3430 3067 duode-

1833 3097 1938 3150 cim
1959 3135 1975 3161 ,
2007 3098 2235 3166 septima
2286 3098 2462 3164 spatio
2493 3098 2756 3151 mensium
2795 3098 2835 3151 II
2882 3107 2938 3152 et
2966 3099 3174 3154 dierum
3207 3099 3305 3154 XX
3330 3101 3432 3165 III,

160 3196 347 3262 puncti,
371 3196 416 3249 id
442 3204 542 3260 est,
576 3196 640 3248 VI
671 3205 855 3265 partes
882 3196 1029 3261 caeli,
1062 3196 1206 3249 illam
1235 3203 1444 3264 partem
1488 3194 1608 3249 coeli
1643 3204 1723 3249 te-
1754 3165 1803 3232 θ
1831 3198 2020 3243 octava
2088 3189 2264 3257 spatio
2321 3189 2582 3242 mensium
2652 3190 2811 3243 trium
2881 3201 2938 3246 et
3000 3183 3211 3248 dierum
3284 3212 3377 3251 sex
3413 3239 3428 3262 ,

164 3295 247 3337 net
267 3284 381 3339 Iuna
406 3286 512 3340 VIII
545 3288 595 3339 in
629 3287 691 3340 VI
723 3286 909 3341 I’uum
934 3286 1310 3341 Ianuariarum
1341 3287 1429 3341 die
1459 3302 1620 3356 quam
1649 3287 1729 3340 sol

160 3373 387 3431 aditurus
411 3384 491 3432 est
529 3387 648 3446 post
675 3386 787 3431 tres
812 3378 880 3430 ab
903 3377 1032 3431 binc
1075 3391 1309 3440 menses,
1338 3383 1395 3430 et
1418 3376 1537 3431 dies
1569 3375 1652 3438 VI,
1680 3377 1731 3430 id

160 3474 259 3527 est,
295 3467 351 3520 \‘I
374 3468 460 3522 die
483 3477 600 3538 post
629 3468 692 3522 VI
727 3468 845 3521 Idus
875 3466 1107 3536 Apriles.
1163 3464 1263 3520 Ubi
1309 3464 1426 3519 XIX
1470 3475 1553 3520 est
1593 3466 1733 3520 XIIII

161 3555 413 3615 Kalendas
465 3558 826 3626 Februarias,
899 3558 1192 3629 multiplica
1248 3573 1346 3630 per
1413 3558 1542 3626 IIII,
1604 3561 1737 3614 tiunt

1837 3294 1979 3334 nona
2033 3279 2210 3347 spatio
2265 3279 2527 3332 metuium
2587 3280 2651 3333 III
2713 3290 2767 3334 et
2811 3281 3022 3337 dierum
3075 3275 3280 3354 XVIII,
3332 3287 3431 3343 de-

1838 3371 1976 3425 cima
2029 3371 2205 3437 spatio
2255 3371 2519 3424 mensium
2586 3380 2839 3440 quatuor,
2905 3375 3186 3429 undecima
3255 3379 3432 3446 spatio

1839 3465 2106 3519 mensium
2157 3476 2390 3533 quatuor
2446 3473 2500 3517 et
2561 3464 2770 3518 dierum
2837 3467 3124 3521 duodecim
3157 3512 3170 3535 ,
3229 3473 3335 3524 duo
3359 3474 3432 3525 'e-

1842 3559 1981 3620 cima
2030 3556 2207 3626 spatio
2267 3556 2530 3619 mensium
2581 3565 2814 3626 quatuor
2861 3568 2916 3611 et
2972 3559 3185 3615 dierum
3246 3563 3432 3631 viginti

1381 3673 1675 3730 GLOSSIE
1720 3673 1804 3727 ET
1846 3670 2163 3727 SCIIOLIA.

235 3764 404 3818 Prima
427 3780 569 3835 ergc
596 3762 860 3835 tuna,_ubi
883 3778 1032 3816 suam
1061 3764 1335 3834 perfecerit
1371 3771 1600 3816 atatem.
1642 3763 1728 3816 Di-

159 3833 270 3889 vide
295 3835 462 3887 Ionam
487 3833 720 3902 primam
753 3833 804 3884 in
828 3840 1062 3902 quatuor
1108 3841 1363 3902 punctos,
1405 3841 1461 3902 et
1497 3840 1732 3902 quatuor

162 3911 381 3972 punctos
408 3904 465 3972 in
481 3893 826 3972 t'res‘partes,
846 3893 936 3953 'et’
954 3900 1088 3972 liunt
1108 3893 1417 3972 duodecim.
1435 3893 1728 3956 Duodecim

159 3968 291 4026 enim
322 3971 558 4040 partibus
580 3970 746 4024 distat
769 3969 891 4022 luna
925 3969 1097 4039 prima
1129 3984 1159 4022 a
1199 3969 1335 4024 sole.
1372 3968 1666 4040 Etangatur
1695 3986 1728 4022 α

158 4046 259 4095 sole
290 4039 470 4108 sautio,
498 4039 552 4094 id
580 4048 685 4100 est,
717 4039 769 4091 in
801 4049 1032 4104 quatuor
1073 4049 1319 4107 punctos,
1353 4039 1555 4092 dierum
1599 4039 1728 4093 duo-

155 4113 348 4174 decim;
403 4111 452 4164 id
487 4118 594 4174 est,
643 4117 851 4162 tantum
881 4109 1164 4175 elongatur
1209 4123 1239 4162 a
1283 4108 1396 4163 sole
1424 4124 1584 4163 cursu
1628 4124 1728 4163 suo

157 4196 248 4248 per
282 4195 438 4234 unum
492 4178 662 4246 diem,
703 4186 966 4248 quantum
1011 4179 1176 4248 spatii
1217 4178 1300 4248 sol
1341 4179 1550 4248 peragit
1595 4178 1730 4232 inl'ra

157 4246 427 4303 duodecim
470 4249 608 4303 dies.
659 4246 771 4315 Iter
791 4246 1149 4314 eIongationis
1176 4246 1295 4315 ejus
1324 4246 1354 4315 a
1387 4247 1504 4302 sole
1530 4249 1730 4314 quaeri-

157 4329 237 4372 tnr
263 4317 372 4383 hic,
409 4333 514 4372 non
556 4331 715 4371 suum
759 4313 861 4369 iter
900 4313 1164 4383 integrum
1208 4313 1498 4368 duodecim
1549 4313 1731 4383 partes

157 4388 278 4441 facit
301 4383 537 4454 qnmidi'e
565 4388 617 4439 in
665 4386 1009 4454 elongajione
1037 4399 1132 4437 sua
1167 4398 1196 4437 a
1217 4385 1355 4448 sole,
1385 4394 1440 4438 et
1468 4385 1728 4454 tredecim

163 4458 209 4509 in
232 4452 332 4509 suo
360 4458 566 4524 integro
597 4455 810 4509 itinere.
845 4452 911 4505 Et
927 4456 1046 4507 ideo
1069 4453 1198 4507 illud
1222 4453 1324 4507 iter
1346 4455 1489 4521 quod
1520 4452 1648 4507 facit
1675 4455 1726 4508 in

1836 3758 2091 3834 quodque
2128 3759 2338 3834 signum
2362 3757 2414 3834 in
2445 3759 2524 3813 eis
2547 3759 2763 3834 triginta
2788 3770 2969 3834 partes
3000 3771 3055 3816 et
3084 3765 3271 3834 decem
3296 3782 3432 3834 pun-

1837 3828 1955 3904 ctos
1984 3828 2203 3904 liabeat.
2235 3828 2476 3904 :I'riginta
2499 3830 2642 3904 enim
2670 3828 3056 3904 partesLidest
3078 3833 3266 3904 decem
3296 3828 3433 3904 pun—-

1837 3898 1932 3960 eti,
1959 3896 2174 3964 triginta
2215 3896 2331 3950 dies
2363 3906 2567 3950 tantum
2602 3898 2821 3952 faciunt.
2859 3898 2922 3951 Et
2955 3899 3078 3952 ideo
3123 3903 3174 3955 in
3220 3896 3427 3960 duode-

1838 3968 1941 4038 cim
1984 3964 2258 4020 mensibus
2283 3966 2577 4038 secundum
2605 3969 2759 4038 istam
2791 3971 3276 4038 computationem,
3318 3993 3424 4029 nou

1837 4036 1939 4090 nisi
2013 4051 2181 4112 cccux
2218 4106 2230 4112 _
2271 4037 2403 4112 dies.
2463 4035 2818 4112 .Naturaliter
2885 4035 3063 4112 tamen
3139 4035 3428 4112 unusquis-

1838 4120 1944 4175 que
1978 4109 2180 4160 mensis
2218 4106 2379 4158 habet
2410 4105 2624 4173 triginta
2668 4107 2784 4160 dies
2814 4117 2868 4160 et
2898 4111 3084 4163 decem
3130 4105 3308 4168 semis'
3330 4117 3432 4168 bo-

1839 4191 1961 4237 ras;
1997 4184 2052 4229 et
2095 4176 2216 4229 ideo
2265 4177 2580 4229 naturaliter
2636 4176 2920 4230 duodecim
2973 4194 3183 4233 menses
3233 4183 3434 4236 habent

1837 4261 2042 4300 cccuv
2083 4246 2215 4316 dies.
2249 4254 2303 4316 et
2349 4259 2444 4297 sex
2480 4246 2659 4316 horas.
2692 4246 2873 4298 Currit
2916 4256 3096 4300 autem
3143 4251 3192 4302 in
3246 4254 3432 4316 viginti

1835 4323 2073 4382 quatuor
2103 4314 2250 4368 boris
2291 4315 2415 4366 luna
2463 4314 2718 4365 tredecim
2753 4323 2952 4384 partes,
2985 4327 3036 4368 et
3078 4333 3124 4370 οι
3149 4327 3204 4372 ιο
3260 4314 3426 4384 horis,

1837 4393 1894 4454 et
1913 4394 2146 4451 quatuor
2193 4392 2464 4454 momenta
2497 4390 2550 4454 et
2578 4391 2838 4436 atomum.
2884 4383 3033 4437 Luna
3080 4390 3340 4454 quotidie,
3377 4383 3428 4444 ni

1839 4452 2015 4514 fallor,
2048 4453 2239 4506 transit
2292 4466 2387 4520 per
2423 4452 2705 4504 zodiacum
2734 4454 2993 4508 tredec.m
3039 4452 3154 4510 dies
3199 4472 3253 4513 et
3306 4473 3431 4515 octo

155 4542 247 4603 suo
284 4521 493 4593 integro
521 4527 744 4603 itinere,
786 4539 882 4592 per
921 4525 1102 4603 yiginti
1133 4532 1340 4603 septem
1371 4523 1486 4579 dies
1529 4534 1585 4578 et
1605 4536 1730 4603 octo
1762 4546 1808 4603 D
1836 4522 2021 4590 borac,
2052 4537 2115 4603 ac
2141 4524 2281 4602 bisse
2329 4521 2484 4603 unius
2516 4521 2685 4603 horm,
2714 4531 2777 4603 e_t_
2808 4523 3028 4603 insuper
3061 4529 3270 4582 tertiam
3305 4547 3426 4597 par-

158 4597 329 4658 boras,
364 4591 467 4649 non
512 4603 703 4666 pote-t7
720 4591 900 4666 Iacere
917 4595 977 4666 _in
1007 4591 1352 4666 elongatione
1391 4609 1488 4648 sua
1529 4610 1558 4666 a
1589 4595 1728 4666 sole,

157 4666 250 4719 nisi
279 4679 380 4734 per
409 4663 623 4732 triginta
677 4665 816 4734 dies,
860 4664 1034 4717 minus
1055 4667 1204 4718 enim
1236 4663 1350 4734 iter
1388 4665 1648 4734 quaeritur
1678 4665 1730 4719 in

1811 4634 1815 4639 .
1843 4601 1947 4646 tem
1976 4587 2130 4646 unius
2171 4587 2383 4655 minuti,
2410 4599 2466 4642 et
2497 4599 2663 4643 restat
2694 4593 2871 4647 adhuc
2905 4587 2974 4648 de
3003 4612 3047 4647 et
3069 4614 3084 4647 t
3105 4613 3206 4650 va
3236 4587 3426 4653 diebus

1838 4670 1894 4715 et
1921 4662 2221 4732 quadrante
2263 4661 2760 4732 ututut_minutum.
2799 4662 2970 4715 Vicies
3014 4669 3216 4732 septies
3249 4671 3400 4722 trede

155 4729 501 4802 elongatione
519 4748 682 4800 quam
713 4732 764 4785 in
793 4734 1188 4800 progressione.
1219 4729 1489 4796 Secunda,
1520 4731 1742 4788 scilicet
1837 4729 1964 4795 cim,
1997 4746 2149 4802 cccu
2178 4730 2321 4802 diem
2370 4729 2615 4802 reddunt.
2657 4731 2834 4802 Vicies
2875 4729 3090 4798 septves'
3109 4744 3234 4787 octo
3281 4736 3427 4790 bona:

157 4805 274 4855 Iuna
301 4819 316 4866 ;
343 4804 510 4871 spatio
541 4804 740 4853 dierum
770 4803 946 4868 viginti
973 4803 1277 4870 quatuor,id
1308 4812 1414 4867 est,
1447 4812 1574 4856 octo
1600 4813 1733 4870 pun-

155 4880 285 4926 ctos.
335 4873 507 4924 Tertia
538 4889 580 4936 ε,
602 4872 710 4923 alio
738 4871 928 4922 niensis
957 4871 1129 4934 unius,
1163 4871 1214 4924 id
1240 4879 1343 4932 est,
1372 4876 1558 4925 decem
1592 4888 1731 4940 pun-

155 4944 271 5001 etis,
291 4951 341 4994 et
369 4942 568 4994 dierum
595 4954 714 5004 sex,
744 4940 794 4993 id
839 4947 942 5006 est,
972 4941 1182 4993 duobus
1202 4944 1454 5008 punctis.
1493 4940 1730 5008 Triginta

156 5013 315 5077 spatio
341 5012 597 5063 mensium
616 5011 685 5062 du
705 5010 902 5070 idecim,
936 5011 987 5063 id
1009 5020 1108 5075 est,
1134 5020 1350 5064 centum
1378 5010 1560 5077 viginti
1596 5034 1607 5069 ι
1631 5025 1733 5062 un-

155 5092 286 5133 ctos.
321 5080 455 5133 Illud
503 5080 648 5132 cnim
689 5079 790 5134 iter
823 5078 948 5132 facit
996 5080 1117 5134 luna
1151 5081 1203 5132 in
1257 5080 1474 5148 triginta
1520 5077 1730 5142 diebus,

192 5149 292 5204 uod
340 5149 469 5204 facit
522 5148 603 5202 sol
659 5147 713 5200 in
741 5162 850 5200 uno
895 5163 1062 5214 anno,
1104 5150 1155 5202 id
1186 5160 1287 5212 est,
1320 5147 1489 5204 cem
1522 5151 1730 5203 diebus.

192 5165 292 5204 uou
340 5165 469 5204 lactt
522 5165 603 5202 so:
659 5165 713 5200 III
741 5165 850 5200 uno
895 5165 1062 5214 anno,
1105 5165 1155 5202 to
1186 5165 1287 5212 ρει,
1320 5166 1489 5204 cccu
1522 5165 1730 5203 etenus.

157 5165 397 5289 Eumque
440 5220 584 5272 enim
628 5218 742 5270 dies
780 5225 836 5268 et
887 5219 1262 5289 quadrantem,
1309 5221 1401 5286 qui
1428 5235 1492 5273 ex
1545 5218 1735 5289 decem

157 5287 319 5343 semis
335 5291 488 5342 horis
514 5302 634 5358 qua:
661 5299 970 5356 supersunt,
991 5288 1282 5356 unicuique
1303 5290 1473 5343 mensi
1496 5287 1736 5342 elIiciun-

160 5364 262 5419 tur,
292 5373 400 5410 non
430 5357 743 5426 crnnputant
795 5365 1058 5420 auctores,
1092 5359 1216 5423 quia
1247 5357 1464 5424 Iungunt
1514 5367 1630 5409 erat
1660 5358 1737 5411 eis

159 5435 504 5494 computare;
537 5426 589 5480 in
611 5426 808 5495 quibus
839 5434 1015 5479 tamen
1045 5436 1100 5479 et
1129 5427 1173 5479 si
1197 5441 1302 5480 non
1331 5435 1733 5494 computentur,

161 5495 365 5560 perﬁcit
392 5495 475 5550 sol
502 5510 918 5564 cursumsuum,
961 5496 1011 5549 id
1039 5506 1144 5560 est,
1167 5509 1322 5548 suum
1353 5510 1551 5564 annum
1584 5497 1732 5548 luna.

161 5564 220 5616 Et
244 5568 381 5620 sient
424 5567 679 5628 diximus,
721 5563 850 5619 illud
888 5567 990 5618 iter
1015 5567 1157 5633 quod
1187 5566 1310 5618 facit
1337 5563 1416 5617 sel
1460 5565 1510 5616 in
1536 5580 1738 5617 CtCL'tV

159 5635 340 5688 diebus
367 5644 423 5689 et
453 5650 549 5689 sex
581 5635 750 5697 boris,
777 5638 1041 5702 percurrit
1070 5638 1362 5690 secundum
1392 5634 1547 5688 istam
1587 5649 1738 5686 com-

163 5706 490 5773 putationem
522 5703 577 5757 in
629 5704 846 5773 triginta
887 5703 1098 5760 diebus.
1137 5705 1659 5773 etiam_naturaliter
1687 5705 1738 5758 in

164 5771 338 5839 rigiuti
390 5787 590 5828 novem
636 5772 831 5827 diebus
890 5780 946 5825 et
995 5774 1236 5828 dimidia.
1296 5771 1538 5841 Triginta
1595 5773 1740 5827 enim

159 5845 360 5900 dierum
391 5852 606 5899 tantum
633 5842 1119 5914 computantnristi
1146 5856 1378 5909 menses,
1401 5844 1528 5899 dum
1549 5856 1741 5898 unum.

1838 4815 2031 4854 novem
2059 4801 2173 4853 dies
2201 4800 2445 4851 reddunt.
2477 4799 2627 4869 Ipsa:
2667 4806 2792 4849 octo
2823 4799 2970 4851 hora:
2997 4802 3046 4853 in
3075 4803 3270 4869 quibus
3301 4807 3423 4857 luna

1837 4878 1961 4989 post
1990 4868 2174 4935 viginti
2221 4877 2426 4936 septem
2459 4866 2573 4918 dies
2624 4877 2887 4932 moratur,
2923 4877 3030 4923 tres
3053 4866 3169 4925 dies
3207 4883 3260 4926 et
3304 4885 3429 4929 octo

1856 4954 1999 4989 noras
2031 4939 2269 4989 capiunt.
2300 4936 2522 4989 Restant
2549 4936 2615 4989 de
2640 4952 2844 4989 cccuv
2866 4939 3056 4989 diebus
3087 4943 3231 4989 Imm
3263 4945 3428 4989 νίρίιι-

1856 4954 1999 5010 ioras
2031 4939 2269 5010 capiunt.
2300 4936 2522 4989 Restant
2549 4936 2615 4989 de
2640 4952 2844 5010 ccc_va
2866 4939 3056 4995 diebus
3087 4943 3231 4996 bona
3263 4945 3428 5010 vigin-

1840 5008 1875 5060 ti
1908 5008 2043 5067 duzn.
2157 5017 2258 5081 est,
2294 5009 2501 5081 minuta
2521 5021 2680 5060 ccxx.
2716 5007 2791 5059 Da
2817 5010 3108 5081 unicuique
3132 5014 3198 5066 de
3231 5006 3416 5081 viginti

1838 5089 2045 5147 septem
2075 5078 2264 5152 diebus
2287 5087 2410 5152 octo
2434 5078 2662 5152 minuta,
2688 5080 3270 5152 restantsolummodo
3292 5078 3423 5152 qua-

1841 5146 1962 5220 tuor
2016 5146 2431 5220 minuta.__Lege
2470 5148 2699 5214 glossam
2728 5150 2980 5220 superius
3025 5146 3324 5220 scriptam;
3359 5154 3427 5206 de

1838 5216 2048 5288 duobus
2068 5217 2389 5288 supradictis
2416 5219 2785 5288 argumentis,
2822 5218 2872 5270 id
2902 5227 3003 5280 est,
3045 5218 3114 5272 de
3139 5216 3205 5272 I8
3246 5231 3302 5274 et
3339 5222 3427 5288 I7,

1838 5286 1990 5359 cujus
2020 5285 2226 5359 initium
2256 5295 2336 5339 est
2354 5302 2377 5359 _:
2411 5285 2467 5338 Si
2520 5286 2981 5359 nosse-desideras
3009 5298 3140 5355 quot
3184 5285 3428 5359 partibus

1841 5352 2005 5405 distat
2059 5352 2180 5428 luna
2205 5369 2258 5428 ‘a
2284 5356 2421 5417 sole,
2466 5355 2760 5421 multiplica
2815 5352 3040 5408 mtatem‘
3073 5352 3200 5426 ejus'
3237 5373 3428 5428 quota-

1841 5421 2240 5498 eunqueﬂt‘uerit
2289 5437 2498 5490 quater,
2532 5433 2661 5482 etc.,
2709 5438 2880 5498 usque
2906 5428 2977 5498 in
3005 5421 3212 5498 decima
3243 5421 3430 5498 quinta

1845 5491 2390 5568 pa_rte_Gcn_tiuorun_t
2431 5501 2670 5568 moratur
2691 5508 2756 5545 eo
2789 5496 2874 5547 die
2900 5497 3054 5568 luna.
3080 5497 3142 5552 ιι
3190 5501 3243 5554 in
3261 5491 3428 5568 Icapi-

1845 5560 2238 5629 ιιι1‹ι9.ι,‹·ιι]ιιδ
2264 5563 2470 5615 initium
2503 5572 2585 5617 est
2611 5580 2623 5614 :
2653 5561 2707 5615 In
2735 5579 2844 5632 quo
2868 5566 3021 5633 sigon
3043 5566 3168 5622 luna
3190 5560 3430 5623 moretur

1842 5633 2102 5705 quotidie,
2136 5633 2217 5685 vel
2249 5644 2380 5700 quot
2430 5648 2462 5700 p
2499 5633 2727 5705 rtibusa
2763 5649 2882 5705 sue
2911 5650 3006 5703 per
3054 5637 3292 5703 singulos
3318 5640 3431 5691 dies

1845 5703 2145 5771 elougetur,
2182 5718 2351 5771 usque
2388 5702 2530 5771 quod
2577 5701 2718 5757 inter
2743 5701 3008 5761 defectam
3056 5714 3112 5758 et
3142 5701 3431 5763 renascen-

1847 5780 1958 5844 tem
1981 5770 2055 5824 sit
2073 5769 2281 5844 lunam;
2310 5772 2433 5840 Quia
2462 5769 2531 5828 de
2552 5772 2637 5827 his
2660 5774 2872 5830 duobus
2910 5778 3240 5844 argumentis
3263 5779 3431 5836 subti-

1848 5840 2050 5896 lissime
2071 5840 2327 5908 loquitur.
2794 5876 2796 5878 τ
