3842 6242
94 376 178 429 397
1281 363 1366 415 DE
1408 356 1792 414 'I‘EMI‘UiiUII
1835 359 2152 415 IIA'I‘.UNE.

94 485 361 540 minoribus
384 490 567 536 nostra
597 493 757 549 :eque
785 476 1003 533 solertia
1036 473 1375 528 tradendum.
1432 470 1487 523 Si
1518 462 1656 537 ergo
1679 469 1727 526 A
1755 478 1837 521 est
1868 470 1989 524 luna
2021 472 2073 525 in
2104 470 2192 524 XV
2219 472 2486 525 Calendas
2535 471 2742 527 Iunias.
2794 472 2849 526 Si
2905 474 2982 525 vis
3013 474 3147 527 scire
3177 487 3338 540 quom

97 577 162 628 vis
186 574 316 628 scire
338 574 437 626 hoc
469 572 552 623 vel
582 569 677 623 illo
706 568 794 621 die
817 576 982 635 quota
1006 565 1235 622 sitluna,
1265 572 1518 630 computa
1539 560 1655 613 dies

96 688 120 719 a
152 665 398 735 principio
445 662 645 715 mensis
673 658 912 712 Januarii
964 671 1135 724 usque
1182 656 1232 707 in
1260 653 1403 706 diem
1453 651 1654 716 dequo

1758 571 1837 615 est
1870 562 1991 615 luna
2028 563 2111 615 VII
2148 563 2267 617 Idus
2301 564 2646 627 Decembres,
2694 566 2860 620 dicito
2898 585 2906 616 :
2947 565 3240 620 December
3290 570 3340 621 in

1760 650 1877 704 ldus
1907 652 2256 717 CCCXLVII;
2306 656 2433 709 tolle
2462 654 2579 722 VII,
2614 654 2734 709 ldus
2782 668 3063 711 remanent
3093 657 3342 723 CCCXL;

96 757 318 824 inquiris,
348 762 542 808 etcum
567 750 779 813 scieris,
812 748 952 801 adde
989 754 1203 799 :utatem
1234 744 1371 796 luna:
1402 757 1519 809 qum
1561 740 1657 792 luit
1752 741 1894 794 adde
1921 740 2007 805 IX,
2042 744 2169 796 liunt
2194 744 2524 810 CCCXLIX;
2558 749 2758 815 partire
2784 764 2881 815 per
2912 747 3046 811 LIX,
3081 750 3348 819 quinqua-

97 850 138 899 in
179 846 421 899 Calendis
456 841 764 903 Ianuariis;
799 838 996 906 partire
1027 834 1205 887 omnia
1237 848 1331 899 per
1361 830 1497 897 LIX,
1523 840 1577 883 et
1609 832 1657 883 si

93 940 305 1007 amplius
332 934 477 989 XXX
528 933 909 994 remanserint,
970 927 1101 980 tolle
1150 924 1384 991 triginta,
1418 930 1472 976 et
1515 921 1658 990 quod

96 1043 257 1096 superi
271 1036 316 1081 st
348 1028 458 1094 ipsa
488 1033 572 1077 est
599 1024 723 1076 luna
754 1020 858 1074 diei
898 1032 1057 1086 quam
1099 1014 1313 1083 quaeris.
1345 1013 1477 1067 Item
1507 1013 1550 1065 si
1584 1012 1662 1065 vis

99 1120 215 1172 seire
240 1119 340 1171 hoc
371 1118 454 1169 vel
485 1116 580 1168 illo
611 1115 698 1167 die
724 1120 888 1181 quota
919 1112 984 1164 sit
1014 1107 1167 1172 feria,
1210 1115 1459 1175 computa
1491 1106 1604 1157 dies
1635 1122 1661 1157 a

98 1209 320 1263 Calendis
348 1206 620 1261 Januariis
675 1219 841 1272 usque
873 1202 923 1255 iu
969 1200 1110 1253 diem
1159 1197 1228 1251 de
1256 1213 1363 1266 quo
1407 1196 1663 1264 inquiris;

99 1312 270 1355 rtcum
294 1303 527 1360 noveris,
556 1298 692 1352 adde
719 1296 903 1350 feriam
928 1309 1047 1362 qua:
1077 1291 1173 1346 fuit
1196 1292 1281 1345 die
1310 1290 1667 1344 Calendarum

98 1390 487 1453 Jinuariarum;
559 1398 615 1443 et
671 1389 717 1442 si
773 1385 1067 1440 bissextilis
1124 1399 1299 1437 annus
1346 1388 1461 1445 est,‘
1503 1382 1669 1435 etiam

100 1480 298 1533 bissexti
345 1480 486 1533 diem
516 1488 805 1547 postquam
855 1474 1127 1528 transierit
1178 1480 1529 1539 augmentare
1558 1486 1673 1525 mc-

102 1581 305 1625 mento:
362 1572 561 1641 partire
616 1569 795 1621 omnia
828 1582 924 1636 per
970 1574 1200 1634 septem,
1241 1572 1296 1617 et
1319 1563 1465 1631 quod
1493 1579 1672 1618 rema-

102 1676 183 1717 εισι
210 1668 352 1719 diem
405 1666 498 1719 tibi
528 1666 844 1733 septimana}
875 1677 994 1730 qua:
1032 1663 1101 1715 sit
1136 1661 1445 1726 ubicunque
1482 1657 1677 1726 quzeiis

108 1774 135 1805 σι
168 1759 365 1811 tendet.
396 1757 548 1823 Quod
603 1756 675 1809 ita
706 1756 883 1810 solum
930 1755 1048 1809 sine
1087 1753 1275 1807 labore
1319 1752 1489 1807 currit
1518 1766 1677 1819 argu-

101 1855 350 1913 mentum,
368 1848 413 1901 si
431 1862 715 1900 numerum
732 1845 997 1899 mensium
1014 1844 1348 1911 singulorum
1368 1858 1464 1910 per
1480 1841 1675 1894 Calen-

99 1935 207 1997 das,
234 1935 415 1989 Nonas
441 1945 495 1989 et
529 1935 651 1988 ldus
668 1936 981 1989 memoriter
1013 1933 1305 1986 decantare
1329 1946 1676 1985 consuescas.

158 2024 446 2078 Januarius
476 2026 528 2078 in
555 2025 820 2079 Calendas
843 2024 881 2089 Ι,
918 2024 969 2077 in
999 2022 1178 2077 Nonas
1210 2021 1270 2086 V,
1306 2022 1357 2074 in
1388 2020 1508 2075 ldus
1544 2020 1676 2073 XIII.

162 2116 485 2170 Februarius
519 2116 570 2167 in
602 2116 871 2168 Calendas
896 2112 1110 2177 XXXII,
1146 2113 1199 2166 in
1230 2112 1411 2166 Nonas
1441 2112 1677 2177 XXXVI,

96 2210 144 2257 iu
166 2205 294 2259 Idus
317 2204 521 2257 XLIIII.

162 2296 319 2349 Marti
362 2313 389 2350 s
417 2299 468 2349 in
510 2295 777 2352 Calen-las
810 2295 919 2359 XL,
952 2297 1001 2349 in
1035 2296 1216 2351 Nonas
1245 2294 1428 2357 LXVI,
1478 2294 1529 2350 in
1562 2293 1682 2349 Idus

94 2386 353 2443 LXXII".

162 2478 369 2547 Aprll‘s
394 2479 446 2532 in
478 2478 744 2533 Calendas
777 2478 909 2542 XCI,
942 2480 992 2531 in
1046 2478 1227 2532 Nonas
1278 2477 1435 2543 XCV,
1468 2478 1519 2531 in
1560 2476 1684 2531 Idus

93 2567 222 2621 (ΙΙΙ.

163 2657 341 2713 Maius
392 2661 442 2712 in
472 2660 735 2715 Calendas
784 2657 972 2726 CXXI,
1023 2660 1073 2713 in
1104 2659 1286 2715 Nonas
1334 2656 1603 2723 CXXVII,
1634 2659 1685 2711 in

92 2752 215 2806 Idus
234 2751 496 2807 CXXXV.

159 2845 360 2900 Junius
400 2848 452 2899 in
481 2845 748 2902 Calendas
778 2845 932 2911 CLII,
978 2848 1030 2900 in
1063 2846 1243 2899 Nonas
1275 2843 1449 2907 CLVI,
1485 2844 1537 2896 in
1568 2842 1690 2896 Idus

90 2934 353 2989 CLXlill.
548 2963 559 2971 -

164 3024 350 3078 Julius
376 3026 428 3078 in
458 3024 573 3079 Cal.
607 3023 903 3087 CLXXXII,
944 3023 997 3077 in
1027 3022 1204 3078 Nonas
1229 3020 1605 3085 CLXXXVIII,
1636 3020 1691 3075 in

98 3115 221 3171 Ilus
256 3114 492 3169 CXCVI.

169 3207 455 3273 Augustus
486 3206 535 3256 in
586 3202 855 3260 Calendas
885 3204 1110 3267 CLXIII,
1140 3204 1190 3258 in
1237 3203 1417 3258 Nonas
1443 3201 1693 3269 CCXVII,

94 3300 147 3353 in
180 3299 319 3353 ldus
343 3295 596 3350 CCXXV.

166 3390 501 3459 September
523 3391 575 3442 in
606 3387 723 3441 Cal.
756 3387 1045 3455 CCXLIIII,
1079 3388 1130 3441 in
1159 3386 1339 3441 Nonas
1377 3382 1695 3451 CCXLVIII,

96 3482 148 3532 in
183 3481 315 3534 idus
346 3478 567 3532 CCLV].

167 3569 416 3623 October
445 3569 494 3621 iu
525 3568 643 3622 Cal.
697 3568 1038 3634 CCLXXII",
1073 3568 1124 3622 in
1183 3567 1364 3623 Nonas
1394 3564 1700 3633 CCLXXX,

100 3662 152 3712 in
178 3660 311 3711 Idus
352 3657 773 3713 CCLXXXVIII.

170 3750 487 3805 November
511 3752 561 3803 in
591 3751 704 3804 Cal.
729 3750 926 3815 CCCV,
957 3751 1009 3803 iu
1042 3749 1222 3803 Nonas
1250 3745 1472 3812 CCCIX,
1501 3748 1551 3800 in
1582 3746 1703 3800 ldus

97 3836 411 3893 CCCXVII.

178 3928 487 3982 December
551 3928 603 3980 iu
679 3926 944 3981 Calendas
994 3925 1339 3993 CCCXXXV,
1393 3928 1444 3980 in
1524 3926 1706 3982 Nonas

100 4014 490 4077 CCCXXXIX,
518 4017 568 4069 in
596 4016 717 4070 Idus
736 4016 1073 4070 CCCXLVII.
1134 4014 1145 4025 ’

176 4107 237 4161 Si
271 4118 408 4171 ergo
437 4106 576 4158 scire
594 4106 693 4169 vis,
755 4106 901 4159 verbi
955 4107 1148 4175 gratia,
1178 4122 1319 4160 anno
1358 4120 1465 4175 quo
1496 4122 1591 4176 per
1610 4106 1706 4161 Ca-

98 4203 305 4256 lendas
332 4198 618 4254 Januarias
667 4215 806 4253 nona
853 4210 937 4254 est
984 4202 1128 4265 luna,
1168 4211 1333 4269 quota
1376 4205 1446 4257 sit
1496 4205 1621 4257 luna
1653 4206 1707 4257 in

101 4288 392 4344 Calendas
442 4286 628 4352 Maias,
685 4288 850 4342 dicito
882 4307 895 4341 :
926 4288 1097 4343 Maius
1135 4290 1189 4344 in
1219 4288 1481 4345 Calendas
1510 4292 1703 4358 CXXI;

101 4381 244 4435 tolle
308 4376 621 4441 Calendas,
672 4388 955 4432 remanent
993 4377 1171 4444 CXX;
1226 4380 1362 4435 adde
1408 4380 1520 4447 IX,
1577 4384 1709 4437 ﬁunt

1709 1808 1755 1868 Β

1760 832 1873 897 gies
1902 835 2086 889 novies
2132 837 2277 903 quini
2307 836 2565 901 CCXCV;
2624 839 2753 893 tolle
2782 838 3025 904 CCXCV,
3069 852 3351 897 remanent

1765 921 1923 988 LIIII;
1960 926 2085 979 tolle
2116 924 2282 992 XXX,
2318 939 2599 982 remanent
2628 928 2849 992 XXIIII;
2876 932 3128 985 νίας-δίψει
3159 945 3347 999 quarta

1764 1026 1847 1069 est
1897 1017 2020 1070 luna
2076 1020 2164 1072 die
2196 1030 2516 1074 memorato.
2567 1020 2724 1074 Juvat
2775 1022 2995 1090 hujusce
3051 1028 3348 1092 argumenti

1769 1122 1956 1171 usum,
1996 1108 2039 1163 si
2098 1110 2394 1164 calculator
2440 1111 2622 1164 ultima
2692 1114 3143 1182 quinquagesima:
3201 1134 3353 1171 non:

1768 1200 1937 1265 partis
1967 1199 2276 1267 diligentius
2307 1203 2577 1255 meumrize
2602 1204 2943 1257 commendat
2970 1208 3311 1275 :quinquagit
3331 1228 3355 1259 s

1772 1290 1956 1342 novies
2004 1292 2119 1344 seni
2160 1290 2423 1345 CCCLIIII
2454 1335 2469 1358 ,

1772 1380 2033 1445 CCXCV,
2086 1384 2436 1452 quinquagies
2499 1388 2686 1438 novies
2735 1388 2981 1453 quaterni
3029 1386 3355 1445 CCXXXVI,

1774 1476 2129 1542 quinquagies
2160 1479 2346 1531 novies
2372 1478 2506 1531 terni
2554 1476 2850 1542 CLXXVII,
2884 1480 3237 1547 quinquagies
3265 1497 3361 1534 uo-

1775 1566 1888 1619 vies
1914 1568 2023 1620 bini
2055 1566 2283 1632 CXVIII,
2332 1568 2616 1637 quinquies
2656 1570 2841 1621 novies
2868 1571 3001 1623 assis
3038 1569 3127 1622 IX.
3162 1569 3359 1623 Eodem

1779 1658 1968 1711 ordine
1995 1658 2135 1711 diem
2167 1659 2481 1727 septimana:
2512 1673 2832 1728 quocunque
2862 1660 3096 1714 voluezis
3123 1670 3363 1729 tempore

1782 1749 2035 1817 adjuncto
2094 1748 2451 1803 Calendarum
2480 1736 2849 1802 Jﬁnuariarum
2898 1750 2983 1802 die
3015 1750 3261 1818 requiris.
3308 1751 3363 1803 Si

2540 1294 2893 1361 quinquagies
2950 1297 3134 1349 noiies
3207 1299 3355 1364 quini

1783 1842 1923 1892 enim
1948 1841 2025 1894 vis
2056 1840 2210 1903 scire,
2257 1841 2405 1893 verbi
2437 1840 2629 1907 gratia,
2674 1856 2816 1895 anno
2846 1856 2955 1909 quo
2995 1841 3243 1895 Calendze
3271 1840 3364 1895 Ja-

1784 1929 1981 1981 nuarire
2008 1928 2193 1995 quinta
2226 1926 2358 1981 feria
2386 1928 2750 1993 celebrantur,
2784 1939 2977 1984 octavo
3008 1930 3366 1985 Calendarum

1784 2014 2096 2071 Octobrium
2144 2017 2230 2070 die
2278 2027 2442 2083 quota
2504 2018 2630 2071 feria
2679 2020 2766 2081 sit,
2801 2020 3001 2072 dicito:
3035 2019 3269 2074 October
3317 2022 3367 2073 iu

1784 2105 2052 2160 Calendas
2082 2104 2405 2160 CCLXXII"
2434 2126 2447 2173 ;
2483 2109 2611 2161 tolle
2656 2108 2768 2161 VIII
2800 2110 3059 2164 Calendas
3088 2112 3300 2165 Octobri
3323 2128 3367 2175 s,

1786 2206 2071 2252 remanent
2097 2196 2379 2261 CCLXVI;
2432 2198 2569 2251 adde
2606 2200 2850 2266 quintam
2889 2199 3074 2253 feriam
3127 2216 3244 2270 qua:
3276 2203 3372 2255 fuit

1788 2288 1841 2342 in
1864 2287 2110 2343 Calendis
2141 2287 2429 2351 Januariis,
2457 2286 2888 2351 liuntCCLXXl;
2916 2290 3117 2357 partire
3148 2306 3244 2359 per
3260 2290 3368 2352 Vll,

1792 2379 1991 2448 septies
2024 2378 2211 2433 triceni
2262 2378 2476 2432 ducenti
2526 2378 2711 2443 decus,
2741 2382 2944 2446 septTes
2993 2380 3171 2433 octoni
3210 2381 3371 2447 quin—

1787 2466 2010 2534 quagies
2040 2467 2236 2529 sexies,
2268 2476 2553 2521 remanent
2576 2466 2648 2530 V;
2699 2470 2884 2536 quinta
2907 2478 2991 2523 est
3019 2469 3146 2524 feria
3180 2479 3373 2525 octavo

1787 2559 2051 2615 Calendas
2080 2557 2359 2615 Octobres.

2354 2650 2582 2706 CAPUT
2616 2650 2799 2705 XXIII.

1937 2743 2011 2798 De
2041 2755 2192 2799 relate
2214 2747 2352 2798 (una:
2377 2745 2423 2798 si
2446 2747 2559 2815 quis
2594 2754 2889 2813 computare
2916 2763 3015 2800 non
3046 2757 3234 2814 potest.

1865 2844 2019 2909 Quod
2051 2847 2093 2899 si
2132 2845 2269 2898 adeo
2294 2846 2414 2913 quis
2446 2846 2603 2899 deses
2642 2844 2723 2898 vel
2765 2846 2930 2899 hebes
2960 2856 3060 2911 est,
3096 2856 3151 2898 ut
3175 2846 3379 2915 absque

1794 2937 1941 2989 omni
1974 2937 2162 2991 labore
2192 2936 2535 3005 computandi
2560 2935 2701 2988 luna:
2723 2951 2934 2990 cursum
2967 2937 3105 2990 scire
3127 2938 3377 3002 voluerit,

1796 3025 2057 3079 innitatur
2086 3026 2386 3094 alphabetis
2416 3038 2535 3093 quae
2564 3024 2615 3077 in
2647 3025 2825 3078 annali
2856 3024 2998 3078 videt
3023 3026 3201 3081 libello
3230 3028 3378 3096 juxta

1800 3132 2015 3170 cursum
2040 3116 2293 3170 distincta
2324 3115 2591 3179 lunarem,
2626 3116 2713 3168 ubi
2738 3115 2873 3170 duos
2924 3118 3061 3170 lunm
3106 3118 3381 3186 circuitus,

1803 3206 1855 3259 id
1900 3214 2002 3270 est,
2048 3206 2457 3274 quinquagenos
2504 3214 2558 3258 et
2584 3221 2824 3260 novenos
2873 3206 2988 3261 dies
3021 3218 3167 3262 terna
3201 3217 3383 3263 tenent

1802 3295 2119 3365 alphabeta;
2177 3305 2232 3349 et
2297 3311 2673 3364 quamcunque
2704 3296 2940 3351 litteram
2997 3298 3121 3352 luna
3181 3302 3229 3353 in
3284 3300 3384 3353 hac

1801 3394 1959 3440 (etate
1988 3386 2155 3440 semel
2186 3385 2370 3449 habet,
2398 3387 2644 3439 eamdem
2676 3401 2772 3453 per
2800 3394 2972 3439 totum
2998 3403 3195 3441 annum
3226 3390 3383 3442 simili

1803 3476 1962 3531 modo
2018 3484 2258 3530 notatam
2306 3476 2358 3529 in
2387 3474 2573 3529 eadem
2603 3491 2817 3545 semper
2862 3487 3020 3531 aetate
3051 3478 3250 3531 habere
3280 3494 3386 3533 non

1804 3568 2020 3632 desinit,
2053 3566 2150 3621 nisi
2180 3569 2338 3629 forte,
2371 3565 2515 3635 quod
2547 3574 2726 3620 tamen
2752 3582 2874 3619 raro
2904 3567 3118 3629 accidit,
3138 3568 3388 3623 emb‘olis-

1802 3673 2012 3712 morum
2044 3659 2155 3711 tunc
2184 3657 2325 3709 ratio
2357 3657 2625 3709 immutet.
2652 3654 2811 3708 Verbi
2834 3656 3027 3721 gratia,
3054 3672 3194 3710 anno
3229 3660 3387 3712 tertio

1804 3747 1942 3816 cycli
1967 3744 2435 3806 decennovenalis,
2465 3743 2589 3795 luna
2612 3758 2730 3811 qum
2756 3744 2967 3811 triginta
2998 3745 3111 3798 dies
3140 3746 3385 3801 habitura

1804 3847 1906 3903 est,
1938 3851 2154 3901 semper
2176 3836 2242 3889 ab
2273 3852 2303 3886 α
2330 3834 2469 3887 nudo
2494 3834 2699 3903 incipit,
2727 3836 2961 3889 secunda
2986 3837 3143 3890 estin
3166 3837 3214 3901 ὸ,
3233 3839 3386 3890 tertia

1807 3930 1860 3984 in
1886 3946 1933 3995 ε,
1964 3928 2208 3982 similiter
2234 3924 2409 3992 nudis,
2458 3926 2506 3979 id
2535 3934 2637 3991 est,
2689 3927 2834 3981 nullo
2867 3937 3065 3997 puncto
3096 3929 3387 3993 adnotatis,

1807 4030 1861 4076 et
1886 4024 1961 4075 sic
1991 4036 2055 4074 ex
2098 4018 2288 4072 ordine
2324 4032 2474 4071 suam
2503 4017 2680 4069 littera
2709 4032 2935 4084 qumque
2958 4026 3137 4071 servat
3173 4027 3387 4071 aetatem

1810 4116 1965 4169 lunaz.
1999 4114 2128 4167 Item
2160 4113 2305 4174 luna,
2330 4127 2445 4177 que
2477 4110 2838 4175 undetriginta
2870 4109 2983 4163 dies
3009 4110 3255 4163 habitura
3284 4120 3387 4175 est,

1808 4203 1874 4255 ab
1924 4203 1941 4253 I
1986 4202 2274 4254 subnotato
2323 4199 2612 4266 incipiens,
2663 4198 2899 4251 secunda
2940 4214 3157 4269 semper
3209 4201 3261 4254 in
3316 4219 3387 4265 m,

1810 4292 1968 4345 tertia
2023 4290 2073 4342 in
2128 4306 2181 4352 η,
2222 4288 2381 4342 simili
2414 4287 2579 4354 ﬁgura
2625 4288 2845 4351 notatis,
2899 4296 2952 4341 et
2974 4289 3049 4343 sic
3105 4305 3170 4343 ex
3202 4292 3392 4344 ordine

1811 4400 2094 4439 recurrens
2120 4383 2242 4435 luna
2276 4398 2425 4437 suam
2453 4383 2645 4448 cuique
2671 4382 2861 4435 litteri-
2888 4384 3122 4437 restituit
3150 4392 3387 4437 :etatem.

99 4469 370 4534 CXXIX;
426 4472 624 4539 partire
655 4484 750 4539 per
799 4468 935 4534 LIX,
984 4472 1341 4540 quinquagies
1385 4474 1570 4529 novies
1597 4476 1709 4530 bini
1742 4491 1786 4549 υ
1814 4472 2157 4529 Discernendi
2190 4473 2332 4526 enim
2376 4472 2549 4538 gratia
2593 4472 2821 4541 primum
2866 4472 2933 4525 de
2990 4474 3154 4526 ternis
3202 4473 3391 4539 alpha-

98 4570 341 4617 ccntum
392 4559 554 4613 decus
596 4568 781 4613 octus:
816 4560 943 4613 tolle
989 4558 1218 4625 CXVIII,
1267 4573 1552 4617 remanent
1598 4564 1701 4629 XI;

101 4650 411 4704 trudecima
468 4658 548 4700 est
574 4648 694 4700 luna
726 4648 775 4699 in
826 4647 1088 4702 Calendas
1121 4650 1303 4703 Maias.
1366 4649 1420 4703 Si
1452 4652 1532 4703 vis
1566 4652 1707 4706 seire

97 4748 285 4808 quota
318 4748 406 4790 est
432 4736 555 4789 luna
588 4736 638 4788 in
662 4734 754 4787 XV
777 4735 1040 4789 Calendas
1060 4735 1270 4800 Junias,
1294 4738 1494 4793 dirito:
1521 4738 1709 4794 Junius

97 4834 163 4883 ω
195 4824 478 4883 Calendas
506 4824 667 4888 CLII;
700 4825 825 4878 tolle
857 4823 945 4877 XV
993 4824 1258 4879 Calendas
1286 4826 1498 4892 Junias,
1522 4844 1705 4883 rema-

96 4928 248 4972 non!
277 4914 605 4977 CXXXVII;
652 4916 789 4970 adde
820 4914 906 4979 IX,
952 4916 1080 4969 liunt
1108 4914 1345 4979 CXLVI;
1382 4920 1583 4986 partire
1614 4936 1703 4989 per

102 5004 256 5071 LIX,
309 5002 668 5071 quinquagies
697 5004 883 5059 novies
930 5006 1040 5059 bini
1070 5016 1289 5061 centum
1331 5008 1495 5062 decus
1523 5019 1709 5076 octus;

96 5101 254 5154 tolle
289 5092 527 5162 CXVIII,
575 5104 854 5149 remanent
900 5094 1146 5160 XXVIII;
1204 5099 1458 5154 vicesima
1516 5110 1710 5156 octava

1814 4566 1995 4619 hetum
2030 4564 2183 4616 nudis
2223 4563 2474 4628 utrinque
2512 4562 2725 4623 litteris,
2752 4561 3043 4615 secundum
3068 4562 3386 4622 subnotalis,

1817 4656 2033 4708 tertium
2060 4650 2448 4719 supernotatis,
2472 4648 2939 4702 determinandum
2985 4650 3217 4715 providit
3251 4651 3392 4703 anti-

1816 4745 2011 4812 quitus.

2374 4807 2596 4862 CAPUT
2640 4807 2826 4861 XXIV.

2269 4896 2403 4961 Quot
2434 4900 2573 4952 horis
2604 4901 2726 4952 luna
2757 4901 2941 4954 luceat.

1886 5002 2389 5069 Tradunt-quoquc
2440 5009 2815 5067 argumentum
2856 5011 3064 5055 veteres
3110 5014 3216 5069 quo
3269 4999 3392 5052 luna

1816 5096 2073 5164 cujusque
2120 5092 2293 5146 attatis
2324 5100 2458 5159 quot
2500 5092 2647 5145 horis
2691 5092 2867 5146 luceat
2910 5091 3239 5159 exploretur,
3268 5090 3392 5158 quia

1391 5230 1681 5287 CLOSSA".
1725 5232 1809 5286 ET
1851 5226 2162 5284 SCIIOLIA.

100 5355 220 5407 be!
250 5362 478 5417 quoque
510 5346 856 5417 novendecim
887 5344 1152 5417 Kalendas
1183 5352 1304 5417 post
1324 5344 1467 5417 Idus.
1490 5346 1707 5417 ‘Trede-

102 5422 237 5475 ciu!
266 5414 325 5471 et
362 5414 712 5469 nov-endecim
741 5423 865 5468 sunt
893 5416 1047 5467 simul
1086 5414 1297 5480 triginta
1324 5415 1453 5467 duo.
1485 5414 1573 5468 Sic
1606 5416 1704 5481 igi-

106 5502 216 5545 tur
244 5496 425 5540 totum
465 5485 619 5544 huius
657 5484 902 5538 lectionis
941 5498 1219 5535 numerum
1251 5497 1280 5535 a
1321 5483 1496 5550 capite
1537 5498 1708 5551 usque

98 5554 193 5615 ad
226 5550 397 5608 ﬁnem
429 5551 675 5606 facillime
700 5554 935 5619 reperire
964 5562 1135 5619 potes.

188 5621 357 5678 Jour.
404 5621 536 5675 Nov.
576 5621 822 5690 Scaeua.
866 5651 934 5661 —
972 5620 1065 5690 Est
1089 5623 1246 5690 etiam
1273 5623 1707 5690 vetus‘argumcu-

102 5710 259 5750 ηε..
290 5691 373 5746 Ad
408 5691 510 5743 hoc
538 5688 1029 5758 caput,-deindepad
1061 5688 1277 5758 idquod
1308 5688 1565 5758 sequitur.
1596 5701 1705 5743 tmn

106 5764 194 5821 ad
226 5764 279 5817 id
311 5776 533 5829 quoque
560 5758 704 5827 quod
735 5756 1003 5825 pncccdit,
1039 5755 1328 5812 rcfcrcudze
1358 5755 1479 5811 situt
1514 5760 1703 5813 ttthttlza‘

1814 5355 1947 5409 quas
1976 5338 2238 5406 principio
2264 5337 2445 5409 operis
2477 5337 2779 5405 proposuit.
2804 5336 3113 5409 praesertim
3135 5337 3232 5409 has
3260 5349 3394 5409 qu_a_s

1814 5402 2007 5463 litteris
2054 5402 2360 5473 majuseulis
2398 5402 2747 5471 sigitavimus.
2788 5402 2852 5471 Ᾱ,
2897 5406 2953 5468 Β,
2993 5404 3056 5467 G,
3098 5405 3135 5467 I,
3168 5402 3210 5455 V
3241 5402 3295 5457 et
3325 5402 3389 5469 Χ,

1814 5477 2269 5546 quemadmodum
2300 5477 2370 5529 ibi
2399 5480 2560 5530 etiam
2591 5478 2988 5530 annotavimus.

2423 5604 2591 5644 CAPUT
2633 5606 2776 5642 XXIV.

1884 5689 2031 5743 lium.
2078 5687 2279 5741 “MIES.
2314 5690 2635 5743 GI.OSS.£.--
2671 5688 2799 5740 Item
2829 5690 2912 5739 ubi
2945 5689 3012 5739 ml
3042 5691 3291 5742 decimam
3318 5690 3396 5741 ht-

1812 5778 1929 5811 num
1968 5762 2275 5823 peri-curris,
2312 5760 2590 5821 mulliplic'u
2628 5777 2713 5809 uer
2742 5771 2981 5817 (mutuor,
3021 5762 3145 5812 tium
3174 5762 3397 5816 quadra-
