3842 6242
521 407 626 461 ‘03

1090 518 1319 574 CAPUT
1360 519 1517 575 XXV.

592 606 813 670 Quando
844 611 918 663 vel
947 614 1263 689 quare_l_nna
1293 618 1369 669 vel
1396 634 1582 684 prona,
1618 620 1691 673 rel
1719 619 1924 689 supina,
1963 621 2040 674 vel

1085 684 1230 737 vidca
1245 695 1319 737 ὀη-
1343 698 1532 739 erecta.

586 788 723 846 Sunt
745 792 859 859 qui,
887 807 1045 847 auras
1067 795 1349 863 explorare
1371 800 1573 866 conati,
1600 800 1783 856 dicant
1807 803 1985 857 lunam
2013 820 2112 859 no-

515 900 656 947 va-n,
700 888 910 952 quoties
947 889 1140 957 supino
1180 906 1347 944 cornu
1388 901 1616 961 utroque.
1658 894 1924 957 videatur,
1976 906 2110 951 tem-

515 984 826 1039 pestuosum
869 994 1139 1040 mensem;
1183 983 1396 1049 quoties
1441 994 1628 1039 erecto
1672 1002 1821 1052 uuo,.
1852 995 2108 1043 «Menum

517 1068 857 1130 portendere.
894 1068 1044 1134 Quod
1101 1072 1256 1139 longe
1304 1074 1459 1129 aliter
1509 1092 1629 1132 esse
1674 1080 1932 1134 naturalis
1974 1082 2111 1135 ratio

516 1159 713 1225 prodit.
745 1160 881 1225 Quid
912 1164 1089 1217 enim?
1121 1167 1378 1235 numquid
1408 1169 1666 1225 credibile
1704 1171 1950 1231 estlunae
2000 1180 2113 1226 sta-

517 1255 653 1314 tum,
676 1251 766 1318 qui
803 1252 937 1307 ﬁxus
968 1255 1017 1308 iu
1040 1256 1241 1310 aethere
1270 1268 1571 1333 permanet,
1598 1276 1695 1331 pro
1718 1260 2111 1330 subiacentium

1018 408 1223 465 nem:
1268 411 1729 469 vmmamus
1768 412 2052 472 ori-:auu
2094 416 2271 475 esus
2313 420 2351 475 ι.
2381 451 2446 461 -
2480 405 2924 481 DIDASCALICA
2964 424 3291 485 cauum.

3664 438 3738 491 101

2136 534 2184 591 Α
2214 533 2514 589 mutatione
2568 534 2878 603 ﬂabrorum,
2933 541 3017 594 vel
3069 542 3289 598 nubium
3336 562 3498 615 prsse
3544 549 3747 605 aliorsum

2216 639 2376 692 quam
2430 624 2606 680 fuerat
2645 631 2909 694 converti,
2959 641 3013 685 et
3051 648 3168 687 eam
3215 638 3368 703 quasi
3428 638 3609 694 futura:
3642 652 3749 695 metu

2215 718 2549 783 tempestatis
2574 716 2850 785 aliquanto
2873 721 3031 775 altius
3054 737 3240 787 cornu,
3259 743 3421 795 quam
3446 738 3636 783 natura:
3651 730 3750 784 ordo

2217 806 2473 873 poscebat
2528 809 2810 864 attollere?
2855 811 3086 868 Maxime
3134 831 3255 870 cum
3305 835 3409 872 non
3459 822 3752 877 omnibusin

2216 896 2373 949 terris
2402 897 2540 951 idem
2572 895 2944 955 ﬂuctuantium
2978 904 3146 971 possit
3182 906 3415 962 existere
3444 907 3596 963 ﬂatus
3630 925 3753 963 aura-

2217 1002 2357 1049 rum,
2392 987 2530 1042 luna:
2561 997 2739 1073 autem
2772 1000 2943 1046 status
2968 992 3132 1057 idem,
3165 998 3464 1066 eademque
3490 1001 3559 1052 sit
3584 1016 3668 1069 pro
3688 1016 3757 1053 ra.

2218 1076 2393 1131 riante
2438 1077 2566 1133 solis
2616 1079 2858 1147 digressu
2912 1087 3216 1140 conversio.
3246 1086 3438 1141 Dicunt
3478 1091 3609 1144 enim
3646 1106 3755 1155 eam,

2200 1167 2357 1221 'sicut
2385 1176 2440 1221 et
2462 1169 2653 1225 beatus
2682 1171 3008 1240 Augustinus
3035 1177 3086 1230 in
3128 1179 3471 1246 expositione
3501 1183 3672 1249 psalmi
3688 1182 3758 1234 de-

2220 1259 2345 1314 cimi
2365 1258 2547 1325 docet,
2578 1276 2684 1315 non
2717 1262 2914 1317 habere
2950 1264 3129 1320 lumen
3163 1270 3463 1338 proprium,
3493 1271 3581 1325 sed
3623 1288 3648 1324 a
3673 1272 3758 1325 sole

1768 1377 2055 1434 GLOSSAS
2102 1378 2190 1432 ET
2230 1374 2548 1431 SCHOLIA.

520 1458 684 1508 modo
715 1461 793 1525 tv)
828 1460 1083 1539 elligiata.
1124 1465 1347 1539 singulis
1371 1468 1520 1523 horis
1549 1470 1774 1539 subjeci,
1805 1479 1860 1524 et
1900 1471 1966 1525 ad
1988 1465 2115 1525 ultil

522 1542 668 1580 mum
722 1546 813 1593 tes,
859 1534 1113 1600 quoniam
1173 1537 1242 1589 ab
1294 1538 1426 1591 hora
1487 1556 1592 1609 qua
1637 1534 1938 1610 ingreditur
2001 1557 2110 1595 xxx

765 1638 1399 1682 Ρηίρληλτμιηηεειτμ

519 1711 689 1765 Aries.
928 1731 989 1768 xv
1026 1716 1248 1771 Kalend.
1279 1720 1450 1786 April.
1627 1722 1649 1773 1
1882 1738 1990 1776 xxx
2038 1791 2048 1805 ο

517 1850 740 1905 Taurus.
926 1871 989 1907 xv
1020 1856 1238 1911 Kalend.
1276 1859 1416 1912 Maii.
1624 1830 1688 1916 11
1885 1877 1993 1915 xxx

514 1991 742 2046 lictnini.
922 2013 1007 2050 Xt‘l
1044 1997 1263 2055 Kalend.
1296 1999 1463 2053 Junii.
1624 1998 1667 2054 Χ
1884 2018 1990 2056 xxx

512 2130 734 2186 Cancer.
925 2152 991 2188 xv
1022 2138 1240 2191 Kalend.
1275 2138 1357 2193 Jul
1386 2138 1422 2191 i.
1626 2108 1738 2195 νἠι
1885 2132 1994 2210 πέει

515 2271 643 2326 lato.
927 2294 1011 2331 xvt
1047 2278 1270 2331 Kalend.
1308 2279 1530 2349 August.
1628 2281 1715 2335 VII
1888 2298 1996 2335 xxx

518 2411 694 2482 Virgo.
923 2434 1008 2471 xvi
1038 2417 1265 2472 Kalend.
1302 2420 1577 2487 Septemb.
1622 2370 1691 2475 5..
1879 2437 1991 2475 xxx

516 2551 692 2607 Libra.
922 2575 1012 2612 xvi
1044 2558 1267 2615 Kalend.
1303 2559 1491 2615 Octob.
1618 2560 1705 2615 llll
1885 2577 1993 2617 xxx

512 2693 782 2765 Scorpius.
928 2714 1013 2751 xv:
1042 2699 1084 2752 Κ
1106 2700 1264 2754 dead.
1298 2701 1555 2757 Novemb.
1624 2670 1679 2753 2.
1700 2733 1719 2747 ο
1888 2718 1996 2757 xxx

513 2834 847 2905 Sagittarius.
926 2856 1009 2894 xvi
1045 2840 1263 2893 Kalend.
1300 2841 1550 2896 Deccmb.
1624 2844 1640 2894 Ι
1881 2860 1988 2899 xxx

509 2975 887 3044 Capricornus.
922 2998 1029 3036 xvn
1064 2980 1289 3035 Kalend.
1321 2981 1443 3036 Jan.
1629 2982 1699 3037 XI
1886 2999 1993 3037 xxx

510 3118 796 3185 Aquarius.
918 3139 1023 3177 xvu
1056 3123 1280 3177 Kalend.
1320 3122 1474 3178 Febr.
1620 3124 1686 3178 10
1876 3141 1985 3178 xrx

515 3260 714 3313 Pisces.
926 3279 989 3315 xv
1021 3263 1245 3316 Kalend.
1274 3263 1428 3317 Mart.
1628 3232 1742 3319 Vill
1884 3282 1993 3321 xxx

512 3402 647 3455 lline
680 3400 734 3454 lit
766 3402 985 3456 bissexti
1018 3404 1152 3458 dies.
1629 3404 1690 3457 \‘l
1881 3422 1990 3459 xxx

1136 3509 1305 3547 CAPUT
1346 3509 1471 3548 XXV.

580 3563 729 3617 BBID.
775 3563 979 3618 “MISS.
1022 3564 1261 3617 GLOSS/E.
1289 3562 1585 3616 —-Lunam
1640 3578 1745 3616 non
1797 3563 1962 3616 minui
2002 3578 2106 3618 nec

510 3649 756 3687 crescere
787 3634 991 3695 dicunt,
1026 3633 1118 3687 sed
1150 3649 1177 3684 a
1206 3634 1320 3685 sole
1351 3634 1667 3685 illu-tratam
1696 3648 1725 3685 a
1755 3642 1910 3699 parte
1939 3647 2099 3700 quam

511 3704 671 3755 habet
698 3705 760 3756 ad
793 3720 912 3756 eum
936 3746 947 3765 ,
978 3704 1232 3772 paulatim
1266 3703 1345 3755 V'Pl
1378 3704 1445 3754 ab
1477 3719 1543 3755 eo
1572 3703 1895 3765 receden'lo,
1942 3704 2023 3756 vel
2054 3704 2104 3757 ei

512 3774 941 3841 prepinquaudo,
977 3774 1131 3827 nobis
1162 3772 1445 3827 candidam
1479 3783 1684 3840 partem
1717 3775 1998 3827 revolvere
2021 3773 2104 3827 vel

510 3850 703 3923 atram.
752 3842 817 3894 Et
846 3844 929 3895 die
972 3844 1186 3923 quidem
1218 3850 1497 3923 crescente
1540 3843 1972 3923 s_upiiiaiii_eerni_
2002 3859 2105 3923 nos

511 3926 631 3961 vam
666 3911 866 3970 lunam,
904 3911 1090 3981 utp'uta
1124 3914 1456 3981 superiorem
1489 3914 1614 3975 soli,
1646 3923 1699 3966 et
1739 3913 1803 3964 ad
1834 3913 2107 3978 aquilonia

509 3980 860 4043 subeuntem;
910 3980 1255 4034 decrescente
1304 3996 1435 4034 vero
1466 3990 1699 4033 erectam
1738 3989 1792 4032 et
1840 3982 2102 4045 dejectam

512 4067 561 4103 in
590 4060 817 4111 austros,
852 4050 1063 4119 plenam
1090 4065 1267 4103 autem
1295 4052 1394 4103 soli
1426 4066 1641 4117 semper
1670 4050 1969 4102 adversam.
1996 4049 2102 4102 Su-

511 4123 751 4185 blimem,
783 4120 967 4174 humili
999 4121 1133 4183 sole,
1167 4121 1531 4187 humilemque
1558 4120 1791 4174 Sublimi.
1825 4119 1992 4183 Quam
2023 4119 2101 4171 lu-

508 4206 632 4245 cere
663 4192 949 4244 dodrantes
986 4192 1292 4244 semuncias
1338 4192 1593 4244 horarum
1626 4206 1653 4241 a
1684 4190 1917 4243 secunda
1963 4189 2100 4257 adji-

509 4262 737 4313 cieniem
780 4277 950 4327 usque
995 4261 1060 4313 ad
1104 4261 1318 4327 plenum
1369 4262 1573 4324 orbem,
1618 4259 2101 4327 detrahentemque

510 4330 562 4382 in
606 4330 1038 4383 diminutionem.
1083 4333 1219 4381 Intra
1269 4330 1526 4384 tredecim
1556 4338 1733 4382 autem
1768 4339 1943 4399 partes
1972 4332 2101 4383 solis

509 4412 725 4465 semper
755 4399 1019 4451 occultam
1052 4414 1212 4459 esse;
1249 4401 1591 4452 novissimam
1638 4414 1766 4452 vero
1799 4414 2101 4465 novamque

510 4470 711 4527 lunam,
747 4468 932 4519 eadem
958 4469 1041 4520 die
1062 4468 1147 4520 vel
1172 4476 1350 4531 nocte,
1378 4469 1522 4521 nullo
1542 4469 1648 4520 alio
1679 4468 1730 4519 in
1760 4468 1914 4531 signo
1941 4482 2101 4531 quam

508 4539 689 4591 Arii-te
738 4538 997 4605 conspici.
1038 4538 1092 4590 Si
1144 4538 1193 4589 in
1226 4537 1543 4589 accensione
1573 4542 1753 4590 erecta
1798 4537 1996 4600 fuerit,
2049 4537 2101 4589 in

509 4610 772 4662 matutino
807 4621 997 4660 exortu
1030 4608 1218 4676 supina
1250 4607 1549 4671 apparebit.
1584 4606 1716 4660 Item
1747 4605 1791 4658 si
1824 4606 1875 4657 in
1906 4619 2101 4660 accen-

505 4681 585 4731 sio
627 4695 658 4732 e
688 4680 877 4746 snpiua
907 4680 956 4731 in
984 4688 1199 4731 modum
1234 4678 1381 4731 navis
1408 4678 1567 4731 fuerit
1587 4677 1722 4740 visa,
1758 4678 1807 4729 in
1835 4676 2099 4729 matutino

505 4760 696 4801 exortu
721 4759 901 4803 erecta
923 4759 1193 4802 cernetur.
1227 4748 1398 4802 llahet
1418 4762 1548 4815 ergo
1572 4757 1680 4801 tres
1703 4756 1898 4801 status:
1927 4746 1974 4799 id
1993 4755 2093 4809 est,

506 4822 714 4883 supina,
742 4828 942 4881 erecta,
967 4833 1156 4885 prona,
1186 4818 1475 4884 aliquando
1498 4820 1729 4871 videtur.
1764 4816 1965 4870 Luno'n
1995 4833 2097 4870 non

506 4887 671 4937 minui
698 4903 789 4937 nec
813 4904 1038 4939 crescere
1069 4888 1263 4947 dicunt,
1294 4888 1497 4955 scilicet
1518 4888 1805 4955 sapientes,
1832 4888 1925 4939 sed
1955 4902 2099 4939 sem-

508 4971 603 5021 per
630 4957 679 5006 in
709 4972 812 5008 una
837 4965 989 5021 parte
1015 4955 1173 5023 plena
1195 4965 1294 5006 est.
1316 4954 1486 5016 Luna,
1508 4956 1769 5007 Martiano
1787 4964 2094 5017 attestante,

510 5041 613 5077 non
648 5040 744 5093 per
774 5026 1004 5092 seipsam
1026 5064 1041 5086 ,
1074 5024 1168 5078 sed
1195 5038 1225 5075 a
1262 5025 1375 5075 sole
1418 5024 1767 5083 illuminatur,
1804 5024 1940 5075 sicut
1969 5039 2096 5093 spe-

507 5091 684 5149 culum
711 5095 839 5147 nihil
862 5091 1165 5163 Splendoris
1190 5106 1363 5159 neque
1386 5093 1630 5159 imaginis
1651 5110 1679 5143 a
1701 5108 1758 5146 se
1777 5092 1890 5163 ipso
1915 5091 2092 5163 habet,

506 5165 703 5234 accipit
735 5161 911 5219 tamen
940 5167 1115 5218 lumen
1145 5173 1197 5217 et
1221 5164 1511 5234 imaginem,
1537 5177 1631 5230 per
1651 5177 1736 5234 res
1761 5161 1860 5213 sibi
1892 5161 2096 5234 extrin-

505 5230 661 5291 secus
689 5239 986 5307 oppositas.
1020 5235 1245 5307 Quando
1292 5244 1469 5307 autem
1502 5232 1615 5301 ipsa
1649 5232 1768 5284 luna
1799 5247 1827 5282 a
1857 5230 2094 5307 solere-

506 5307 670 5373 cedit,
729 5301 1027 5362 illustratir
1078 5321 1107 5359 a
1145 5306 1260 5358 sole
1303 5304 1598 5372 paulatim,
1657 5310 1711 5355 et
1740 5311 1867 5356 tunc
1894 5301 2091 5373 dicitur

505 5371 785 5439 crescere;
849 5377 1066 5443 quando
1107 5391 1234 5429 vero
1282 5378 1329 5428 ei
1382 5374 1778 5442 appropinquat
1834 5381 1954 5439 post
1995 5371 2089 5425 de-

504 5446 698 5499 eimam
743 5448 983 5515 quintam
1035 5447 1238 5509 lunam,
1284 5445 1604 5497 obscuratur
1626 5443 2092 5515 paulatimpdouee

509 5525 617 5568 tota
680 5514 1027 5571 obnubiletur
1074 5516 1348 5569 vicinitate
1395 5515 1523 5567 solis
1557 5555 1570 5577 ,
1614 5522 1669 5567 et
1712 5521 1837 5567 tunc
1896 5514 2094 5567 dicitur

506 5586 691 5647 minui,
714 5604 835 5641 cum
860 5598 1036 5640 tamen
1066 5587 1115 5638 in
1138 5601 1233 5637 suo
1257 5600 1485 5651 cerprire
1508 5599 1777 5651 nunquam
1802 5583 2093 5646 minuatur,

509 5669 777 5719 nunquam
811 5668 1034 5710 crescat.
1074 5655 1402 5707 Illuslrntam
1426 5655 1627 5709 scilicet
1664 5668 1783 5707 esse
1805 5654 2016 5709 dicunt.
2044 5654 2093 5708 id

506 5732 610 5787 est,
638 5724 1011 5778 illuminatam.
1039 5726 1117 5776 Ad
1158 5742 1270 5776 eum
1296 5725 1531 5793 (solem),
1559 5724 1609 5776 id
1642 5733 1741 5785 est,
1766 5733 1952 5779 contra
1971 5740 2093 5777 eum

510 5808 734 5855 ver-am,
757 5796 829 5845 rel
848 5796 911 5844 ab
936 5812 992 5846 eo
1013 5794 1169 5861 (sole)
1197 5795 1499 5853 reccdendo,
1525 5793 1729 5846 scilicet
1752 5806 1949 5860 partem
1972 5811 2096 5849 can-

509 5865 707 5931 didam,
744 5867 815 5917 vel
839 5866 882 5918 ri
912 5863 1329 5934 propinqunndo,
1361 5863 1563 5916 scilicet
1594 5872 1791 5929 parcnt
1824 5874 2015 5929 atrum,
2046 5865 2095 5918 id

2221 1469 2432 1533 diebus,
2464 1476 2521 1522 et
2574 1483 2635 1523 ιε
2681 1468 2869 1537 ὴοτίεέ,
2902 1470 2954 1523 in
2997 1484 3324 1541 unoquoque
3366 1471 3523 1539 signo
3560 1474 3633 1527 sol
3671 1491 3757 1529 ιιιο·

2222 1548 2395 1593 ratur.

1592 1631 2058 1703 ‘muusaauusﬁ
2091 1645 2563 1688 secusousaaaus.
2631 1646 2853 1686 manus
2875 1646 3061 1687 usus.
3132 1648 3373 1696 QUARTUS
3391 1636 3579 1689 nats.
3619 1652 3705 1690 non
3721 1654 3758 1689 ε.

2136 1723 2168 1775 7
2395 1739 2504 1777 xxx
2648 1721 2669 1776 1
2907 1739 3016 1776 xxx
3164 1724 3249 1777 Vll
3425 1742 3535 1780 xxx
3660 1746 3722 1783 xx.

2395 1879 2504 1917 xxx
2648 1833 2719 1916 111
2906 1879 3016 1918 xxx
3421 1883 3532 1920 xxx
3658 1886 3722 1922 ιη.

2138 2003 2172 2056 ι
2396 2018 2505 2056 xxx
2651 2002 2718 2055 10
2897 2018 3007 2056 xxx
3144 2002 3241 2060 Jlll
3420 2023 3533 2061 xxx

2143 2141 2183 2196 11
2398 2158 2507 2196 xxx
2650 2140 2765 2196 ἯΙί
2911 2160 3018 2197 xxx
3163 2144 3197 2198 2
3422 2164 3532 2199 xxx
3660 2164 3726 2201 ιε.

2144 2284 2163 2339 1
2395 2299 2504 2337 xxx
2650 2285 2681 2337 7
2910 2298 3019 2338 xxx
3162 2283 3181 2338 Ι
3422 2278 3534 2341 m

2142 2564 2189 2618 Χ
2399 2579 2508 2618 xxx
2654 2563 2688 2615 4
2914 2580 3022 2619 xxx
3170 2565 3235 2618 10
3425 2583 3536 2620 xxx
3665 2583 3728 2619 κε.

2142 2705 2176 2760 8
2403 2722 2511 2761 xxx
2656 2703 2700 2760 11
2914 2721 3022 2759 xxx
3168 2704 3281 2758 Vlll
3342 2738 3343 2741 η
3425 2724 3539 2760 xxx
3668 2724 3731 2760 rs.

2133 2844 2248 2899 Vlll
2650 2846 2673 2900 1
2905 2862 3015 2899 xxx
3159 2847 3187 2896 7
3423 2864 3536 2901 xxx
3667 2862 3729 2896 ις.

2141 2954 2188 3039 5.
2402 3001 2511 3039 axx
2661 2958 2717 3039 ll
2913 3001 3022 3039 xxx
3426 3002 3540 3039 xxx
3669 3001 3731 3037 xi.

2133 3123 2221 3178 Illl
2401 3142 2509 3179 xxx
2655 3126 2698 3179 Χ
2908 3141 3016 3178 xxx
3160 3126 3194 3181 4
3425 3142 3538 3181 xxx
3671 3141 3731 3176 1:.

2141 3266 2177 3317 ΙΙ
2400 3282 2508 3321 xxx
2651 3264 2685 3317 8
2908 3282 3038 3319 xrx-
3162 3265 3202 3321 11
3422 3284 3536 3321 xxx
3668 3281 3729 3316 I5-

2144 3405 2203 3458 Vl
2398 3423 2506 3460 xxx
2654 3406 2715 3458 Vl
2913 3422 3020 3459 xxx
3166 3405 3228 3459 Vi
3428 3424 3543 3459 xxx
3672 3421 3735 3456 τε.

2135 3496 2180 3558 ρ
2212 3504 2314 3559 est,
2347 3496 2572 3562 nigram,
2607 3495 2756 3549 nobi:
2778 3498 3050 3557 revolvere,
3074 3495 3281 3549 scilicet
3308 3495 3524 3549 dicunt.
3552 3495 3607 3549 in
3635 3509 3768 3562 quan-

2212 3572 2324 3618 tum
2350 3567 2493 3619 enim
2520 3573 2910 3633 propinquatur
2932 3565 3054 3627 soli,
3080 3564 3132 3615 in
3156 3571 3365 3617 tantum
3392 3564 3635 3620 aufertur
3653 3566 3769 3618 nobis

2213 3634 2392 3687 lumen
2419 3634 2577 3687 illius.
2611 3634 2707 3698 Et,
2741 3634 2948 3688 scilicet
2976 3633 3182 3697 dicunt,
3205 3635 3291 3687 die
3314 3645 3601 3697 crescente,
3622 3637 3669 3688 id
3690 3641 3765 3691 est.

2181 3704 2337 3757 ‘dum
2381 3704 2577 3757 crescit
2614 3704 2749 3757 dies.
2783 3705 3053 3769 Qumritur
3090 3720 3189 3757 cur
3226 3715 3518 3760 crescente
3561 3707 3642 3758 die
3675 3707 3768 3757 luna

2211 3789 2348 3827 nova
2366 3774 2553 3843 supina
2580 3775 2845 3836 videatur,
2872 3776 3221 3828 decrescente
3247 3786 3430 3828 autem
3455 3776 3547 3828 die
3569 3790 3666 3827 non
3682 3788 3769 3841 pro-

2212 3859 2300 3908 na,
2327 3844 2420 3897 sed
2450 3852 2649 3909 erecta,
2672 3861 2792 3898 cum
2821 3846 3081 3898 debuerat
3103 3844 3243 3897 sicut
3263 3846 3458 3911 supina
3485 3847 3540 3897 in
3572 3844 3693 3895 lueis
3713 3845 3767 3891 in-

2212 3921 2510 3971 cremento.
2526 3915 2603 3967 sic
2618 3929 2785 3981 prona
2804 3914 2855 3965 in
2876 3914 3200 3965 detrimento
3221 3927 3513 3981 apparere.
3535 3912 3608 3965 Ita
3626 3923 3768 3963 tamen

2208 3981 2456 4036 solvitur.
2484 3981 2777 4035 Crescente
2805 3983 2890 4033 die
2919 3981 3238 4033 naturaliter
3265 3982 3524 4049 superior
3565 3991 3639 4035 est
3676 3981 3766 4031 luo:

2208 4050 2343 4113 sole,
2375 4061 2429 4102 et
2459 4061 2746 4118 propterea
2780 4051 2893 4117 ipse
2923 4050 3004 4103 sol
3040 4045 3375 4117 superiorem
3424 4045 3609 4104 funali!
3642 4063 3765 4114 supra

2207 4134 2266 4173 se
2296 4120 2523 4187 positam
2556 4121 2841 4185 illuminat,
2894 4129 2949 4174 et
2974 4120 3220 4185 supinam
3252 4119 3453 4183 ellicit;
3478 4122 3606 4175 dum
3626 4129 3767 4172 autem

2206 4189 2319 4243 dies
2349 4190 2633 4254 decrescit,
2670 4190 2896 4244 naturali
2944 4191 3213 4258 positione
3239 4190 3487 4258 ejusdem
3517 4188 3769 4244 altitudinis

2206 4260 2285 4331 sol
2310 4269 2364 4315 et
2386 4276 2523 4313 nova
2554 4262 2675 4313 luna
2701 4276 2818 4314 esse
2844 4261 3341 4331 deprehenduntur,
3370 4278 3433 4316 ac
3458 4277 3557 4330 per
3577 4262 3670 4315 hoc
3688 4272 3768 4310 non

2208 4330 2339 4382 infra
2383 4346 2443 4384 se
2485 4333 2715 4399 positam
2759 4330 2935 4383 lunam
2977 4331 3245 4394 accendit,
3285 4332 3381 4383 sed
3423 4348 3495 4385 ex
3521 4331 3769 4399 laterem

2206 4401 2463 4466 positam,
2494 4408 2548 4451 et
2598 4407 2883 4467 propterea
2932 4414 3050 4452 eam
3102 4401 3227 4452 facit
3256 4409 3525 4453 erectam.
3571 4398 3768 4459 Cunila

2206 4468 2602 4587 nobishnovam,
2620 4469 2670 4520 id
2683 4477 2781 4529 est,
2801 4468 3028 4534 primam
3044 4467 3768 4536 lunamditpotesuperioraa

2206 4537 2326 4587 soli.
2410 4551 2474 4587 oe
2507 4552 2611 4587 non
2645 4537 2855 4587 ratione
2880 4550 3161 4587 zonarum.
3186 4537 3281 4587 sed
3306 4538 3528 4587 ratione
3551 4531 3767 4587 siuniferi.

2206 4537 2326 4589 soli.
2362 4531 2474 4590 Hoc
2507 4552 2611 4589 non
2645 4531 2855 4590 ratione
2880 4550 3161 4597 zonarum,
3186 4537 3281 4593 sed
3306 4531 3528 4590 ratione
3547 4531 3767 4603 signiferi.

2206 4605 2645 4673 deprehenditur.
2689 4604 2915 4671 Quando
2955 4606 3051 4659 sol'
3080 4605 3364 4660 Australes
3411 4606 3663 4665 circulos,
3700 4602 3767 4669 qui

2206 4683 2332 4729 sunt
2364 4674 2678 4740 inferiores,
2723 4677 2913 4730 circuit
2944 4684 3191 4745 tempore
3220 4676 3481 4743 hiemali,
3515 4687 3638 4731 tunc
3674 4673 3769 4727 lum

2206 4746 2670 4815 Septentrionales
2696 4746 2947 4807 circulos.
2972 4747 3064 4815 qui
3087 4746 3310 4800 altiores
3333 4759 3486 4811 sunt,
3508 4746 3713 4815 peragit,
3731 4750 3771 4791 rt

2206 4825 2335 4872 tunc
2366 4816 2524 4870 altior
2552 4826 2634 4870 est
2662 4818 2805 4881 sole,
2841 4817 2966 4870 ideo
2996 4818 3186 4886 supina
3217 4825 3321 4880 est.
3356 4832 3572 4873 cornua
3599 4826 3769 4886 sursum

2205 4887 2409 4941 habens
2454 4889 2504 4940 in
2536 4887 2754 4940 modum
2787 4888 2967 4950 navis.
3000 4885 3126 4953 quia
3156 4887 3415 4943 videlicet
3447 4892 3518 4944 ab
3557 4885 3769 4942 inferiore

2204 4959 2285 5027 sui
2324 4968 2510 5025 parte,
2553 4971 2657 5027 qua
2686 4957 2868 5027 solum
2915 4956 3169 5027 respicit,
3206 4958 3553 5027 accenditur.
3606 4955 3769 5027 Bursa;

2204 5026 2469 5091 migrante
2514 5025 2630 5078 sole
2678 5025 3147 5092 Septentrionales
3185 5027 3460 5087 circulos,
3506 5026 3629 5080 luna
3666 5025 3769 5092 pd“

2206 5090 2519 5155 Australes;
2552 5103 2607 5145 et
2634 5090 2767 5159 quia
2790 5090 3014 5146 inferior
3044 5102 3169 5147 tunc
3191 5095 3312 5147 sole
3343 5103 3452 5159 est,
3475 5110 3509 5148 a
3532 5090 3770 5161 ειψεήοη

2204 5164 2283 5214 sui
2319 5172 2471 5229 parte
2508 5177 2612 5230 qua
2652 5162 2820 5216 solem
2870 5162 3125 5229 respicit.
3173 5164 3539 5223 illi-minatur.
3583 5162 3767 5217 obrui:

2204 5232 2408 5285 habens
2440 5242 2597 5284 terrm:
2638 5247 2841 5285 cornua
2874 5245 3044 5297 prona
3065 5272 3078 5295 ,
3113 5239 3169 5284 et
3206 5232 3272 5283 ad
3305 5233 3667 5301 Aquiloniam
3686 5230 3767 5281 rit-

2201 5302 2373 5356 culos.
2410 5302 2565 5355 Verbi
2609 5303 2780 5373 gratia
2818 5324 2825 5353 :
2873 5302 3203 5355 Duodecimo
3244 5302 3362 5355 Kal.
3420 5304 3597 5373 April.
3632 5301 3768 5373 anim

2201 5373 2314 5425 dies
2337 5384 2605 5427 crescunt.
2636 5372 2688 5425 Si
2718 5373 2877 5426 fuerit
2903 5374 2952 5425 iu
2981 5372 3166 5425 Ariete
3188 5372 3313 5425 luna
3346 5370 3767 5439 accensa,me

2202 5444 2254 5495 in
2304 5446 2540 5496 'l’aurum
2587 5444 2695 5498 cito
2728 5445 3025 5513 transiens.
3074 5443 3177 5494 erit
3225 5446 3383 5510 quasi
3430 5447 3519 5501 sol
3564 5440 3769 5513 superior

2200 5522 2457 5581 quantum
2483 5515 2547 5566 ad
2568 5513 2902 5581 signiferum.
2928 5511 3267 5576 subeuntem,
3299 5515 3351 5568 id
3379 5526 3489 5581 est,
3517 5511 3769 5581 θεράπων·

2204 5593 2336 5647 tem,
2371 5584 2580 5638 scilicet
2625 5580 2769 5635 illam
2803 5583 3006 5635 lunam.
3053 5582 3423 5650 Derrescen'e,
3456 5580 3663 5643 scilicet
3686 5580 3765 5650 ἀίΐς

2199 5642 2465 5728 erectam,
2501 5654 2711 5728 scilicet
2737 5652 2957 5728 dicunt,
2985 5668 3071 5728 ex
3103 5653 3295 5728 litem.
3340 5642 3421 5709 Et.
3443 5642 3767 5728 deiectu...“
3802 5716 3805 5728 ς

2201 5733 2281 5777 est
2305 5726 2580 5785 humilem,
2606 5724 2659 5775 in
2681 5724 2919 5783 Austros,
2944 5725 2994 5776 id
3019 5734 3120 5786 «st,
3149 5726 3199 5778 in
3226 5724 3543 5782 meridieni.
3572 5724 3767 5780 Nam

2202 5794 2406 5847 Sl‘lllCCl
2454 5793 2637 5845 dicunt
2686 5792 2885 5845 lunam.
2924 5793 3036 5848 Soli
3071 5797 3380 5857 adversarii.
3433 5797 3489 5850 id
3518 5800 3797 5863 euhfﬂl‘,

2204 5865 2360 5932 5mm
2409 5863 2659 5933 positam,
2696 5862 2744 5917 i-l
2775 5872 2875 5930 est,
2914 5872 3102 5919 contra
3133 5867 3329 5921 solem.
3359 5867 3667 5929 Sublimem
3688 5864 3801 5933 δαί

3778 5538 3812 6118 J
