3842 6242
95 384 197 438 ιρι)

1301 374 1387 429 DE
1428 373 1708 427 TEMPOR
1721 370 1814 425 ΟΜ
1860 371 2177 427 ιιΑΤιυΝΕ.

3260 372 3368 427 ΗΟ

91 493 208 547 loco
236 486 601 557 tangentibus.
632 485 747 540 Non
778 496 904 552 ergo
932 482 1068 538 luna:
1095 484 1401 547 conversio,
1426 498 1544 550 qua:
1574 497 1667 534 ni-
1701 484 1743 538 Λ
1772 494 1890 547 gus,
1913 479 2004 533 sed
2036 479 2126 534 Xll
2158 488 2240 534 est
2268 482 2507 550 partibus
2539 482 2712 547 latus;
2748 484 2936 536 harum
2976 484 3110 537 duas
3157 489 3362 537 tantum

90 578 273 633 tur-alis
301 584 385 632 est
429 583 487 629 et
516 574 639 637 lixa,
673 581 853 642 potest
892 571 1054 626 futuri
1104 571 1304 625 mensis
1349 570 1675 640 portendere

88 677 306 724 statum.
335 666 443 721 Sed
470 668 563 734 qui
587 665 784 720 curiosi
811 673 936 718 sunt
963 664 1269 730 huiusmodi
1302 678 1497 726 rerum,
1528 662 1675 715 colo-

89 756 267 811 risvel
295 755 435 823 ejus,
468 754 549 807 vel
592 754 739 817 solis,
770 753 850 808 vel
884 753 1002 808 caeli
1033 752 1222 822 ips'i'us,
1254 761 1343 807 aut
1373 752 1672 819 stellarum,

90 846 199 898 sive
226 842 449 899 nubium
480 844 805 910 mutatione,
831 843 913 898 vel
960 844 1079 897 aliis
1106 843 1430 911 quibuslibet
1460 842 1674 897 indiciis

88 947 245 1001 sape,
271 941 469 987 statum
496 932 636 987 aeris
661 933 752 1001 qui
778 933 846 987 sit
871 933 1081 988 iuturus
1103 934 1407 1004 explorant.
1434 934 1675 1002 Denique

92 1023 267 1075 lunam
293 1032 562 1090 quartam,
609 1022 655 1075 si
683 1038 815 1091 pura
845 1022 1025 1091 fuerit,
1058 1038 1233 1093 neque
1259 1024 1467 1079 obtusis
1495 1024 1674 1078 corni-

92 1114 207 1181 bus,
235 1117 366 1168 dare
394 1114 616 1182 reliquis
644 1113 835 1170 diebus
861 1129 1028 1183 usque
1057 1115 1125 1169 ad
1150 1125 1399 1171 exactum
1430 1131 1670 1171 mensem

93 1204 339 1260 iudicium
363 1205 672 1259 serenitatis
700 1205 1030 1271 existimant,
1070 1215 1124 1261 et
1152 1217 1347 1263 uetera
1377 1209 1523 1262 talia.

652 1313 884 1370 CAPUT
922 1314 1108 1370 XXVI.

96 1405 423 1471 Quaratione
461 1409 587 1461 (una
622 1424 736 1461 cum
779 1408 847 1460 sit
883 1410 985 1479 situ
1030 1410 1267 1479 inferior,
1298 1414 1537 1477 superior
1563 1412 1673 1466 sole

602 1478 873 1545 aliquoties
901 1478 1154 1533 videatur.
1188 1485 1194 1491 '

157 1564 267 1621 Nec
304 1565 488 1619 mirari
538 1580 679 1634 opus
724 1575 849 1632 est;
880 1564 1001 1621 cum
1051 1567 1230 1622 lunam
1278 1584 1376 1637 per
1401 1569 1670 1626 Australia

94 1655 233 1723 signa
280 1663 607 1721 currentem,
655 1656 825 1711 multo
876 1647 1098 1711 inferius
1128 1672 1191 1712 ac
1233 1658 1461 1716 vicinius
1512 1670 1673 1723 terra:

94 1760 246 1814 quam
272 1745 471 1817 solem,
518 1760 641 1800 cum
683 1746 871 1800 iisdem
904 1756 1146 1801 moratur
1174 1748 1228 1802 in
1260 1750 1520 1819 partibus,
1562 1752 1669 1807 cir-

93 1837 231 1889 cuire
286 1835 601 1901 viderimus,
631 1837 757 1906 quia
789 1837 1037 1892 videlicet
1083 1838 1250 1895 multo
1298 1841 1518 1898 inferius
1565 1861 1671 1899 non
1708 1822 1749 1880 Β

94 1926 259 1978 solum
288 1927 423 1990 sole,
456 1925 551 1979 sed
582 1934 638 1979 et
666 1925 870 1982 Venere
901 1942 964 1983 ac
992 1927 1277 1995 Mercurio,
1310 1947 1430 1999 quae
1480 1932 1674 1988 intima:

92 2017 359 2071 stellarum
382 2027 526 2083 sunt,
558 2018 686 2072 luna
715 2006 768 2074 in
791 2019 1025 2075 conﬁnio
1053 2022 1193 2075 seris
1218 2022 1375 2090 hujus
1400 2025 1674 2081 lurbuleu—

94 2108 125 2159 ti
152 2118 206 2160 et
237 2107 349 2173 puri
379 2107 619 2161 decurrit
645 2108 881 2163 aetheris.
913 2110 1154 2179 Denique
1176 2121 1231 2165 et
1257 2114 1411 2167 multi
1435 2115 1675 2183 philoso-

92 2196 313 2263 phorum
368 2197 538 2251 solem
599 2197 788 2252 abesse
835 2213 866 2252 a
914 2198 1037 2253 luna
1087 2201 1417 2271 undeviginti
1471 2214 1670 2273 partes,

90 2294 312 2352 quantas
352 2287 533 2340 lunam
565 2286 735 2355 ipsam
763 2302 793 2342 a
825 2295 963 2343 terra
1005 2290 1375 2359 prodiderunt.
1400 2293 1673 2364 Pythago-

93 2394 175 2432 ras
202 2394 351 2443 vero,
381 2379 462 2433 vir
489 2379 703 2449 sagacis
731 2379 917 2447 animi,
939 2396 969 2434 a
1000 2388 1140 2436 terra
1169 2383 1235 2435 ad
1262 2383 1438 2437 lunam
1453 2384 1670 2442 CXXVI

92 2466 249 2520 millia
304 2467 597 2522 stadiorum
646 2482 767 2523 esse
816 2468 1053 2539 collegit,
1092 2470 1157 2524 ad
1186 2472 1357 2525 solem
1386 2473 1453 2527 ab
1481 2488 1545 2529 ea
1574 2476 1674 2530 du-

90 2556 251 2623 plum,
286 2556 407 2611 inde
432 2556 504 2610 ad
534 2555 817 2611 duodecim
845 2559 995 2626 signa
1024 2558 1385 2629 triplicatum.
1416 2563 1524 2617 Sed
1554 2580 1671 2619 me-

89 2645 187 2700 rito
210 2660 450 2715 quaerere
477 2662 542 2702 ac
570 2646 751 2701 mirari
776 2648 1037 2703 sollicitus
1073 2653 1305 2719 quisque
1332 2661 1511 2721 potest
1536 2671 1669 2731 qua-

88 2749 143 2789 re
173 2735 295 2788 luna
326 2736 374 2788 in
402 2735 675 2790 solstitiali
702 2736 903 2791 circulo
948 2736 1263 2802 decurrens,
1313 2749 1467 2797 tanto
1507 2744 1670 2800 altior

86 2825 267 2880 a-stivo
292 2825 404 2881 sole
421 2840 664 2892 currere,
688 2834 890 2895 quanto
919 2826 1194 2884 breviores
1213 2829 1465 2887 videatur
1489 2832 1668 2891 facere

88 2918 319 2973 umbras.
354 2918 502 2976 Unde
535 2920 722 2991 paucis
750 2919 1105 2975 intimandum
1130 2928 1214 2976 est
1242 2924 1385 2991 quod
1415 2923 1558 2980 hunc
1586 2926 1669 2981 lu-

86 3021 163 3060 nae
185 3022 525 3078 progressum
550 3009 691 3064 ultra
719 3009 889 3063 solem
924 3010 975 3063 in
1004 3018 1230 3079 utraque
1248 3012 1371 3067 εωιί
1402 3014 1581 3083 plaga,
1611 3027 1669 3073 et

86 3100 302 3152 australi
348 3098 600 3153 videlicet
648 3106 704 3153 et
748 3100 1173 3167 septentrionali,
1214 3102 1449 3170 signiferi
1480 3106 1663 3177 gignat

1781 571 1982 624 medias
2020 571 2121 635 sol,
2154 571 2276 625 luna
2324 587 2511 626 omnes
2565 574 2843 641 pervagari
2874 574 3176 628 consuevit.
3232 573 3364 640 Qua:

1777 675 1899 713 cum
1930 659 2205 715 Australes
2234 660 2372 715 illius
2402 660 2620 715 devenit
2650 662 2701 714 in
2736 663 2904 727 locos,
2951 663 3225 729 aliquanto
3258 658 3362 717 hu-

1778 751 1956 804 utilior
1978 751 2216 821 hyberno
2244 753 2359 807 sole
2380 762 2621 820 apparet,
2647 768 2754 806 non
2786 755 2956 807 solum
2980 754 3104 821 quia
3137 754 3364 807 vicinior

1776 836 1858 891 est
1881 846 2055 903 terrm,
2082 838 2177 893 sed
2204 840 2365 893 etiam
2394 840 2516 907 quia
2545 839 2781 907 quinque
2820 839 2932 893 fere
2978 840 3219 909 partibus
3259 841 3360 892 ali-

1776 930 2010 999 quoties,
2039 930 2151 985 sive
2180 930 2342 985 etiam
2372 946 2465 983 sex
2516 930 2705 986 solaris
2756 944 2947 983 cursus
2998 930 3255 983 terminos
3310 930 3360 983 in

1776 1020 2055 1075 meridiem
2097 1021 2342 1086 transiit;
2374 1028 2429 1075 et
2457 1030 2662 1090 quanto
2714 1021 2943 1087 amplius
2972 1020 3227 1074 interiora
3255 1021 3363 1073 Au-

1774 1115 1870 1170 stri
1918 1121 2184 1185 penetrat,
2216 1120 2368 1168 tanto
2409 1114 2667 1181 dejectior
2706 1113 2920 1178 nostris,
2975 1114 3065 1180 qui
3119 1128 3236 1165 eam
3292 1113 3360 1164 ab

1776 1208 2041 1275 Aquilone
2091 1206 2452 1276 speculamur,
2482 1215 2630 1277 patet
2660 1207 2951 1260 obtutibus.
2996 1206 3067 1258 At
3094 1221 3215 1260 cum
3247 1205 3359 1259 sol-

1775 1296 1957 1350 stitiali
2008 1297 2247 1365 graditur
2276 1297 2326 1349 in
2367 1297 2588 1361 circulo,
2644 1297 2918 1364 aliquanto
2973 1311 3114 1365 smpe
3168 1281 3393 1349 elatior'

1774 1387 1889 1443 sole
1919 1388 2127 1443 videtur
2153 1388 2357 1453 aestivo,
2405 1388 2529 1458 quia
2558 1403 2679 1444 cum
2714 1388 3068 1457 propinquior
3096 1386 3165 1440 sit
3204 1394 3361 1440 terrae

1774 1496 1935 1551 quam
1964 1481 2068 1547 sol,
2097 1482 2333 1550 quinque
2359 1482 2519 1534 etiam
2550 1480 2638 1534 vel
2664 1495 2757 1534 sex
2788 1479 3032 1548 partibus
3073 1478 3360 1547 aliquando

1774 1573 1903 1627 solis
1933 1573 2190 1625 terminos
2216 1572 2281 1625 ad
2313 1572 2630 1640 Aquilonem
2664 1570 3011 1633 transcendit,
3057 1578 3111 1623 et
3159 1568 3364 1623 idcirco

1776 1662 1973 1718 nostris
2002 1662 2295 1725 obtutibus,
2328 1662 2418 1731 qui
2449 1662 2501 1715 in
2533 1672 2673 1715 terra
2704 1660 2864 1730 positi
2896 1668 3186 1726 utrumque
3215 1657 3365 1711 sidus

1776 1751 1843 1806 de
1872 1750 2211 1806 inferioribus
2261 1759 2617 1820 aspectamus,
2668 1759 2817 1804 tanto
2869 1748 3192 1803 eminentior
3242 1745 3362 1801 caeli

1778 1842 2010 1896 culmina
2040 1852 2224 1910 petere
2268 1840 2477 1895 videtur
2522 1849 2724 1909 quanto
2755 1840 2926 1907 magis
2972 1837 3219 1892 boreales
3246 1850 3367 1891 sese

1776 1933 1966 2000 ricipit
2014 1932 2063 1985 in
2116 1939 2314 2001 partes.
2363 1930 2521 1996 Quod
2570 1932 2671 1984 hoc
2702 1930 3021 1999 probabitur
3066 1927 3360 1995 exemplo:

1776 2021 2003 2076 lntrabis
2033 2032 2192 2076 noctu
2219 2021 2271 2077 in
2302 2022 2532 2090 aliquam
2563 2020 2783 2074 domum
2817 2019 3205 2089 prmgrandem,
3238 2034 3361 2072 cer-

1776 2120 1831 2166 te
1880 2112 2184 2175 ecclesiam,
2238 2110 2594 2178 longitudine,
2654 2109 2939 2163 latitudine
2983 2117 3038 2161 et
3082 2107 3364 2161 altitudine

1777 2209 2142 2269 prmstantem,
2171 2210 2229 2255 et
2266 2200 2545 2253 innumera
2569 2198 2906 2253 lucernarum
2936 2196 3237 2251 ardentium
3269 2212 3364 2249 co-

1774 2293 1861 2362 pia
1894 2308 1992 2361 pro
2033 2291 2172 2345 illius
2199 2290 2353 2359 cujus
2382 2289 2578 2344 natalis
2608 2298 2690 2343 est
2730 2289 2982 2359 martyris
3019 2288 3227 2341 honore
3277 2303 3365 2341 re-

1775 2382 1999 2452 pletam,
2029 2382 2168 2436 inter
2195 2396 2331 2450 quas
2356 2380 2472 2434 dua:
2501 2380 2746 2433 maxima:
2788 2394 2851 2433 ac
2898 2378 3128 2432 mirandi
3186 2370 3365 2445 operis

1776 2475 1956 2545 pharis
1983 2475 2094 2529 suis
2132 2488 2360 2543 qumque
2386 2487 2658 2541 suspensa!
2699 2470 2767 2524 ad
2808 2471 3083 2539 laquearia
3134 2472 3360 2531 catenis,

1772 2548 1865 2619 sed
1894 2578 2014 2633 quae
2040 2562 2133 2617 tibi
2156 2578 2221 2617 ex
2251 2562 2316 2616 iis
2343 2561 2563 2615 intranti
2593 2560 2842 2624 vicinior,
2876 2560 2991 2628 ipsa
3038 2573 3255 2628 quoque
3281 2567 3364 2612 est

1769 2652 2071 2723 subiacenti
2121 2652 2431 2722 pavimento
2482 2634 2739 2715 vicinior;
2791 2654 2937 2702 tanta
3008 2656 3190 2700 autem
3248 2662 3365 2701 vas-

1774 2744 1897 2797 titas
1946 2742 2159 2809 domus,
2215 2748 2363 2795 tanta
2414 2746 2498 2795 est
2542 2740 2702 2807 longe
2738 2738 3051 2793 distantium
3098 2736 3362 2793 celsitudo

1770 2837 2082 2906 pharorum,
2120 2840 2182 2887 ut
2212 2832 2398 2907 magis
2424 2840 2689 2887 nocturno
2716 2832 2832 2886 visu
2862 2831 3039 2885 lucem
3068 2842 3362 2893 comasque

1770 2924 2126 2985 ﬂammarum,
2148 2938 2309 2993 quam
2339 2922 2452 2991 ipsa
2497 2921 2697 2989 ignium
2721 2920 2903 2974 valeas
2924 2933 3051 2971 vasa
3080 2917 3266 2984 dignos
3294 2931 3361 2968 νε-

1770 3030 1873 3069 re:
1917 3013 2167 3068 nimirum
2215 3011 2305 3067 ubi
2356 3010 2538 3081 pharis
2581 3009 3014 3078 appropinquare
3072 3004 3355 3072 incipiens,

1770 3115 1921 3162 recto
1973 3104 2169 3159 intuitu
2214 3101 2403 3157 oculos
2430 3098 2746 3167 adr'pharos,
2793 3104 2849 3149 et
2906 3111 3000 3161 per
3042 3095 3240 3164 pharos
3289 3092 3354 3145 ad

86 3187 326 3255 latitudo,
353 3204 514 3259 porro
546 3189 599 3242 in
624 3188 854 3243 Australi
879 3189 991 3259 ipsa
1014 3204 1228 3260 quoque
1250 3153 1387 3248 lima:
1417 3153 1658 3264 eju’sdem
1684 3153 1736 3219 c
1767 3205 1955 3252 contra
1974 3194 2147 3265 posita
2176 3189 2573 3260 laqueariorum
2601 3188 2683 3241 vel
2713 3187 2946 3265 parietes
2974 3186 3093 3239 loca
3122 3183 3356 3239 sustule-

83 3276 309 3344 dejectio
333 3277 499 3348 juvet.
534 3276 808 3346 Siquidem
845 3278 1065 3348 signifer
1107 3279 1248 3335 idem
1276 3281 1409 3338 CCC
1438 3288 1659 3354 quidem

82 3365 211 3423 LXV
240 3370 476 3438 partibus
503 3379 561 3425 et
585 3371 883 3439 quadrante
926 3386 1025 3441 per
1068 3374 1190 3429 ειηΙὶ
1237 3376 1497 3432 ambitum
1530 3380 1654 3437 lon-

1766 3288 1859 3352 ris,
1892 3264 1985 3341 illa
2022 3285 2115 3339 tibi
2142 3284 2322 3347 altior,
2353 3296 2473 3349 quae
2499 3281 2729 3349 vicinior
2758 3289 2842 3332 est
2876 3264 3076 3348 ptiarus
3126 3292 3353 3347 appare-

1762 3382 1881 3445 bit;
1914 3387 1969 3434 et
1994 3384 2195 3446 quanto
2214 3374 2532 3441 accesseris,
2576 3382 2726 3428 tanto
2755 3373 2849 3427 tibi
2876 3387 2996 3443 quae
3017 3370 3353 3427 submersior

1317 3487 1605 3548 GLOSSJE
1647 3497 1732 3554 ET
1773 3490 2089 3553 SCIIULIA.

81 3598 284 3675 indeed
313 3600 701 3675 ﬁrmamentum
732 3602 1077 3675 triplicatuzn.
1109 3602 1239 3675 Qum
1268 3605 1427 3659 etiam
1476 3610 1649 3675 spatia

84 3671 293 3741 nnisiris
316 3672 586 3726 vocabulis
602 3671 926 3741 appellavit,
948 3689 976 3726 a
996 3682 1132 3727 terra
1154 3672 1220 3726 ad
1245 3675 1445 3740 lunam,
1467 3671 1652 3733 dicens

86 3740 302 3801 tonium,
328 3741 447 3794 inde
490 3742 559 3794 ad
592 3740 913 3796 mercurium
946 3743 1157 3797 hemito.
1184 3744 1312 3803 ium,
1344 3760 1371 3796 a
1419 3744 1551 3800 Jove
1583 3748 1653 3801 ad

84 3817 362 3861 Laturnum
393 3811 780 3874 hemitonium,
830 3827 859 3864 a
884 3811 1117 3864 Saturno
1156 3814 1223 3865 ad
1256 3813 1651 3870 lirmamentum

80 3878 169 3951 tria
192 3876 506 3951 hemitonia.
530 3877 698 3951 S‘inul
724 3894 911 3951 omnes
932 3880 1041 3951 toni
1068 3888 1435 3951 sepletttsttnt,
1458 3886 1653 3951 quibus

78 3946 325 4013 diapason
354 3947 631 4001 harmonia
660 3946 951 4016 perﬁcitur.
982 3946 1161 4002 Tonu’s
1200 3949 1359 4004 habet
1402 3946 1651 4007 milliaria

78 4056 158 4099 vn,
190 4048 398 4095 ποριεῖ
426 4050 483 4096 ει
511 4043 812 4099 semissem.

135 4108 463 4183 Jou.ANov.
504 4109 1010 4183 §cnowt.—Suut
1052 4116 1156 4183 qui.
1173 4130 1328 4167 auras
1367 4117 1584 4178 exulo...
1634 4161 1643 4167 .

76 4181 252 4233 conati.
290 4179 481 4234 Reddit
504 4179 655 4251 Beda
668 4182 770 4236 hoc
793 4184 969 4250 capite
997 4179 1279 4251 rationem,
1310 4198 1479 4251 quare
1503 4188 1645 4240 lunae

74 4251 353 4303 crescentis
379 4264 583 4303 cornua
612 4242 898 4319 aliquando
923 4252 1113 4319 supina
1152 4242 1347 4374 ora";
1375 4267 1503 4319 spec
1526 4266 1643 4318 ent,

74 4316 192 4369 alias
217 4332 391 4374 nrona
418 4317 483 4371 ad
510 4325 705 4372 terram
744 4318 954 4374 deiecta
982 4319 1117 4374 sint:
1151 4328 1170 4371 t
1210 4335 1261 4372 m
1290 4322 1433 4374 quod
1464 4338 1525 4374 ea
1556 4340 1643 4374 res

74 4316 192 4369 alias
217 4332 391 4385 prona
418 4317 483 4388 ad
510 4316 717 4388 terram
744 4318 954 4387 deiecta
982 4316 1117 4384 sint;
1151 4316 1261 4374 tti'm
1290 4316 1433 4388 quod
1464 4338 1525 4375 ea
1556 4316 1645 4377 res

76 4395 442 4452 tempestatum
472 4386 727 4441 indicium
774 4386 878 4443 non
907 4389 978 4443 sit
1008 4389 1106 4442 nisi
1146 4403 1211 4441 ex
1240 4386 1547 4455 accidente;
1584 4392 1642 4444 lit

73 4458 201 4507 enim
240 4457 454 4509 ratione
498 4456 677 4510 stabili
708 4472 773 4514 ex
810 4458 1120 4512 diversitate
1156 4456 1258 4511 loci
1290 4458 1428 4511 unde
1458 4458 1639 4514 lumen

72 4523 251 4577 haurit.
286 4522 523 4578 Primum
553 4535 793 4587 constat.
827 4526 1003 4580 lunam
1030 4542 1136 4580 non
1168 4526 1346 4580 lucere
1391 4542 1509 4591 suo,
1550 4530 1644 4583 sed

69 4592 232 4648 alieno
248 4594 468 4665 lumine,
481 4595 689 4665 scilicet
708 4595 851 4657 solis,
867 4597 955 4665 qui
976 4596 1180 4650 cunctis
1200 4597 1358 4649 astris
1376 4597 1547 4651 lucem
1563 4598 1643 4653 fec

70 4674 227 4734 uerat;
242 4662 438 4734 deinde
449 4664 687 4734 globum,
703 4666 791 4731 qui
806 4662 1073 4718 dimidiata
1088 4674 1240 4734 parte
1251 4680 1468 4733 semper
1481 4668 1639 4731 lucet,

72 4732 187 4792 (vel,
217 4739 274 4802 ut
301 4729 623 4802 Qleomedes
661 4729 880 4800 probat,
918 4729 1229 4802 paulo'plns
1258 4729 1483 4801 propter
1510 4729 1642 4790 solis

70 4799 479 4870 magnitudinem
500 4841 513 4859 ,
537 4799 692 4870 cujus
742 4801 877 4870 radii
910 4799 1184 4869 aliquanto
1221 4799 1453 4870 amplius
1479 4819 1638 4870 quam

70 4866 490 4939 hemisphaerium
507 4866 929 4937 circumlulgent,
952 4866 1193 4924 utetiam
1212 4869 1407 4939 docent
1422 4866 1633 4939 opiici),

70 4946 271 5009 necesse
300 4946 388 4991 est
411 4936 593 5009 lunam
612 4954 683 5009 rea
706 4936 855 5009 parte
883 4940 1063 4993 lucere
1084 4952 1190 5006 qua
1212 4938 1379 5009 solem
1407 4936 1632 5008 spectat,

70 5011 212 5079 tuine
236 5006 348 5059 haec
386 5006 467 5079 sic
505 5008 681 5079 posita
707 5006 851 5077 saepe
878 5018 996 5075 est,
1037 5018 1096 5062 ut
1132 5006 1504 5079 paululumiab
1544 5011 1637 5064 illo

68 5070 244 5147 distat;
278 5075 469 5142 nequit
506 5070 669 5147 igitur
711 5070 800 5131 illa
833 5070 1097 5147 pars
1125 5070 1314 5133 contra
1346 5078 1517 5132 solem
1555 5089 1639 5134 est

66 5142 235 5215 positu
254 5152 560 5215 terreesse
589 5142 848 5215 adversa.‘
864 5142 1010 5201 llinc'
1026 5158 1109 5215 est
1130 5148 1274 5215 quod
1301 5148 1525 5202 diversis
1556 5150 1637 5202 in-

68 5211 462 5285 tervallis__solis
497 5222 555 5267 et
594 5212 762 5285 lunae,
796 5216 899 5268 alia
927 5214 1085 5285 nobis
1131 5211 1501 5285 schematismi
1532 5232 1634 5285 ap-

68 5291 258 5351 parent.
288 5282 489 5337 Verum
518 5281 661 5351 quod
688 5299 886 5337 cornua
918 5284 1205 5350 aliquando
1245 5292 1492 5349 spectent
1520 5281 1629 5340 cce-

68 5346 163 5399 ium
190 5352 348 5429 (quod
380 5346 646 5429 contingit
673 5353 861 5429 diebus
884 5346 1337 5429 decrescentibus)
1363 5367 1477 5429 cau_
1498 5367 1526 5404 a
1552 5361 1636 5406 est

65 5429 124 5467 ex
143 5419 281 5481 solis,
311 5428 428 5472 tum
456 5422 619 5474 etiam
648 5436 713 5475 ex
743 5422 881 5475 lunas
915 5422 1040 5475 situ.
1072 5419 1205 5474 Nam
1246 5435 1368 5474 cum
1398 5421 1478 5474 sol
1512 5431 1634 5488 post

66 5488 458 5557 conversionem
502 5488 711 5543 dierum
747 5492 815 5545 ad
845 5490 1157 5545 humiliores
1180 5489 1417 5556 signiferi
1451 5504 1631 5557 partes

66 5551 334 5632 descendat
350 5596 368 5619 ,
395 5557 648 5632 sequitur
666 5568 719 5613 et
747 5559 932 5632 lunam,
956 5573 989 5632 ε
1014 5551 1425 5632 ευιξιίιιξίἰυοειη
1451 5551 1483 5609 Ξι
1513 5559 1629 5612 sole

66 5622 277 5702 haurire,
298 5624 447 5694 quod
466 5622 594 5680 dum
618 5627 697 5693 lit,
726 5637 810 5683 est
830 5629 1064 5702 ambitus
1102 5628 1238 5683 lucis
1282 5642 1516 5702 pronus,_
1536 5642 1631 5680 ex-

66 5696 339 5764 freuitates
357 5704 568 5757 autem,
590 5710 710 5764 qua:
728 5712 930 5752 cornua
961 5696 1229 5760 dicuntur,
1259 5696 1625 5763 suntsupinm.

70 5753 183 5813 llum
218 5775 344 5819 vero
385 5764 505 5820 dies
552 5753 737 5822 rursus
777 5775 1045 5837 crescunt,
1072 5753 1301 5824 luna-ex
1341 5753 1625 5822 humiliore

1756 3610 1879 3665 loco
1915 3608 2083 3663 solem
2115 3620 2273 3675 supra
2303 3619 2361 3658 se
2390 3604 2836 3675 positumhahet,
2868 3604 3007 3675 unflc
3052 3611 3179 3675 tunc
3210 3617 3345 3675 con-

1756 3679 1921 3733 trario
1965 3676 2133 3729 modo‘
2169 3672 2377 3737 evenit,
2428 3673 2570 3740 quod
2613 3673 2767 3726 facile
2815 3674 3033 3736 patebil,
3077 3672 3119 3724 si
3162 3673 3251 3727 cui
3294 3672 3345 3727 iu

1754 3750 1963 3819 Sphmra
1990 3754 2082 3801 aut
2111 3744 2403 3799 astrolahio
2429 3743 2477 3795 id
2508 3742 2740 3810 experiri
2771 3742 2947 3794 liceat.

2368 3848 2537 3887 CAPUT
2588 3846 2730 3885 ιπγι.

1825 3905 1977 3959 Jour.
2019 3905 2151 3959 Nov.
2192 3901 2446 3957 Senem.
2491 3930 2559 3939 —-
2600 3898 2709 3953 Nec
2739 3902 2923 3955 mirari
2950 3917 3079 3959 opus
3108 3911 3202 3955 est.
3243 3902 3347 3954 Do-

1825 3920 1977 3959 JOAN.
2019 3920 2151 3959 ινιον.
2192 3920 2446 3957 θειῑοιιλ.
2491 3930 2559 3939 -·-
2600 3920 2709 3953 HC;
2739 3920 2921 3955 :mrart
2950 3920 2979 3954 θ
3019 3920 3079 3953 με
3108 3920 3202 3955 (Si.
3243 3920 3346 3954 11οο

1765 3984 1851 4029 cet
1882 3976 1985 4029 hoc
2014 3977 2189 4041 capite
2236 3972 2377 4025 Beda
2424 3987 2490 4024 ex
2521 3970 2732 4023 ratione
2770 3972 2946 4037 optica
2980 3920 3159 4023 {initam
3204 3977 3346 4038 (quin

1763 4044 1919 4111 longe
1951 4040 2107 4097 terris
2136 4051 2219 4097 est
2261 4041 2488 4095 vicinior
2516 4048 2676 4111 atque
2706 4041 2810 4108 sol)
2842 4040 3130 4107 aliquando
3172 4042 3334 4093 videri

1762 4110 1875 4161 sile
1904 4115 2147 4167 altio'cm
2179 4128 2205 4163 a
2240 4111 2416 4172 terris,
2451 4110 2592 4177 quod
2625 4124 2745 4162 cum
2781 4126 2886 4164 non
2916 4111 2985 4163 sit
3015 4124 3224 4171 revera,
3259 4110 3334 4160 fi;-

1759 4204 1775 4235 t
1798 4200 1825 4233 .:
1904 4226 1907 4231 .
1934 4201 2033 4235 non
2064 4182 2164 4234 loci
2190 4180 2420 4249 qualitas
2441 4190 2497 4232 et
2520 4179 2732 4232 videndi
2757 4182 2893 4249 ratio
2926 4189 2977 4229 ut
3011 4179 3085 4231 sic
3116 4194 3333 4230 necesse

1756 4254 1826 4305 sit
1851 4254 2038 4312 videri,
2072 4247 2520 4318 quemadmodum
2553 4263 2617 4300 ex
2666 4249 2794 4315 ipsis
2834 4247 3132 4314 disciplina:
3173 4263 3337 4315 pene-

1756 4322 1976 4371 tralibus
2004 4321 2317 4372 docebimus
2346 4319 2502 4381 paulo
2531 4324 2666 4383 post.

1826 4387 2053 4457 Denique
2074 4388 2219 4439 multi
2240 4385 2676 4457 philosophorum.
2706 4382 2834 4457 Haec
2860 4384 3168 4457 adverbum
3190 4401 3337 4439 sum-

1757 4452 1943 4524 pta‘cx
1972 4452 2135 4510 secun
2159 4459 2209 4507 lo
2241 4452 2373 4508 libro
2406 4452 2578 4518 l’linii,
2610 4454 2869 4506 naturalis
2903 4453 3177 4522 Historiae,
3208 4472 3327 4523 cap.

1755 4525 1841 4589 2|,
1879 4526 2104 4591 integro.
2136 4524 2531 4579 Adverteudum
2579 4531 2758 4576 autem
2792 4533 2892 4585 est,
2922 4540 2987 4577 ex
3014 4525 3220 4578 duabus
3251 4528 3332 4579 his

1750 4597 2093 4662 opinionibus
2139 4597 2204 4647 de
2249 4597 2485 4646 siderum
2531 4592 2840 4655 intervallis,
2896 4595 3162 4646 veriorem
3211 4610 3331 4647 esse

1750 4662 2180 4733 Pythagoricum,
2211 4680 2329 4717 cum
2361 4678 2465 4728 qua
2507 4664 2605 4715 etsi
2640 4664 2755 4733 plus
2794 4664 3023 4733 quadrat
3056 4663 3326 4733 recentior

1746 4731 2032 4799 astrologia
2068 4776 2082 4797 ,
2144 4736 2367 4784 multum
2440 4741 2617 4783 tamen
2674 4732 2739 4782 ab
2797 4732 2897 4783 hac
2970 4731 3322 4799 Pythagorica

1744 4798 2011 4855 sententia
2060 4802 2228 4853 abest.
2292 4798 2487 4853 Scribit
2524 4799 2665 4851 enim
2712 4798 3119 4865 Alpltraganus,
3164 4815 3323 4867 quem

1743 4884 1884 4923 nunc
1929 4870 2213 4938 plurimum
2268 4878 2603 4938 sequuntur,
2658 4869 2838 4921 lunam
2892 4883 3011 4921 esse
3074 4883 3102 4921 a
3180 4878 3321 4923 terra

1741 4953 1844 4991 cn:
1878 4936 2178 4992 uixxvnat.
2216 4954 2353 5004 pass.
2388 4936 2538 5001 Quod
2582 4946 2664 4991 est
2695 4938 2818 4991 hinc
2860 4953 3030 5005 usque
3062 4939 3125 4991 ad
3155 4943 3322 4991 solem

1739 5009 2114 5073 centiplecttur
2136 5023 2736 5062 mmmxxxuaxcmtm
2765 5024 2819 5061 ιι.
2850 5024 3016 5075 pass.,
3042 5010 3090 5061 id
3113 5010 3295 5071 est,de

1740 5078 1849 5130 cies
1881 5086 1960 5129 ter
1991 5088 2211 5131 centena
2259 5080 2505 5145 octingen
2535 5095 2563 5131 a
2595 5080 2757 5132 miilia
2787 5080 3112 5144 nouingenta
3162 5093 3319 5131 scxa~

1737 5148 1882 5212 ginta
1914 5149 2017 5215 tria
2063 5148 2228 5200 millia
2272 5164 2441 5214 pass,
2472 5150 2614 5215 quod
2668 5164 2767 5201 nec
2814 5148 2881 5199 ad
2936 5147 3311 5215 Pythagoram,

1739 5208 1838 5270 nec
1866 5208 1934 5269 ad
1975 5216 2131 5270 aliam
2169 5208 2329 5270 ulla-ni
2361 5208 2666 5281 opinionem
2702 5208 3113 5283 quadram-nam
3150 5216 3304 5267 inter-

1738 5286 1934 5336 vallum
1966 5286 2101 5354 lune
2126 5296 2180 5339 et
2206 5287 2334 5340 solis
2360 5286 2535 5339 tricies
2560 5288 2789 5354 amplius
2812 5293 2893 5337 cst
2920 5299 3082 5352 quam
3111 5298 3140 5335 a
3174 5292 3315 5339 terra

1738 5367 1904 5416 usque
1931 5352 1997 5404 ad
2025 5354 2226 5408 lunam.

1806 5422 2071 5493 Siquidem
2099 5426 2313 5493 signifer
2341 5424 2471 5476 idem
2511 5440 2605 5478 ccc
2634 5424 2839 5493 quidem
2872 5438 2971 5476 [ιν
3000 5421 3231 5493 portibus
3264 5430 3317 5475 et

1732 5491 2018 5562 quadrante
2056 5491 2286 5555 percusti
2326 5494 2567 5547 ambitum
2598 5491 2797 5562 longus.
2834 5491 3021 5547 Partes
3058 5494 3159 5545 hoc
3192 5492 3313 5545 loco

1734 5560 1996 5632 intel_iiges
2026 5577 2131 5615 non
2165 5573 2219 5616 ut
2266 5566 2425 5631 vulgo
2468 5582 2607 5618 nunc
2651 5560 2868 5632 gradus,
2918 5565 3010 5617 seJ
3048 5564 3308 5630 qnantmn

1729 5630 1887 5693 spatii
1918 5629 1998 5682 sol
2029 5634 2269 5702 quotidie
2300 5629 2902 5702 in'signifero'peragit,
2934 5632 3127 5699 alioqui
3163 5646 3308 5685 sem-

1731 5712 1826 5775 per
1857 5707 2036 5778 partes
2082 5701 2283 5769 intellig
2308 5719 2423 5757 mus
2458 5705 2781 5773 trigesimum
2813 5701 2948 5771 signi
2978 5701 3305 5767 dodecatno:

1729 5782 1791 5819 rn
1822 5776 2142 5837 portionem.
