3842 6242
123 382 215 437 615

1325 377 1408 429 DE
1448 376 1834 433 TEMPORUM
1879 378 2200 433 RATIONE.

3272 389 3375 442 ΑΗ

122 494 246 547 ratio
286 493 543 546 mortales
572 501 783 543 animos
813 488 1057 542 subducit
1104 487 1153 539 in
1203 486 1419 551 cordum,
1452 502 1511 539 ac
1542 487 1687 540 velut
1716 495 1762 551 Α
1792 490 1987 556 quippe
2017 498 2162 543 totas
2193 489 2270 542 sol
2302 491 2460 544 adimi
2510 495 2664 547 teris
2711 496 3076 549 intercedente
3135 498 3277 559 luna,
3332 502 3375 553 si

124 584 232 638 inde
258 583 754 651 contemplantibus
784 581 942 633 trium
974 580 1325 631 maximarum
1380 594 1556 631 rerum
1595 594 1689 631 na—

125 684 241 729 tura:
284 676 519 744 partium
580 671 1002 741 magnitudian
1060 669 1291 738 detegit;
1348 686 1452 723 non
1510 679 1693 739 posset

1796 590 1935 631 terra
1967 578 2136 645 major
2157 590 2294 632 esset
2321 596 2478 647 quam
2514 582 2656 635 luna.
2682 584 2891 637 Certior
2920 601 2982 637 rx
3015 596 3239 652 utroque
3263 602 3375 639 vas-

1798 670 1921 723 titas
1949 670 2075 723 solis
2104 672 2360 737 aperitur,
2395 682 2451 725 ut
2480 688 2583 726 non
2628 677 2693 727 sit
2724 691 2937 729 necesse
2972 678 3373 745 θειῳιίιυάίηυηι

1349 779 1638 835 πιῡεελε
1681 781 1770 834 ΕΤ
1809 780 2123 835 SCIIOLIA.

124 880 367 949 partibus.
400 877 539 930 remi
582 875 1062 949 scilicet‘possupt,
1114 870 1688 949 vel__perhibent._cmn

124 942 323 1016 snp'mie
351 949 505 1015 ﬁant,
548 946 757 999 scilicet
788 942 858 997 illi
898 942 1163 1016 defectus.
1211 943 1451 1009 Superne
1492 944 1687 1016 alvar-

127 1011 424 1078 liialiter.'id
468 1023 572 1075 est,
616 1030 851 1077 sursum,
897 1014 946 1064 id
978 1021 1058 1064 est
1097 1026 1255 1077 supra
1304 1020 1522 1067 terram.
1566 1011 1688 1077 quia

126 1090 394 1153 aliquando
441 1085 573 1138 liunt
620 1084 720 1136 sub
769 1093 929 1135 terra.
978 1081 1193 1153 Propter
1222 1080 1685 1153 nubila,_sci|icet.

128 1150 222 1209 non
254 1166 477 1223 possunt
506 1155 677 1217 cerni,
721 1154 845 1219 quia
872 1150 1087 1223 quando
1130 1151 1325 1223 tegitur
1355 1150 1600 1223 nubibus,
1636 1158 1690 1200 et

128 1227 165 1278 si
195 1218 279 1277 fiat
308 1227 425 1293 ipse
455 1218 871 1293 defectus,rnon_
890 1220 1112 1293 videtur
1141 1235 1168 1269 a
1202 1220 1373 1293 nobis.
1410 1218 1481 1293 lle
1520 1218 1641 1268 luna
1670 1256 1685 1279 ,

126 1293 209 1348 sed
240 1287 342 1347 non
385 1294 452 1347 de
492 1294 605 1346 so'e
635 1292 783 1345 dicit.
832 1289 994 1342 Globa
1026 1298 1177 1342 terra:
1206 1289 1390 1351 swpins
1430 1287 1684 1350 obstante,

127 1364 317 1417 scilicet
343 1363 650 1433 perhibent,
689 1376 796 1413 nou
827 1361 1023 1433 ubique
1052 1358 1218 1433 cerni.
1245 1357 1706 1433 (Σοηυεχίιᾳιιιηιιε,⁵

130 1434 173 1486 id
201 1443 298 1494 est,
327 1427 849 1499 obliquitatibus;‘et
878 1437 959 1481 est
987 1428 1197 1480 dativus
1220 1442 1396 1499 casus,
1429 1427 1686 1499 quia_ob-

126 1513 197 1555 sto
225 1503 311 1555 tibi
342 1495 587 1554 dicimus.
630 1498 693 1551 Et
720 1500 857 1567 lunia
878 1499 1151 1567 defectum,
1176 1497 1379 1551 scilicet
1408 1495 1683 1567 perhibent

127 1573 415 1643 aliquando,
448 1570 684 1643 Ascilicet_
718 1565 1365 1643 fie‘ri._A_‘priore,‘id_est,
1403 1582 1431 1617 a
1476 1565 1683 1643 Martio,

128 1634 215 1693 vel
232 1642 296 1693 ab
326 1634 416 1693 illo
448 1641 500 1691 in
527 1654 635 1707 quo
662 1639 821 1692 fuerit
846 1634 1035 1691 defecti
1059 1652 1102 1689 ε.
1134 1637 1274 1691 Solis
1314 1652 1450 1707 vero,
1484 1634 1689 1707 scilicet

127 1709 400 1763 defectum.
436 1704 688 1777 Septimo,
721 1708 927 1761 scilicet
960 1704 1551 1777 inensemtr’priorixid
1583 1713 1685 1768 est,

126 1779 437 1845 Septembri.
469 1774 742 1840 Euiudrm,
773 1777 979 1830 scilicet
1000 1775 1128 1828 solis
1155 1786 1208 1829 et
1235 1776 1373 1827 lunze
1397 1774 1687 1845 defectum,

127 1842 205 1901 bis
226 1852 276 1901 in
308 1851 520 1917 triginta
548 1846 726 1901 diebus
770 1862 924 1913 super
964 1854 1134 1917 terras
1174 1846 1440 1917 occultari,
1487 1842 1694 1917 scilicet

128 1912 419 1985 perhibent,
454 1918 504 1968 id
532 1926 633 1987 est,
658 1912 927 1987 defecisse.
952 1914 1076 1987 Non
1107 1923 1189 1987 est
1222 1917 1327 1987 hoc
1347 1914 1558 1987 mirum.
1590 1912 1691 1962 De-

128 1982 230 2041 ticit
254 1990 395 2041 enim
423 1987 506 2040 sol
537 1986 588 2038 in
619 1982 916 2047 novilunio,
951 1983 1001 2035 id
1029 1992 1129 2044 est,
1171 1984 1221 2036 iu
1252 1982 1418 2049 prima
1453 1983 1599 2043 luna,
1638 1992 1689 2031 et

128 2058 243 2109 luna
298 2057 349 2109 in
398 2054 717 2124 plenilunio.
761 2052 947 2106 Potest
966 2052 1385 2124 ergondefectus
1413 2050 1693 2124 utriusque

129 2127 257 2179 intra
291 2142 355 2179 xv
383 2119 499 2180 dies
528 2124 761 2178 evenire.
804 2121 999 2182 Semel,
1041 2119 1247 2175 scilicet
1276 2119 1577 2188 perhibent,
1610 2120 1693 2169 lu-

129 2212 243 2247 nam
269 2198 323 2248 in
353 2211 537 2248 occasu
568 2194 837 2263 defcc'sse.
869 2200 1081 2263 utroque
1108 2190 1276 2263 sidere
1319 2205 1474 2263 super
1502 2198 1692 2263 terras,

129 2265 236 2317 sole
267 2266 513 2336 videlicet
552 2264 603 2317 in
635 2256 943 2336 Occidente
968 2256 1124 2336 _jam_
1134 2261 1335 2336 posito,
1383 2256 1475 2310 Sed
1520 2257 1694 2336 adhuc

129 2332 426 2399 conspicuo;
460 2333 583 2385 luna
617 2347 748 2386 vero
792 2332 846 2384 in
891 2329 1146 2383 Orientali
1188 2338 1340 2398 parte
1376 2329 1690 2399 constituta.

130 2396 363 2455 Latitudo
382 2400 613 2472 signiferi
632 2401 821 2455 circuli
845 2399 1122 2472 duodecim
1147 2396 1343 2472 partes,
1371 2396 1542 2472 idest,
1567 2396 1696 2449 duo-

128 2473 295 2525 decim
327 2467 444 2525 vias
472 2467 653 2534 habet,
685 2485 820 2539 quas
848 2468 969 2522 luna
1011 2469 1234 2537 singulis
1259 2467 1532 2520 mensibus
1563 2481 1695 2588 (per-

131 2543 331 2588 lustrat-
357 2543 626 2588 Quantum
650 2541 793 2588 enim
816 2538 1045 2588 snatium
1073 2538 1311 2588 graditur
1332 2538 1413 2588 sol
1445 2552 1539 2588 uer
1603 2552 1694 2588 uo-

130 2543 331 2595 iustrat.
357 2543 626 2607 Quantum
650 2538 793 2592 enim
816 2538 1045 2607 spatium
1073 2538 1311 2607 graditur
1332 2538 1413 2589 sol
1445 2552 1539 2604 per
1563 2538 1694 2588 duo-

134 2613 298 2663 decim
330 2604 445 2664 dies
474 2614 523 2662 in
556 2604 892 2677 longitudine
920 2604 1177 2672 signiferi,
1227 2616 1429 2659 tantum
1462 2608 1695 2673 Spatium

132 2679 283 2734 habet
310 2679 537 2732 latitudo
558 2678 801 2745 ejusdem
832 2678 1088 2745 signiferi.
1120 2677 1261 2730 Luna
1293 2677 1433 2729 enim
1468 2692 1575 2727 non
1602 2690 1696 2741 po-

133 2759 229 2801 test
259 2749 366 2818 pati
398 2747 688 2818 dvfectum,
732 2748 832 2799 nisi
864 2748 1027 2818 in__ea
1068 2748 1203 2818 linea
1253 2745 1412 2818 fuerit
1450 2749 1695 2818 superus

132 2818 178 2869 in
205 2814 305 2888 qua
343 2818 423 2872 sol
454 2816 713 2888 inferius;
757 2832 827 2869 un
850 2818 898 2869 Ie
927 2816 984 2868 llt
1012 2826 1065 2867 ut
1107 2815 1331 2888 diversa:
1374 2814 1525 2888 linea:
1573 2814 1694 2865 lati-

130 2884 320 2942 tudinis
346 2886 586 2953 signiferi
610 2887 819 2950 circuli,
845 2901 939 2954 per
958 2901 1090 2953 quas
1112 2885 1233 2937 luna
1256 2884 1548 2954 egreditur,
1573 2897 1695 2936 suc-

1869 868 2011 921 Solis
2042 870 2217 944 ignem
2250 871 2435 944 dicunt
2478 888 2612 941 aqua
2658 876 2871 939 nutriri,
2925 878 3197 944 multoque
3239 878 3376 931 hunc

1800 940 1922 1012 luna
1953 940 2288 1012 ampliorem,
2334 940 2688 996 lunam’vero
2734 955 2872 997 terra
2914 962 3031 1000 esse
3080 940 3249 1012 major
3285 965 3372 1006 In;

1798 1010 1939 1082 unde
1987 1017 2048 1082 ct_
2077 1011 2288 1082 cunctis
2333 1012 2488 1082 unius
2520 1015 2896 1076 magnitudinis
2937 1010 3175 1082 apparetf
3221 1015 3374 1080 Quod

1797 1078 1939 1149 enim
1966 1078 2117 1149 nobis
2139 1080 2289 1145 quasi
2316 1081 2557 1133 cubitalis
2585 1084 2813 1149 videtur,
2846 1078 3017 1136 nimim
3044 1078 3376 1139 celsitudinis

1799 1147 2049 1218 distantia
2082 1146 2226 1200 facit.
2260 1149 2507 1216 Alioquin
2551 1152 2725 1218 major
2759 1146 2817 1205 lu
2841 1156 2901 1207 'is
2939 1155 3116 1207 oriens
3158 1164 3209 1205 et
3254 1154 3374 1207 Bri-

1802 1216 1977 1269 tannis
2000 1228 2281 1289 appareret
2305 1220 2555 1289 occidens
2576 1238 2588 1281 ;
2613 1216 2701 1289 qui
2726 1224 2847 1274 dum
2870 1234 3055 1274 natura
3079 1224 3147 1275 sit
3171 1224 3373 1289 igneus,

1804 1294 1949 1337 motu
1982 1302 2197 1357 quoque
2230 1288 2394 1340 nimio
2422 1288 2653 1342 calorem
2678 1292 2921 1357 adauget.
2954 1292 3049 1345 llic
3097 1288 3255 1346 Cursu
3282 1309 3373 1343 va-

1801 1356 1973 1427 riante
2004 1356 2118 1408 dies
2150 1367 2201 1408 et
2235 1372 2445 1411 menses
2493 1368 2546 1411 et
2585 1368 2825 1423 tempora
2859 1361 2963 1413 divi
2986 1362 3043 1412 lit
3090 1370 3144 1413 et
3184 1378 3374 1427 annos,

1797 1424 2046 1492 aerisque
2079 1429 2411 1498 temperiem
2434 1429 2745 1481 accedendo
2787 1430 2866 1482 vel
2922 1430 3242 1495 recedeado,
3277 1424 3374 1498 pro

1799 1502 2098 1561 temporum
2125 1500 2360 1565 ratione,
2384 1496 2677 1563 dispensat,
2712 1514 2776 1551 ne
2798 1500 2840 1554 si
2873 1515 3083 1565 semper
3114 1501 3163 1553 in
3190 1496 3372 1552 iisduiu

1797 1571 2098 1633 moraretur
2123 1564 2270 1622 locis.
2302 1566 2403 1617 alia
2433 1566 2599 1628 calor,
2632 1570 2733 1621 alia
2763 1568 2925 1633 frigus
2954 1564 3279 1622 absumeret.

1871 1632 2014 1708 Solis
2044 1635 2211 1708 ignea:
2249 1634 2626 1703 dicuntpoelw,
2669 1646 2775 1708 etc.
2808 1637 3016 1705 Corpus
3043 1640 3171 1691 solis
3218 1638 3377 1708 triplo

1798 1704 2155 1772 quantitatem
2187 1703 2323 1754 luna:
2360 1719 2618 1772 superare
2647 1707 2850 1768 dicunt,
2897 1703 3074 1759 lunam
3113 1718 3240 1760 vero
3275 1703 3368 1759 tria

1799 1771 1889 1837 plo
1950 1772 2207 1845 majorem
2255 1771 2439 1845 terra.:
2474 1772 2623 1828 Unde
2664 1790 2691 1826 a
2746 1776 3060 1845 quibusdam
3113 1778 3375 1844 quaeritur

1797 1855 1964 1907 quare
1987 1849 2126 1914 terra
2159 1840 2367 1914 dicatur
2393 1843 2687 1914 obscurare
2719 1840 2917 1914 lu'naiu,
2938 1847 2978 1897 si
3014 1840 3171 1911 triplo
3205 1846 3377 1914 major

1798 1919 1902 1973 est,
1932 1925 2053 1961 cum
2086 1911 2135 1961 in
2172 1913 2411 1962 nzulnazn
2444 1913 2607 1978 ipsius
2639 1913 2839 1967 incidit.
2876 1915 2957 1966 vel
2995 1917 3152 1965 etiam
3187 1916 3251 1967 ad
3286 1911 3369 1967 di‘

1798 1979 2047 2031 vexiores
2078 1988 2257 2046 partes
2302 1980 2444 2031 illius
2500 1982 2796 2035 descendit.
2831 1983 2981 2046 Quod
3016 1983 3101 2033 illa
3165 1985 3372 2036 ratimie

1798 2047 2081 2113 contingit,
2111 2049 2234 2115 quia
2286 2049 2584 2102 afﬁrmatur
2614 2053 2801 2103 umbra
2846 2052 3004 2119 triplo
3055 2052 3225 2117 major
3254 2067 3374 2109 esse

1797 2132 1894 2170 suo
1920 2132 2166 2186 corpore.
2214 2118 2552 2187 Ampliorem,
2597 2120 2646 2172 id
2685 2130 2785 2185 est,
2822 2118 3097 2181 tumorem.
3132 2122 3376 2174 Circulos

1800 2187 1943 2238 enim
1980 2188 2175 2239 solaris
2202 2188 2491 2242 duodecies
2524 2189 2694 2256 major
2736 2202 2818 2243 est
2861 2191 3051 2250 lunari,
3082 2207 3202 2242 cum
3233 2192 3373 2255 quod

1798 2255 1885 2328 i_|la
1919 2272 2024 2307 uno
2056 2272 2261 2328 mense,
2298 2258 2387 2328 ille
2420 2274 2487 2309 χιι
2537 2255 2738 2311 Citri‘at.
2776 2259 2943 2312 Unius
2980 2261 3403 2328 magnitudinis”

1798 2324 1981 2395 Tanta}
2004 2327 2144 2378 enim
2176 2327 2555 2395 magnitudinis
2583 2337 2665 2380 est
2694 2329 2773 2381 sol
2804 2338 2858 2380 ut
2881 2324 3197 2382 cuncta'sno
3221 2328 3378 2381 Inmi-

1799 2410 1864 2447 ne
1894 2394 2083 2446 lustret
2112 2405 2165 2447 et
2195 2394 2483 2463 compleat.
2512 2398 2771 2465 Alioquin,
2802 2398 3002 2453 scilicet
3024 2399 3067 2452 si
3102 2416 3205 2451 non
3237 2409 3378 2451 e-sot

1800 2472 1960 2537 tanta:
1991 2465 2309 2537 altitudinis,
2345 2468 2513 2535 major
2540 2464 2685 2521 Indis
2708 2471 2897 2529 oriens,
2924 2470 3045 2537 quia
3073 2469 3181 2537 Indi
3209 2485 3375 2535 prOpc

1799 2533 1944 2585 illum
1968 2543 2089 2587 sunt
2124 2535 2174 2586 in
2216 2546 2359 2599 ortu,
2390 2533 2443 2588 rt
2485 2537 2730 2589 Britones
2760 2539 2808 2590 in
2857 2533 3071 2590 occasu.
3104 2533 3376 2597 Derideas,

1797 2604 2002 2656 scilicvt
2051 2602 2241 2669 major.
2294 2603 2437 2657 illam
2470 2608 2651 2669 nimio,
2704 2607 2753 2659 id
2803 2616 2905 2667 est.
2962 2609 3294 2659 volubilitate
3324 2622 3379 2659 et

1798 2688 1956 2745 cursu
1986 2674 2266 2745 citissiuio.
2308 2675 2549 2745 fialorrnt
2580 2678 2821 2744 adauget,
2850 2678 2971 2745 quia
3002 2682 3176 2730 inmiis
3203 2690 3378 2730 motus

1798 2743 2031 2794 calorem
2080 2744 2257 2796 habet.
2299 2743 2396 2796 llic
2442 2747 2649 2798 sirilictet
2696 2743 2795 2808 sol,
2845 2743 2994 2799 cursu
3041 2749 3291 2809 variante,
3327 2747 3376 2798 in

1797 2814 1986 2864 a‘stivo
2016 2821 2257 2879 tempore
2308 2814 2565 2881 longiore,
2614 2817 2662 2867 in
2695 2818 2917 2869 hiberno
2971 2819 3235 2881 breviore,
3267 2818 3377 2869 dies

1798 2890 2061 2935 ctmeuses
2093 2894 2139 2934 ει
2168 2892 2398 2950 tempora
2429 2887 2627 2937 diris/it.
2652 2886 2880 2939 Dicimus
2909 2887 3259 2939 etiamsiilcm
3285 2901 3380 2952 per

130 2968 343 3027 currant
368 2948 442 3019 ei,
488 2972 555 3010 ne
597 2948 1153 3027 patiatur'defe'ctum,
1198 2948 1356 3027 etiam
1387 2952 1693 3027 et__diversa
1724 2948 1767 3006 C
1800 2965 1860 3003 se
1889 2954 2113 3027 moveri,
2168 2948 2278 3006 non
2314 2970 2463 3027 cum
2495 2958 2690 3008 mundo
2724 2958 2885 3023 vergi.
2930 2957 2984 3007 Si
3034 2960 3174 3027 enim
3218 2948 3295 3007 sol
3330 2956 3378 3006 iu

131 3026 345 3081 altitudo
387 3022 693 3079 absidaruin
737 3026 1005 3079 succurrit
1050 3025 1096 3077 ci
1131 3026 1182 3079 in
1224 3025 1346 3078 hoc.
1397 3022 1697 3091 Aliquando

132 3096 266 3149 enim
288 3097 478 3164 procul
502 3105 585 3149 est
608 3110 639 3147 a
664 3096 845 3161 terris,
871 3095 1157 3162 aliquando
1178 3109 1363 3164 prope.
1392 3095 1457 3145 Et
1480 3092 1697 3164 quando

132 3162 310 3231 prone,
339 3166 385 3219 si
409 3166 461 3218 in
490 3180 593 3218 una
625 3165 764 3220 linea
790 3164 1005 3233 fuerint,
1031 3172 1157 3217 tunc
1181 3162 1384 3233 patitur
1402 3162 1538 3215 defer
1560 3170 1695 3225 tum;

131 3230 182 3286 et
206 3236 419 3304 quando
447 3236 499 3289 in
531 3235 636 3287 illis
674 3234 840 3302 signis
870 3230 948 3297 fit,
981 3249 1104 3304 qua:
1150 3230 1303 3287 nobis
1341 3233 1499 3285 altius
1538 3246 1700 3298 super

132 3312 345 3366 terram,
372 3305 433 3357 id
462 3310 569 3370 est,
600 3317 720 3371 quae
748 3311 871 3355 sunt
899 3303 1057 3356 altius
1088 3317 1246 3371 supra
1278 3304 1556 3362 verticem,
1592 3315 1697 3352 non

132 3375 323 3438 patitur
348 3373 652 3440 defectum;
687 3371 903 3441 quando
933 3387 1061 3425 vero
1092 3373 1141 3424 in
1176 3372 1276 3423 illis
1304 3386 1423 3436 qua:
1451 3379 1577 3422 sunt
1606 3384 1699 3441 no-

130 3442 207 3495 bis
233 3459 399 3512 prope
446 3454 626 3509 terra},
670 3439 720 3496 id
751 3452 853 3506 est,
885 3457 1003 3511 quze
1046 3449 1171 3494 sunt
1212 3441 1364 3493 nobis
1408 3439 1698 3512 Australia,

134 3509 251 3581 tunc
276 3509 497 3579 patitur.
532 3513 737 3565 Luna»:
776 3509 1012 3581 superius
1056 3512 1330 3581 infer-insue
1376 3509 1703 3581 transmittit,

134 3579 179 3630 id
206 3590 306 3647 est,
334 3581 611 3636 transfert.
652 3581 711 3635 Si
740 3579 881 3635 enim
916 3582 1035 3635 luna
1078 3579 1304 3635 mediam
1348 3580 1584 3645 signiferi
1637 3580 1702 3632 li-

135 3665 280 3702 neam
307 3664 524 3719 semper
551 3659 762 3703 teneret
788 3651 925 3707 sicut
945 3651 1047 3713 sol,
1073 3666 1293 3704 neceSse
1314 3663 1450 3703 esset
1480 3651 1529 3702 in
1556 3649 1702 3701 omni

133 3720 415 3785 plenilunio
458 3719 683 3787 eclipsin
729 3720 871 3787 pati;
902 3722 995 3772 sed
1035 3722 1157 3787 quia
1189 3720 1269 3773 sol
1300 3720 1526 3772 mediam
1561 3734 1701 3773 sem-

135 3803 223 3854 per
243 3789 437 3842 lineam
459 3790 725 3857 sequitur,
752 3789 875 3841 luna
898 3804 1027 3840 vero
1057 3805 1150 3856 per
1176 3798 1340 3857 .otam
1363 3789 1702 3841 latitudinem

130 3858 359 3925 signiferi
399 3856 810 3928 τίμιαι-,μου
860 3858 911 3910 in
952 3858 1097 3911 omni
1140 3856 1445 3928 plcnilunio‘
1479 3857 1703 3928 eclipsin

132 3930 235 3992 pati
266 3924 492 3985 necesse
536 3936 645 3983 est.
686 3926 871 3981 Potest
908 3930 1051 3981 enim
1082 3924 1325 3992 superius
1366 3926 1449 3979 vel
1481 3924 1704 3978 inferius

129 3997 239 4067 sole
265 3999 367 4051 iter
393 4014 551 4052 suum
584 4012 765 4065 agere,
798 4012 862 4051 ac
901 4012 995 4067 per
1025 3998 1126 4052 hoc
1153 3994 1433 4067 latitudine
1462 3996 1702 4067 signiferi

133 4066 407 4133 liberatur,
441 4082 509 4120 ne
533 4068 804 4122 defectum
846 4065 1101 4135 patiatur.
1145 4067 1279 4119 Cum
1312 4066 1471 4134 igitur
1500 4065 1581 4119 sol
1612 4081 1705 4118 su-

130 4136 304 4202 perius
331 4145 386 4189 et
417 4137 546 4189 luna
592 4136 815 4190 inferius
841 4138 892 4189 in
924 4152 1083 4189 unam
1132 4138 1324 4190 lineam
1359 4138 1703 4201 conveniunt,

129 4204 368 4274 superior
396 4220 522 4274 pars
552 4204 692 4257 lunae
717 4206 861 4258 clara
887 4212 988 4266 est,
1024 4204 1241 4257 inferior
1268 4220 1397 4257 vero
1424 4220 1581 4270 fluam
1610 4206 1705 4256 ha-

54 4272 72 4293 ‘
132 4274 216 4326 bet
242 4273 307 4327 ad
338 4272 539 4338 terras,
574 4274 795 4327 interim
839 4274 1065 4326 obscura
1098 4273 1172 4325 tit.
1216 4274 1500 4336 Sciendum
1547 4274 1701 4325 dcui-

132 4357 230 4409 qnc
253 4344 376 4411 quia
402 4344 699 4412 deliquium
748 4342 1035 4412 solisitunc
1080 4344 1325 4397 naturale
1354 4350 1454 4403 est,
1487 4343 1705 4412 quando

133 4411 247 4466 luna
274 4414 447 4483 prima
470 4418 555 4467 vel
585 4412 858 4479 trigesima
886 4411 963 4483 lit,
987 4412 1111 4482 quia
1134 4412 1380 4483 videlicet
1404 4420 1529 4465 tunc
1554 4411 1706 4483 luna-

132 4498 188 4554 re
213 4480 410 4554 coipus
439 4483 735 4554 oppdnitur
760 4482 945 4546 solari,
976 4480 1031 4536 et
1055 4483 1221 4554 solem
1266 4482 1553 4554 obscurum
1583 4480 1704 4554 red-

132 4552 220 4606 dit.
259 4552 319 4609 Si
347 4552 531 4609 autem
572 4554 681 4607 alio
721 4560 969 4622 tempore
1007 4553 1220 4622 eclipsis
1255 4552 1504 4621 provenit
1551 4552 1702 4617 solis,

133 4638 231 4676 non
261 4637 345 4679 est
370 4624 643 4686 naturale,
672 4623 767 4677 sed
795 4626 1006 4689 signum
1033 4634 1115 4678 est
1140 4624 1366 4689 alicujus
1388 4624 1463 4675 rei
1487 4622 1628 4675 sicut
1653 4624 1703 4674 in

133 4694 370 4757 passione
399 4693 638 4757 Domini,
668 4693 888 4759 quando
912 4693 1034 4745 luna
1065 4709 1169 4747 non
1196 4693 1363 4759 prima
1390 4706 1565 4758 neque
1607 4693 1705 4745 tri—

132 4761 323 4827 gesima
350 4761 472 4824 fuit,
497 4763 595 4815 sed
614 4758 825 4814 decima
845 4760 1030 4825 quinta
1058 4758 1281 4814 exstitit.
1307 4758 1367 4811 Et
1390 4776 1456 4812 ne
1485 4763 1595 4827 ipsa
1621 4776 1708 4812 so-

131 4830 193 4882 lis
211 4830 519 4884 obscuritas
548 4828 829 4898 repentina
860 4836 915 4882 et
942 4829 1115 4882 subita
1144 4830 1429 4891 diceretur,
1474 4846 1577 4880 non
1619 4844 1707 4881 so-

134 4902 234 4953 lum
265 4916 369 4955 una
399 4900 563 4962 hora,
601 4898 697 4951 sed
726 4898 890 4951 etiam
919 4898 1086 4951 tribus
1134 4898 1279 4951 horis
1306 4899 1568 4965 protelata
1600 4906 1703 4961 est,

132 4969 305 5041 idest,
336 4986 368 5024 a
416 4978 576 5024 sexta
605 4968 740 5023 hora
788 4982 956 5041 usque
997 4967 1063 5023 ad
1099 4969 1292 5041 horam
1317 4983 1533 5023 nonam.
1578 4966 1705 5021 Cre-

132 5040 357 5095 dendum
386 5055 523 5094 vero
570 5045 655 5093 est
700 5036 855 5105 quod
879 5039 1019 5092 sicut
1047 5046 1173 5094 tunc
1215 5038 1295 5093 sol
1334 5053 1498 5106 super
1539 5046 1709 5092 terras

132 5108 511 5179 obscuritatem
539 5123 730 5179 paSsus
757 5118 867 5179 esta
888 5106 1141 5179 itaetiam
1170 5111 1291 5163 luna
1314 5112 1415 5164 sub
1445 5110 1600 5179 terris
1624 5125 1709 5161 ra-

294 5174 584 5255 l_ucis_suie
632 5176 1173 5255 abstraxit,.implet-a
1220 5178 1709 5255 propheti:i_.loe|is

135 5246 353 5306 dicentis
383 5269 398 5302 :
432 5251 532 5305 Sol
554 5255 904 5304 convertetttr
928 5246 979 5299 in
1008 5246 1347 5312 tenebias,et
1372 5249 1495 5301 luna
1520 5249 1571 5301 in
1595 5264 1711 5301 san-

135 5314 360 5379 guinem.
418 5320 703 5374 Subtrain
758 5327 936 5371 autem
991 5319 1069 5371 sol
1112 5316 1291 5371 radios
1328 5332 1476 5379 suos,
1512 5333 1577 5372 ne
1626 5319 1711 5371 vel

134 5385 446 5442 morientem
504 5390 792 5443 Dominum
832 5404 987 5442 suum
1025 5387 1075 5441 in
1123 5401 1283 5440 cruce
1320 5386 1556 5449 videret;
1598 5389 1711 5443 sive

133 5453 289 5527 etiam
317 5466 377 5509 ut
403 5455 581 5527 Judati
612 5458 842 5511 ministri
873 5458 1167 5527 iniquitatis
1196 5458 1392 5527 lumine
1431 5456 1570 5527 illius
1604 5474 1708 5511 non

136 5521 448 5580 fruerentur.
484 5526 655 5581 Luna:
682 5541 811 5580 vero
840 5521 1077 5584 defectus
1101 5526 1413 5581 naturaliter
1438 5525 1512 5586 lit,
1538 5541 1709 5593 quan—

136 5593 308 5666 deest
333 5596 550 5652 decima
581 5604 774 5666 quarta
815 5598 898 5650 vel
928 5600 1132 5652 decima
1176 5604 1379 5665 qu'nta,
1420 5597 1551 5666 quia
1588 5606 1713 5651 tunc

137 5663 361 5720 incidere
380 5668 435 5719 in
460 5663 716 5720 umbram
742 5673 898 5719 terrm
920 5670 1075 5734 solet,
1100 5676 1155 5723 et
1174 5663 1287 5721 obsi
1306 5668 1446 5719 urari
1476 5682 1488 5728 ;
1516 5665 1558 5718 si
1586 5681 1712 5719 vero

137 5735 342 5791 eveniet
364 5736 590 5804 eclipsis
624 5734 792 5799 illius,
819 5738 1037 5803 quando
1069 5753 1209 5793 nona
1239 5736 1322 5790 vel
1353 5745 1567 5800 octava,
1596 5736 1710 5789 sive

136 5804 233 5859 alia
254 5806 531 5878 qualibet,
560 5806 676 5876 jam
701 5804 915 5873 signum
943 5807 1158 5876 aliquod
1187 5807 1488 5877 pnetcndit.

1802 3020 1939 3074 cmlo
1972 3021 2106 3074 lixus
2156 3034 2396 3076 maneret
2424 3026 2560 3078 sicut
2607 3028 2791 3086 sti-lim,
2823 3020 3032 3077 'omnes
3061 3026 3170 3077 dies
3202 3037 3251 3076 et
3284 3040 3379 3075 no-

1806 3100 1919 3163 etes
1943 3094 2174 3163 aequales
2196 3095 2656 3163 essetit.Acrisqiie
2683 3098 2989 3161 (mizperiem,
3024 3094 3070 3145 id
3100 3103 3200 3155 est,
3236 3094 3380 3145 Calo-

1807 3160 1879 3211 ris
1926 3160 2026 3212 ved
2077 3160 2306 3226 frigora.
2361 3160 2681 3226 Are-edendo,
2736 3165 2938 3217 scilicet
2967 3174 3149 3216 instate
3191 3168 3253 3214 ad
3286 3164 3381 3215 Sc—

1807 3232 2184 3294 ptcnlrioncm,
2242 3232 2317 3283 rel
2348 3234 2647 3294 reccdcndo,
2681 3234 2795 3287 scil.
2831 3234 3006 3287 hieme
3056 3250 3084 3286 ί)
3136 3234 3288 3286 nobis
3315 3234 3381 3285 all

1807 3298 2080 3351 Austrum.
2116 3300 2403 3353 Cnmenim
2436 3304 2515 3355 Sol
2542 3306 2603 3353 ad
2627 3303 2889 3356 Cancrum
2925 3302 2990 3355 ab
3020 3303 3380 3370 {equinoctiali

1806 3379 1958 3434 parte
1989 3372 2320 3434 conscendit,
2350 3380 2589 3423 :estatem
2616 3381 2831 3439 pra'stat
2863 3373 3115 3425 homiuib.
3149 3374 3237 3439 qui
3259 3378 3384 3425 sunt

1806 3440 1945 3491 inter
1984 3438 2318 3493 Solstitialem
2376 3452 2429 3493 et
2477 3438 2951 3510 septentrionalem
2987 3438 3214 3510 plag-m.
3247 3441 3381 3493 Cum

1806 3516 1984 3560 autem
2010 3509 2087 3560 sol
2118 3511 2183 3563 ab
2205 3512 2397 3564 eodem
2423 3510 2634 3565 Cancro
2655 3515 2703 3563 in
2734 3509 3159 3578 {equisortialem
3195 3512 3380 3563 libram

1805 3577 2105 3641 descendit,
2140 3590 2454 3633 autumnum
2512 3582 2674 3645 facit;
2721 3577 2839 3633 cum
2903 3596 3029 3633 vrro
3061 3581 3125 3631 ad
3161 3582 3379 3632 brumae

1810 3648 1910 3717 lem
1943 3650 2164 3711 recedit,
2219 3651 2391 3701 hiems
2437 3651 2679 3712 habetur,
2715 3658 2998 3717 propterea
3050 3651 3169 3716 quia
3202 3650 3384 3703 calore

1807 3716 2013 3769 dimoto
2057 3727 2242 3785 torpor
2296 3720 2514 3772 invadit.
2553 3716 2783 3771 Rursum
2828 3736 2949 3773 cum
2993 3736 3019 3771 a
3055 3722 3386 3787 tlapricorno

1809 3787 2025 3839 hiemali
2076 3787 2128 3839 in
2181 3789 2880 3855 agquinoctialemArietem
2936 3792 3126 3854 surgit,
3164 3804 3384 3840 verum"

1808 3864 2018 3921 tempus‘
2066 3858 2292 3919 arridet;
2339 3866 2594 3924 pergente
2620 3874 2750 3924 ergo
2784 3859 2904 3910 hinc
2932 3859 3109 3909 denuo
3161 3860 3209 3909 in
3243 3860 3384 3909 Cau-

1806 3939 1978 3995 crum,
2008 3934 2163 3995 re-tas
2198 3927 2394 3977 torrida
2418 3937 2735 3986 renovatur._
2762 3926 3057 3991 Dispensat,
3084 3926 3313 3995 disponit
3333 3936 3386 3980 et

1808 3994 2037 4045 ordinat.
2073 3992 2370 4067 Moraremr
2393 3996 2536 4047 locis.
2577 3997 2727 4048 Verbi
2767 4000 2960 4063 gratia,
2990 3998 3033 4049 si
3062 3992 3276 4067 sem-per
3302 3998 3384 4050 sol

1809 4067 2032 4137 essetin
2060 4064 2276 4137 Austro,
2312 4076 2448 4118 terra
2473 4067 2613 4137 illius
2629 4068 2808 4119 calore
2832 4077 3150 4121 exoreretur
3180 4064 3232 4121 et
3255 4068 3388 4137 διογ-

1814 4135 1922 4186 thia
1960 4134 2155 4201 frigore
2214 4135 2504 4189 fatisceret.
2563 4135 2855 4204 Propterea
2897 4139 3039 4190 enim
3101 4139 3238 4190 Deus
3286 4134 3385 4189 soli

1808 4204 2051 4256 diversos
2077 4220 2266 4258 cursus
2310 4208 2609 4269 constituit,
2643 4216 2697 4259 et
2730 4216 2967 4272 ti-mpo'a
2998 4216 3050 4258 et
3083 4207 3216 4269 loca,
3253 4221 3316 4257 ne
3344 4206 3386 4258 si

1807 4288 2018 4338 semper
2047 4274 2097 4323 in
2127 4276 2205 4325 tis
2235 4276 2608 4327 demoraretur
2656 4276 2809 4338 locis,
2851 4290 2883 4342 q
2924 4276 3161 4327 otidiano
3192 4290 3387 4342 vapore

1810 4342 1965 4413 ltttjus
2001 4343 2230 4413 mundus
2275 4353 2704 4396 consumeretur.
2740 4346 2890 4408 Alia,
2929 4346 3046 4397 scil.
3072 4346 3388 4413 loca,{rigus

1811 4412 2115 4473 absumeret,
2153 4412 2202 4463 id
2236 4421 2318 4464 est
2347 4422 2706 4466 consumeret.
2737 4414 2810 4467 De
2858 4416 3155 4481 quantitate
3184 4412 3314 4469 solis
3335 4422 3389 4468 et

1815 4482 1952 4534 luna:
1978 4483 2164 4534 beatus
2188 4482 2457 4547 Ambros,
2480 4484 2531 4535 in
2556 4483 2645 4535 lib.
2668 4483 3024 4537 llexameron.
3042 4486 3111 4537 ita
3131 4493 3386 4538 testatur:

1737 4526 1787 4586 D
1814 4553 1954 4604 Solis
1988 4553 2167 4604 talius
2198 4554 2324 4605 nulli
2356 4526 2727 4623 prdpinquiur.
2756 4554 2882 4607 nulli
2914 4555 3255 4622 longinquior
3284 4563 3387 4616 est,

1811 4622 2059 4675 similiter
2082 4624 2305 4693 etiluna:
2348 4624 2540 4690 globus
2568 4624 2790 4693 aequalis
2825 4634 2906 4676 εει
2938 4625 3141 4678 ommb.
3190 4623 3390 4675 Similis

1812 4702 1893 4745 est
1923 4692 2001 4745 Stii
2030 4701 2082 4744 et
2136 4692 2275 4745 Indis
2324 4704 2377 4746 et
2426 4692 2715 4757 Britannis,
2767 4695 2959 4747 eodem
3008 4701 3278 4745 momento
3322 4693 3389 4743 ab

1813 4763 2051 4827 utrisque
2082 4761 2290 4813 videtur
2318 4777 2439 4812 cum
2470 4764 2679 4823 oritur;
2722 4777 2819 4814 nec
2856 4777 2977 4814 cum
3020 4763 3189 4828 vergit
3218 4761 3268 4813 in
3297 4776 3389 4813 oc-

1811 4845 2015 4891 casum,
2050 4831 2224 4882 minor
2246 4831 2863 4898 apparetttrientalibus,
2898 4847 2995 4884 nec
3024 4828 3390 4885 Occidentali-

1812 4901 1910 4951 bus
1942 4900 2161 4951 inferior
2190 4914 2349 4966 quam
2397 4902 2757 4955 Orientalibus
2798 4902 3151 4955 existimatur.
3209 4899 3391 4966 Quan-

1815 4980 1923 5020 tum
1955 4970 2137 5032 distat,
2170 4970 2360 5035 inquit,
2407 4970 2597 5025 Oriens
2648 4972 2715 5024 ab
2760 4970 2987 5037 Occasu,
3020 4981 3224 5025 tantum
3279 4972 3392 5027 ba":

1814 5041 1912 5092 sibi
1949 5040 2175 5092 invicem
2220 5041 2451 5103 distant;
2509 5041 2603 5095 sed
2632 5042 2713 5095 sol
2762 5057 2791 5094 a
2825 5043 2971 5094 nullo
3021 5043 3207 5106 distat,
3257 5042 3389 5095 nulli

1816 5120 2149 5177 pl‘;l)$8ttl|0|',
2206 5111 2444 5177 nullique
2496 5115 2755 5165 remotior
2797 5123 2897 5165 est.
2948 5112 3130 5181 Neque
3177 5120 3391 5163 moveat

1813 5196 2137 5247 quemquam
2169 5182 2309 5245 quod
2355 5193 2606 5249 tanquam
2632 5183 2875 5235 cubitalis
2918 5180 2969 5233 in
3018 5183 3148 5232 orbe
3178 5196 3275 5233 suo
3306 5180 3387 5231 vi-

1814 5256 1970 5301 detur
1999 5266 2117 5302 cum
2139 5252 2345 5313 oritur;
2387 5256 2475 5303 sed
2508 5252 2849 5302 considerare
2886 5258 3099 5318 oportet
3128 5260 3387 5317 quantum

1815 5319 2024 5390 intersit
2054 5320 2212 5390 spatii
2247 5320 2383 5369 inter
2421 5320 2588 5390 solem
2614 5330 2668 5371 et
2699 5328 2920 5383 teriam,
2964 5319 3106 5385 quod
3140 5332 3391 5390 aspeCtus

1818 5389 1981 5441 nostri
2014 5388 2311 5451 intirmitas,
2332 5396 2389 5441 et
2409 5389 2648 5455 quaedam
2670 5390 2928 5457 wgruudo
2949 5392 3031 5442 vix
3052 5388 3394 5445 valet'inten-

1814 5461 1962 5512 dere.
1985 5457 2137 5509 Hunc
2159 5466 2335 5509 autem
2364 5460 2679 5527 ampliorem
2705 5460 2907 5527 aliquot
2940 5463 3201 5527 partibus,
3232 5476 3391 5527 quam

1816 5538 2013 5583 terram
2070 5528 2341 5594 sapientes
2396 5544 2515 5582 esse
2569 5531 2900 5584 de:(‘l‘ii)Ulll.
2956 5530 3159 5583 Lunam
3213 5540 3392 5582 autem

1817 5603 2075 5652 minorem
2108 5611 2225 5649 esse
2273 5598 2459 5651 dicunt
2508 5601 2711 5665 antiqui
2754 5615 2917 5666 quam
2965 5602 3154 5652 sulem.
3201 5596 3393 5652 Omnia

1815 5670 1956 5722 enim
1980 5682 2095 5737 qua:
2125 5667 2277 5720 nobis
2302 5670 2540 5734 proxima
2564 5680 2707 5730 sunt,
2743 5670 2948 5733 majora
2975 5672 3019 5719 vi
3045 5673 3239 5729 'entur,
3277 5668 3395 5720 lou-

1814 5740 2115 5806 ginquitate
2145 5748 2322 5790 autem
2364 5738 2605 5791 locorum
2646 5741 2788 5790 visus
2826 5740 3140 5807 languescit.
3191 5738 3393 5790 Lunam

1816 5809 1976 5876 igitur
2008 5811 2249 5865 videmus
2288 5824 2454 5878 prope
2499 5824 2617 5864 esse
2649 5810 2825 5878 nobis,
2860 5826 2955 5865 nec
2984 5824 3099 5863 eam
3134 5809 3395 5877 majoer
