3842 6242
467 441 570 494 “Si

964 438 1173 494 υἱ.ῡῶ
1223 439 1686 496 κἘΝΕιιΑωιΑε
1726 444 2010 500 OI‘ERUM
2057 446 2233 501 ΡΜὶὸ
2275 448 2315 501 I.
2351 478 2416 488 —
2449 449 2892 505 lllD.\SCALlC.\
2934 452 3256 507 Cl:NUlN.~\.
3640 463 3725 517 “6

463 555 581 620 ejus
630 552 907 606 oculorum
957 557 1286 620 argumentis
1325 564 1487 624 atque
1537 558 1847 626 conjectura
1893 563 2054 614 animi
2089 572 2130 623 Α
2162 564 2309 619 ribus
2357 564 2525 632 jaciat
2582 565 2894 633 intervallis,
2938 578 3187 637 tanquam
3246 580 3362 628 toto
3413 577 3588 642 spatio
3631 595 3726 635 me-

463 648 688 700 scratari
742 647 1062 700 immensum
1095 641 1235 711 esse,
1267 649 1359 716 qui
1411 650 1663 703 arborum
1701 653 1750 704 in
1800 653 2056 709 limitibus

463 745 833 806 por-rectarum
866 737 915 789 in
948 735 1212 805 quotlibet
1250 753 1502 807 passuum
1533 741 1697 794 millia
1729 741 1946 795 umbras
1971 760 2056 807 pa-

2165 655 2335 708 dius.»
2371 655 2437 709 Et
2463 657 2624 724 paulo
2655 668 2775 726 post
2806 676 2817 710 :
2856 678 2872 708 ς
2903 657 3121 714 Certum
3154 670 3257 725 est,
3292 663 3483 733 inquit,
3507 668 3632 722 solis
3648 672 3724 723 ἀει

2165 748 2382 812 fectum,
2417 765 2526 803 non
2554 749 2652 804 nisi
2685 750 2990 818 novissima,
3025 755 3266 822 primave
3295 755 3409 812 ﬁeri
3436 756 3581 828 luna,
3602 765 3726 834 quod

1722 830 2006 886 CLUSSAS
2051 835 2138 888 ΕΤ
2181 837 2496 892 SCIIUIJA.

463 928 708 992 aspectui
736 936 920 979 nostro
948 943 1109 992 quam
1143 928 1335 980 solem.
1371 928 1603 994 Ideoque
1635 944 1756 983 cum
1785 930 1864 982 sol
1897 948 2054 998 stipe-

463 999 506 1050 ri
525 1013 575 1048 η·
597 999 664 1050 sit
693 1015 720 1050 a
753 997 894 1059 luna,
915 1007 970 1049 et
1002 1007 1179 1050 tamen
1200 1014 1227 1049 a
1258 997 1413 1050 nobis
1438 999 1610 1065 major
1630 997 1983 1066 videtur,jam
2010 1005 2052 1056 si

463 1076 632 1134 prope
666 1086 762 1121 nos
793 1071 1099 1126 accesserit.
1131 1072 1299 1120 multo
1335 1069 1594 1133 majorem
1629 1068 1890 1122 futurum.
1918 1069 2052 1126 Item

461 1135 778 1192 Ambrosius
815 1156 824 1188 :
858 1138 993 1201 Quid
1043 1148 1125 1190 est
1162 1139 1278 1191 sol?
1320 1135 1520 1192 Oculus
1565 1139 1768 1202 mundi,
1799 1142 2052 1206 jucundi-

464 1215 546 1259 tus
569 1209 692 1270 diei,
739 1208 855 1261 coeli
886 1207 1252 1278 pulchritudo.
1285 1218 1488 1260 natura:
1516 1209 1709 1276 gratia,
1743 1213 2051 1278 praestantia

463 1288 742 1348 creattnzc.
795 1277 899 1329 Sed
950 1278 1164 1344 quando
1204 1277 1346 1329 htmc
1397 1279 1587 1348 vides,
1622 1289 1896 1333 auctorem
1936 1281 2054 1348 ejus

462 1347 776 1417 considera;
803 1348 1018 1414 quando
1044 1349 1186 1401 hunc
1220 1347 1453 1410 miraris,
1472 1347 1626 1401 lauda
1653 1349 1818 1417 ipsius
1840 1362 2053 1405 creato-

462 1432 596 1469 rem.
633 1416 686 1469 Si
711 1428 815 1469 tam
849 1427 1034 1482 gratus
1065 1427 1146 1470 cst
1174 1417 1254 1469 sol
1281 1433 1506 1471 consors
1521 1427 1572 1470 et
1593 1416 1865 1486 particeps
1895 1437 2047 1474 crea-

463 1496 615 1557 tura},
649 1505 807 1557 quam
845 1490 1015 1540 honus
1040 1498 1121 1540 est
1153 1487 1260 1540 Sol.
1294 1488 1384 1540 ille
1410 1487 1672 1554 justitizc‘.’
1717 1491 1772 1542 Si
1811 1501 1916 1542 tam
1951 1507 2047 1545 vc-

462 1555 550 1609 lox
587 1555 707 1622 iste,
743 1568 796 1609 ut
829 1559 1027 1624 rapidis
1068 1559 1317 1611 cursibus
1366 1558 1420 1611 in
1461 1559 1548 1612 die
1576 1567 1630 1611 et
1662 1569 1820 1614 nocte
1861 1563 2051 1616 lustret

461 1629 664 1691 Oznnia,
707 1638 938 1695 quantus
967 1628 1056 1682 ille
1087 1628 1176 1694 qui
1220 1628 1418 1693 ubique
1455 1643 1670 1695 semper
1708 1640 1812 1695 est,
1843 1641 1897 1683 et
1929 1647 2046 1684 ma-

456 1695 657 1770 jestate
689 1713 787 1770 sua
834 1699 1072 1766 complet
1117 1697 1340 1751 omnia?
1369 1699 1424 1751 Si
1459 1699 1803 1770 admirabilis
1842 1710 1927 1754 est
1956 1704 2046 1770 qui

455 1765 676 1834 jnhetur
705 1768 874 1833 exire,
906 1765 1066 1835 quam
1116 1783 1275 1834 supra
1327 1768 1740 1822 admirationem
1787 1772 1876 1838 qui
1920 1765 2049 1825 dicit

462 1838 584 1894 soli.
617 1847 809 1913 etimit
837 1843 1080 1891 exoritur
1112 1847 1167 1889 ut
1197 1839 1423 1913 legimus
1447 1839 1815 1913 ?_Soi_autem
1851 1843 2048 1894 dicitur
2083 1855 2126 1913 υ

461 1922 527 1959 co
559 1910 700 1975 quod
723 1923 882 1959 soi.th
905 1916 1184 1974 appareat,
1216 1908 1523 1960 obscuratis
1554 1908 1760 1974 fulgore
1783 1927 1880 1964 suo
1913 1927 2046 1963 cun-

462 1982 564 2031 ctis
603 1977 886 2030 sideribus.
922 1976 1071 2030 Luna
1100 1976 1245 2030 dicta
1276 1979 1432 2044 quasi
1482 1979 1676 2039 lucina,
1710 1979 1889 2033 ablata
1932 1996 2046 2034 me-

460 2049 545 2100 dia
585 2047 809 2116 syllaba,
843 2048 910 2100 de
951 2063 1057 2115 qua
1107 2045 1397 2115 Virgilius:
1433 2045 1613 2110 Casta,
1649 2049 1789 2114 fave,
1825 2049 2045 2105 Lucina.

461 2117 898 2184 Suinpsitautem
926 2132 1120 2172 nomen
1151 2133 1248 2186 per
1270 2116 1666 2171 derivationem
1688 2134 1716 2172 a
1741 2119 1872 2174 solis
1906 2121 2046 2184 luce,

459 2203 526 2258 eo
550 2187 694 2258 quod
725 2189 792 2238 ab
818 2187 1092 2258 columen
1116 2188 1369 2258 accipiat,
1411 2197 1801 2258 acceptumque
1833 2190 2044 2243 reddat.

461 2255 526 2308 Et
557 2255 681 2323 quid
713 2265 793 2309 est
822 2257 941 2309 sul?
972 2257 1237 2324 Splendor
1267 2257 1410 2325 cmli,
1439 2257 1616 2310 honor
1637 2255 1760 2321 diei,
1785 2267 1838 2312 et
1867 2260 2049 2313 distri—

459 2327 621 2379 liu'or
651 2327 926 2380 horarum.
958 2325 1024 2380 Et
1054 2329 1178 2394 quid
1211 2328 1383 2381 luna?
1421 2328 1654 2381 Claritas
1685 2331 1879 2382 noctis.
1913 2328 2045 2384 Item

463 2397 811 2451 Ambrosius:
839 2396 1030 2463 lgneus
1061 2409 1144 2452 est
1172 2399 1426 2453 cnimsol.
1457 2399 1598 2466 ignis
1621 2408 1802 2454 autem
1835 2408 1888 2453 et
1920 2401 2042 2454 illu-

459 2475 632 2518 minat
661 2475 713 2518 et
751 2469 946 2520 exurit.
979 2467 1210 2532 Quidam
1261 2479 1441 2524 autem
1476 2471 1665 2522 dicunt
1707 2470 1838 2522 solis
1870 2471 2043 2537 ignem

459 2550 600 2603 aqua
651 2537 861 2599 nutriri,
917 2549 972 2590 et
1017 2553 1083 2592 ex
1136 2541 1412 2593 contrario
1469 2539 1739 2592 elemento
1793 2541 2044 2594 virtutem

460 2605 678 2660 luminis
708 2615 762 2660 et
795 2607 1007 2675 vaporis
1034 2609 1304 2676 accipere.
1341 2607 1495 2664 Unde
1538 2607 1849 2675 frequenter
1873 2610 2042 2663 solem

457 2677 700 2748 videmus
745 2678 979 2732 validum
1015 2694 1169 2748 aqua:
1201 2689 1515 2744 rorantem;
1563 2678 1612 2731 in
1645 2695 1754 2748 quo
1817 2679 2042 2735 evidens

457 2747 616 2819 datur
642 2748 895 2819 indicium
925 2749 1068 2815 quod
1098 2750 1423 2819 elementum
1453 2747 1713 2818 aquarum
1738 2749 1799 2801 ad
1833 2758 2044 2819 tempe-

457 2818 592 2887 riem
644 2818 725 2872 sui
765 2819 1074 2886 sumpserit.
1109 2817 1188 2871 Ex
1239 2821 1356 2887 ipso
1393 2829 1519 2874 sunt
1555 2819 1698 2871 enirn
1753 2820 1921 2883 horas,
1949 2817 2043 2875 'ex

459 2886 577 2954 ipso
603 2887 715 2941 dies
759 2905 878 2942 cum
919 2886 1357 2955 ascenderit,“
1399 2891 1516 2957 ipso
1572 2889 1734 2940 etiam
1782 2905 1889 2942 nox
1920 2906 2040 2943 cum

453 2957 740 3023 occiderit,
782 2976 847 3013 ex
906 2959 1022 3025 ipso
1056 2973 1268 3014 menses
1299 2969 1355 3014 et
1395 2959 1520 3012 anni
1573 2967 1943 3024 numerantur,
1977 2976 2042 3014 ex

457 3029 576 3096 ipso
608 3029 1002 3084 vicissitudines
1041 3039 1344 3100 temporum
1397 3031 1635 3100 liu..t,rct
1679 3044 1801 3082 cum
1835 3031 1947 3098 ipse
1977 3032 2046 3083 sit

456 3100 701 3154 mini-.ter
745 3101 920 3156 bonus
957 3099 1250 3168 gratus'ad
1295 3099 1690 3157 vicis~itudines
1743 3108 2041 3169 temporum

456 3171 830 3251 moderandas,
866 3181 1059 3252 tamen
1093 3173 1179 3253 ubi
1224 3171 1522 3253 secundum
1563 3170 1900 3253 voluntatem
1942 3169 2039 3248 Dei
2072 3193 2116 3253 ο

457 3242 623 3293 nostri
645 3244 915 3307 correptio
939 3243 1257 3296 mortalibus
1279 3242 1457 3303 datur,
1493 3240 1822 3295 incandescit
1839 3245 2037 3305 acrius,

457 3318 510 3379 et
543 3311 645 3362 urit
668 3313 922 3366 mundum
948 3313 1446 3367 vehementioribus
1472 3310 1722 3373 ﬂammis,
1754 3319 1810 3364 et
1836 3321 2044 3379 pertur-

456 3378 616 3452 batur
665 3396 780 3446 acr,
821 3392 872 3435 et
932 3383 1086 3452 plaga
1136 3384 1414 3436 hominum
1470 3391 1526 3435 et
1562 3378 1849 3450 corruptio
1888 3383 2044 3437 terris

461 3448 736 3517 indicitur,
773 3461 828 3504 et
859 3448 973 3504 lues
1013 3448 1378 3507 animantibus
1426 3461 1482 3505 et
1513 3448 1768 3520 pestilens
1797 3467 1894 3520 per
1920 3467 2039 3505 0m-

457 3521 542 3571 nia
587 3523 901 3576 mortalibus
949 3537 1122 3576 annus
1165 3521 1442 3575 indicitur.
1503 3524 1624 3575 llaec
1662 3532 1921 3588 quantum
1972 3524 2040 3576 ad

454 3599 704 3661 naturam
737 3592 853 3661 ejus
906 3594 1158 3661 pertinet.
1214 3592 1281 3644 At
1337 3606 1468 3644 vero
1512 3592 1664 3656 juxta
1707 3592 2040 3661 spiritualem

453 3658 1000 3727 iiiteliigeiitiain,'sol
1027 3663 1278 3717 Christus
1306 3671 1408 3723 est,
1442 3661 1582 3714 sicut
1609 3668 1663 3712 et
1693 3661 1744 3712 in
1777 3658 2039 3714 Malachia

457 3731 746 3783 scrihizur:
785 3732 944 3784 Vobis
974 3742 1155 3786 autem
1193 3731 1284 3800 qui
1317 3731 1556 3789 creditis,
1591 3731 1799 3783 orietur
1826 3730 1917 3783 Sol
1947 3731 2037 3797 ju-

455 3801 636 3863 stitim,
663 3810 714 3854 et
744 3803 946 3854 sanitas
973 3802 1024 3854 in
1063 3803 1254 3870 pennis
1289 3800 1424 3866 ejus.
1457 3800 1646 3854 Merito
1676 3808 1856 3852 autem
1885 3802 2038 3854 Chri-

455 3879 571 3925 stus
601 3874 680 3923 sol
704 3872 1020 3940 intelligitur
1043 3873 1241 3935 dictus,
1261 3872 1386 3940 quia
1420 3880 1570 3924 ortus
1617 3871 1815 3924 occidit
1844 3885 2038 3923 secun-

454 3940 580 3993 dum
611 3957 853 4008 carnem,
894 3952 948 3996 et
981 3941 1274 3997 secundum
1318 3942 1566 4011 spiritum
1598 3940 1665 3995 de
1696 3956 1889 3995 occasu
1920 3957 2039 3994 rur-

455 4025 545 4061 sus
577 4021 798 4064 exortus
850 4024 949 4066 est.
1003 4017 1131 4066 Item
1171 4013 1253 4066 sol
1310 4012 1579 4066 illuminat
1637 4022 1691 4064 et
1741 4013 1939 4075 exurit,
1983 4023 2038 4065 ct

457 4093 633 4144 tipitio
686 4088 930 4144 tempore
979 4082 1234 4135 confovet
1262 4094 1451 4143 sanos,
1490 4081 1861 4134 febricitantes
1907 4097 2035 4136 vero

457 4142 737 4211 ﬂagrantia
771 4142 1025 4210 μὲιιιίηθι]
1058 4153 1255 4204 caloris
1295 4142 1554 4217 incendit,
1600 4150 1671 4200 ita
1705 4158 1761 4200 et
1789 4149 2036 4205 Christus

456 4218 737 4269 credentes
771 4218 873 4271 lide
900 4220 1090 4286 spiritu
1123 4228 1410 4286 vegetante
1437 4218 1720 4280 illuminat,
1751 4227 1804 4270 et
1835 4234 2036 4285 negan-

457 4299 536 4339 tes
562 4305 618 4339 se
666 4291 853 4343 :clerni
899 4291 1035 4356 ignis
1091 4290 1284 4343 ardore
1353 4288 1596 4342 torrebit.
1655 4287 1873 4341 Ilaimo:
1919 4289 2032 4343 Non

454 4358 594 4429 enim
620 4359 734 4412 sine
765 4376 925 4414 causa
938 4360 1183 4415 Christus
1200 4360 1300 4415 soli
1323 4368 1689 4429 comparatur.
1723 4360 1812 4412 Sol
1836 4361 2035 4429 quippe

456 4427 619 4480 habet
650 4439 825 4482 ortum
850 4430 1366 4494 etoccasum;unde
1395 4428 1682 4483 Salomon:
1717 4433 1899 4483 t'rilnr
1927 4427 2028 4496 sui,

455 4503 511 4548 et
541 4499 754 4562 occilit,
789 4508 842 4553 et
864 4501 928 4554 ad
953 4501 1127 4554 locum
1158 4516 1313 4555 suum
1340 4502 1645 4560 revertitur,
1675 4500 1852 4567 ibique
1875 4518 2032 4554 nna-

455 4579 613 4636 scens
640 4579 794 4635 gyrat
820 4584 913 4636 per
943 4570 1240 4632 meridiani,
1266 4585 1314 4625 et
1339 4569 1573 4622 ﬂectitur
1591 4569 1661 4621 ad
1684 4571 2028 4635 Aquilonem.

456 4635 547 4708 Sol
568 4640 710 4690 enim
744 4635 894 4692 ortus
924 4647 1026 4704 Bal,
1056 4641 1273 4708 quando
1295 4639 1541 4692 Christus
1572 4647 1728 4690 natus
1756 4636 2033 4708 est.Venit

453 4706 520 4759 ad
546 4721 822 4774 occasum,
851 4706 1084 4778 quando
1109 4727 1204 4776 pro
1237 4709 1390 4763 nobis
1419 4715 1664 4760 mortuus
1702 4715 1802 4761 est.
1837 4707 2034 4776 Sicque

455 4779 616 4831 rediit
654 4781 719 4832 ad
771 4790 970 4847 ortmn,
1003 4782 1126 4850 quia
1171 4781 1289 4848 ejus
1339 4781 1643 4850 humanitas
1685 4795 1751 4832 ex
1783 4779 2034 4846 passione

455 4850 666 4913 mortis,
694 4849 756 4903 ad
788 4848 1034 4918 gloriatur
1063 4850 1473 4906 resurrectionis
1503 4848 1726 4903 rediisse
1749 4851 2028 4918 probatur.

455 4918 642 4987 Ibique
694 4937 984 4976 renascens
1041 4934 1195 4994 gyrat
1228 4939 1324 4994 per
1366 4921 1667 4994 meridiem,
1700 4921 1833 4994 quia
1856 4936 2034 4994 resur-

454 5001 586 5060 gens
617 5005 645 5042 a
679 4995 925 5054 mortuis.
959 4990 1138 5047 calore
1170 4990 1291 5046 Iidci
1320 5001 1376 5046 et
1405 4990 1636 5060 Spiritus
1665 4993 1836 5045 sancti
1869 4992 2032 5045 corda

455 5057 840 5126 discipulorum
900 5064 1206 5115 illustravit.
1267 5061 1394 5115 Jurc
1447 5057 1590 5112 enim
1649 5063 1722 5114 illi
1783 5061 2034 5114 meridies

457 5129 804 5198 vocanturiin
836 5132 1031 5198 quibus
1068 5131 1160 5183 Sol
1199 5131 1418 5196 justitia:
1448 5131 1764 5196 ampliorem
1803 5130 2034 5193 Spiritus

455 5197 692 5252 calorem
719 5194 870 5253 fudit.
893 5200 995 5255 Per
1016 5194 1294 5255 meridiem
1315 5194 1552 5267 quoque;
1575 5213 1770 5267 gyrans
1789 5198 1853 5250 ad
1866 5199 2031 5264 Aqui-

455 5268 636 5324 lenem
680 5270 937 5338 llectitur,
994 5271 1119 5339 quia
1170 5271 1236 5324 ad
1271 5269 1632 5336 colligendam
1674 5268 2030 5339 gentilitatem

455 5342 824 5412 aposmlorum
862 5343 1245 5412 prmdicatione
1292 5339 1641 5410 perducitur;
1677 5342 1858 5412 inqua
1881 5338 2031 5412 frigi-

453 5410 552 5464 dus
580 5411 667 5466 ille
697 5410 886 5468 ventus
914 5414 1315 5474 dominabatur,
1337 5412 1426 5480 qui
1459 5411 1512 5466 in
1532 5411 1835 5480 superbiam
1861 5411 2034 5480 elatus

453 5481 602 5549 prius
645 5483 843 5543 dixisse
875 5486 1229 5548 perhibetur:
1280 5479 1484 5536 Ponam
1536 5479 1719 5537 sedem
1764 5496 1936 5534 meam
1965 5479 2031 5532 ad

452 5551 796 5618 Aquilonem.
839 5554 1103 5620 Quodque
1145 5555 1430 5608 subditur:
1469 5552 1727 5606 Lustrans
1781 5553 2031 5620 universa

453 5622 625 5694 ρθτείι
668 5620 919 5694 Spiritus.
951 5619 1150 5678 adhuc
1186 5625 1440 5694 pertinet,
1482 5624 1775 5694 qtiia_to_tus
1806 5619 2034 5694 mundus

454 5693 848 5770 [medicatione
869 5693 1060 5766 plenus
1089 5688 1209 5770 esse
1231 5688 1554 5749 ostenditur.
1587 5690 1738 5770 Unde
1769 5698 1886 5741 est:
1917 5688 2031 5742 Vox

454 5763 676 5814 tonitrui
709 5765 786 5816 tui
839 5763 889 5817 in
934 5773 1073 5828 rota,
1101 5766 1392 5818 illuxerunt
1441 5763 1847 5817 coruscationes
1904 5770 2029 5825 tuaz,

456 5838 557 5880 ctc.
593 5829 659 5884 Et
689 5834 752 5885 ad
780 5833 1010 5887 circulus
1039 5851 1166 5888 suos
1196 5837 1504 5894 revertitur,
1543 5833 1673 5897 quia
1700 5839 1820 5899 post
1844 5844 2028 5897 aggre-

453 5900 725 5965 gatioucm
781 5905 1022 5973 genLium
1084 5904 1471 5959 illuminabitur
1517 5902 1677 5957 etiam
1744 5903 2028 5956 multitudo

2167 933 2510 1010 .Iudmorum;
2546 944 2621 1010 _et
2676 949 2796 1010 cum
2824 936 3098 1010 plenitudo
3153 942 3394 1010 gentium
3446 944 3721 1002 intraverit.

2169 1014 2294 1058 tunc
2325 1007 2502 1059 omnis
2546 1006 2703 1060 Israel
2732 1015 2909 1061 salvus
2939 1007 3048 1062 tiet.

2236 1075 2416 1128 Solem
2467 1076 2656 1148 dicunt
2706 1077 2975 1146 sapientes
3050 1080 3211 1134 altius
3263 1098 3504 1148 currere,
3564 1083 3723 1140 lunam

2165 1153 2344 1219 autem
2373 1146 2671 1219 proximam
2702 1161 2821 1219 esse
2848 1157 3022 1201 terrm.
3047 1148 3170 1204 llrec
3197 1166 3327 1219 ergo
3344 1153 3466 1206 dum
3492 1146 3723 1210 deorsqu

2164 1216 2230 1292 ad
2266 1214 2405 1292 idern
2431 1217 2640 1292 signum
2665 1217 2752 1292 vel
2783 1217 2997 1292 lineam,
3030 1235 3134 1288 qua
3157 1222 3237 1272 sol
3261 1214 3452 1283 utitur,
3479 1240 3722 1292 pervene-

2165 1283 2251 1347 rit,
2283 1283 2472 1352 objicit
2499 1300 2559 1340 se
2600 1285 2722 1348 soli,
2769 1297 2826 1340 et
2855 1283 3103 1342 tenebras
3153 1291 3320 1345 totius
3361 1283 3506 1348 orbis
3554 1293 3722 1350 efficit.

2159 1353 2305 1425 quod
2325 1364 2518 1425 tamen
2554 1357 2605 1408 in
2639 1367 2914 1411 menstruo
2944 1360 3227 1425 contingit.
3267 1360 3398 1414 Nam
3438 1371 3563 1417 tunc
3601 1363 3721 1416 linea

2161 1423 2429 1508 incadem
2482 1436 2633 1508 parte
2673 1426 2940 1508 signiest,
2971 1445 3074 1498 qua
3090 1423 3194 1508 _sol_
3214 1433 3655 1508 utitur,_i.le_oqne
3672 1435 3723 1508 lit

2159 1494 2234 1547 illi
2269 1494 2534 1560 proxima,
2558 1506 2613 1550 et
2649 1494 3101 1565 op'positione'sui
3145 1500 3424 1554 obscurari
3474 1501 3544 1555 ab
3573 1494 3722 1556 oculis

2159 1566 2357 1618 nostris
2390 1565 2568 1619 lumen
2600 1566 2717 1631 ejus
2746 1566 2994 1622 videtur:
3037 1569 3198 1622 veluti
3248 1572 3293 1625 si
3336 1572 3533 1640 aliquis
3571 1573 3722 1626 oculis

2156 1649 2374 1714 manum
2403 1650 2694 1714 expansam
2719 1647 2990 1714 opponat,
3019 1648 3221 1706 quanto
3253 1643 3424 1709 magis
3454 1642 3502 1694 id
3528 1640 3720 1704 fecerit,

2156 1719 2222 1779 eo
2257 1706 2434 1779 minus
2475 1705 2566 1760 ille
2589 1707 2771 1779 videre
2798 1705 3019 1779 poterit
3042 1705 3059 1773 ⁷;
3087 1719 3292 1777 quanto
3337 1705 3516 1765 autem
3550 1715 3719 1779 procul

2155 1774 2484 1849 discesserit,
2517 1792 2584 1830 eo
2613 1776 2784 1849 magis
2814 1777 2886 1831 illi
2915 1774 3118 1849 omnia
3141 1782 3422 1846 potuerint
3447 1774 3716 1849 apparere.

2155 1844 2328 1913 Simili
2359 1846 2542 1913 itaque
2570 1844 2780 1901 ratione
2809 1863 2928 1901 cum
2959 1848 3025 1902 ad
3055 1844 3186 1903 solis
3208 1849 3387 1904 locum
3427 1844 3718 1903 vel'lineam

2155 1912 2281 1986 luna
2315 1912 2643 1986 pervenerit,
2675 1925 2803 1971 tunc
2848 1919 3091 1986 proxima
3131 1919 3250 1986 ejus
3278 1919 3490 1974 videtur
3515 1935 3647 1982 esse,
3675 1931 3720 1971 et

2153 1985 2336 2054 radius
2378 1985 2494 2051 ejus
2553 1986 2624 2038 ita
2657 1985 2857 2039 coram
2894 1989 3064 2040 oculis
3105 1985 3305 2043 noStris
3351 1991 3636 2054 obdurare,
3674 2003 3716 2041 Ill

2153 2052 2331 2124 lumen
2363 2071 2469 2109 non
2500 2056 2668 2124 possit
2719 2056 2932 2123 ejicere.
2983 2059 3114 2110 Cum
3167 2069 3349 2112 autem
3403 2061 3525 2112 luna
3574 2052 3717 2112 abeo

2155 2122 2276 2176 loco
2317 2122 2585 2179 discessu:
2610 2134 2648 2183 t.
2682 2122 2810 2178 tunc
2839 2127 2918 2180 sol
2965 2127 3142 2180 lumen
3170 2128 3323 2193 jacit,
3358 2138 3413 2182 et
3438 2130 3506 2180 ad
3553 2129 3716 2182 oculos

2152 2202 2367 2266 nostros
2389 2196 2718 2248 tranmiillit.
2741 2195 3084 2265 QuaprOpter
3106 2199 3174 2250 ita
3199 2198 3298 2251 soli
3323 2199 3714 2266 objicifurluna,

2150 2263 2290 2316 sicut
2341 2264 2480 2337 luna:
2536 2266 2830 2333 opponitur
2863 2263 3199 2337 terra,qn:e
3250 2263 3479 2337 utraque
3535 2267 3715 2321 lumina

2150 2347 2270 2385 cum
2319 2333 2386 2385 ad
2444 2342 2618 2388 terras
2676 2349 2781 2389 non
2838 2333 3197 2403 perveniunt,
3243 2333 3506 2392 defecisse
3551 2338 3718 2392 dicun-

2152 2411 2269 2477 tur:
2311 2412 2566 2477 cmterum
2613 2403 2867 2477 doctores
2899 2407 3088 2477 nostri.
3122 2408 3346 2477 mystice
3397 2407 3556 2476 hujus
3601 2407 3714 2462 ecli-

2151 2473 2260 2593 psis
2289 2474 2604 2543 mysterium
2631 2473 2681 2527 in
2709 2474 2924 2528 Christo
2953 2473 3204 2530 dixerunt
3231 2492 3354 2531 esse
3376 2473 3713 2546 completum.

2200 2558 2301 2593 unc
2332 2543 2472 2593 enim
2508 2545 2807 2593 interrupto
2836 2547 3022 2593 interni
3055 2545 3269 2593 fmderic
3301 2563 3480 2593 mir-sn-
3518 2546 3713 2593 insolito

2200 2558 2301 2597 unc
2332 2543 2472 2597 enim
2508 2545 2807 2613 interrupto
2836 2547 3022 2600 :clerni
3055 2545 3269 2603 fmderis
3301 2563 3481 2609 cursu.
3504 2543 3716 2600 insolito

2152 2614 2370 2683 turbata
2392 2614 2581 2668 ordine
2608 2630 2705 2669 suo
2737 2615 3003 2670 elementa
3028 2616 3396 2683 perdiderunt,
3429 2632 3550 2670 cum
3573 2618 3717 2669 sacri.

2153 2679 2332 2749 legum
2356 2682 2557 2738 factum
2579 2685 2962 2748 coniurationis
2991 2679 3071 2738 sol
3103 2684 3192 2738 ille
3216 2701 3374 2739 verus
3392 2688 3711 2747 horrescens,

2150 2750 2366 2824 insertis
2395 2753 2447 2806 in
2498 2755 2695 2822 popqu
2743 2751 2967 2808 Judaico
3016 2768 3202 2809 eorum
3235 2757 3492 2821 tenebris,
3543 2756 3712 2824 paulu-

2151 2821 2260 2875 lum
2291 2821 2636 2892 semetipsmn
2665 2839 2761 2894 per
2801 2833 3026 2878 mortem
3059 2825 3359 2883 abscondit.
3392 2842 3456 2881 ac
3477 2821 3714 2879 ile—cruce

2150 2894 2376 2960 positus.
2410 2909 2530 2948 sese
2572 2895 2624 2947 in
2651 2895 2898 2962 sepulcro
2939 2894 3149 2949 abditus
3196 2896 3312 2948 obs.
3331 2898 3528 2956 nravit,
3559 2895 3712 2946 donec

2153 2963 2310 3016 tertio
2340 2963 2428 3017 die
2455 2966 2822 3030 augustiorem
2851 2964 3012 3018 solito
3042 2966 3165 3018 huic
3196 2967 3399 3019 mundo
3429 2965 3566 3018 idem
3593 2978 3709 3030 gen-

2150 3031 2294 3109 tibus
2319 3031 2580 3109 claritatis
2607 3048 2716 3087 sua:
2763 3033 3058 3109 potentiam
3092 3042 3468 3109 prinsentaret,
3500 3049 3564 3109 ac
3591 3035 3711 3109 sicut

2152 3101 2234 3172 sol
2259 3102 2310 3154 in
2339 3103 2564 3172 virtute,
2582 3118 2678 3172 sua
2707 3103 2998 3170 refulgens,
3022 3101 3276 3157 tenebras
3321 3103 3513 3172 perditi
3545 3101 3708 3158 sreculi

2151 3169 2497 3242 illuminaret.
2549 3171 2720 3242 Hujus
2756 3172 2970 3242 eclipsis
3013 3174 3152 3226 ratio
3205 3175 3294 3227 diu
3323 3169 3562 3230 Vobscura
3605 3172 3705 3234 fuit,

2149 3241 2242 3295 sed
2273 3256 2301 3294 a
2328 3241 2535 3298 Milesio
2561 3243 2793 3312 quodam
2825 3241 3143 3312 philosopho
3165 3245 3413 3312 exposita
3442 3254 3544 3299 est.
3578 3245 3708 3296 Mile-

2149 3320 2252 3372 tos.
2285 3313 2476 3366 civitas
2501 3321 2584 3367 est
2612 3314 2696 3368 vel
2723 3313 2912 3377 insula,
2945 3314 3012 3368 de
3039 3328 3142 3380 qua
3174 3313 3271 3368 fuit
3300 3313 3560 3368 Milesius.

2216 3381 2335 3437 Non
2365 3382 2548 3439 delicit
2577 3385 2720 3446 luna,
2753 3385 2845 3439 sed
2877 3385 3260 3447 obumbratur;
3297 3398 3398 3438 nec
3419 3382 3713 3436 diminutio—

2147 3467 2268 3506 nem
2291 3455 2456 3508 sentit
2486 3455 2751 3521 corporis,
2783 3454 2874 3508 sed
2904 3454 3118 3520 objectu
3144 3453 3521 3506 obumbrantis
3551 3460 3708 3513 terr-.8,

2147 3536 2329 3576 casum
2363 3524 2563 3593 patitur
2592 3523 2822 3578 lumini-1.
2859 3522 3064 3593 lfatitur
3095 3530 3273 3575 autem
3303 3522 3409 3574 hoc
3437 3523 3580 3593 circa
3611 3522 3708 3590 ple-

2146 3591 2431 3656 nilunium,
2465 3594 2517 3646 id
2561 3602 2664 3656 est,
2721 3593 2806 3646 vel
2860 3591 3069 3645 decima
3119 3599 3331 3658 quarta,
3383 3591 3468 3645 vel
3523 3593 3708 3647 decima

2145 3661 2356 3727 quinta,
2382 3662 2466 3714 vel
2491 3661 2699 3714 decima
2727 3671 2877 3715 sexta
2929 3661 3072 3714 luna.
3103 3659 3330 3714 Constat
3357 3675 3491 3730 ergo
3546 3662 3706 3714 lunam

2145 3746 2213 3782 ex
2246 3731 2375 3784 solis
2407 3731 2572 3785 radiis
2616 3731 2796 3786 lumen
2825 3732 3091 3800 accipere,
3118 3738 3173 3784 et
3218 3732 3346 3784 dum
3375 3731 3590 3800 objectu
3615 3742 3705 3784 ter-

2144 3813 2217 3870 ra:
2237 3801 2407 3855 solem
2425 3817 2530 3855 non
2545 3802 2834 3870 aspexerit,
2852 3809 2978 3870 tunc
3003 3801 3180 3854 lumen
3210 3801 3484 3855 amittere.
3506 3801 3703 3866 Figura-

2144 3869 2287 3942 liter
2304 3880 2482 3927 autem
2526 3869 2619 3942 per
2640 3873 2776 3926 lunre
2796 3869 3060 3926 defectum
3081 3870 3332 3942 Ecclesiae
3353 3871 3705 3942 percussione:

2141 3939 2540 4016 intelligunturj
2563 3943 3097 4016 quandomartyrum
3128 3939 3362 4016 caedibus
3387 3947 3447 4016 et
3466 3939 3706 4016 cIl'usioise

2139 4009 2431 4078 sanguinis,
2467 4009 2718 4079 tanquam
2750 4012 2840 4064 illo
2871 4009 3080 4063 defectu
3111 4018 3164 4061 et
3192 4009 3529 4062 obscuritate
3565 4009 3702 4077 quasi

2141 4090 2418 4133 cruentam
2439 4080 2630 4134 faciem
2663 4080 2788 4133 luna
2824 4080 3070 4132 videatur
3113 4079 3428 4140 ostendere,
3479 4089 3538 4133 ut
3567 4097 3593 4131 a
3623 4094 3705 4132 no-

2143 4149 2290 4202 mine
2327 4148 2637 4203 Christiano
2681 4163 2788 4202 non
2839 4158 3137 4203 terreamur
3178 4147 3394 4201 inlirmi.
3431 4149 3538 4203 Sed
3584 4149 3704 4204 sicut

2139 4219 2241 4271 ista
2270 4227 2393 4287 post
2439 4218 2707 4274 delectum
2747 4221 3025 4288 perspicua
3059 4219 3423 4273 “lustratione
3451 4219 3700 4280 clarescit,

2140 4289 2277 4344 adeo
2301 4299 2360 4343 ut
2389 4290 2840 4344 nihildetrimenti
2864 4289 3097 4344 sensisse
3129 4289 3506 4354 videatur,-ita
3536 4288 3702 4344 Ecclev
3752 4327 3764 4345 .

2137 4359 2216 4414 sia
2279 4370 2562 4431 postquam
2624 4376 2719 4431 per
2771 4369 3063 4431 martyrum
3113 4361 3520 4431 confessionem
3567 4372 3700 4431 suum

2140 4444 2238 4498 pro
2266 4427 2810 4500 Chris'tosang'uinem
2836 4427 3054 4495 fuderit,
3086 4429 3292 4500 majore
3325 4430 3450 4484 lidei
3474 4427 3700 4486 claritate

2139 4500 2388 4579 refulget,
2415 4499 2615 4579 'atque’
2638 4499 3176 4579 insigniorelumine
3225 4499 3488 4554 decorata
3525 4505 3697 4555 seniu-

2142 4569 2310 4636 ipsam
2336 4570 2494 4621 latius
2515 4568 2567 4621 in
2601 4577 2716 4622 toto
2737 4570 2868 4622 orbe
2896 4568 3162 4622 diffundit.
3527 4635 3540 4636 γ
3640 4579 3651 4589 ·

2064 4619 2110 4676 D
2142 4619 2175 4636 ’⁸
2199 4619 2289 4690 ’ὑὲ
2311 4619 2676 4703 manus;
2691 4619 3057 4704 iiIi—tenent”
3075 4619 3210 4690 seu.
3235 4646 3282 4690 et
3324 4638 3468 4690 ιιηιω
3519 4635 3697 4689 Plinii:

2140 4705 2405 4763 Secundus
2431 4706 2484 4759 in
2503 4723 2666 4777 apere
2692 4707 3033 4776 pulcherrimo
3062 4707 3320 4777 naturalis
3367 4706 3695 4768 Hiatoriwjta

2139 4778 2441 4846 descripsit:
2460 4776 2798 4847 Manifestum
2819 4785 2894 4831 est
2907 4779 3063 4832 solem
3080 4776 3364 4830 interventu
3381 4777 3523 4832 luna:
3549 4793 3650 4830 om
3661 4779 3695 4826 l-

2137 4851 2239 4901 tari
2288 4849 2562 4920 imamque
2605 4859 2757 4903 terra:
2791 4847 3013 4920 objecta,
3051 4862 3112 4900 ac
3143 4847 3274 4902 vires
3320 4849 3492 4913 reddi,
3517 4849 3693 4902 eosdcnl

2136 4920 2261 4973 solis
2292 4919 2485 4975 radios
2515 4937 2620 4973 una
2666 4919 2968 4984 interpositu
3008 4933 3107 4988 suo
3137 4920 3431 4988 auferente,
3485 4931 3695 4986 terraque

2135 4993 2301 5052 luna);
2322 4993 2418 5044 hac
2438 4991 2682 5043 subeunte
2697 4989 2990 5058 repentinas
3011 4986 3193 5058 obduci
3210 4986 3242 5040 li
3260 4990 3473 5048 nebras.
3489 5005 3694 5042 rimari-

2134 5076 2231 5127 que
2261 5062 2398 5113 illius
2419 5064 2598 5112 umfrra
2629 5056 2774 5112 sidus
2800 5057 2908 5130 μεθ
2930 5059 3061 5130 ιιιηήξ.
3098 5056 3280 5130 Neque
3301 5060 3452 5112 aliud
3486 5074 3593 5110 esse
3616 5073 3692 5107 ns-

2138 5126 2286 5185 ciem,
2336 5145 2488 5196 quam
2519 5138 2672 5181 terra:
2703 5126 2957 5180 umbram.
3007 5127 3144 5182 Stati
3195 5126 3367 5180 autem
3418 5137 3569 5196 atque
3609 5143 3691 5176 nor.

2137 5200 2382 5250 menstrui
2426 5207 2546 5250 sunt
2585 5200 2783 5267 utrique
2831 5199 3078 5267 defectus,
3122 5216 3155 5266 p
3187 5208 3334 5263 apter
3363 5197 3690 5267 otliquitatcin

2135 5268 2392 5335 signiferi,
2417 5267 2650 5344 (tulitque
2681 5266 3004 5344 multivagas,
3043 5279 3098 5320 ut
3135 5267 3327 5318 dictum
3377 5276 3479 5329 est,
3524 5266 3688 5344 ﬂent.

2137 5356 2238 5391 non
2267 5354 2464 5405 semper
2481 5339 2538 5409 in
2574 5339 2827 5409 scrupulis
2856 5341 3082 5409 partium
3110 5345 3429 5409 congruente
3455 5345 3620 5409 mota.
3638 5339 3690 5390 in

2135 5409 2410 5484 scrupulis,
2441 5408 2492 5463 id
2531 5405 3029 5484 est_,_in_niomen_tis
3052 5405 3460 5484 partium,_lioc_
3487 5419 3569 5484 est
3593 5407 3688 5484 due:

2138 5473 2273 5549 rum.
2306 5477 2361 5533 In
2403 5481 2688 5549 scrupulis,
2719 5481 2821 5533 hoc
2847 5485 2930 5531 est
2957 5478 3009 5549 in
3052 5473 3422 5542 positionibus
3450 5477 3594 5549 ipsis,
3620 5473 3691 5529 vel

2136 5548 2309 5604 lineis.
2371 5544 2624 5612 Partium.
2656 5544 2914 5602 locorum.
2963 5544 3080 5599 Non
3110 5555 3449 5613 congruente
3468 5544 3689 5603 siderum

2137 5630 2302 5685 motu,
2337 5637 2432 5690 per
2463 5623 2606 5690 ipsas
2649 5619 2836 5690 lineas,
2865 5629 2964 5684 per
2991 5615 3206 5690 easdem
3244 5615 3433 5685 horas,
3469 5633 3687 5688 perem-

2133 5692 2256 5745 dem
2311 5685 2446 5753 dies,
2479 5685 2572 5758 per
2593 5686 2834 5758 eamdem
2865 5685 3282 5758 appellationem
3319 5685 3688 5758 anni.'ettneu-

2131 5763 2204 5816 sis
2231 5771 2284 5814 et
2306 5753 2671 5816 hebdomadam
2702 5753 2766 5808 In
2782 5755 3020 5825 quotlibet
3041 5758 3289 5820 passuum
3321 5760 3489 5810 millia
3504 5757 3688 5810 nntbnn

2131 5832 2343 5897 paribus
2361 5830 2530 5901 jacio!
2559 5826 2840 5901 intervallis
2873 5835 3254 5901 tanquamtoto
3287 5845 3312 5878 ir
3351 5829 3461 5901 alio
3492 5827 3686 5898 meditti.

2135 5897 2452 5962 Intervallis,
2487 5897 2589 5952 hoc
2618 5907 2718 5964 est,
2754 5898 2878 5968 quia
2909 5913 3033 5956 cum
3062 5898 3286 5953 arbores
3319 5899 3478 5952 unius
3505 5908 3685 5963 magm-

3785 5947 3828 6242 l
