3842 6242
110 300 193 354 «ﬁt
1294 292 1381 346 DE
1420 292 1680 347 TEMPUF

1795 293 1800 345 l
1846 290 2179 346 ΙΙᾹΤΙΟΝΕ.

3226 267 3237 277 ’
3265 296 3365 350 res

106 429 205 466 rem
231 418 380 463 terra:
405 406 710 471 siccaverit,
732 403 976 460 eumdem
999 399 1208 469 ciiguze
1224 402 1396 456 noctis
1425 410 1667 471 tempore
1697 406 1742 464 Α
1772 400 1994 469 singulis
2031 400 2362 469 perhibetur,
2395 399 2477 455 vel
2520 402 2705 457 minui.
2739 402 2833 461 liis
2867 416 3229 465 consentmea
3260 412 3359 466 Ba-

109 520 189 558 ros
208 509 441 571 reponat.
473 498 606 553 Nam
635 505 691 552 et
732 498 843 566 ipsa
874 495 995 548 luna
1045 494 1191 562 larga
1222 510 1359 548 roris
1386 495 1669 548 asseritur.

110 595 324 661 Denique
350 606 469 646 cum
497 590 745 645 serenior
773 602 877 640 nox
910 596 1011 649 est,
1044 593 1101 638 et
1129 584 1251 639 luna
1284 599 1485 653 pernox
1504 623 1519 647 ,
1546 593 1673 638 tunc

109 684 291 752 largior
328 696 417 735 ros
460 680 630 733 fertur
656 694 785 731 arva
816 674 1168 745 perfundere,
1202 683 1256 728 et
1304 675 1546 745 plerique
1574 677 1674 730 sub

108 789 220 828 acre
260 773 620 840 quiescentes,
674 783 782 837 quo
828 766 998 834 magis
1054 766 1155 819 sub
1195 766 1395 819 lumine
1449 767 1675 820 fuissent

110 868 252 925 bime,
272 879 332 917 eo
360 862 473 930 plus
500 860 743 913 humoris
773 874 831 913 se
859 858 1035 927 capite
1060 856 1341 925 collegisse
1368 866 1670 910 senserunt.

112 956 250 1011 Unde
294 964 344 1008 et
393 955 442 1007 in
472 952 709 1007 Canticis
760 951 889 1005 dicit
935 949 1183 1003 Chrisms
1229 948 1294 1002 ad
1343 947 1672 1004 Ecclesiam:

111 1047 347 1111 Quoniam
382 1055 533 1115 caput
559 1061 727 1098 meum
752 1042 1002 1111 repletum
1030 1052 1104 1094 est
1134 1057 1271 1103 rore,
1303 1050 1351 1093 et
1379 1042 1545 1093 crines
1573 1042 1673 1093 mei

110 1138 253 1205 guttis
280 1138 453 1190 noctis.
508 1134 643 1187 Tum
689 1133 887 1186 deinde
919 1132 1175 1186 minuitur
1221 1140 1275 1185 et
1320 1140 1565 1198 augetur,
1619 1140 1677 1185 ut

110 1228 363 1291 minorrsit
388 1242 504 1279 cum
550 1225 783 1290 resurgit
814 1239 988 1289 nova,
1040 1233 1243 1277 etcum
1286 1224 1355 1276 sit
1395 1224 1675 1277 imminuta

54 1372 55 1375 η
109 1317 408 1380 cumnletur,
438 1316 490 1368 in
532 1330 641 1384 quo
671 1313 877 1381 grande
925 1314 1240 1383 mysterium
1286 1323 1389 1368 est.
1438 1314 1570 1367 Nam
1622 1323 1677 1368 et

109 1406 323 1461 defectu’i
362 1405 471 1474 ejus
518 1405 922 1474 compatiuntur
969 1405 1269 1469 elementa,
1320 1416 1370 1459 et
1422 1420 1675 1472 processu

110 1500 216 1566 ejus
244 1515 354 1568 qua:
396 1500 596 1554 fuerint
636 1499 914 1553 exinanita
945 1498 1307 1559 cumulantur,
1343 1507 1400 1551 ut
1429 1498 1674 1551 animan-

110 1589 229 1642 tium
258 1592 467 1643 cerebra
517 1590 913 1643 maritimorum
958 1589 1176 1642 humida
1216 1606 1227 1639 :
1261 1588 1525 1655 siquidem
1558 1589 1672 1658 ple-

110 1680 273 1732 niores
298 1689 481 1733 ostreae
524 1677 755 1745 reperiri
788 1681 1041 1731 ferantur
1070 1678 1341 1746 multaque
1372 1678 1506 1742 alia,
1552 1694 1675 1732 cum

1774 495 1925 550 silius
1953 494 2212 548 Cmsareae
2242 492 2597 562 Cappadocia:
2636 496 3112 553 reverendissimus
3141 503 3369 557 antistes

1775 585 1828 639 in
1859 594 2014 638 sexto
2044 582 2386 639 Hexameron
2436 584 2572 639 libro
2604 586 2821 650 scribit,
2852 588 3035 642 dicens
3068 609 3078 642 :
3116 609 3132 641 ι
3166 590 3371 659 Opinor

1775 686 1951 730 autem
2008 675 2155 744 quod
2209 687 2263 730 et
2318 676 2636 732 animalibus
2697 679 2987 746 creandis,
3052 692 3167 735 emt:
3189 684 3371 751 risque

1776 768 2024 822 omnibus
2054 783 2174 835 qua:
2200 778 2341 821 terra
2374 769 2643 836 producit,
2671 786 2774 823 non
2810 786 2973 839 parva
3004 773 3278 827 cnnfertu"
3309 794 3373 831 ex

1777 856 1917 911 luna:
1947 858 2243 909 mutatione
2275 854 2553 922 formatio;
2588 858 2747 911 modo
2772 862 2914 912 enim
2949 861 3152 915 laxiora
3185 878 3369 918 eorum

1776 965 2003 1019 corpora
2033 950 2280 1003 videntur
2311 957 2365 1003 et
2394 966 2586 1015 vacua,
2634 968 2754 1005 cum
2782 956 3055 1021 senescit;
3106 959 3262 1010 modo
3292 959 3373 1012 in-

1780 1051 1924 1109 tegra
1974 1052 2027 1095 et
2071 1044 2309 1111 repleta,
2358 1058 2478 1097 cum
2531 1046 2753 1110 crezcit,
2795 1047 3048 1114 quoniam
3094 1049 3372 1103 humorem

1777 1132 2064 1199 quemdam
2090 1147 2209 1186 cum
2236 1134 2417 1186 calore
2441 1137 2764 1202 permixtum
2799 1137 3021 1191 interius
3040 1139 3121 1191 his
3150 1140 3376 1194 latenter

1779 1224 2026 1278 infundit.
2070 1224 2227 1291 Quod
2270 1226 2339 1279 ita
2370 1242 2489 1280 esse
2519 1227 2889 1282 demons:rant
2925 1229 2976 1282 hi
3021 1231 3110 1297 qui
3158 1231 3255 1283 sub
3290 1231 3377 1285 dia

1777 1317 2107 1372 dormientes
2131 1318 2341 1373 lucente
2368 1320 2513 1384 luna,
2537 1328 2821 1390 postquam
2850 1324 3205 1385 surrexerint,
3230 1324 3377 1376 inte-

1779 1408 1931 1460 ιιίιιοιι
1972 1408 2149 1477 capita
2198 1424 2292 1462 sua
2341 1408 2644 1475 largissimo
2693 1425 2817 1463 rore
2865 1412 3156 1465 madentia.
3187 1410 3293 1464 Sed
3328 1421 3379 1463 rt

1778 1508 2030 1553 recentes
2077 1515 2267 1553 carnes
2311 1502 2354 1554 si
2397 1500 2495 1553 sub
2536 1503 2662 1555 luna
2699 1503 3003 1571 jacuerint,
3052 1501 3211 1556 fluida
3253 1520 3377 1557 mox

1780 1589 2064 1656 putredine
2096 1601 2533 1653 corrumpuntur.
2568 1592 2821 1659 idemque
2851 1592 3121 1660 significat
3165 1596 3376 1663 pecori-

1781 1695 1906 1731 num
1939 1681 2239 1744 cerebrum,
2271 1682 2352 1735 vel
2384 1683 2545 1735 etiam
2578 1684 2783 1739 viscera
2816 1688 3143 1740 marinorum
3174 1688 3377 1742 anima-

107 1768 284 1834 globus
311 1770 503 1824 lunaris
528 1770 811 1823 adolescit.
841 1769 917 1823 De
941 1770 1429 1839 arborumquoque
1452 1771 1676 1825 intentis
1714 1753 1750 1808 Β
1782 1770 1938 1832 lium,
1972 1785 2091 1839 qua:
2137 1781 2260 1825 sunt
2313 1774 2649 1829 ltumcctiora
2671 1814 2687 1839 ,
2740 1791 2947 1830 necnon
2978 1780 3227 1831 arborum
3262 1796 3377 1832 mc.-

107 1859 233 1912 idem
278 1860 499 1927 allegant
545 1861 635 1929 qui
686 1860 787 1913 hoc
821 1876 918 1913 usu
959 1861 1178 1928 proprio
1219 1869 1617 1929 compererunt.
1651 1881 1669 1913 ι

106 1949 223 2005 Haec
247 1952 377 2005 beati
406 1951 674 2005 Ambrosii
703 1952 867 2004 verba
898 1952 1060 2004 etiam
1106 1952 1529 2006 architectorum
1534 1936 1677 2039 /om-

106 2041 241 2094 nium
269 2059 345 2097 ars
370 2052 422 2097 et
448 2042 792 2113 quotidianus
823 2056 948 2096 usus
976 2039 1239 2103 adﬁrmat,
1264 2043 1354 2111 qui
1383 2044 1678 2097 observan-

104 2135 221 2187 dum
250 2138 507 2204 przecipue
532 2137 735 2191 docent
765 2146 821 2191 ut
850 2152 878 2190 a
908 2137 1093 2206 quinta
1119 2136 1326 2191 decima
1358 2138 1481 2190 luna
1514 2152 1681 2205 usque

105 2224 165 2277 ad
192 2225 487 2281 vicesimam
520 2235 577 2280 et
605 2226 902 2281 secundam
932 2227 1157 2281 arbores
1189 2226 1570 2294 praecidantur,
1613 2244 1679 2281 ex

106 2317 283 2383 quibus
304 2318 380 2371 vel
411 2318 632 2371 liburnae
661 2318 926 2383 texendae,
956 2317 1040 2371 vel
1064 2317 1275 2386 publica
1302 2332 1531 2385 quaeque
1557 2326 1683 2371 sunt

106 2420 256 2473 Opera
301 2405 555 2462 facienda.
589 2406 685 2461 llis
730 2406 873 2461 enim
922 2414 1129 2460 tantum
1172 2414 1297 2461 octo
1326 2406 1516 2461 diebus
1546 2424 1681 2462 enisa

107 2500 346 2555 materies
389 2500 641 2554 immunis
672 2508 920 2555 servatur
957 2514 987 2553 a
1033 2500 1209 2565 carie,
1254 2499 1475 2568 reliQnis
1504 2508 1683 2554 auum

104 2588 281 2643 diebus
310 2592 521 2659 prmcisa
560 2593 728 2645 etiam
780 2591 833 2645 in
886 2591 1078 2646 eodem
1122 2605 1285 2653 anno,
1320 2591 1529 2645 interna
1560 2607 1682 2645 ver-

104 2682 257 2735 mium
306 2682 416 2737 labe
467 2698 631 2738 exesa
688 2684 743 2737 in
792 2683 1070 2751 pulverem
1123 2682 1363 2735 vertitur.
1413 2680 1513 2747 Qui
1582 2683 1685 2736 hoc

104 2790 307 2844 quoque
333 2778 636 2842 observant,
662 2786 720 2831 ut
748 2784 870 2847 post
898 2776 1185 2831 solstitium
1209 2774 1473 2839 mstivum,
1501 2774 1553 2828 id
1581 2784 1691 2857 est,

106 2875 218 2932 post
248 2883 474 2923 mensem
503 2866 727 2935 Iulium,
761 2876 819 2922 et
848 2868 1167 2935 Augustum,
1196 2881 1366 2935 usque
1395 2866 1460 2920 ad
1491 2864 1689 2921 Calen-

106 2952 193 3007 das
218 2954 487 3014 Januarias
509 2961 764 3013 materias
786 2959 1015 3013 credant.
1045 2956 1136 3011 His
1161 2972 1394 3026 namque
1415 2959 1690 3016 mensibus

105 3056 371 3102 arescente
398 3050 651 3113 humore,
682 3051 911 3105 sicciora
932 3093 949 3116 ,
999 3059 1055 3105 et
1102 3050 1223 3105 ideo
1254 3048 1510 3116 fortiora,
1560 3063 1687 3106 sunt
1712 3111 1754 3127 Π

106 3140 256 3207 ligna.
287 3140 388 3195 Sed
417 3149 470 3197 et
500 3143 636 3213 lapis
665 3144 923 3199 selenites
953 3145 1004 3198 in
1038 3143 1257 3199 Perside
1302 3145 1555 3212 potentia:
1596 3145 1675 3199 lu-

106 3238 238 3292 naris
274 3238 517 3294 effectum
559 3240 785 3295 miriﬁce
815 3239 1176 3304 demonstrat,
1206 3241 1297 3308 qui
1329 3240 1470 3294 luna:
1499 3241 1678 3296 conti-

106 3342 228 3383 nens
250 3329 547 3397 imaginem,
582 3328 790 3398 fulgore
818 3329 1046 3383 candido
1070 3329 1337 3398 niveoque
1364 3331 1678 3397 translucet,

106 3426 255 3488 atque
291 3420 439 3491 juxta
487 3437 705 3478 cursum
754 3421 885 3476 astri
934 3421 1099 3491 ipsius
1146 3420 1230 3474 vel
1277 3420 1458 3489 augeri
1488 3421 1679 3476 diebus

1780 1860 1953 1912 dulice.
1992 1879 2009 1910 ι
2048 1860 2113 1912 Et
2165 1862 2323 1928 paulo
2376 1871 2538 1930 post:
2584 1883 2601 1914 ι
2638 1862 2743 1917 Sed
2777 1867 2916 1919 aeris
2964 1876 3144 1920 motus
3193 1868 3377 1922 iisdem

1780 1950 1906 2017 ipsis
1928 1953 2440 2006 commutationibus
2468 1954 2792 2016 continetur,
2818 1957 2955 2008 sicut
2988 1957 3126 2010 luna:
3161 1960 3373 2011 novitas

1781 2048 2221 2107 attestatur,qu;e
2249 2058 2316 2096 ex
2348 2043 2502 2112 longa
2528 2046 2844 2114 plerumque
2877 2047 3172 2102 serenitate
3200 2052 3379 2103 subito
3414 2046 3415 2049 “

1786 2131 2003 2185 nubium
2040 2132 2461 2200 glomerationes
2490 2142 2544 2187 et
2587 2135 3023 2203 perturbationes
3064 2140 3377 2193 exsuscitat.

1786 2221 2102 2292 Euriporum
2154 2240 2369 2294 quoque
2403 2234 2614 2281 meatus
2647 2227 2844 2281 reﬂuus
2876 2228 2981 2284 hoc
3024 2230 3261 2295 indicat,
3296 2231 3377 2286 vel

1785 2316 1945 2366 etiam
2011 2315 2363 2382 reciprocatio
2410 2317 2668 2384 syrtium,
2715 2331 2835 2385 qua:
2884 2317 3071 2374 vicinae
3117 2320 3381 2376 habentur

1785 2400 2018 2468 Oceano,
2053 2420 2186 2474 quas
2217 2421 2314 2475 pro
2343 2406 2480 2459 luna:
2511 2407 2908 2472 schematibus,
2943 2410 3201 2464 concitari
3229 2412 3378 2465 loco-

1787 2510 1904 2547 rum
1935 2496 2128 2549 accnla;
2158 2496 2529 2564 prodiderunt.
2576 2495 2759 2566 Euripi
2809 2498 2969 2551 etiam
3016 2500 3069 2552 in
3100 2507 3380 2567 utramque

1790 2594 1996 2654 partem
2026 2586 2166 2639 stiliti
2198 2596 2323 2638 sunt
2363 2588 2578 2654 propria
2612 2588 2804 2641 leuiter
2833 2585 3033 2641 fluenta
3062 2597 3381 2646 convertere

1789 2677 1996 2745 reliquo
2020 2678 2162 2731 omni
2196 2685 2474 2745 tempore;
2522 2694 2644 2733 cum
2675 2694 2804 2733 vero
2828 2680 2952 2734 luna
2975 2682 3213 2736 nascitur
3234 2682 3379 2736 nullo

1752 2766 1953 2847 rlllOdO
2001 2777 2224 2837 possunt
2276 2770 2589 2836 quiescere,
2658 2770 2750 2825 sed
2798 2771 3105 2827 vehementi
3169 2771 3380 2827 fervore

1792 2873 2005 2928 semper
2032 2869 2351 2923 exaestuant,
2384 2860 2559 2915 donec
2582 2861 2711 2917 luna
2755 2878 2938 2916 rursus
2967 2871 3241 2934 appareat,
3287 2877 3377 2918 se-

1793 2948 2062 3005 dationem
2090 2950 2373 3005 commotis
2398 2951 2699 3003 turbinibus
2723 2951 2971 3007 allatura.
3002 2970 3020 3003 ι

2230 3082 2256 3094 ⁸
2351 3080 2579 3136 CAPUT
2632 3082 2824 3145 XXIX.

2172 3196 2249 3251 De
2269 3198 2549 3252 concordia
2579 3200 2738 3252 maris
2763 3208 2813 3253 et
2841 3202 3000 3255 (ante.

1856 3328 2085 3382 Maxime
2141 3336 2321 3383 autem
2378 3344 2488 3398 pne
2560 3329 2812 3387 omnibus
2862 3332 3175 3389 admiranda
3233 3343 3379 3390 tanta

1782 3420 1979 3474 Oreani
2008 3436 2129 3475 cum
2162 3420 2300 3474 lunze
2330 3436 2490 3476 cursu
2518 3422 2773 3491 societas,
2802 3424 2893 3492 qui
2924 3424 2995 3479 ad
3018 3440 3231 3481 omnem
3263 3426 3380 3494 ejus

1344 3536 1632 3593 GLossus
1676 3537 1761 3592 cr
1804 3501 2119 3590 scitum.

105 3648 234 3717 quod
258 3649 508 3704 Dominus
527 3650 687 3705 dicit:
712 3648 1034 3703 Abundante
1057 3647 1342 3716 iniquitate
1364 3649 1680 3717 refrigescet

107 3720 325 3773 Charitas
348 3721 655 3774 multorum.
679 3718 748 3771 Et
774 3732 896 3771 cum
923 3717 1056 3771 tales
1082 3732 1301 3772 sanctos
1321 3718 1417 3771 Ι).ιί
1438 3721 1677 3774 cmlestia

108 3790 407 3845 meditantes
444 3797 850 3859 persequuntur
891 3797 945 3840 et
989 3786 1200 3859 odiunt.
1243 3788 1396 3854 quasi
1437 3789 1673 3859 cincinni

106 3861 273 3927 sponsi
304 3856 606 3930 pleni—sunt
630 3856 813 3931 guttis
856 3857 1120 3911 noctium.
1153 3856 1282 3910 Nam
1349 3866 1403 3910 et
1433 3856 1675 3931 ilefectui

104 3930 208 4002 ejus
236 3927 630 4002 compatiuntur
655 3927 966 4002 elementa,
1010 3937 1064 3981 et
1094 3942 1349 4002 processu
1374 3927 1513 3994 'ejus
1558 3943 1677 4002 quae

104 3998 286 4054 fuerint
307 3998 574 4055 eiinanita
598 4000 968 4066 cumulantur,
994 4005 1050 4053 ut
1075 3998 1428 4051 animantium
1451 3999 1677 4053 ccrebra

104 4072 474 4125 maritimorum
507 4072 751 4124 humida.

166 4140 425 4209 Siquidem
447 4142 563 4207 plen
579 4144 706 4193 ’στα
737 4148 922 4192 ostreis
951 4139 1168 4205 reperiri
1196 4140 1453 4209 feruntur,
1485 4138 1678 4190 multa-

102 4227 187 4277 que
214 4206 337 4276 alia,
366 4206 479 4262 cunt
521 4209 705 4278 globus
751 4210 952 4260 lunaris
996 4209 1264 4261 adolescit.
1310 4206 1513 4278 Ostrea:
1551 4216 1680 4261 sunt

104 4276 325 4345 pisciculi
371 4276 609 4334 cochleis
657 4277 997 4340 circumdati,
1048 4278 1141 4344 qui
1184 4280 1235 4329 in
1285 4276 1419 4329 mari
1472 4284 1677 4329 tantum

106 4350 462 4414 inveniuntur;
515 4349 607 4416 qui
660 4349 823 4402 etiam
879 4362 1000 4401 cum
1050 4345 1201 4401 crudi
1254 4346 1320 4399 ab
1371 4345 1679 4401 hominibus

104 4422 458 4485 comeduntur,
486 4420 775 4474 sanitatem
805 4431 1094 4485 corporum
1124 4424 1394 4484 praestant.

166 4466 470 4561 Euripomtix
497 4507 697 4562 quoque
744 4466 939 4541 meatu;
988 4466 1177 4557 reﬂuus
1207 4488 1303 4562 [ioc
1341 4487 1560 4562 indicat,
1602 4487 1679 4541 t'cl
1714 4466 1755 4523 Π

102 4564 243 4613 etiam
294 4560 646 4633 reciprocatio
692 4561 916 4633 syrtium
946 4598 960 4621 ,
1018 4574 1133 4633 qtae
1184 4560 1368 4633 vicinia
1414 4560 1681 4633 [iubentur

103 4632 316 4693 “renuo,
344 4628 472 4700 quas
506 4649 598 4697 pro
631 4628 769 4683 (uiti:
798 4628 1140 4683 schematibus
1168 4631 1421 4682 concitari
1442 4628 1681 4682 locorum

101 4714 276 4755 arco‘w
302 4699 665 4770 prodiderunt.
697 4701 884 4770 Syrtes
910 4707 1033 4751 sunt
1060 4712 1287 4770 arenosa
1319 4699 1370 4750 in
1404 4700 1535 4750 mari
1564 4713 1680 4770 i_iia-_

100 4784 196 4837 gno
225 4766 363 4835 loca,
394 4771 624 4822 nmltnm
649 4766 907 4837 terribilia
938 4774 993 4819 et
1022 4768 1329 4837 metuenda,
1354 4782 1420 4820 eo
1444 4766 1586 4835 quod
1616 4766 1679 4817 ad

102 4836 153 4893 se
181 4843 353 4895 omnia
394 4841 616 4892 trahere
649 4846 815 4902 atque
843 4836 1079 4904 diripere
1117 4836 1353 4901 soleant,
1392 4845 1445 4888 et
1481 4851 1680 4903 appro-

104 4910 362 4979 pinquanti
394 4909 600 4962 vadoso
627 4907 758 4961 mari
790 4905 1049 4979 bzereint.
1082 4904 1176 4959 Ha:
1208 4914 1387 4979 autem
1428 4905 1494 4958 ad
1532 4919 1682 4979 mare

105 4975 402 5053 Egjptiutn
426 4979 622 5053 vicinae
652 4984 797 5053 sunt,
833 4984 887 5053 et
924 4975 1128 5046 pariter
1155 4976 1547 5053 admiscentur.
1579 4976 1684 5029 Eu-

105 5045 249 5119 ripus
298 5053 496 5107 ductus
554 5046 782 5119 fontium
842 5045 1251 5119 interpretatur.
1313 5045 1499 5115 Euripi
1558 5055 1685 5100 sunt

106 5116 297 5177 meatus
344 5135 616 5191 aquarum
664 5116 757 5186 qui
813 5118 984 5184 magis
1040 5116 1307 5171 ebulliunt
1357 5126 1413 5171 et
1453 5125 1689 5173 :cstuant

104 5202 341 5247 mscente
376 5195 529 5248 luna.

165 5258 311 5317 ιω.
342 5263 479 5318 Nov.
517 5263 775 5318 Scaeua.
809 5286 877 5298 —
911 5256 1013 5321 Qui
1070 5257 1165 5310 hoc
1214 5273 1413 5327 quoque
1457 5266 1684 5312 servant.

106 5328 383 5387 Architecti
425 5333 769 5401 praecipiunt
793 5327 1075 5382 materiam
1128 5342 1248 5401 esse
1295 5328 1605 5382 caedendam
1658 5344 1687 5381 a

109 5401 265 5467 primo
302 5395 571 5457 autumno
601 5395 678 5455 "ad
722 5399 772 5453 id
823 5408 1067 5469 tempus,
1082 5395 1233 5469 quod
1274 5405 1357 5450 est
1396 5406 1689 5469 antequam

110 5470 350 5540 incipiant
387 5472 524 5526 flare
572 5470 795 5540 favonii.
839 5466 980 5524 vnn
1029 5466 1351 5532 Vitruvium,
1386 5466 1453 5521 de
1492 5466 1689 5521 Archi-

107 5548 315 5605 tectura,
346 5542 438 5597 lib.
474 5558 535 5605 ιι,
564 5556 685 5607 cap.
718 5539 770 5593 9.

174 5613 271 5667 Sed
298 5606 853 5685 Aetlapisselenites.
893 5607 1007 5685 llic
1024 5610 1185 5685 habet
1226 5624 1422 5664 nomen
1469 5606 1687 5685 ani-una,

109 5698 253 5743 quam
279 5675 687 5740 Διιίεἵσιλήνην
719 5689 932 5734 vocant.
964 5679 1232 5745 Nascitur,
1252 5689 1471 5733 auctore
1497 5675 1687 5741 Plinio,

112 5754 154 5808 in
175 5752 377 5820 brahia,
406 5746 567 5825 cuius;
594 5748 756 5807 \‘Cllm
797 5749 1065 5805 aseribam
1094 5765 1160 5806 ex
1192 5753 1295 5805 line
1344 5748 1513 5803 ultimi
1537 5746 1685 5801 libri;

1791 3648 2059 3703 Selenites
2086 3662 2149 3701 ex
2194 3646 2425 3700 candido
2467 3646 2759 3699 translucet
2798 3646 3000 3711 colore,
3049 3648 3241 3703 melleo
3282 3650 3379 3705 ful-

1790 3734 1942 3785 gore,
1988 3718 2274 3781 imaginem
2317 3716 2455 3768 luna:
2504 3717 2808 3779 cuntinens,
2860 3717 3141 3785 redditque
3175 3734 3291 3772 eam
3327 3724 3378 3775 in

1789 3790 1905 3840 dies
1950 3787 2186 3852 singulos
2211 3786 2506 3839 crescentis
2534 3786 2931 3855 minuentisque
2980 3804 3223 3848 numero.
3261 3807 3377 3843 uas-

1788 3858 1944 3925 cique
1966 3866 2184 3923 putatur
2208 3857 2257 3907 in
2292 3856 2507 3907 A:abia.
2528 3854 2688 3907 Multa
2717 3854 2933 3925 quoque
2958 3858 3023 3910 de
3049 3858 3147 3912 hac
3170 3872 3377 3925 gemma

1790 3926 1929 3995 apud
1966 3925 2257 3979 Marsilium
2294 3925 2559 3991 Ficinum,
2593 3926 2651 3978 in
2687 3926 2867 3980 libello
2906 3929 2972 3981 de
3019 3928 3133 3981 Vita
3166 3934 3380 3984 caelitus

1789 3996 2153 4066 comparanda
2192 3996 2395 4067 st'ripta
2430 4005 2573 4067 sunt.
2610 3995 2849 4067 Meminit
2879 4014 3095 4066 quoque
3141 4000 3380 4067 ejusdem

1789 4068 2149 4130 Diosmrides,
2184 4082 2305 4134 cap.
2340 4066 2465 4120 995.
2502 4066 2630 4120 [tem
2666 4066 2918 4121 Albertus
2943 4068 3184 4135 Magnus,
3217 4071 3308 4123 lib.
3342 4087 3380 4125 it

1785 4140 1851 4192 de
1881 4138 2128 4191 Mctallis.

1859 4206 2175 4275 Euripornnt
2223 4223 2419 4275 quoque
2452 4216 2680 4275 intentus.
2744 4207 3000 4274 Euripum
3043 4207 3237 4273 accipit
3281 4224 3380 4275 pro

1784 4273 2029 4343 quolibet
2065 4285 2197 4327 azstu
2232 4273 2415 4327 maris.
2446 4273 2673 4342 Euripus
2696 4273 2967 4341 peculiare
2994 4292 3190 4330 nomen
3240 4273 3381 4334 illius

1786 4345 2102 4398 IlltblllSaillii
2134 4354 2295 4398 aestus
2325 4344 2416 4412 qui
2465 4353 2544 4396 est
2588 4346 2727 4397 inter
2753 4346 2986 4398 Atticam
3018 4359 3071 4400 et
3108 4346 3377 4412 Eubmam,

1788 4416 1838 4469 in
1882 4430 2041 4483 quam
2074 4417 2286 4484 quidam
2318 4430 2376 4470 se
2418 4415 2744 4483 prtecipitem
2778 4416 2989 4470 dedisse
3036 4417 3380 4473 Aristotelem

1786 4490 2046 4550 scribunt,
2080 4494 2270 4554 estque
2300 4486 2416 4553 ejus
2451 4495 2613 4537 aestus
2641 4488 2873 4539 maxime
2905 4489 3037 4540 inira
3084 4501 3295 4553 natura,
3328 4500 3382 4542 ut

1786 4558 1979 4627 passim
2010 4567 2225 4611 constat
2254 4557 2394 4626 apud
2437 4556 2719 4609 historicos
2750 4566 2801 4609 et
2836 4557 3106 4627 physicos.

2396 4642 2567 4679 CAPUT
2610 4642 2757 4677 XXIV.

1858 4695 1968 4748 Nec
1992 4713 2154 4758 mora,
2186 4694 2680 4763 prmtercunteluna,
2711 4694 2949 4746 recedens
2972 4703 3020 4746 et
3041 4696 3150 4761 ipse
3192 4698 3380 4750 natimc

1786 4766 1890 4816 Iure
1916 4766 2171 4817 dulcedini
2204 4779 2549 4832 mensuraque
2596 4764 2879 4831 relinquat,
2933 4774 3177 4834 tanquam
3246 4768 3383 4820 lnnru

1785 4836 2085 4904 quibus/lum
2108 4834 2510 4903 aspirationibus
2527 4835 2711 4885 invitus
2730 4836 3093 4902 protrahatur;
3129 4846 3176 4888 et
3198 4838 3381 4890 iter-un:

1785 4905 2015 4973 ejusdem
2040 4906 2085 4957 ri
2126 4915 2377 4973 cessante,
2416 4905 2471 4956 in
2498 4918 2792 4955 mensarum
2827 4922 2954 4972 prop
2986 4906 3089 4959 iam
3124 4909 3376 4969 refundu-

1788 4972 1890 5027 tur.
1920 4973 2102 5029 {Esatts
2119 4972 2318 5029 Oceani
2344 4978 2521 5027 lunam
2548 4974 2809 5042 sequitur,
2828 4987 3078 5043 tauquam
3104 4976 3219 5045 ejus
3240 4978 3383 5045 aspi-

1788 5048 1999 5099 r.-ti0ne
2024 5058 2314 5100 retrorsum
2344 5050 2605 5107 trahatur,
2631 5045 2853 5113 ejusque
2886 5046 3113 5111 impulsu
3146 5057 3381 5100 retracto

1793 5116 2133 5170 refundatur.
2188 5116 2287 5181 Qui
2341 5114 2583 5185 quotidie
2634 5115 2714 5167 bis
2744 5112 3083 5185 affluereet
3140 5130 3385 5169 remeare

1797 5187 1955 5240 unius
1984 5203 2194 5255 semper
2218 5184 2369 5240 bone
2392 5186 2653 5236 dodrante
2677 5192 2731 5236 et
2760 5184 3035 5255 semuncia
3070 5186 3381 5239 transmissa

1796 5258 2025 5319 videtur,
2056 5253 2279 5323 ejusque
2327 5255 2502 5308 omnis
2532 5268 2719 5306 cursus
2762 5254 2813 5323 iu
2844 5253 3097 5323 la'dunes
3136 5264 3192 5309 et
3229 5256 3385 5309 mali-

1793 5343 1907 5385 nas,
1944 5325 1992 5377 id
2024 5322 2125 5387 est,
2178 5326 2229 5378 in
2263 5325 2497 5377 minores
2548 5333 2709 5376 (estus
2750 5322 3001 5394 dividitur
3041 5332 3097 5377 et
3126 5326 3378 5394 majores.

1792 5397 1897 5450 Sed
1924 5396 2128 5450 licdona
2159 5395 2343 5463 quinta
2371 5405 2425 5447 et
2456 5394 2708 5461 γίεομίιηδ
2753 5393 2874 5445 lnna
2920 5393 3221 5460 inchoatis,
3250 5412 3335 5464 qu.
3365 5406 3384 5448 t

1793 5468 1941 5521 horis
1968 5468 2223 5532 accurrit,
2255 5472 2334 5517 tot
2385 5473 2437 5517 et
2470 5464 2723 5528 reenrrit,
2772 5464 2969 5518 malitia
3000 5466 3182 5519 autem
3212 5480 3241 5517 a
3286 5465 3381 5516 de-

1798 5538 1934 5590 citna
1963 5537 2116 5590 tertia
2147 5545 2199 5590 et
2228 5535 2482 5602 vigesima
2533 5544 2725 5587 octava
2783 5534 3061 5603 incipiens,
3120 5536 3278 5587 citior
3330 5535 3380 5588 in

1797 5623 2038 5671 accessu,
2075 5607 2167 5661 sed
2201 5607 2403 5659 tardior
2460 5604 2508 5656 in
2543 5618 2778 5657 recessu.
2832 5604 3049 5672 Septem
3100 5604 3287 5658 diebus
3329 5616 3386 5659 et

1795 5678 2074 5732 duodecim
2099 5678 2242 5731 horis
2266 5682 2590 5743 perseverat,
2612 5674 2660 5725 in
2682 5674 2858 5729 medio
2875 5675 2954 5727 sui
2973 5689 3185 5744 semper
3205 5675 3384 5729 lunam

1800 5747 2023 5813 primum
2081 5755 2135 5805 et
2188 5746 2449 5802 decimam
2499 5747 2741 5813 quintam
2791 5746 3115 5810 ostendens,
3174 5755 3227 5803 et
3290 5760 3383 5815 per
