3842 6242
82 398 172 454 ηε
1269 390 1354 445 DE
1395 391 1775 446 TENIPORUM
1822 392 2141 446 lt.\'|‘l0.\'E.

3251 394 3353 446 r136

83 510 533 583 tardiusquotidie
570 509 794 573 venire,
831 505 1028 561 tardius
1068 504 1247 559 redire
1291 520 1397 559 non
1438 505 1654 559 desinit.
1688 509 1734 567 Α
1763 505 1934 572 gerit,
1991 506 2130 559 item
2203 512 2365 559 aestus
2407 506 2652 574 quotidie
2710 522 2807 576 per
2857 506 2939 560 \‘II
2990 508 3198 563 ιιιτιιὶιιω
3244 510 3360 567 dies

82 604 291 658 Punctus
317 609 503 654 autem
537 588 729 668 quinta
762 612 882 666 pars
913 596 1059 655 horse
1088 604 1203 657 est,
1253 595 1489 663 quinque
1513 596 1657 647 enim

84 692 240 763 puncti
268 693 457 747 horam
488 690 717 744 faciunt.
757 686 903 742 llnde
932 686 990 740 tIt
1019 695 1079 740 ut
1115 686 1240 754 quia
1272 688 1395 740 luna
1428 687 1480 740 in
1526 686 1659 739 duo-

81 788 167 839 bus
190 783 294 839 suis
334 782 648 845 mensibus,
683 778 733 834 id
764 787 867 844 est,
895 779 1085 833 diebus
1116 777 1252 841 LIX,
1307 780 1659 849 quinquagies

82 886 129 929 et
167 875 359 944 septies
389 883 550 928 terra:
596 872 783 927 orbem
833 870 1056 935 circuit,
1110 879 1273 925 :cstus
1318 868 1515 925 Oceani
1563 886 1660 939 per

83 978 272 1035 tempus
299 964 444 1020 idem
482 963 760 1033 geminato
806 963 912 1017 hoc
958 977 1203 1025 numero,
1256 961 1307 1015 id
1333 970 1445 1025 e.~t,
1479 960 1658 1015 CXIIII

82 1060 285 1122 vicibus,
314 1055 555 1111 exundet
582 1054 650 1109 ad
696 1054 1011 1124 superiora,
1057 1061 1114 1107 et
1163 1060 1243 1107 tot
1272 1068 1426 1121 neque
1455 1051 1659 1106 vicibus

80 1163 218 1202 suum
244 1146 521 1201 relabatur
552 1144 607 1199 in
638 1145 878 1211 alveum,
906 1143 1029 1212 quia
1055 1143 1175 1196 luna
1206 1143 1257 1195 in
1283 1140 1448 1194 XXIX
1473 1140 1659 1195 diebus

81 1238 227 1293 vicies
253 1237 422 1293 octies
462 1244 621 1291 terrm
660 1235 921 1291 amb’itum
949 1236 1163 1301 lustrat,
1198 1244 1253 1289 et
1304 1233 1356 1287 in
1387 1232 1480 1286 XII
1512 1232 1661 1286 horis

78 1327 257 1398 quaead
280 1325 546 1383 naturalis
561 1340 733 1395 usque
747 1326 948 1380 mensis
970 1323 1356 1395 plenitudinem
1370 1332 1662 1393 supersunt

78 1419 337 1475 dimidium
366 1426 523 1473 terrm
550 1416 745 1472 circuit
774 1418 987 1483 orbem,
1016 1424 1073 1469 ut
1100 1430 1241 1485 qum,
1270 1414 1418 1468 verbi
1464 1415 1658 1483 gratia,

77 1509 334 1579 praterito
364 1522 552 1562 mense
582 1521 748 1574 super
781 1514 984 1560 terram
1016 1506 1271 1569 meridie,
1304 1520 1446 1560 nunc
1482 1505 1659 1559 media

78 1608 223 1654 nocte
260 1598 363 1653 sub
396 1607 537 1653 terra
569 1598 739 1651 solem
771 1594 1117 1652 accendenda
1148 1602 1529 1663 consequatur,
1564 1609 1663 1663 per

78 1687 390 1744 tantumdem
437 1687 698 1756 temporis
745 1686 1034 1757 geminatis
1087 1695 1252 1741 azstus
1301 1687 1384 1741 sui
1430 1686 1657 1753 vicibus,

72 1784 413 1854 quinquagies
434 1783 657 1852 septies.

864 1896 1012 1946 Maria
1037 1896 1131 1946 alta
1159 1903 1450 1955 tumescant,

183 1967 415 2017 Obicibus
436 1969 613 2031 ruptis,
638 1980 908 2029 rursusque
931 1970 979 2015 in
1003 1981 1165 2029 seipsa
1192 1970 1430 2017 residunt.

70 2072 196 2137 Quia
227 2072 352 2125 luna
386 2071 437 2125 in
468 2070 695 2125 dimidio
724 2070 927 2142 mensis
951 2070 1167 2140 spacio,
1200 2070 1304 2125 hoc
1335 2079 1446 2135 est,
1482 2071 1531 2125 in
1566 2069 1656 2126 XV

68 2160 309 2214 noctibus
355 2174 418 2213 ac
466 2159 661 2213 diebus
712 2167 906 2227 quater
954 2159 1133 2214 decies
1182 2169 1380 2213 terram
1430 2162 1660 2215 circum-

71 2252 275 2315 labitur,
306 2254 526 2323 insuper
564 2260 623 2307 et
667 2251 944 2306 dimidium
986 2261 1143 2306 terra:
1178 2252 1365 2306 semel.
1401 2251 1555 2307 Unde
1604 2254 1663 2305 tit

68 2340 409 2397 utOrientem
435 2342 598 2412 plena
633 2356 860 2411 vespere
891 2348 1091 2405 teneat,
1124 2357 1244 2411 qum
1271 2342 1478 2410 pridem
1518 2358 1657 2397 nova

66 2446 281 2500 vespere
309 2432 664 2487 Occidentem
698 2439 963 2485 tenuerat.
998 2431 1145 2487 Mare
1181 2448 1278 2501 per
1307 2431 1358 2486 id
1402 2434 1661 2500 temporis

66 2524 220 2579 vicies
247 2526 436 2580 novies
464 2523 658 2578 adlinit
703 2524 858 2579 simul
889 2530 943 2577 et
996 2532 1231 2587 remeat;
1279 2534 1335 2578 et
1362 2525 1503 2579 sicut
1532 2525 1658 2579 luna

66 2631 153 2685 per
172 2616 286 2671 dies
306 2614 423 2678 XV,
443 2624 503 2671 ut
528 2616 782 2678 diximus,
813 2616 1045 2671 nattirali
1075 2632 1264 2671 cursus
1289 2617 1370 2671 sui
1406 2616 1660 2673 tarditate

63 2710 126 2760 de
153 2706 435 2762 occidente
485 2708 540 2761 in
590 2707 855 2761 orientem
904 2709 1212 2777 vespertina
1244 2709 1572 2774 refunditur,
1604 2720 1660 2765 et

63 2810 176 2864 qua
203 2798 467 2851 matutina
498 2796 664 2852 hodie
696 2794 971 2852 Orientem
1013 2799 1252 2864 tenebat,
1284 2808 1406 2867 post
1426 2800 1540 2853 dies
1561 2798 1656 2854 XV

66 2887 321 2941 matutina
370 2888 421 2941 in
474 2887 771 2943 Occidente
820 2886 1117 2951 videbitur,
1169 2887 1242 2940 ita
1287 2887 1447 2941 etiam
1492 2896 1657 2944 :estus

61 2976 251 3031 Oceani
282 2995 422 3035 nunc
450 2980 792 3046 vespertinus
818 2986 939 3048 post
982 2978 1099 3033 dies
1128 2976 1220 3031 XV
1249 2976 1310 3031 ﬁt
1337 2978 1655 3045 matutinus,

62 3079 120 3118 ac
160 3074 348 3120 contra
388 3068 718 3133 matutinus,
749 3067 1067 3136 quotidiana
1114 3066 1388 3123 detractus
1429 3068 1657 3139 impedi-

62 3163 261 3218 mento,
311 3157 655 3226 vespertinus
684 3155 942 3223 adsurgit.
996 3153 1063 3208 Et
1109 3156 1362 3226 quoniam
1403 3158 1527 3211 Iuna
1560 3173 1658 3228 per

63 3260 289 3309 annum,
342 3247 397 3301 id
447 3254 563 3312 est,
618 3262 830 3301 menses
881 3245 975 3301 XII
1005 3262 1165 3312 suos,
1211 3248 1306 3318 qui
1354 3258 1485 3304 sunt
1540 3248 1658 3305 dies

60 3336 341 3403 CCCLIIII,
370 3338 656 3392 duodecim
686 3339 894 3393 vicibus
922 3339 1121 3404 minus,
1154 3339 1261 3394 hoc
1288 3348 1402 3405 est,
1436 3348 1657 3396 trecen-

64 3428 159 3484 ties
200 3429 527 3498 quadragies
572 3436 628 3484 et
659 3429 778 3497 bis,
826 3438 984 3484 teri-.2
1026 3430 1194 3485 ambit
1227 3431 1413 3486 orbem
1438 3474 1454 3501 ,
1495 3440 1658 3488 aestus

62 3515 253 3572 Oceani
287 3528 535 3587 tempore
575 3519 769 3574 eodem
800 3516 1173 3593 DCLXXXIIII
1204 3522 1408 3578 vicibus
1439 3534 1495 3579 et
1542 3526 1659 3594 ipse

64 3617 228 3662 terras
252 3607 427 3663 adluit
469 3624 534 3663 ac
561 3609 754 3666 resilit.
786 3609 1031 3665 Imitatur
1060 3621 1239 3665 autem
1271 3612 1410 3667 luna:
1440 3628 1658 3669 cursum

62 3712 207 3753 mare
250 3714 362 3753 non
410 3699 590 3753 solum
631 3701 905 3761 communi
930 3714 1155 3755 accessu
1188 3708 1243 3756 et
1288 3716 1529 3770 recessu,
1560 3703 1659 3759 sed

62 3788 220 3841 etiam
248 3788 488 3857 quodam
534 3788 617 3843 sui
667 3798 840 3843 status
886 3788 1134 3859 profectu
1187 3790 1512 3862 defectuque
1559 3809 1657 3861 pc-

62 3878 234 3942 renni,
265 3880 341 3933 ita
384 3889 443 3934 ut
468 3894 581 3935 non
612 3880 815 3934 tardior
842 3881 1016 3935 solum
1043 3896 1207 3950 quam
1238 3883 1444 3952 pridie,
1470 3900 1657 3939 verum

60 3969 219 4023 etiam
271 3971 450 4038 major
514 3972 761 4026 minorve
806 3973 1048 4041 quotidie
1096 3975 1287 4030 redeat
1353 3986 1534 4032 aestus.
1594 3976 1660 4032 Et

60 4068 369 4115 crescentes
395 4062 615 4131 quidem
644 4063 896 4129 malinas,
930 4065 1309 4122 decrescentes
1339 4079 1517 4122 autem
1544 4069 1660 4137 pla-

59 4154 167 4205 cuit
193 4153 478 4223 appeilare
509 4153 754 4218 ledones,
794 4155 906 4224 qui,
956 4156 1257 4212 alternante
1285 4172 1380 4227 per
1407 4165 1661 4229 septenas

59 4251 354 4299 octonosve
393 4245 511 4299 dies
538 4260 733 4299 succes
766 4261 824 4313 ιι,
857 4261 1098 4301 mensem
1132 4248 1272 4301 inter
1300 4263 1359 4301 se
1388 4263 1662 4317 quemque

60 4338 416 4407 quadriformi
469 4355 583 4393 sua:
632 4340 948 4395 mutationis
1001 4342 1262 4395 varietate
1314 4338 1656 4410 dispertiunt.

60 4428 210 4497 Saepe
239 4429 463 4497 quidem
495 4445 652 4497 aequa
676 4436 907 4499 uterque
933 4440 1082 4486 sorte
1111 4432 1353 4500 septenis
1381 4432 1571 4487 diebus
1600 4449 1663 4489 ac

58 4519 278 4574 dimidio
301 4534 528 4574 cursum
558 4529 1015 4585 consummantes,
1048 4537 1211 4591 saepe,
1244 4522 1327 4576 vel
1359 4524 1531 4577 ventis
1560 4524 1659 4578 im-
1692 4547 1741 4607 υ

58 4612 411 4680 pellentibus,
448 4617 545 4667 aut
570 4612 971 4681 repellentibus,
996 4614 1080 4668 vel
1110 4614 1210 4667 alia
1241 4613 1478 4680 qualibet
1506 4631 1663 4671 acce-

56 4704 214 4758 dente
244 4705 366 4758 sive
399 4703 636 4759 naturali
681 4702 732 4756 vi
779 4713 1007 4771 cogente
1028 4746 1041 4769 ,
1080 4704 1282 4758 tardius
1310 4706 1537 4761 citiusve
1564 4723 1681 4762 τοι

58 4794 286 4855 nientes.
320 4804 421 4847 aut
450 4797 633 4849 minus
659 4796 955 4864 ampliusve
984 4797 1149 4853 solito
1180 4800 1467 4863 ferventes,
1504 4803 1575 4855 ita
1605 4811 1663 4855 ut

57 4887 347 4953 aliquoties
380 4884 577 4939 ordine
621 4886 835 4941 turbato
882 4887 1081 4940 malina
1132 4889 1315 4956 plures
1357 4892 1459 4945 sibi
1500 4902 1660 4947 aestus

60 4978 159 5029 hoc
184 4991 405 5041 mense,
432 4977 720 5043 pauciores
748 4976 980 5031 vindicet
1010 4978 1062 5031 in
1096 4978 1235 5043 alio;
1270 4981 1412 5034 unde
1436 4990 1658 5052 uterque

57 5075 234 5120 motus
274 5081 428 5122 nunc
457 5068 770 5133 vespertino
815 5069 994 5135 nasci,
1047 5086 1192 5125 nunc
1232 5074 1499 5128 matutino
1532 5090 1664 5129 con-

58 5156 230 5209 suevit
253 5157 307 5209 in
340 5164 501 5210 :estu.
529 5153 595 5208 Et
620 5156 882 5225 siquidem
911 5168 1042 5215 testu
1068 5164 1375 5231 vespertino
1403 5164 1485 5217 vel
1513 5166 1665 5219 novi-

58 5244 224 5313 Iunio,
256 5246 345 5301 vel
383 5244 710 5318 pleniluuio,
742 5245 975 5304 instante
1018 5251 1271 5305 malinam
1314 5254 1459 5308 nasci
1489 5258 1664 5309 conti—

1761 597 2152 665 subsequcntes
2184 596 2243 650 tit.
2285 597 2457 665 major
2487 605 2539 650 et
2578 597 2866 651 violentior
2894 608 3027 652 astu
3068 601 3358 665 matutino.

1760 685 2019 740 Similiter
2048 688 2318 741 matutino
2363 687 2408 741 si
2458 687 2619 742 fuerit
2668 689 2865 742 malina
2913 699 3031 743 orta
3060 692 3160 746 sub
3205 701 3362 760 testu,

1762 778 2059 832 matutinus
2107 778 2218 845 jam
2268 778 2461 847 majori
2520 794 2617 848 per
2666 779 2782 835 dies
2846 783 3087 851 contegit
3142 798 3364 852 aequore

1762 876 1830 922 te;
1850 884 1954 921 ras.
2018 868 2187 939 [form
2236 869 2579 939 vespertinus
2630 870 2825 925 linibus
2880 886 3016 940 quos
3066 858 3362 930 matutinus

1761 968 1924 1013 aestus
1954 968 2193 1027 cmperat
2224 969 2531 1026 contentus,
2570 962 2793 1016 ulterius
2822 979 3037 1018 cursum
3070 969 3363 1024 extendere

1763 1051 2005 1119 negligit,
2057 1052 2305 1121 quamvis
2353 1052 2674 1121 quibusdam
2715 1053 2767 1107 in
2810 1056 3086 1111 mensibus
3134 1066 3362 1126 uterque

1761 1150 1924 1195 astus
1972 1142 2025 1195 in
2089 1141 2331 1196 dissimili
2385 1158 2482 1213 per
2534 1145 2716 1198 omnia
2788 1157 3066 1202 cremento
3131 1148 3363 1216 prolicit.

1762 1232 1975 1298 Quanto
2025 1243 2205 1289 autem
2258 1235 2378 1304 plus
2420 1244 2583 1289 cestus
2631 1236 2807 1306 major
2853 1238 3034 1293 littora
3085 1249 3366 1312 terrasque

1762 1323 2104 1385 contexerit,
2138 1332 2195 1378 et
2242 1322 2434 1385 ﬂuvios
2482 1340 2545 1378 ac
2599 1325 2735 1379 l’reta
2790 1328 3180 1396 compleverit,
3214 1339 3366 1385 tanto

1762 1412 1924 1467 latius
1956 1413 2217 1469 recedens
2247 1414 2439 1468 eadem
2480 1415 2664 1470 littora
2695 1416 2859 1470 maris
2886 1417 3174 1473 exhaurire
3202 1427 3366 1489 atque

1763 1504 1999 1558 enudare
2031 1507 2334 1560 consuevit.
2373 1505 2525 1561 Unde
2555 1508 2735 1562 videat
2759 1509 2851 1578 qui
2880 1518 3059 1577 potest
3089 1527 3156 1565 an
3178 1528 3364 1570 verum

1761 1596 1831 1649 sit
1857 1595 2032 1664 quod,
2066 1594 2315 1665 Philippo
2348 1604 2518 1662 teste,
2554 1597 2734 1652 ferunt
2774 1599 2993 1667 quidam
3024 1609 3188 1670 atque
3230 1618 3364 1657 con—

1764 1684 2011 1750 tirmant,
2063 1685 2210 1739 illam
2253 1686 2573 1741 immensam
2619 1688 2785 1743 maris
2821 1689 3018 1745 Oceani
3047 1690 3365 1747 effusionem

1764 1795 1861 1849 per
1890 1779 2131 1833 omnium
2182 1781 2466 1849 regionum
2496 1796 2558 1835 ac
2588 1783 2884 1851 patriarum
2915 1782 3107 1841 ﬂuvios
3140 1790 3361 1855 ituram,

1692 1862 1737 1919 Β
1769 1884 1876 1924 uno
1912 1878 2127 1939 puncto
2158 1872 2421 1941 temporis
2463 1869 2597 1926 ﬁeri.
2648 1872 2859 1929 Scimus
2900 1877 3046 1930 enim
3094 1891 3223 1941 nos,
3271 1880 3366 1947 qui

1764 1961 2035 2016 diversum
2067 1961 2362 2018 Britannici
2391 1964 2553 2018 maris
2582 1964 2731 2019 littus
2761 1965 3068 2032 incolimus,
3100 1968 3241 2037 quod
3266 1968 3363 2039 ubi

1764 2051 1866 2105 hoc
1894 2066 2081 2121 mquor
2106 2062 2337 2107 aestuare
2365 2054 2619 2123 coeperit,
2656 2054 2770 2122 ipsa
2801 2057 2929 2111 liora
2962 2057 3105 2111 aliud
3145 2059 3363 2130 incupiat

1763 2143 1832 2198 ab
1860 2153 1994 2199 mstu
2039 2144 2351 2212 defervere;
2386 2154 2442 2201 et
2488 2146 2616 2202 binc
2645 2148 2859 2203 videtur
2889 2152 3209 2218 quibusdam
3237 2155 3365 2223 quia

1764 2235 2023 2290 recedens
2052 2235 2271 2289 aliunde
2298 2236 2556 2291 aliorsum
2585 2237 2725 2292 unda
2753 2249 3033 2305 recurrat,
3062 2242 3365 2313 iterumque
3392 2228 3395 2229 ν

1763 2324 1967 2378 relictis
1996 2340 2133 2394 quos
2165 2326 2374 2380 adierat
2408 2326 2602 2382 ﬁnibus
2622 2368 2637 2395 ,
2667 2328 2877 2398 priores
2908 2329 3101 2385 festina
3132 2341 3362 2401 repetat,

1764 2414 1996 2483 ideoque
2038 2430 2098 2470 se
2140 2416 2207 2469 ad
2259 2422 2471 2485 tempus
2515 2418 2689 2487 major
2718 2420 2915 2474 malitia
2966 2422 3048 2475 his
3097 2421 3365 2478 littoribus

1763 2507 1950 2561 abiens
1974 2507 2204 2576 amplius
2247 2507 2505 2573 abducat,
2552 2517 2610 2561 ut
2640 2508 2765 2563 alibi
2806 2510 3097 2566 adveniens
3136 2513 3367 2581 amplius

1762 2595 2037 2651 exundare
2063 2596 2328 2663 sutticiat,
2360 2597 2505 2666 quod
2532 2612 2599 2652 ex
2645 2597 2786 2652 lunae
2812 2613 2971 2653 cursu
3004 2605 3181 2669 potest
3210 2599 3363 2655 facil-

1763 2686 1891 2741 lime
1941 2686 2295 2756 deprehendi.
2332 2685 2493 2742 Verbi
2540 2689 2749 2756 gratia,
2796 2688 2901 2743 hoc
2944 2704 3133 2753 mare,
3186 2692 3363 2759 posita

1762 2773 1903 2829 circa
1948 2774 2247 2830 brumalem
2294 2774 2425 2831 solis
2462 2786 2702 2843 auctum,
2747 2776 2833 2832 vel
2880 2778 3216 2834 solstitialem
3247 2782 3365 2849 ejus

1763 2879 2038 2931 occasum,
2082 2865 2240 2934 luna,
2267 2866 2639 2938 cujuscunque
2681 2869 2877 2936 :ctatis,
2924 2870 3038 2924 sive
3067 2884 3228 2941 super
3256 2880 3365 2928 ter-

1762 2970 1899 3020 ram,
1932 2971 2026 3011 seu
2050 2957 2149 3011 sub
2180 2965 2324 3011 terra
2364 2955 2454 3023 sit,
2480 2965 2669 3013 aestum
2699 2958 2837 3013 solet
2871 2960 3151 3026 attollere;
3181 2970 3235 3017 at
3263 2977 3386 3033 ρον

1762 3045 1863 3101 sita
1893 3046 2033 3101 circa
2063 3047 2362 3102 brumalem
2403 3048 2537 3102 solis
2583 3047 2911 3113 accubitum,
2946 3050 3031 3102 vel
3065 3050 3364 3107 εοιειίιίίιιίδ

1765 3136 1880 3206 ejus
1906 3145 2176 3197 exortum.
2211 3137 2516 3193 reﬂectere.
2564 3136 2734 3194 Porro
2762 3139 2879 3193 aliis
2925 3139 2976 3193 in
3024 3142 3265 3209 partibus
3293 3146 3361 3199 ab

1685 3207 1730 3267 (ἶ
1764 3244 1825 3283 ea
1856 3230 1977 3284 creti
2024 3229 2178 3299 plaga
2212 3244 2485 3286 recessum
2520 3232 2682 3285 maris
2732 3230 2856 3284 luna
2900 3246 3007 3308 qua
3058 3234 3144 3288 hic
3186 3235 3363 3305 signat

1761 3334 2034 3375 accessum
2062 3337 2077 3386 ;
2109 3338 2217 3376 non
2247 3321 2420 3375 solum
2452 3322 2653 3386 autem,
2686 3323 2783 3382 sed
2816 3332 2870 3377 et
2921 3324 2971 3378 in
3002 3341 3109 3380 uno
3143 3328 3362 3382 eodem-

1761 3425 1867 3479 que
1907 3410 2088 3465 littore
2114 3425 2224 3480 qno
2254 3410 2322 3474 ad
2352 3410 2581 3466 Boream
2613 3412 2719 3465 mei
2760 3412 3038 3477 habitant,
3073 3414 3243 3469 multo
3274 3432 3362 3473 me

1762 3503 1920 3558 citius
1961 3509 2153 3555 uastum
2189 3500 2644 3567 maris,omnem,
2695 3502 2785 3569 qui
2816 3518 2945 3556 vero
2983 3503 3050 3556 ad
3082 3504 3358 3572 Austrum,

1761 3591 1934 3646 multo
1975 3590 2152 3645 serius
2195 3590 2443 3658 accipere
2496 3589 2701 3659 pariter
2731 3598 2784 3643 et
2832 3590 3117 3646 refundeie
3162 3593 3360 3662 solent,

1761 3691 2014 3739 servante
2043 3682 2347 3751 quibusque
2376 3682 2429 3736 in
2471 3680 2778 3751 regionibus
2810 3681 2934 3736 luna
2963 3697 3179 3753 semper
3204 3699 3363 3761 regu-

1761 3776 1865 3831 lam
1895 3774 2170 3831 societatis
2193 3775 2259 3828 ad
2288 3788 2438 3828 mare
2463 3788 2844 3843 quamcunque
2870 3774 3041 3827 semel
3067 3777 3355 3843 acceperit.

1761 3863 1899 3934 Ergo
1931 3863 2187 3918 malinam
2217 3864 2459 3932 quinque
2487 3862 2597 3916 fere
2626 3869 2753 3916 ante
2781 3876 2975 3915 novam
3006 3864 3121 3918 sive
3147 3864 3361 3934 plenam

1762 3956 1942 4009 lunam
1971 3954 2186 4021 diebus,
2206 3953 2455 4007 ledonem
2479 3950 2703 4005 tetidem
2732 3959 2859 4005 ante
2876 3950 3146 4007 dividuam
3169 3955 3364 4025 saepius

1762 4046 2001 4115 incipere
2030 4043 2429 4113 comperimus,
2464 4049 2520 4095 et
2572 4042 2716 4096 circa
2756 4042 3079 4109 :nquinoctia
3106 4044 3213 4099 duo
3243 4060 3364 4099 ma-

1758 4138 1907 4207 jores
1935 4138 2097 4193 solito
2124 4143 2287 4190 mstus
2328 4133 2648 4202 adsurgere,
2679 4132 2868 4188 inanes
2896 4148 3027 4188 vero
3055 4134 3243 4188 bruma
3261 4175 3275 4199 ,
3307 4144 3366 4190 et

1763 4231 1935 4297 magis
1952 4228 2206 4292 solstitio,
2223 4238 2545 4295 semperque
2568 4224 2691 4276 luna
2716 4223 2767 4276 in
2788 4222 3071 4290 Aquilonia
3085 4231 3141 4276 et
3155 4238 3184 4276 a
3207 4225 3363 4279 terris

1764 4318 1977 4387 longius
2006 4317 2319 4380 recedente,
2351 4314 2615 4374 mitiores,
2641 4326 2801 4379 quam
2826 4326 2946 4365 cum
2978 4310 3029 4365 in
3060 4311 3260 4367 Austro
3282 4312 3363 4367 di-

1762 4423 1943 4477 gressa
1974 4406 2259 4477 propriore
2288 4402 2413 4457 nisu
2442 4402 2548 4455 vim
2579 4416 2732 4455 suam
2766 4409 3024 4468 exercet,
3066 4410 3228 4456 aastus
3265 4403 3362 4459 ad-

1767 4496 1969 4565 ﬂuere,
2020 4493 2279 4550 naturalis
2326 4491 2463 4546 ratio
2503 4490 2667 4557 cogit.
2723 4486 2823 4543 Per
2868 4490 3039 4546 denos
3081 4500 3259 4546 autem
3309 4503 3365 4548 et

1767 4602 2010 4641 novenos
2039 4598 2231 4644 annos,
2260 4582 2412 4651 juxta
2443 4579 2645 4634 lunaris
2675 4579 2861 4634 circuli
2904 4580 3167 4644 ordinem,
3200 4582 3363 4636 etiam

1766 4677 1928 4729 maris
1957 4688 2145 4730 cursus
2185 4670 2249 4725 ad
2279 4671 2542 4741 principia
2572 4678 2751 4724 motus
2780 4678 2835 4723 et
2862 4670 3009 4739 paria
3036 4669 3362 4726 incrementa

1764 4767 2012 4821 recurrit.

2342 4846 2573 4903 CAPUT
2613 4846 2775 4905 XXX.

2165 4949 2241 5004 De
2271 4950 2590 5019 a'quinoctiis
2619 4959 2667 5003 et
2702 4952 2954 5007 solstitiis.

1840 5068 1915 5123 De
1931 5065 2287 5135 a‘quiuoctiis,
2310 5062 2454 5133 quod
2481 5071 2674 5118 octavo
2696 5063 3049 5118 Calendarum
3077 5065 3351 5136 Aprilium,

1767 5171 1822 5217 et
1868 5170 2061 5215 octavo
2078 5156 2448 5250 Falendarum
2489 5154 2835 5221 Octobrium,
2887 5165 2941 5210 et
2980 5156 3047 5210 de
3096 5157 3352 5225 solstitiis,

1768 5251 1911 5323 quod
1942 5242 2133 5304 octavo
2156 5246 2515 5301 Calendarum
2544 5245 2836 5310 Iuliarum,
2870 5253 2924 5298 et
2953 5253 3146 5299 octavo
3165 5242 3351 5298 Calen-

1323 5360 1613 5422 ϐιοδεῶ
1656 5368 1742 5423 ΕΤ
1778 5362 2107 5422 SCIIOLIA-

716 5470 887 5510 CAPUT
918 5470 1041 5508 XXX.

129 5523 280 5577 Bntn.
303 5523 520 5579 ﬂauas.
538 5523 1105 5579 Gt.ossrc.—Solstitia
1121 5531 1175 5578 et
1188 5524 1510 5591 :cquinoctia
1534 5526 1657 5581 bina

60 5604 342 5659 putantur.
377 5608 581 5648 octavo
610 5593 971 5649 KalendJan.
1000 5607 1051 5649 et
1074 5592 1219 5657 Julii,
1258 5594 1565 5663 Aprilisque
1605 5607 1659 5651 et

57 5664 254 5718 Octob.
295 5664 564 5727 insumit.
609 5666 663 5715 in
712 5666 951 5721 partibus
981 5663 1297 5731 Capricorni
1342 5672 1398 5717 et
1437 5664 1655 5731 Cancri,

62 5734 261 5790 Arietis
288 5746 349 5789 et
379 5732 580 5786 Librae.
601 5732 707 5786 Sed
727 5732 1123 5801 aequinoctialis
1144 5733 1259 5789 dies
1286 5735 1429 5788 omni
1459 5738 1658 5791 mundo

60 5804 284 5873 niuatis
312 5812 426 5858 est.
458 5801 623 5855 Vario
654 5810 825 5854 autem
863 5803 991 5859 lucis
1037 5806 1350 5861 incremento
1388 5805 1441 5859 in
1484 5804 1661 5861 Meroe

360 5896 646 5956 Panos.
694 5894 824 5955 XC.

1770 5456 2102 5521 longissimus
2128 5452 2236 5503 dies
2263 5450 2537 5521 duodecim
2566 5450 2721 5502 horas
2753 5448 3140 5521 a’quinoctiales
3169 5457 3219 5502 et
3240 5457 3354 5502 octo

1765 5516 2115 5597 parterunius
2143 5523 2286 5597 (rora
2310 5520 2550 5597 colligit,-
2578 5516 2910 5597 ᾼιεπςιηςζὶῆίε
2952 5536 3066 5597 vero
3111 5527 3351 5597 quatuor-

1768 5589 1929 5649 derim
1948 5595 2121 5654 horas,
2141 5593 2192 5643 in
2213 5589 2237 5643 I
2248 5590 2373 5643 talin
2394 5589 2686 5654 duodecim,
2704 5592 2755 5643 in
2777 5589 3051 5642 Britannia
3068 5590 3353 5655 septemde-

1767 5668 1901 5727 cim;
1926 5664 2013 5717 ubi
2042 5670 2221 5716 (estate
2251 5660 2438 5714 lucida:
2466 5671 2638 5714 noctes
2670 5662 2806 5712 haud
2835 5659 2986 5713 dubie
3015 5666 3267 5727 testantur
3293 5655 3350 5708 id

1767 5726 1903 5807 quod
1947 5736 2080 5804 cogit
2112 5733 2267 5807 gratio
2306 5732 2471 5807 credi,
2496 5731 2704 5807 solstitii
2731 5731 2925 5807 diebus
2950 5726 3219 5807 accedente
3245 5728 3354 5807 sole

1768 5794 1979 5876 propius
1997 5794 2180 5859 uertice
2203 5802 2381 5859 mundi
2403 5794 2622 5873 angusto
2641 5800 2767 5852 lucis
2792 5798 2982 5850 ambitu
3001 5794 3228 5869 subjecta
3252 5804 3353 5849 ter-

2881 5887 2952 5948 1'4
