3842 6242
71 410 159 462 I35
1248 398 1333 450 DE
1372 396 1751 451 'I'EIIPOIIUM
1796 394 2119 452 IIA'IIONE.

3234 389 3335 440 43f

70 518 144 569 )iIl
190 517 349 570 horas
377 512 801 581 :equinoctiales,
832 518 886 563 et
916 506 1023 571 VIII
1065 517 1245 577 partes
1296 508 1453 561 unius
1483 507 1629 561 hora:
1664 512 1708 569 Α
1738 497 1867 561 bere
1892 507 2037 561 senis
2061 504 2353 569 mensibus,
2392 512 2688 572 noctesque
2712 519 2742 557 e
2765 502 2980 557 diverso
2999 502 3062 556 ad
3086 502 3329 556 brumam

68 605 289 671 colligat,
322 601 672 656 Alexandriae
702 616 821 654 vero
866 596 1002 652 XIIII
1032 600 1210 663 horas,
1242 597 1292 652 in
1325 596 1477 651 Italia
1512 596 1630 663 XV,

69 700 115 749 in
144 694 407 749 Britannia
435 690 599 757 XVII,
627 692 713 747 ubi
741 699 923 746 :estate
948 688 1137 745 lucidas
1159 696 1347 743 noctes
1376 688 1516 742 haud
1538 688 1639 742 du-

71 787 146 839 bie
181 784 566 855 repromittunt
595 782 649 837 id
682 782 821 853 quod
847 781 991 849 cogit
1027 780 1165 835 ratio
1194 779 1378 845 credi,
1422 780 1639 834 solstitii

69 875 243 928 diebus
270 873 571 929 accedente
597 870 711 926 sole
737 871 957 943 prepius
981 870 1241 925 verticem
1268 868 1492 935 mundi,
1544 884 1643 923 an-

70 973 210 1030 gusto
239 964 375 1018 lucis
401 963 608 1017 ambitu
635 959 875 1029 subjecta
907 968 1063 1013 terra:
1088 960 1374 1013 continuos
1400 958 1516 1014 dies
1545 958 1643 1012 ha-

1741 605 1970 652 remoto.
2026 596 2179 662 Quod
2212 594 2325 650 fleri
2375 596 2426 648 in
2460 593 2634 649 Insula
2666 592 2840 648 Thule
2890 591 3110 664 Pythias
3140 590 3331 646 Massi-

1741 688 1924 744 liensis
1952 691 2157 753 scribit,
2194 687 2259 743 Vl
2288 688 2497 743 dierqu
2530 688 2874 756 navigatione
2906 687 2957 741 in
2990 685 3332 755 Septentrio-

1744 796 1866 834 nem
1890 796 1920 835 a
1942 779 2217 834 Britannia
2239 779 2492 835 distante.
2508 798 2525 831 ι
2548 777 2674 832 Ilzec
2699 778 2766 833 de
2787 776 3122 847 longitudine
3133 778 3333 855 dispari

1744 870 2102 924 solstitialiuzn
2150 871 2359 925 dierum
2391 867 2592 925 Plinius
2623 868 2947 934 iutexendo,
2989 869 3153 923 etiam
3200 868 3332 922 bru-

1747 961 1967 1015 malium
2011 961 2217 1017 dierum
2260 976 2379 1031 qua:
2422 961 2492 1017 sit
2527 961 2579 1015 in
2610 960 2851 1032 partibus
2887 959 3167 1030 longitudo
3206 961 3335 1016 sub-

1306 1113 1344 1167 (ἶ
1357 1115 1591 1170 LOSS/E
1630 1116 1714 1172 ET
1753 1115 2066 1173 SCIIOLIA.

73 1252 212 1317 rique
264 1250 421 1313 fecit,
473 1258 687 1317 quanta:
758 1256 900 1303 esset
980 1247 1358 1317 longitudinis;
1430 1256 1485 1301 et
1557 1249 1636 1303 sic

73 1267 212 1317 rique
264 1267 421 1313 leCII,
513 1267 687 1303 uanue
758 1267 900 1303 esset
981 1267 1358 1316 IDIIgtllltlllllS;
1430 1267 1485 1301 et
1557 1267 1636 1303 διο

72 1322 320 1389 cornperit
366 1267 513 1389 (μιοὲ
557 1320 697 1374 ultra
745 1320 1036 1388 quingenta
1097 1316 1298 1379 stadia,
1355 1317 1421 1389 ad
1482 1318 1637 1389 uilius

74 1386 402 1459 longitudinis
474 1405 707 1457 gnomon
764 1386 949 1459 umbra
994 1402 1109 1459 non
1157 1386 1452 1459 respondit.
1511 1386 1636 1459 Sta-

72 1456 203 1513 dium
222 1459 408 1514 Graeca
431 1470 512 1514 est
529 1472 798 1513 mensura.
824 1456 1096 1511 Etdicitur
1115 1457 1347 1510 stadium
1366 1471 1395 1508 a
1424 1457 1636 1515 stando.

75 1546 135 1583 eo
162 1531 300 1596 quod
357 1531 426 1585 ibi
479 1528 736 1583 Hercules
777 1542 884 1583 uno
928 1526 1172 1596 anhelitu
1225 1541 1449 1581 currens
1500 1541 1640 1580 cxxv

74 1594 249 1678 passas
266 1602 497 1678 steterit.
532 1600 647 1664 Qua
669 1611 920 1678 mensura
945 1594 1117 1678 Graeci
1140 1596 1501 1678 metiebantur
1520 1596 1642 1650 loca

1743 1250 1961 1314 dianas;
1994 1250 2212 1318 reliquae
2251 1250 2392 1303 enim
2442 1249 2825 1318 negliguntur,
2870 1250 2970 1304 nisi
3026 1251 3333 1306 umbrarum

1746 1320 2072 1374 incrementa
2095 1321 2373 1373 tradantur
2422 1334 2518 1387 per
2545 1321 2782 1386 singulas
2807 1319 2913 1373 diei
2945 1320 3124 1384 horas,
3160 1331 3218 1376 ut
3277 1324 3335 1375 lit

1745 1388 1883 1458 apud
1910 1390 2201 1457 scriptorcs
2230 1404 2408 1443 rerum
2434 1388 2772 1459 rusticarum.
2807 1388 2874 1441 Et
2915 1404 3014 1445 nos
3037 1405 3253 1459 quoque
3282 1393 3333 1444 iu

1747 1460 1847 1514 hoc
1879 1459 1998 1513 loco
2043 1460 2150 1512 tale
2199 1458 2414 1513 schema
2444 1458 2812 1526 subjiciemus,
2861 1460 3005 1526 quod
3035 1458 3336 1527 reperimus

1750 1530 1802 1583 in
1834 1529 2376 1601 exemplariscripto.
2416 1528 2611 1583 Verum
2663 1528 2971 1601 umbrarum
2991 1532 3160 1601 ratio,
3215 1546 3333 1601 qum

1751 1600 2066 1668 gnomonica
2098 1598 2309 1661 dicitur,
2348 1598 2397 1651 in
2429 1599 2841 1667 cosmograpliia
2869 1599 3192 1654 meridianas
3219 1598 3333 1654 um-

75 1666 120 1721 in
148 1671 337 1740 quibus
369 1669 523 1740 ludos
577 1668 902 1740 exercebant
926 1704 955 1740 ,_
994 1666 1173 1740 ibique
1216 1666 1473 1740 ludentes
1523 1682 1648 1736 spa-
1685 1682 1725 1740 Β
1754 1666 1877 1740 bras
1932 1668 2196 1740 intelligit,
2229 1676 2289 1721 ut
2336 1668 2625 1722 Germania
2673 1668 3087 1740 semperhabet
3121 1669 3337 1725 umbras

73 1734 260 1801 tiando,
292 1749 353 1793 et
375 1738 577 1792 ludicra
605 1736 906 1792 exercendo
926 1734 1361 1789 deambulabant.

135 1808 280 1863 Jom.
316 1807 453 1862 Nov.
485 1809 818 1861 Scuoua.——
846 1804 1099 1875 Equidem
1116 1806 1485 1874 equinoctialis
1516 1806 1646 1859 dies.

74 1876 481 1945 Equinoctialis
493 1876 610 1930 dies
623 1892 781 1944 quem
796 1876 877 1931 sol
894 1876 1019 1929 facit
1033 1878 1131 1945 sub
1143 1875 1501 1945 aequinoctiali
1541 1877 1649 1929 cir-

70 1944 544 2015 culocurrens,qui
572 1962 715 2002 exeo
746 1961 944 2001 nomen
971 1944 1153 2015 habet,
1172 1944 1653 2015 quodnoctesdie-

72 2016 162 2069 bus
175 2025 375 2084 aquat,
392 2014 847 2085 quemadmodum
868 2014 1224 2085 etmquidialis
1236 2014 1423 2085 eadem
1440 2015 1651 2085 ratione

70 2086 203 2153 quod
216 2087 332 2140 dies
349 2083 507 2139 faciat
526 2086 773 2140 noctibus
789 2100 960 2153 pares.
973 2083 1430 2148 Quemadmodum
1446 2094 1498 2137 et
1511 2083 1650 2152 apud

71 2156 279 2210 Grazcos
300 2158 592 2231 ἱσημὲρινος
614 2160 956 2231 ε-ιμίιῖονειξκτιᾳς
967 2154 1177 2231 (ὶίςὶίιιινἔ
1197 2153 1367 2231 Diciltt
1378 2171 1397 2204 r
1412 2162 1465 2206 et
1476 2168 1653 2231 aequa-

78 2237 175 2291 tor,
190 2222 480 2296 prepterea
508 2226 651 2296 quod
670 2227 755 2280 hic
766 2225 999 2296 circulus
1022 2224 1072 2275 in
1094 2222 1650 2296 sphaerasicordina-

76 2305 173 2365 tur,
192 2292 247 2347 ut
272 2292 307 2348 εἱ
327 2296 469 2364 polis
483 2292 847 2365 afquidistans,
868 2294 1170 2365 universam
1189 2292 1389 2365 dividat
1406 2293 1457 2365 in
1474 2301 1653 2362 partes

70 2364 195 2417 duas
218 2362 476 2432 mutiles.
506 2362 603 2418 llic
624 2379 745 2418 cum
778 2364 952 2417 medio
979 2362 1153 2431 spatio
1175 2362 1244 2415 sit
1265 2364 1402 2416 inter
1422 2362 1652 2430 Septen-

73 2433 266 2486 triones
297 2444 353 2487 rt
375 2436 620 2495 Austros,
644 2448 867 2488 necesse
887 2441 971 2486 est
996 2432 1242 2486 omnibus
1269 2432 1515 2497 gentibus
1537 2440 1654 2483 tan-

73 2502 298 2555 tumdem
332 2502 467 2555 lucis
499 2502 632 2565 fieri,
689 2504 805 2557 sole
830 2504 1097 2555 existente
1142 2502 1241 2552 sub
1281 2501 1383 2553 hoc
1429 2500 1650 2563 circulo,

71 2578 120 2648 ut
152 2580 369 2648 constat
390 2571 701 2648 ex_sph:e_r:e
719 2570 1163 2648 conversionibus
1183 2569 1325 2648 apud
1356 2568 1649 2648 Euclidem.

69 2640 193 2693 Cum
218 2641 354 2694 vero
402 2640 483 2695 sol
507 2649 590 2694 est
616 2641 670 2695 in
724 2641 963 2708 partibus
995 2639 1395 2707 signiferi,qu;e
1449 2641 1514 2693 ad
1560 2654 1655 2692 au-

68 2718 230 2764 strum
262 2720 514 2777 vergunt,
547 2710 636 2764 lux
696 2711 851 2765 nobis
882 2718 965 2764 est
992 2709 1225 2771 brevior,
1271 2709 1479 2775 longior
1527 2723 1655 2762 vero

68 2794 187 2839 nox,
215 2780 673 2850 quemadmodum
723 2790 911 2834 contra
938 2780 1015 2843 tlt,
1056 2778 1279 2850 quando
1310 2778 1452 2850 idem
1509 2778 1655 2850 sidus

69 2858 145 2918 est
186 2847 249 2902 in'
282 2850 368 2902 his
403 2849 645 2918 partibus
672 2851 815 2913 coeli,
856 2864 976 2918 qua:
1020 2848 1152 2918 citra
1202 2847 1652 2918 aequinoctialem,

65 2917 206 2982 juxta
240 2916 506 2973 verticem
538 2928 779 2975 nostrum
803 2916 944 2973 sunt.
972 2917 1049 2972 Ex
1067 2916 1169 2970 hac
1184 2917 1391 2970 diversa
1413 2917 1542 2971 solis
1561 2932 1653 2969 su-

70 2987 325 3041 blimitate
343 2989 587 3052 sequitur
598 2997 653 3042 et
672 2989 976 3042 umbrarum
990 2987 1288 3039 diversitas.
1314 2986 1445 3039 Nam
1464 2984 1651 3039 humili

69 3057 192 3117 sole,
212 3057 666 3125 quemadmodum
686 3056 744 3109 fit
764 3058 888 3110 dum
905 3055 1295 3110 terrisvicinior
1310 3064 1410 3120 est,
1428 3055 1652 3123 prolixrc

66 3134 180 3177 sunt
207 3141 503 3196 corporum
536 3126 755 3196 umbrge,
781 3135 836 3181 et
881 3125 1093 3181 sublimi
1130 3126 1341 3196 breves,
1390 3126 1554 3196 veluti
1598 3126 1652 3179 in

67 3194 566 3269 meridie.‘qu:e_res
595 3195 926 3269 probationis
947 3198 1053 3269 non
1082 3202 1223 3269 eget.
1254 3194 1453 3249 Verum
1479 3194 1651 3269 scien—
1682 3210 1725 3269 ο
1759 3194 1825 3269 de
1846 3210 1915 3269 re
1968 3196 2186 3269 rustica.

66 3264 185 3334 dum
224 3272 315 3319 est
370 3264 661 3334 scriptores
718 3265 934 3332 quando
974 3266 1042 3319 de
1088 3264 1394 3317 umbrarum
1436 3264 1646 3334 ratione

68 3332 380 3404 loquuntur,
433 3332 645 3405 semper
672 3333 1043 3403 intelligendas
1070 3346 1191 3388 esse
1221 3333 1435 3387 umbras
1482 3332 1647 3387 meri-

1754 1738 1991 1803 dextras,
2016 1738 2064 1791 id
2095 1746 2194 1803 est,
2222 1753 2407 1791 versus
2451 1737 2847 1807 septentriones
2894 1738 3152 1805 jacentes.
3200 1739 3334 1807 Sep-

1753 1808 1948 1862 tentrio
2006 1823 2236 1874 namque
2268 1808 2405 1875 apud
2438 1816 2623 1875 poetas
2653 1806 2843 1871 dextra
2874 1822 2996 1875 pars
3018 1808 3198 1863 mundi
3232 1806 3334 1874 est,

1752 1878 2117 1933 vertuntenim
2136 1874 2321 1932 faciem
2338 1877 2400 1931 ad
2418 1874 2685 1931 occasum.
2707 1874 2885 1945 Atque
2904 1880 2955 1930 in
2971 1877 3087 1946 ipso
3110 1879 3337 1933 meridie

1752 1948 1832 2000 sol
1856 1948 2112 2017 existens.
2154 1963 2260 2001 non
2303 1962 2515 2017 semper
2544 1950 2783 2017 eamdem
2826 1946 2984 2017 habet
3032 1948 3339 2001 sublimita-

1754 2025 1882 2083 tem,
1908 2032 2026 2069 nam
2053 2016 2276 2070 hiberno
2300 2016 2542 2085 tempore
2566 2016 2780 2070 humilis
2810 2024 2891 2069 est
2917 2016 3078 2070 etiam
3101 2018 3152 2069 in
3185 2017 3342 2070 meri-

1752 2085 1857 2149 die,
1887 2094 2069 2139 cestate
2097 2101 2224 2139 vero
2254 2086 2515 2148 sublimis,
2561 2094 2615 2138 et
2662 2086 2887 2153 singulis
2932 2085 3123 2139 diebus
3175 2086 3335 2140 aliam

1752 2157 1914 2208 habet
1966 2154 2273 2209 meridiana:
2304 2155 2436 2209 lucis
2467 2154 2821 2208 altitudinem.
2859 2153 2995 2210 liinc
3025 2156 3183 2221 igitur
3217 2164 3337 2209 Um-

1752 2224 1969 2283 brarum
1991 2226 2225 2278 varietas
2251 2226 2448 2287 oritur;
2491 2233 2545 2276 at
2586 2224 2673 2291 qui
2696 2223 2890 2277 eruditi
2936 2225 3179 2278 homines
3227 2234 3339 2280 toto

1754 2310 1895 2347 anno
1952 2303 2058 2347 tres
2096 2295 2359 2347 duntaxat
2406 2294 2620 2347 umbras
2668 2294 2975 2358 observant,
3020 2293 3333 2358 brumalem,

1753 2364 2203 2431 aequinoctialem,
2226 2371 2279 2417 et
2299 2364 2561 2427 mstivam,
2588 2362 2747 2432 idque
2770 2363 2995 2417 diversis
3024 2364 3074 2416 in
3106 2364 3339 2431 regioni-

1754 2433 1878 2493 bus:
1914 2448 2033 2485 nam
2057 2448 2179 2486 cum
2202 2433 2287 2486 die
2314 2432 2554 2499 quolibet
2575 2433 2655 2484 sol
2705 2432 3029 2485 meridianus
3075 2433 3234 2485 altior
3282 2435 3344 2484 tit

1756 2500 1959 2570 Romae,
1994 2516 2153 2570 quam
2182 2501 2372 2554 eodem
2404 2502 2488 2553 die
2517 2500 2774 2562 Colouim,
2824 2509 2916 2552 aut
2956 2501 3008 2553 in
3069 2501 3341 2555 Britannia

1756 2568 1987 2624 efﬁcitur
2012 2568 2075 2622 ut
2105 2570 2293 2623 eodem
2328 2581 2568 2637 tempore
2593 2570 2795 2623 umbra:
2821 2571 3122 2636 gnomonis,
3153 2570 3202 2623 id
3233 2581 3339 2634 εει,

1757 2640 2156 2709 magnitudinis,
2190 2640 2341 2693 verbi
2373 2640 2561 2707 gratia,
2594 2639 2779 2693 decem
2811 2640 3002 2709 pedum
3030 2640 3095 2693 ad
3114 2656 3337 2709 perpen-

1759 2707 1995 2763 diculum
2027 2720 2241 2771 erectae,
2275 2708 2553 2763 breviores
2601 2709 2709 2763 sint
2739 2707 2959 2773 umbrae,
2995 2707 3155 2778 quam
3180 2710 3339 2764 Colo-

1759 2778 1879 2841 niae,
1910 2780 2146 2833 Colonia:
2195 2779 2493 2845 breviores,
2542 2793 2702 2846 quam
2742 2778 2794 2832 in
2846 2778 3141 2833 Britannia.
3191 2779 3338 2833 Hauc

1758 2849 2134 2916 gnomonicam
2212 2848 2477 2902 rationem
2530 2848 2904 2917 cosmographi
2979 2848 3237 2912 tradunt,
3289 2858 3345 2901 ut

1760 2918 1915 2990 istinc
1942 2920 2221 2990 regionum
2252 2920 2315 2971 ad
2345 2918 2465 2990 ςαξιί
2490 2926 2670 2986 partes
2702 2920 2976 2990 possimus
2991 2919 3124 2990 situs
3149 2918 3343 2990 deprc-

1761 2986 2015 3041 hendere.
2049 2988 2165 3041 Alia
2198 2997 2279 3042 est
2306 2986 2787 3041 umbrarum-ratio
2819 3002 2914 3055 per
2934 2986 3174 3052 singulos
3204 2986 3341 3051 dies,

1761 3064 1816 3110 et
1846 3057 2026 3122 horas,
2071 3058 2210 3111 unde
2259 3059 2307 3109 in
2340 3057 2481 3122 agris
2512 3057 2776 3117 homines,
2829 3066 3065 3123 tempora
3122 3066 3177 3108 et
3229 3069 3343 3109 mo-

1762 3135 1941 3179 menta
1996 3125 2443 3194 deprehendunt:
2475 3139 2594 3179 eam
2643 3125 2858 3194 tradunt
2884 3124 2973 3194 qui
3018 3125 3347 3192 scripserunt

2264 3194 2475 3262 Subjeci
2500 3194 2715 3249 schema
2757 3192 2894 3263 unde
2944 3192 3345 3263 deprehendere

1758 3264 1913 3317 facile
1936 3264 2103 3331 possis
2136 3264 2446 3318 umbrarum
2478 3264 2761 3323 rationem.
2804 3262 2897 3317 Est
2920 3262 3098 3319 autem
3125 3277 3344 3319 accom-

1753 3334 2025 3388 modatum
2049 3332 2114 3387 ad
2142 3335 2304 3388 situm
2324 3333 2559 3389 Colonia:
2590 3332 2912 3404 Agrippini».

1026 3668 1230 3722 Umbra'
1250 3686 1578 3739 gnomonum,
1612 3668 1787 3740 quales
1809 3678 1927 3723 sunt
1948 3668 2177 3728 Colonia:
2194 3670 2493 3740 Agrippini:

437 4769 475 4817 Β
778 4770 813 4820 C
1148 4773 1192 4822 D

140 5158 389 5214 Gnomon
420 5160 505 5208 est
524 5152 570 5207 Α
592 5152 654 5218 Β,
680 5152 881 5210 divisus
903 5168 997 5220 per
1023 5154 1186 5224 pedes
1202 5170 1298 5220 Lx;
1329 5155 1412 5209 sol
1439 5155 1657 5211 aestivus
1685 5160 1736 5220 1)
1762 5128 1998 5224 quatuor
2025 5156 2151 5215 facit
2172 5159 2413 5215 locorum
2442 5159 2772 5216 discrimina.
2802 5158 2985 5214 ’Δσκια
3039 5156 3181 5212 enim
3227 5154 3346 5215 loca

68 5227 147 5291 ll;
178 5226 366 5281 umbra
396 5239 427 5278 a
454 5232 719 5293 contactu
734 5224 1018 5293 gnomonis
1054 5224 1238 5293 mstiva
1289 5225 1329 5279 Β
1351 5224 1392 5279 C
1411 5267 1426 5291 ,
1458 5224 1653 5293 pedum

68 5310 199 5350 χιιι
225 5309 350 5350 cum
382 5293 599 5347 triente.
631 5291 725 5346 Sol
747 5292 1139 5360 aequinoctialis
1166 5291 1246 5357 G;
1301 5291 1488 5349 umbra
1522 5307 1659 5357 gno-

66 5361 388 5433 inanisBD,
420 5364 619 5433 pedum
648 5376 789 5433 l._xxv
828 5370 881 5433 et
924 5361 1118 5425 semis;
1160 5361 1415 5433 hibernus
1469 5363 1550 5417 sol
1588 5361 1658 5433 ξς

68 5432 257 5486 umbra
285 5429 575 5498 gnomonis
595 5432 638 5486 Β
658 5429 721 5494 E,
760 5430 953 5499 pedum
981 5446 1171 5486 ccxxrx
1204 5446 1324 5484 cum
1371 5432 1547 5487 besse.
1603 5429 1663 5485 In

64 5501 191 5571 aliis
224 5500 447 5556 diversa
476 5502 616 5571 ratio
640 5511 754 5565 est;
784 5516 907 5555 nam
930 5501 975 5556 si
1005 5500 1225 5571 propius
1264 5501 1347 5571 ad
1380 5500 1663 5555 meridiem

68 5569 349 5635 inclinant,
396 5569 523 5638 quia
548 5569 620 5624 ibi
648 5571 731 5625 sol
757 5568 1039 5626 sublimior
1059 5568 1142 5625 e'st
1162 5568 1513 5637 meridianus,
1536 5586 1657 5625 um-

68 5639 182 5693 brae
204 5648 332 5719 sunt
358 5640 637 5719 breviores
676 5640 722 5695 si
742 5640 811 5695 ad
836 5639 1261 5710 Septentriones,
1293 5641 1483 5695 relicto
1510 5640 1623 5696 sole
1643 5680 1659 5707 ,

66 5718 322 5777 crescunt
346 5718 550 5764 statim.
1170 5771 1176 5777 .

144 5776 293 5833 [inde
317 5788 366 5833 τι
395 5777 571 5837 ineo;
598 5780 838 5834 dicuntur
860 5779 1057 5838 (ἔνατος.
1088 5776 1411 5836 Umbrarum
1432 5776 1665 5836 varietas

1762 5234 1888 5298 sunt
1907 5228 2099 5298 quibus
2117 5229 2199 5285 sol
2227 5228 2517 5298 aliquando
2567 5230 2625 5282 Iit
2655 5230 2705 5282 in
2747 5228 2967 5294 vertice,
3014 5227 3065 5282 id
3113 5237 3216 5293 est,
3258 5226 3349 5283 ubi

1762 5296 2015 5367 solsupra
2037 5296 2420 5354 ambulantium
2446 5299 2620 5366 capita
2646 5298 2850 5354 directe
2879 5312 2944 5351 ex
2968 5298 3349 5367 perpendiculo

1766 5367 1988 5436 pendet,
2012 5368 2155 5437 quod
2183 5370 2307 5422 dum
2337 5368 2415 5430 fit,
2440 5367 2657 5421 umbras
2680 5367 3021 5422 manifestum
3070 5376 3153 5437 est
3189 5367 3348 5437 abso:

1766 5433 1862 5507 ini,
1876 5444 1933 5493 et
1954 5433 2344 5507 magnitudines
2361 5444 2577 5507 erectas
2600 5438 3017 5507 circumquaque
3041 5433 3353 5507 collustrari

1767 5505 1903 5562 sole.
1938 5503 2138 5562 Horum
2164 5507 2405 5562 locorum
2459 5506 2515 5562 in
2540 5503 2752 5578 Europa
2807 5503 2891 5564 est
2931 5503 3088 5567 nihil,
3136 5505 3193 5558 in
3224 5503 3353 5559 Asia

3138 5584 3347 5627 tantum

1852 5706 2089 5783 Varoque
2115 5710 2403 5783 horoscopi.
2436 5711 2593 5783 Apud
2616 5710 2842 5783 Plinium
2884 5724 2989 5763 non
3006 5703 3347 5783 _horoseopi,

1770 5792 1869 5836 seu
1899 5781 2196 5851 appositivc
2226 5778 2418 5852 legitur
2464 5778 2590 5839 v'asa
2643 5782 2960 5850 horoscopa.
3004 5778 3141 5835 Sunt
3169 5786 3358 5859 autem.
