3842 6242
98 412 183 466 ιιι
1265 401 1351 453 DE
1390 393 1773 452 TEMPORUM
1817 392 2137 447 RATIONE.
3254 386 3356 442 illi

99 528 265 581 eadem
291 525 429 579 linea
464 519 685 592 positis,
712 532 808 587 per
835 524 1000 573 totum
1028 528 1227 581 annum
1258 511 1522 568 vertentis
1548 510 1655 565 cir-
1690 519 1733 575 Α
1764 516 1921 562 terra:
1968 506 2105 559 latus
2136 506 2477 570 inhabitant,
2509 511 2635 558 ante
2678 500 2861 557 oriens
2902 499 3032 561 adit,
3065 498 3160 553 sed
3188 500 3360 553 serius

97 619 276 675 coitum
294 660 307 683 ,
337 629 449 669 uno
464 588 789 680 “eodemque
814 608 1066 679 temporis
1093 612 1293 677 puncto
1772 598 1993 654 dimittit
2019 596 2270 651 occidens
2297 636 2311 659 ,
2340 610 2501 665 quam
2528 611 2644 660 nos,
2677 593 2769 663 qui
2811 591 2877 646 ad
2921 588 3363 659 Septentrionem

1770 692 1956 764 positi,
1989 688 2152 757 globo
2183 694 2448 740 terrarum
2472 688 2723 741 obstante
2742 725 2756 749 ,
2788 680 2994 737 tardius
3021 679 3137 748 ejus
3163 688 3366 743 ortum,

1771 781 1868 838 sed
1920 780 2077 835 citius
2125 776 2382 829 sortimur
2430 791 2703 829 occasum.
2758 774 2826 829 At
2875 779 3065 829 contra
3119 771 3258 825 idem
3311 771 3367 825 in

1768 874 1957 929 :estivo
1987 872 2186 938 degens
2216 865 2417 920 circulo
2442 906 2457 934 ,
2491 866 2659 920 multo
2689 867 2845 922 nobis
2889 864 2981 935 qui
3025 862 3126 917 sub
3172 862 3364 915 eodem

1770 967 2078 1021 habitamus
2116 971 2241 1016 ante
2271 966 2422 1014 ortus
2450 966 2694 1026 apparet,
2728 959 2897 1012 multo
2920 958 3121 1012 diutius
3150 955 3367 1009 videtur

1772 1070 2085 1118 occasurus,
2111 1067 2271 1123 quam
2294 1050 2372 1107 eis
2398 1048 2487 1119 qui
2512 1048 2565 1103 in
2585 1047 2882 1102 meridiano
2908 1059 3064 1103 teme
3091 1049 3210 1104 sinu
3234 1062 3365 1102 cono

262 755 342 805 Sol
365 754 590 804 medium
614 752 724 804 cceli
750 750 1044 802 conscendat
1068 748 1245 807 igneus
1264 743 1455 793 orbari.

158 880 259 935 Nec
285 888 464 935 tamen
494 879 687 935 eodem
728 875 970 943 utrisque
998 880 1200 941 puncto
1226 869 1311 924 vel
1338 870 1469 925 hora
1516 872 1660 925 oria-

99 982 193 1038 tur,
234 983 321 1028 aut
348 972 585 1037 occidat,
614 970 710 1025 sed
741 982 861 1021 cum
892 966 1100 1035 plagam
1143 965 1311 1018 austri
1338 965 1663 1020 circumiens

101 1066 317 1135 hyberno
347 1074 595 1131 tempore
639 1057 983 1127 pervehitur,
1014 1070 1111 1112 eos
1158 1056 1254 1125 qui
1301 1056 1660 1111 meridianum

1346 1190 1637 1249 GLOSSE
1682 1188 1770 1243 ET
1808 1189 2121 1245 SCllOLlA.

101 1328 188 1381 est,
220 1328 317 1383 quo
368 1312 562 1367 malum
596 1312 922 1383 coptinetur.
982 1308 1132 1364 Unde
1183 1318 1236 1383 et
1283 1306 1487 1383 Ennius
1519 1303 1672 1383 :‘Vix

99 1373 255 1442 solum
283 1384 621 1451 complevere
653 1381 847 1444 Eoum,
873 1396 993 1435 cum
1018 1379 1320 1434 terroribus
1347 1376 1489 1451 coeli.
1523 1373 1673 1451 A__xis,

100 1467 173 1511 cst
190 1443 629 1523 Septentrionalis
649 1453 789 1523 linea
812 1458 984 1523 recta,
1006 1464 1122 1523 qua;
1145 1464 1191 1523 pr
1286 1444 1492 1523 ‘iediam
1513 1443 1675 1523 pilam

98 1515 526 1596 aphaarietendit;
557 1531 617 1596 et_
643 1521 785 1596 dicta
816 1520 951 1596 axis,
980 1515 1122 1596 quod
1144 1593 1151 1596 _
1173 1520 1222 1567 in
1258 1536 1318 1567 ta
1360 1515 1569 1596 sphm‘ra
1618 1520 1676 1565 ut

99 1582 203 1651 rota
234 1594 479 1656 volvitur,
515 1582 619 1645 'vel
673 1590 798 1657 quia
853 1587 924 1640 ibi
984 1582 1278 1657 plaustrum
1309 1594 1423 1657 est.
1476 1582 1670 1657 Clima,

100 1664 249 1721 cardo
276 1664 357 1717 vel
390 1654 512 1732 pars
540 1654 1121 1732 ctelifClimataucmli,
1149 1654 1196 1732 id
1223 1663 1322 1719 est,
1375 1654 1543 1721 plaga:
1563 1725 1573 1732 _
1592 1654 1675 1707 vel

97 1724 729 1804 partes:qu'atuor_sunt,
761 1726 1061 1804 exuquibus
1112 1724 1281 1804 prima
1334 1740 1455 1804 pars
1498 1725 1673 1804 orien-

98 1795 208 1861 talis
226 1812 302 1855 est
347 1795 499 1854 'unde
531 1800 721 1861 aliqua:
740 1797 909 1851 stellae
940 1797 1209 1849 oriuntur.
1236 1795 1482 1848 Secunda
1524 1795 1669 1847 occi-

97 1874 143 1926 di
236 1882 333 1933 .i'is,
361 1871 470 1942 ubi
505 1870 661 1942 nobis
706 1868 896 1942 aliquae
944 1867 1113 1942 stella:
1153 1865 1460 1942 _oc_cidunt._
1488 1864 1668 1942 Tertia
1704 1882 1750 1942 Β

95 1940 546 2012 Septentrionalis,
564 1940 657 2012 ubi
670 1939 749 2012 sol
773 1937 1037 2012 pervenit
1053 1938 1103 1988 in
1135 1935 1323 2012 diebus
1354 1934 1667 2012 majoribus.

96 2006 283 2077 Quarta
307 2010 584 2070 Australis,
611 2009 699 2060 ubi
721 2008 801 2061 sol
821 2006 1065 2077 pervenit
1088 2006 1334 2057 noctibus
1357 2006 1670 2077 majoribus.

96 2073 275 2135 Oriens
302 2090 478 2132 autem
510 2078 578 2129 ab
602 2084 722 2129 ortu
754 2073 881 2127 solis
905 2083 988 2127 est
1010 2081 1351 2138 nuncupatus
1370 2088 1383 2134 ;
1401 2073 1671 2133 occidens,

91 2151 227 2219 quod
257 2148 418 2219 diem
450 2145 618 2219 faciat
636 2143 882 2198 occidere
904 2152 1069 2219 atque
1109 2141 1676 2219 iiiterfre._Absconilit

94 2210 228 2271 enim
256 2217 434 2270 lumen
460 2214 681 2277 mundo,
714 2221 769 2266 et
816 2212 1067 2265 tenebras
1113 2210 1506 2277 superinducit.
1540 2211 1677 2276 Sep-

98 2288 287 2342 tentrio
304 2295 483 2340 autem
514 2299 545 2338 a
575 2291 784 2354 septem
815 2282 1123 2354 stellisaxis
1152 2288 1400 2354 vocatur,
1449 2296 1677 2347 quaeque

96 2359 145 2411 in
196 2358 309 2423 ipso
349 2354 605 2410 revolutae
642 2353 923 2423 rotantur.
961 2353 1054 2406 llic
1111 2353 1328 2420 prOprie
1379 2360 1433 2403 et
1490 2360 1678 2423 vertex

97 2421 297 2489 dicitur,
328 2443 395 2481 eo
420 2425 561 2489 quod
591 2424 835 2478 vertitur.
862 2422 1110 2477 Meridies
1140 2431 1318 2475 autem
1344 2432 1555 2485 vocata,
1587 2421 1673 2474 vel

97 2498 208 2566 quia
232 2498 300 2551 ibi
328 2496 407 2551 sol
434 2490 560 2563 facit
586 2495 819 2548 medium
845 2494 1008 2566 diem,
1041 2494 1209 2566 quasi
1269 2492 1560 2566 medidies:
1594 2490 1678 2544 vel

95 2562 209 2628 quia
231 2577 354 2621 tunc
379 2568 563 2634 purius
588 2566 753 2618 micat
792 2565 978 2617 aether.
1033 2563 1239 2615 Merum
1292 2562 1435 2615 enim
1486 2578 1679 2634 purum

95 2637 299 2699 dicitur,
325 2633 572 2691 cardines
602 2634 725 2687 creti
775 2641 1031 2685 extremm
1060 2641 1239 2699 partes
1270 2641 1392 2683 sunt
1429 2633 1565 2693 axis,
1626 2637 1681 2699 et

94 2707 211 2761 ditti
240 2706 484 2761 cardines
504 2720 570 2757 eo
594 2701 739 2769 quod
780 2718 874 2767 per
898 2716 1017 2769 ieos
1055 2698 1283 2769 vertitur
1327 2700 1542 2761 malum,
1596 2698 1683 2751 vel

98 2778 210 2835 quia
232 2778 367 2828 sicut
395 2789 488 2827 cor
518 2768 826 2823 volvuntur.
883 2768 1173 2834 Gregorius
1220 2781 1357 2836 papa
1386 2786 1398 2819 :
1427 2768 1520 2821 Dic
1550 2780 1679 2833 rogo

96 2846 135 2896 si
158 2846 291 2897 nosti
321 2858 481 2912 gyros
496 2842 639 2908 εαξη,
667 2850 821 2893 terrm
849 2838 1116 2912 cardines,
1141 2854 1400 2912 aquarum
1435 2839 1678 2912 abyssos,

96 2914 178 2967 ubi
208 2910 482 2976 liniuntur,
515 2912 602 2965 ubi
634 2911 876 2978 suspensi
902 2917 1047 2963 sunt.
1080 2910 1292 2963 Scimus
1346 2918 1524 2962 autem
1555 2910 1681 2975 quia

97 2983 229 3049 quod
253 2999 316 3036 ex
344 2984 511 3037 nihilo
542 2981 738 3035 factum
770 2988 849 3034 est
868 2981 1066 3050 pendet
1091 2978 1368 3050 innihilo.
1398 2980 1502 3030 Sed
1533 2980 1574 3032 si
1600 2986 1684 3050 est

99 3047 287 3119 aliquid
310 3054 454 3123 quod
477 3047 949 3123 diciturinihilu‘m,
974 3050 1085 3118 jam
1101 3048 1323 3123 nihilum
1359 3063 1465 3123 non
1492 3057 1593 3123 est.
1628 3047 1683 3099 Si

96 3116 264 3177 autem
290 3116 419 3177 nihil
450 3131 533 3177 est
557 3116 1073 3186 nihilum,nusquam
1098 3117 1278 3169 mundi
1295 3118 1461 3186 moles
1479 3116 1685 3186 depen-

96 3193 320 3257 det,‘nec
347 3203 429 3247 est
452 3194 538 3246 ubi
569 3193 641 3244 ait
660 3190 808 3259 quod
831 3185 1071 3243 creatum
1093 3194 1262 3259 estut
1287 3185 1683 3259 sit._Quomodo

96 3256 217 3333 ergo
242 3276 504 3333 nusquam
534 3269 642 3327 est,
671 3256 815 3333 quod
838 3259 1088 3311 novimus
1118 3256 1397 3333 quia_est?
1425 3257 1682 3333 Cronvexa

95 3326 833 3456 au‘vteﬁiusmliextrema'ejus
853 3336 999 3394 sunt,
1044 3343 1075 3381 a
1122 3326 1385 3382 curvitate
1424 3326 1587 3395 dicta,
1632 3336 1689 3383 ut

95 3415 149 3455 es
190 3418 205 3455 ι
337 3421 347 3454 :
692 3433 705 3449 ,

95 3411 171 3455 est
190 3411 317 3455 illud
337 3421 347 3454 ε

234 3513 521 3564 Convexum
544 3512 745 3576 quoties
760 3510 946 3561 claudit
964 3523 1060 3559 nox
1090 3510 1279 3559 humida
1302 3524 1365 3559 co
1381 3510 1493 3558 lum.

159 3615 469 3672 Convexum
505 3618 649 3672 enim
674 3630 898 3671 curvum
926 3623 1028 3678 est,
1060 3615 1213 3683 quasi
1241 3629 1564 3683 conversum
1590 3629 1688 3669 seu

96 3687 423 3753 inclinatum,
474 3695 530 3741 et
577 3686 869 3739 admodum
918 3684 1345 3738 circumﬂexum.
1400 3682 1513 3738 Poli
1562 3693 1689 3738 sunt

94 3758 290 3819 circuli,
323 3758 415 3824 qui
453 3764 681 3811 currunt
711 3769 809 3825 per
850 3769 1028 3808 axem.
1066 3753 1267 3808 Horum
1298 3755 1435 3808 alter
1457 3763 1540 3809 est
1564 3770 1689 3823 sep-

99 3826 466 3889 tentrionalis,
517 3827 611 3895 qui
675 3839 949 3893 nunquam
998 3825 1225 3885 occidit,
1278 3825 1689 3893 appellaturque

96 3895 329 3960 Boreus;
374 3894 849 3956 alter'Australis,
896 3895 986 3963 qui
1034 3910 1305 3962 nunquam
1352 3894 1579 3959 videtur,
1635 3904 1690 3947 et

97 3966 449 4020 Austronotus
467 3965 698 4031 dicitur;
718 3974 772 4019 et
794 3966 920 4020 dicti
941 3965 1070 4034 poli,
1089 3964 1230 4031 quod
1254 3965 1362 4017 sint
1383 3965 1563 4017 axium
1587 3979 1685 4033 cy-

96 4035 177 4105 cli,
205 4050 268 4089 ex
298 4052 396 4089 usu
426 4037 816 4105 plaustrorum,
842 4050 869 4086 a
894 4034 1144 4103 poliendo
1169 4034 1377 4087 scilicet
1400 4035 1685 4088 nominati.

95 4102 195 4158 Se-l
226 4108 381 4173 polus
415 4102 619 4158 Boreus
646 4104 856 4157 videtur
884 4102 1118 4172 semper,
1154 4105 1513 4157 Aus‘ronotus
1545 4121 1685 4157 nun-

95 4186 269 4244 quam,
310 4176 439 4244 quia
467 4174 657 4228 dextra
704 4190 771 4228 eo
792 4174 826 4227 li
858 4174 1049 4229 altiora
1079 4185 1232 4233 sunt,
1268 4189 1449 4242 pressa
1482 4176 1686 4229 Austri.

95 4242 306 4317 Spbmra
328 4242 678 4317 'est‘mqualis
694 4245 1007 4317 rotunditas
1037 4244 1275 4317 undique
1307 4245 1396 4298 ita.

159 4315 382 4394 Spbazra
407 4314 531 4370 coeli
557 4316 769 4394 species
798 4321 883 4369 est
904 4314 1148 4383 qumdam
1172 4314 1225 4366 in
1256 4314 1547 4394 rotundum
1573 4313 1689 4394 lor-

95 4392 251 4444 mata,
284 4384 443 4452 cujus
470 4397 715 4438 centrum
747 4391 892 4438 terra
923 4394 1025 4445 est,
1069 4399 1134 4437 ex
1166 4384 1415 4437 omnibus
1446 4385 1689 4451 partibus

91 4453 363 4508 conclusa.
403 4453 556 4507 Hanc
585 4454 851 4522 sphmram
885 4469 983 4508 nec
1024 4453 1346 4523 principium
1380 4454 1579 4507 habere
1606 4454 1689 4507 di-

95 4534 355 4601 cuntmec
370 4524 687 4601 terminum,
709 4537 810 4601 pro
832 4538 898 4576 eo
917 4525 1063 4601 quod
1084 4523 1414 4601 rotunditate
1430 4524 1509 4578 sui
1534 4524 1686 4601 quasi

94 4592 323 4647 circulus
363 4594 511 4646 unde
560 4593 805 4657 incipiat,
848 4591 932 4646 vel
977 4593 1066 4646 ubi
1108 4592 1337 4657 desinat,
1374 4609 1477 4647 non
1529 4593 1686 4649 facile

94 4663 593 4731 comprehenditur.
628 4662 933 4731 [Equaliter
963 4662 1105 4716 enim
1132 4676 1197 4715 ex
1228 4664 1371 4716 omni
1404 4672 1554 4731 parte
1585 4662 1689 4717 ier-

98 4741 177 4784 tur
205 4730 326 4786 esse
356 4733 616 4797 collecta,
656 4730 731 4785 eti
754 4730 821 4785 ad
859 4733 1039 4785 omnia
1084 4732 1330 4787 similiter
1371 4730 1688 4801 resiiiciens,

96 4810 250 4881 atque
281 4818 310 4854 a
340 4810 719 4881 centroterrze
740 4802 929 4881 spatiis
954 4803 1120 4881 inquis
1144 4802 1388 4881 distincta
1411 4821 1424 4868 ;
1468 4804 1692 4871 ipsaque

94 4874 168 4942 sui
196 4872 618 4942 arqualitateita
650 4871 885 4942 stabilis,
912 4880 972 4924 ut
1006 4886 1124 4925 eam
1159 4872 1210 4924 in
1248 4872 1449 4926 nullam
1483 4883 1689 4942 partem

93 4940 363 4995 declinare
414 4940 652 5010 undique
698 4941 979 5007 mqualitas
1023 4942 1251 4995 collecta
1305 4940 1601 5010 permittat,
1629 4958 1693 4997 ac

95 5012 236 5063 nullo
267 5010 594 5067 fulcimento
629 5011 887 5065 subvecta
923 5018 1275 5079 sustentetur.
1306 5010 1691 5079 Hemisphteria

94 5081 307 5135 dimidia
342 5097 476 5151 pars
524 5081 749 5151 sphaera:
791 5091 894 5134 est.
936 5077 1366 5148 Hemisphmrion
1393 5077 1554 5150 super
1583 5092 1694 5137 ter-

95 5162 203 5229 ram
231 5150 434 5229 _est;ea
467 5164 594 5229 pars
628 5150 750 5206 coeli
782 5164 899 5229 qua:
925 5164 954 5202 a
981 5151 1563 5229 nobis_t_ota‘videtur:
1600 5155 1693 5207 lie-

95 5220 440 5291 miSphzrion
470 5219 592 5274 'sub
632 5229 786 5291 terra,
812 5226 915 5283 est,
957 5233 1076 5289 qua:
1116 5219 1301 5287 videri,
1327 5236 1433 5274 non
1478 5231 1692 5291 potest,

95 5290 323 5357 quandiu
352 5290 462 5344 sub
487 5299 630 5343 terra
654 5288 837 5343 fuerit.

163 5358 404 5429 Sphmrte
452 5368 637 5413 motus
677 5359 888 5429 duobus
928 5358 1121 5417 axibus
1161 5358 1416 5418 volvitur.
1464 5374 1693 5429 quorum

98 5444 230 5500 unus
248 5438 331 5482 est
354 5428 839 5500 Septentrionalis,
860 5430 948 5499 qui
973 5442 1243 5500 nunquam
1268 5428 1491 5495 occidit,
1511 5434 1697 5500 appel-

99 5498 342 5569 laturque
371 5498 617 5565 Bereus;
650 5499 789 5569 alter
815 5498 1111 5569 Aristi-alis,
1130 5501 1217 5567 qui
1245 5515 1518 5569 nunquam
1547 5498 1699 5556 vitle-

100 5576 201 5627 tur.
228 5568 283 5622 et
310 5569 687 5625 Austronotus
713 5568 929 5623 dicitur.
963 5568 1057 5623 His
1083 5569 1293 5623 duobus
1325 5568 1460 5638 polis
1494 5572 1698 5626 moveri

96 5638 362 5713 spbatram
382 5639 525 5713 εφη
551 5640 760 5705 dicunt,
790 5648 847 5713 et_
886 5655 1008 5713 cum
1030 5648 1195 5713 motu
1226 5638 1548 5713 ejus-sidera
1593 5641 1697 5695 lixa

99 5707 151 5786 in
177 5722 255 5786 ea.
274 5707 605 5786 ab_0riei_ite
633 5724 805 5786 usque
834 5710 886 5764 in
916 5708 1262 5786 Occidentem
1296 5709 1545 5786 circuire,
1574 5726 1699 5781 sep-

98 5778 464 5904 :eeztgmibus
515 5778 794 5836 breviores
821 5792 982 5851 gyros
1025 5778 1179 5848 juxta
1222 5779 1496 5836 cardinem
1546 5778 1701 5852 pera-

279 5866 363 5904 us.

97 5860 363 5915 ςεοιιυυε.

1849 1303 2068 1369 δριηεω
2091 1304 2208 1357 coeli
2233 1304 2298 1355 ab
2321 1304 2538 1357 Oriente
2566 1302 2927 1358 etOccidente
2948 1296 3112 1353 semel
3137 1298 3185 1369 in
3211 1296 3297 1349 die
3318 1307 3370 1352 et

1780 1368 1940 1425 nocte
1972 1372 2199 1424 vertitur
2239 1372 2422 1435 viginti
2454 1383 2683 1438 quatuor
2714 1372 2968 1425 horarum
3012 1368 3219 1437 spatiis,
3253 1369 3369 1435 qui-

1779 1442 1879 1496 bus
1907 1457 2121 1494 Cursum
2152 1454 2304 1494 suum
2334 1454 2494 1496 SUDBI‘
2523 1449 2694 1493 terras
2725 1448 2779 1494 ει
2810 1441 2910 1492 διώ
2944 1449 3115 1491 terras
3144 1454 3238 1491 sua
3273 1454 3367 1491 νο-

1781 1512 2049 1566 lubilitate
2076 1509 2369 1566 concludit.
2396 1509 2705 1575 Hzec'igitur
2734 1523 2896 1575 super
2924 1522 3092 1575 aquas
3124 1522 3243 1559 esse
3274 1523 3373 1573 po-

1778 1584 1880 1635 sita
1914 1581 2101 1646 fertur,
2135 1590 2193 1636 ut
2225 1582 2275 1635 in
2319 1577 2448 1647 ipsis
2491 1579 2759 1642 volvatur,
2810 1576 3370 1647 ejusqueincenditmi

1778 1644 2105 1722 temperent.
2153 1652 2207 1707 Si
2258 1644 2394 1705 forte
2435 1644 3150 1722 aliquis‘requiritqualiter
3178 1644 3373 1722 coelum

1781 1713 2168 1790 tam'magnam
2210 1713 2601 1776 revolutioném
2635 1719 2712 1790 in__
2734 1713 2913 1790 viginti
2946 1723 3183 1790 quatuor
3224 1713 3375 1790 horis

1778 1807 1938 1861 agere
1968 1784 2157 1861 possit,
2176 1791 2648 1861 videatqnomodo
2673 1784 2927 1843 llabacuc
2958 1787 3009 1839 in
3041 1784 3371 1861 pllllClO'I‘lO-

1778 1853 1850 1915 αἱ)
1874 1853 2018 1915 lania
2055 1857 2319 1915 terrai-um
2352 1853 2522 1928 spatia
2551 1861 2632 1913 bis
2665 1870 2997 1913 transmeare
3024 1855 3214 1928 potuit.
3253 1853 3373 1907 Ca:-

1778 1932 1887 1985 lum
1920 1933 2081 1999 igitur
2110 1946 2213 2001 qua
2258 1930 2625 1998 magnitudine
2657 1930 2742 1983 vel
2768 1944 2883 2001 qua
2904 1927 3133 2001 materia
3157 1933 3374 2001 constet

1778 1995 2041 2055 incertum
2068 1995 2311 2054 tenemus
2328 2018 2339 2062 ;
2354 1995 2568 2054 scimus
2591 2011 2767 2053 tamen
2788 1995 2922 2068 quia
2954 1995 3249 2068 incretl_.b_ili
3268 2010 3369 2068 ce-

1777 2071 1991 2123 leritate
2015 2072 2264 2123 volvitur.
2292 2070 2459 2125 Tanta
2482 2071 2763 2123 celeritate
2790 2066 2998 2138 sphmra
3021 2066 3144 2121 (mli
3175 2066 3373 2118 dicitur

1777 2153 2013 2198 correre,
2066 2148 2124 2191 ut
2167 2140 2265 2192 nisi
2314 2140 2571 2191 adversus
2612 2139 2730 2203 ejus
2777 2138 3104 2205 praecipitem
3157 2148 3372 2205 cursum

1779 2218 1920 2260 astra
1954 2218 2253 2264 currerent,
2290 2220 2406 2272 qum
2438 2222 2557 2258 eam
2582 2204 3139 2271 remorareut,mundi
3163 2204 3373 2257 ruinam

1779 2277 2001 2331 faceret.
2040 2276 2187 2331 Unde
2214 2288 2266 2329 et
2300 2277 2547 2330 Lucanus
2574 2276 2782 2329 locutus
2803 2284 2885 2329 est
2912 2293 2925 2327 :

1964 2391 2216 2439 Sideribus
2234 2402 2341 2451 qua:
2363 2390 2464 2439 sola
2490 2389 2599 2449 fuga
2627 2390 2947 2438 moderantur
2973 2387 3186 2449 Olympi,

1967 2464 2335 2524 Occurruntque
2361 2462 2469 2524 polo
2492 2462 2685 2509 diversa
2715 2462 2929 2522 potentia
2954 2471 3120 2507 cursu.

1853 2568 1983 2621 Nam
2011 2576 2188 2619 tantus
2212 2566 2318 2619 illic
2345 2581 2508 2619 sonus
2531 2574 2633 2630 est,
2659 2574 2932 2633 tantmque
2964 2560 3284 2625 dulcedinis,
3316 2567 3375 2633 ut

1784 2638 1971 2689 beatus
2000 2636 2234 2688 Isidorus
2266 2638 2360 2696 ait,
2396 2644 2452 2687 ut
2482 2638 2523 2688 si
2569 2637 2815 2687 humana:
2843 2630 3005 2688 aures
3036 2633 3278 2685 valerent
3313 2630 3370 2683 il-

1788 2706 1894 2759 lum
1926 2706 2130 2766 audire,
2156 2706 2223 2756 ab
2254 2705 2473 2757 Oriente
2497 2706 2547 2755 in
2573 2704 2919 2756 Occidentem
2952 2702 3260 2763 transirent,
3284 2715 3373 2754 se-

1784 2784 2011 2843 quentes
2036 2784 2236 2826 motum
2267 2773 2488 2839 siilizcne
2512 2772 2765 2826 cmlestis.
2800 2772 2966 2843 Cujus
2989 2770 3371 2843 perfectionem

1786 2840 2009 2911 sphaerae
2036 2845 2116 2895 vel
2139 2845 2325 2896 circuli
2354 2844 2533 2895 multis
2556 2840 3115 2911 argumentationibus
3143 2849 3377 2911 tractans

1788 2908 1963 2975 Plato,
1996 2915 2315 2967 rationabile
2346 2908 2686 2967 fabricatoris
2717 2908 2899 2963 mundi
2933 2924 3067 2979 opus
3105 2908 3340 2979 insinuat
3362 2949 3377 2970 ,

1787 2985 1961 3052 primo
1990 2984 2134 3050 quod
2178 2998 2245 3035 ex
2296 2984 2556 3036 linearum
2586 2982 2825 3051 quinque
2872 2980 3081 3047 angulis
3131 2978 3381 3052 zodiacus

1788 3049 1980 3105 ductus
2025 3068 2091 3104 ex
2138 3067 2240 3104 una
2284 3052 2421 3105 linea
2473 3049 3026 3117 constat;'secundo,
3077 3050 3219 3118 quod
3262 3049 3380 3103 sine

1792 3124 1944 3177 initio
1967 3129 2070 3186 est,
2103 3130 2155 3175 et
2175 3124 2289 3176 sine
2314 3124 2450 3189 line;
2476 3124 2656 3184 tertio,
2682 3122 2825 3189 quod
2851 3136 2879 3173 a
2906 3130 3103 3188 puncto
3127 3120 3377 3173 eﬂicitur.

1793 3194 1979 3247 Denuo
2009 3192 2155 3262 quod
2197 3203 2399 3249 motum
2442 3211 2504 3248 ex
2539 3210 2595 3246 se
2628 3191 2852 3259 habeat,
2883 3192 3076 3246 deinde
3106 3191 3258 3262 quod
3291 3205 3381 3262 ca-

1793 3274 1910 3319 reat
1944 3260 2145 3333 judicio
2177 3266 2513 3331 angulorum,
2546 3272 2601 3316 et
2635 3263 2781 3332 quod
2825 3263 2877 3315 in
2910 3278 2971 3333 se
2998 3260 3284 3333 stellarum
3323 3260 3383 3307 li-

1791 3330 1955 3403 guras
1973 3350 2157 3389 omnes
2184 3330 2437 3396 includat,
2472 3343 2523 3388 et
2546 3330 2689 3401 quod
2719 3340 2925 3403 motum
2965 3330 3378 3403 inenarrabilem

1794 3400 1976 3476 [Forte
2009 3405 2372 3476 inerraliilem]
2400 3400 2614 3466 habeat,
2644 3401 2932 3476 siquidem
2964 3416 3060 3454 sex
3090 3400 3178 3453 alii
3205 3408 3381 3451 motus

1792 3471 2051 3528 errabiles
2078 3475 2185 3527 sint
2210 3485 2354 3539 ante,
2391 3490 2419 3526 a
2461 3482 2632 3539 tergo,
2676 3472 2863 3526 dextra
2890 3471 3129 3537 laevaque
3170 3484 3381 3539 sursum

1790 3545 2181 3612 deorsumque;
2232 3538 2565 3612 postremum
2609 3550 2664 3595 et
2702 3540 2843 3612 quod
2892 3540 3212 3595 necessitate
3268 3538 3382 3612 clli-

1792 3614 1964 3668 ciatur
1995 3611 2197 3667 utth
2234 3611 2379 3667 linea
2413 3613 2549 3665 ultra
2582 3611 2842 3667 circulum
2882 3612 3006 3666 duci
3040 3628 3145 3665 non
3192 3611 3379 3679 possit.

1863 3684 2068 3739 leum
2114 3684 2462 3753 spiritualiter
2506 3682 2746 3737 Ecclesia
2796 3692 2899 3745 est,
2928 3684 3171 3753 rquzein
3227 3680 3382 3753 hujus

1794 3758 1914 3810 vita:
1944 3764 2104 3808 nocte
2133 3749 2441 3807 sanctorum
2474 3753 2759 3807 virtutibus
2786 3752 2937 3821 quasi
2971 3751 3213 3805 claritate
3236 3749 3381 3804 side-

1791 3841 1907 3878 rum
1942 3824 2126 3890 fulget.
2155 3823 2441 3876 Pluraliter
2468 3830 2648 3876 autem
2681 3822 2799 3875 cmli
2830 3821 3047 3874 nomine
3075 3821 3242 3873 sancti
3274 3836 3384 3870 mn-

1792 3910 1888 3949 nes
1922 3894 2005 3947 vel
2037 3893 2211 3961 angeli
2257 3892 2644 3960 intelliguntur.
2689 3890 2962 3961 Siquidem
3011 3891 3176 3945 caelos
3215 3890 3381 3943 etiam

1792 3963 2087 4035 prophetas
2113 3972 2168 4018 et
2188 3964 2463 4035 apostolos
2494 3963 3158 4035 acciperedebemus,_qui
3194 3961 3385 4029 pluunt

1792 4032 2000 4105 verbis,
2017 4032 2302 4088 coruscant
2326 4034 2617 4105 miraculis,
2649 4041 2703 4085 et
2724 4032 2792 4105 de
2813 4032 3005 4105 quibus
3032 4032 3341 4105 dict_nm_est
3368 4048 3379 4081 :

1788 4105 1923 4159 (Σαξιί
1970 4101 2223 4158 enarrant
2261 4104 2485 4171 gloriam
2527 4102 2641 4168 Dei,
2673 4104 2857 4171 utique
2886 4103 3011 4167 quia
3053 4101 3149 4167 ipsi
3182 4101 3384 4171 advenj

1794 4188 1904 4227 tum
1936 4184 1989 4228 et
2008 4168 2285 4237 mortem,-
2320 4174 2417 4238 ipsi
2449 4187 2665 4239 quoque
2699 4168 3150 4225 resurrectionem
3183 4168 3384 4239 Christi

1792 4246 1937 4297 velut
1975 4244 2203 4310 gloriam
2246 4238 2966 4296 mundo’annuntiaverunt.
3018 4240 3215 4310 Beatos
3255 4238 3387 4291 Am-

1791 4308 2024 4379 brosius,
2059 4314 2111 4367 in
2137 4313 2275 4367 libro
2306 4312 2669 4376 llexameron,
2713 4312 2792 4365 sic
2833 4312 3125 4380 eloquitur,
3154 4308 3381 4380 dicens:

1792 4382 2043 4452 Legimus
2092 4385 2144 4437 in
2195 4383 2360 4437 David
2403 4400 2416 4436 :
2458 4381 2695 4435 Laudate
2752 4397 2872 4435 eum
2929 4381 3047 4434 cocli
3098 4379 3382 4452 cmlorum.

1797 4449 1981 4509 Utrum
2000 4454 2141 4507 enim
2165 4469 2327 4507 unutn
2351 4454 2419 4509 sit
2441 4454 2655 4517 ccelum,
2674 4468 2740 4506 an
2760 4452 2958 4516 plures,
2978 4449 3256 4503 contentio
3279 4455 3381 4507 est,

1794 4526 1918 4579 dum
1968 4525 2055 4577 alii
2111 4525 2307 4578 multos
2362 4530 2610 4577 asserunt
2639 4537 2679 4582 ,ο
2724 4522 2813 4573 alii
2844 4531 3039 4589 prmter
3068 4532 3230 4589 unum
3264 4531 3385 4589 esse

1721 4581 1768 4640 Ῐ)
1796 4602 2012 4661 negant.
2050 4592 2365 4662 Philosophi
2401 4602 2581 4646 autem
2614 4581 2819 4654 mundi,
2845 4581 3070 4662 'septein
3107 4587 3298 4662 cmlos,
3332 4588 3385 4641 id

1793 4656 1895 4729 est,
1927 4666 2167 4733 planetas
2190 4656 2471 4729 glo'borum
2500 4676 2741 4716 consono
2764 4670 2913 4713 motu
2945 4656 3383 4733 introduxerunt,

1792 4726 2022 4802 querito)
2045 4726 2267 4787 orbibus
2290 4748 2532 4787 connexa
2558 4738 2861 4802 memorant
2886 4730 3089 4795 omnia,
3120 4742 3257 4795 quos
3282 4726 3383 4802 sibi

1795 4799 2020 4859 innexos
2048 4812 2102 4857 et
2125 4805 2269 4858 velut
2294 4805 2525 4857 insertos
2554 4800 2755 4855 versari
2777 4808 2949 4865 retro,
2975 4809 3029 4852 et
3054 4813 3083 4851 e
3106 4799 3382 4851 contrario
3468 4812 3473 4819 ·

1794 4875 2002 4930 czeteris
2030 4875 2265 4929 motibus
2294 4874 2420 4927 ferri
2442 4873 2790 4926 arbitrantur.
2816 4868 3095 4936 Siquidem
3126 4874 3181 4919 et
3212 4866 3263 4917 in
3295 4878 3386 4918 ec-

1794 4944 2109 5000 clesiasticis
2132 4944 2278 4998 libris
2295 4954 2349 4997 et
2371 4944 2491 4997 cmli
2514 4942 2772 4995 caelorum
2800 4938 3070 5007 leguntur,
3089 4945 3139 4990 et
3166 4943 3384 5003 aposto—

1795 5014 1878 5068 lus
1907 5014 2105 5067 Paulus
2126 5029 2296 5083 usque
2324 5014 2394 5066 ad
2418 5012 2633 5066 tertium
2663 5010 2872 5083 coelum
2891 5008 3059 5083 fuisse
3083 5021 3142 5059 se
3172 5014 3386 5083 raptum

1797 5083 2081 5152 intelligit;
2113 5077 2297 5137 sed'de
2325 5097 2551 5135 numero
2580 5096 2769 5133 eorum
2804 5080 2931 5152 nihil
2962 5077 3063 5129 sibi
3096 5080 3389 5152 praesumat

1796 5142 2031 5208 humana
2061 5142 2352 5207 temeritas.
2385 5152 2537 5206 Fecit
2565 5159 2743 5202 autem
2771 5164 2865 5201 eos
2893 5148 3043 5209 deos,
3080 5142 3185 5199 non
3216 5142 3386 5196 infor-

1798 5238 1913 5277 mes
1954 5223 2038 5276 vel
2080 5222 2351 5286 eonfusos,
2397 5222 2490 5275 sed
2529 5219 2737 5271 ratione
2783 5218 3014 5284 quatiam
3062 5213 3252 5286 ordine
3288 5227 3388 5265 suo

1798 5293 2100 5348 distinctos.
2144 5292 2273 5346 Nam
2314 5284 2607 5360 superioris
2634 5287 2819 5360 circuli
2850 5287 3051 5360 omium
3090 5284 3386 5337 discretum

1800 5364 2051 5425 termino,
2076 5355 2624 5431 mqualibus'undique
2641 5356 2828 5431 spatiis
2848 5355 3175 5431 collocatum
3198 5361 3389 5405 extm-

1800 5432 1898 5498 dit,
1952 5441 2115 5500 atque
2141 5426 2211 5485 'in
2255 5447 2321 5484 eo
2362 5426 2588 5481 virtutes
2617 5426 2974 5500 spiritualium
3014 5432 3387 5500 creaturarum

1801 5489 2101 5557 constituit.
2130 5501 2294 5565 Cujus
2322 5500 2537 5568 quidem
2569 5489 2692 5569 cog-li
2719 5504 2964 5569 naturam
2987 5494 3181 5569 artifex
3204 5489 3387 5569 mundi

1803 5574 1957 5641 aquis
2005 5560 2355 5637 temperavit,
2411 5582 2477 5620 ne
2506 5562 3201 5641 conﬂagratiosuperioris
3246 5560 3383 5641 ignis

1804 5629 2058 5697 inleriora
2089 5629 2355 5694 elementa
2394 5629 2763 5691 succenderet.
2795 5629 2997 5687 Dehinc
3023 5633 3219 5687 rcelum
3252 5629 3387 5683 infe-

1806 5712 1965 5767 rioris
1996 5710 2117 5765 cwli
2151 5724 2257 5762 non
2290 5705 2539 5760 unilormi
2567 5705 2660 5757 sed
2690 5703 2971 5771 multiplici
3001 5712 3149 5756 motu
3188 5699 3387 5753 solida-

1806 5784 1901 5845 vit,
1935 5794 2253 5847 nuncupatis
2288 5791 2411 5829 eum
2444 5777 2853 5847 ﬁrmamentum,
2905 5781 3127 5840 propter
3158 5778 3387 5847 susten-

1807 5840 2063 5907 tationem
2108 5840 2402 5905 solidarutu
2447 5844 2781 5913 superiorum
2828 5858 3106 5911 aquarum.
3149 5840 3388 5897 JulianUs
