3842 6242
126 402 203 453 ἰΞῦ
1312 400 1397 454 DE
1435 398 1682 454 TENlPlil

1794 396 1810 449 l
1853 392 2165 447 RATlONIC.
3262 400 3358 453 55':

118 537 211 578 tum
232 522 448 577 interdiu
476 535 645 590 super
678 529 858 574 terras
885 517 1066 584 exigit,
1099 522 1247 569 tanto
1279 518 1462 583 utique
1484 512 1670 568 discri-
1699 515 1746 573 Α
1774 507 1989 575 expleto
2020 506 2080 558 Vl
2113 507 2374 562 mensium
2403 508 2693 569 curriculo,
2729 508 2871 562 illam
2905 509 3026 564 curii
3056 511 3261 579 plagam
3289 516 3367 565 in-

118 618 239 669 minc
263 616 353 667 sub
402 614 605 667 Boreas
656 620 843 681 partes
870 609 1108 662 occultus
1149 616 1350 675 quanto
1379 607 1521 659 visus
1566 606 1666 657 iter
1778 598 1970 659 terlitt,
1996 612 2152 664 quam
2178 606 2341 651 noctu
2364 608 2517 652 antea
2542 599 2836 660 lustrando,
2859 600 3213 663 circumeunt,
3238 617 3367 655 can-

118 725 249 763 sunm
270 705 551 760 deﬂectens
577 704 647 757 ad
678 702 921 755 Austros.
967 699 1133 752 Porro
1163 699 1212 751 in
1241 699 1427 749 bruma
1459 705 1666 749 tantum
1776 689 1896 743 dein
1929 690 2185 758 replieato
2221 692 2441 743 totidem
2474 693 2733 743 mensium
2769 701 3007 760 temp-ire
3039 704 3365 760 repetentes.

118 801 202 853 sub
227 808 370 852 teme
394 797 650 849 inferiora
685 794 844 860 longe
873 791 1084 859 lateque
1107 788 1481 843 circumfertur
1507 803 1663 853 quan
1776 781 1947 833 solitis
1977 790 2136 833 noctu
2161 782 2457 848 transigunt
2487 781 2743 843 excubiis,
2771 791 2920 833 tanto
2954 783 3196 837 latiorem
3220 799 3367 850 qure-

121 896 216 940 tum
241 888 286 939 in
313 886 539 939 solstitia
595 897 762 951 supra
815 889 1011 934 terram
1063 878 1205 933 edita
1253 878 1412 945 longo
1455 876 1671 943 latoque
1777 884 1881 937 (ιιιο
1926 871 2025 922 sub
2075 872 2231 923 terris
2272 879 2474 939 quanto
2506 874 2867 938 angustiorem
2921 890 3101 941 supra,
3136 876 3369 941 itemque

121 976 492 1031 circumlabitur
532 972 699 1028 ﬂexu.
725 971 984 1025 Similiter
1030 970 1236 1033 astivo,
1285 969 1333 1021 iJ
1364 977 1463 1031 est,
1494 967 1673 1021 solsti-

1791 971 1927 1014 .anto
1977 963 2276 1015 breviorem
2326 962 2513 1016 subtus
2545 973 2744 1029 ιιιιςιιςιιι
2778 966 3175 1030 pr-oluctiorem
3208 981 3367 1032 Hlltl'a

122 1065 530 1127 uali'decurrens
559 1064 612 1116 in
661 1062 887 1125 circulo.
928 1068 1037 1113 iam
1084 1061 1300 1114 brevem
1331 1059 1431 1114 sub
1464 1059 1670 1127 aquilo-
1782 1061 1949 1104 terras
1972 1068 2183 1105 cursum
2218 1064 2553 1121 peragentes.
2583 1052 2729 1106 [inde
2764 1055 2815 1104 lit
2847 1064 2902 1106 ut
2935 1056 2983 1107 in
3009 1071 3151 1108 anno
3182 1059 3366 1117 solari,

122 1157 196 1209 nia
227 1164 371 1209 terrm
402 1155 518 1209 loca
565 1162 731 1207 noctu
783 1152 907 1206 facit
958 1150 1254 1219 digressum
1303 1164 1460 1219 quam
1514 1162 1675 1216 super
1781 1143 2055 1207 At'trltteus,
2111 1144 2292 1205 Orion,
2342 1154 2393 1197 tl
2443 1146 2609 1205 C.ifliS,
2662 1146 2750 1197 sed
2782 1157 2835 1197 et
2869 1146 3070 1199 l.;ctcus
3116 1149 3368 1208 circulus,

108 1234 386 1303 ‘meridiana
410 1248 521 1315 ejus
549 1247 669 1300 loca
696 1244 887 1299 diebus
910 1243 1165 1312 ltybernis
1190 1243 1403 1295 brevem
1436 1240 1559 1295 facit
1588 1256 1675 1292 as-
1780 1247 2081 1304 CLClGL‘Iltltle
2130 1238 2315 1289 militia
2369 1238 2489 1290 coeli
2541 1254 2643 1289 una
2680 1240 2791 1290 vice
2838 1239 2958 1305 plus
2996 1248 3150 1291 teme
3185 1242 3368 1293 urbem

118 1354 331 1393 censum.
353 1337 500 1390 Sicut
523 1337 664 1388 enim
692 1333 944 1401 quzelibet
966 1334 1090 1383 anni
1119 1330 1375 1383 vertentis
1399 1345 1503 1381 nox
1530 1329 1673 1381 illam
1780 1340 1936 1391 quam
1986 1326 2064 1378 sol
2116 1328 2227 1395 ipse
2262 1328 2572 1379 circumeat.
2626 1327 2787 1379 Extra
2844 1330 2941 1381 hos
2986 1346 3115 1384 sane
3144 1332 3371 1385 circulus

119 1429 260 1482 habet
286 1427 665 1494 longitudinem
696 1438 859 1492 quam
892 1429 1017 1473 ante
1046 1420 1109 1472 γι
1135 1434 1344 1473 menses
1377 1418 1585 1480 habuit,
1622 1428 1676 1472 et
1779 1416 1907 1468 solis
1942 1426 2067 1477 tres,
2114 1419 2246 1469 duos
2278 1420 2560 1487 utrobique
2600 1420 2849 1483 circulos,
2884 1422 3371 1489 Septentrionalent

118 1530 222 1588 post
250 1519 311 1572 Ἠ
342 1534 548 1573 menses
579 1518 827 1569 habitura
854 1523 935 1568 est
956 1514 1089 1589 dies,
1124 1513 1195 1566 ita
1227 1512 1373 1565 omni
1406 1523 1563 1566 nocte
1594 1512 1676 1565 sol
1781 1520 1984 1576 ponunt
2013 1518 2065 1562 ct
2099 1513 2397 1564 Austra‘eru
2435 1531 2444 1563 :
2481 1528 2707 1580 quorum
2733 1514 3179 1580 Septentrionalis
3229 1532 3371 1569 sem—

118 1619 302 1663 tantum
323 1612 427 1679 agit
466 1610 565 1663 iter
594 1609 694 1662 sub
723 1616 887 1669 terra,
921 1611 1178 1673 quantum
1209 1615 1334 1657 ante
1369 1602 1433 1655 Vl
1466 1618 1679 1657 menses
1781 1618 1877 1671 per
1908 1604 2100 1655 nostris
2132 1604 2329 1657 visibus
2371 1620 2656 1673 apparens,
2693 1622 2797 1659 non
2831 1608 2979 1670 so‘is,
3011 1609 3101 1660 sed
3134 1609 3368 1671 Arcturi,

116 1700 228 1766 egit,
254 1707 438 1767 etpost
478 1696 541 1750 Vl
576 1711 793 1750 menses
824 1702 1038 1747 acturus
1065 1701 1147 1745 est
1170 1707 1331 1760 super
1358 1701 1553 1744 terram
1580 1709 1592 1755 ;
1625 1700 1679 1745 et
1782 1701 1833 1743 et
1855 1706 1971 1759 qua:
1994 1694 2131 1745 circa
2164 1710 2283 1746 cum
2324 1707 2448 1747 sunt
2494 1696 2768 1747 stellarum
2802 1698 3005 1750 ambitu
3054 1700 3369 1761 coniicitur;

115 1798 302 1840 tantum
352 1803 491 1842 nunc
546 1794 707 1841 noctu
757 1783 823 1837 ad
858 1782 1196 1850 Aquilonem,
1243 1791 1502 1850 quantum
1552 1790 1679 1836 tunc
1782 1792 1835 1834 et
1864 1784 1987 1852 quia
2030 1783 2301 1837 vicinitate
2332 1794 2481 1837 caret
2512 1786 2660 1849 solis,
2692 1784 2910 1851 frigidus
2963 1803 3220 1843 essenon
3250 1806 3372 1844 ces-

116 1878 323 1933 interdiu
369 1891 561 1948 gyrans
591 1876 655 1930 ad
701 1874 1002 1930 meridiem.
1032 1872 1137 1928 Sed
1187 1881 1241 1927 et
1267 1872 1437 1927 stellre
1466 1888 1674 1937 omnes,
1784 1882 1883 1927 sat.
1918 1873 2013 1927 Cui
2042 1874 2227 1926 similis
2253 1885 2332 1927 est
2363 1875 2645 1941 Austral's,
2675 1883 2727 1928 ct
2753 1876 2865 1944 ipse
2900 1877 2969 1929 ob
3009 1878 3370 1948 longinquita-

1345 1984 1633 2041 GLOSS/E
1675 1984 1760 2039 ET
1803 1983 2120 2039 SCllOLIA.

117 2088 195 2155 qni
214 2086 350 2139 falsis
379 2083 718 2153 opinionibus
747 2081 1009 2155 vocabula
1035 2081 1133 2136 ista
1162 2080 1212 2133 in
1237 2082 1397 2135 astris
1413 2098 1481 2136 ex
1504 2083 1669 2155 hotui-
1710 2096 1755 2152 Β
1789 2089 1941 2155 Ριξνιθ
1971 2082 2034 2155 fill
2059 2095 2318 2155 διιιιπυηι
2344 2082 2613 2155 οηηὲονίθ,
2648 2082 2787 2135 "Uda
2820 2083 2888 2135 είῑ
2946 2092 3105 2137 ιθιτίίθ
3166 2084 3370 2142 θείηάθ

117 2151 231 2211 rium
260 2151 572 2213 nominibus.
608 2154 691 2207 vel
725 2154 950 2206 aliarum
982 2160 1353 2204 creaturarum
1402 2154 1679 2205 vocabulis
1718 2151 1725 2152 “
1788 2151 1995 2203 etiamsi
2050 2151 2187 2203 nuda
2236 2152 2323 2210 sit,
2380 2166 2552 2217 neque
2603 2151 2703 2206 hoc
2752 2155 2930 2206 statim
2964 2168 3182 2207 necesse
3206 2165 3281 2209 est
3317 2167 3374 2211 ut

118 2230 482 2293 imposuerunt.
519 2224 594 2277 ita
622 2223 766 2277 enim
795 2224 1072 2276 stellarum
1106 2220 1457 2293 quarumdam
1505 2225 1679 2289 genti-

115 2289 231 2349 liuin
258 2296 519 2362 sapientes
554 2296 793 2351 nomina,
846 2292 983 2345 sicut
1008 2301 1062 2345 et
1112 2289 1316 2362 dierum
1352 2293 1458 2362 indi
1482 2295 1680 2345 lerunt.

116 2366 254 2430 Quod
280 2361 401 2418 vero
422 2363 620 2417 eisdem
652 2362 959 2416 nominibus
1002 2375 1155 2414 sacra
1187 2361 1353 2431 utitur
1382 2361 1682 2431 Scriptura,

120 2429 213 2487 non
240 2449 417 2486 eorum
441 2434 637 2486 idcirco
668 2447 833 2485 vanas
864 2432 1132 2499 approbat
1178 2429 1413 2494 fabulas;
1463 2429 1555 2485 sed
1608 2430 1686 2483 fa-

118 2504 251 2557 ciens
270 2519 332 2554 ex
363 2503 518 2555 rebus
564 2501 866 2555 visibilibus
889 2500 1236 2553 invisibilium
1261 2516 1437 2552 rerum
1464 2499 1682 2567 figuras,

119 2587 175 2625 ea
193 2576 399 2625 nom‘na
430 2587 523 2635 pro
552 2570 863 2635 cognitione
888 2570 1167 2621 hominum
1216 2571 1387 2635 ponit,
1419 2584 1535 2635 qum
1577 2570 1684 2623 late

118 2651 233 2694 sunt
292 2642 519 2707 cognita,
588 2649 645 2693 ut
696 2636 953 2707 quidquid
1008 2638 1339 2703 incognitum
1395 2638 1679 2707 signitica',

117 2711 307 2764 facilius
335 2725 425 2778 per
455 2712 504 2763 iu
534 2709 679 2779 quod
709 2718 792 2762 est
812 2708 1106 2776 cognitum,
1146 2708 1394 2763 humanis
1439 2709 1684 2763 sensibus

119 2782 414 2833 innotescat.
938 2816 961 2832 ,

182 2851 272 2914 Qui
315 2850 539 2902 extendit
565 2849 868 2918 Aquilowm
897 2863 1047 2916 super
1078 2861 1311 2901 vacuum.
1342 2848 1633 2916 Grrgorius
1671 2868 1681 2901 :

117 2920 372 2987 Aquilonis
400 2920 619 2973 nomine
652 2919 704 2972 in
728 2932 887 2972 sacro
917 2918 1134 2983 eloquio
1154 2918 1412 2986 appellari
1438 2920 1683 2972 diabolus

115 2991 255 3052 solet,
307 2989 395 3055 qui
433 3000 492 3042 ut
521 2988 760 3056 torporis
789 2987 987 3053 frigore
1040 2988 1279 3053 gentium
1336 2991 1497 3039 corda
1553 3004 1684 3042 con-

116 3062 403 3125 stringeret,
450 3059 615 3111 dixit:
649 3056 862 3110 Sedebo
904 3056 956 3108 in
1002 3063 1186 3108 monte
1238 3058 1567 3119 testamenti.
1630 3059 1681 3111 in

116 3127 354 3181 lateribus
389 3127 689 3194 Aquilonis.
764 3125 867 3192 Qui
904 3139 1066 3194 super
1095 3140 1321 3178 vacuum
1354 3128 1681 3191 extenditur,

114 3198 224 3262 quia
270 3198 353 3249 illa
407 3198 568 3250 corda
615 3197 878 3266 possidet,
918 3210 1037 3264 qua:
1058 3195 1221 3248 divini
1279 3198 1480 3250 amoris
1511 3199 1683 3264 gratia

121 3282 214 3319 non
242 3269 527 3335 replentur.

180 3333 427 3389 Arcturus
473 3336 563 3389 ille
623 3342 706 3388 est
758 3349 918 3403 quem
975 3333 1148 3387 Latini
1204 3336 1681 3400 septentrionalem

118 3403 301 3466 dicunt,
323 3406 410 3471 qui
436 3414 644 3472 septem
669 3404 946 3457 stellarum
978 3404 1141 3457 radiis
1182 3403 1386 3471 fulgens
1419 3406 1468 3457 in
1501 3405 1680 3472 scipso

118 3474 367 3527 revolutus
396 3482 635 3537 rotatur;
667 3474 757 3541 qui
798 3473 919 3527 ideo
950 3475 1245 3540 plaustrum
1278 3482 1523 3538 vocatur,
1554 3474 1677 3540 quia

116 3542 162 3593 in
190 3542 392 3595 modum
424 3543 654 3597 vehiculi
686 3543 935 3602 volvitur,
961 3552 1014 3595 et
1045 3542 1204 3594 modo
1238 3552 1344 3595 tres
1373 3544 1437 3596 ad
1468 3559 1680 3597 summa

122 3610 264 3667 levat.
287 3612 441 3665 modo
467 3620 706 3680 quatuor
738 3612 974 3665 inclinat.
1012 3610 1107 3666 llic
1140 3622 1321 3665 autem
1355 3614 1406 3665 iri
1435 3614 1555 3667 ρωιί
1582 3628 1683 3667 axe

118 3682 436 3745 constitutus,
468 3696 685 3749 semper
711 3690 975 3741 versatur,
1008 3691 1061 3734 et
1091 3697 1363 3749 nunquam
1392 3684 1679 3750 mergitur;

116 3752 201 3803 sed
228 3752 342 3804 dum
390 3754 440 3805 iu
492 3753 790 3820 semetipso
846 3751 1101 3814 volvitur,
1162 3769 1269 3806 nox
1327 3752 1525 3806 linitur.
1583 3751 1683 3806 Per

118 3828 366 3873 arcturum
395 3822 559 3884 hunc,
586 3820 638 3874 id
696 3830 796 3885 est,
848 3820 1323 3889 Septentrionem,
1382 3822 1683 3876 Ecclesiarn

115 3891 398 3959 septenaria
428 3892 625 3943 virtute
656 3889 949 3959 fulgentem
970 3890 1337 3955 intelligimus.
1369 3890 1501 3944 Nam
1545 3893 1685 3945 sicut

118 3958 163 4010 in
187 3973 280 4013 axe
302 3958 420 4012 ω·ιὶ
436 3968 684 4013 arcturus
702 3958 918 4027 semper
939 3958 1241 4022 inclinatur,
1267 3974 1559 4026 rursusque
1579 3961 1683 4012 eri-

117 4027 261 4092 gitur.
314 4028 384 4081 ita
408 4027 649 4083 Ecclesia
708 4027 939 4081 diversis
992 4027 1208 4096 quidem
1266 4029 1683 4081 adversitatibus

118 4096 425 4163 humiliatur,
450 4099 545 4152 sed
576 4112 704 4150 mox
745 4112 1092 4165 consurgens,
1140 4113 1280 4163 θωνα
1310 4107 1363 4150 et
1402 4099 1684 4151 virtutibus

114 4166 364 4235 elevatur;
390 4177 447 4221 et
467 4169 609 4221 sicut
634 4182 704 4220 ex
736 4168 857 4220 trib.
873 4176 926 4219 et
954 4174 1187 4235 quatuor
1203 4176 1443 4234 septena
1459 4169 1540 4220 ius
1562 4184 1685 4234 per-

116 4234 293 4299 licitur,
317 4236 387 4289 ita
417 4236 657 4291 Ecc’esia
687 4251 753 4288 ex
779 4238 882 4290 [ile
904 4234 1179 4289 Trinitatis
1201 4244 1255 4289 et
1277 4238 1685 4303 operationibus

148 4312 325 4357 uatuor
367 4306 625 4359 virtutum
682 4305 1058 4373 principalium
1121 4314 1558 4366 consummatur;
1616 4321 1681 4357 ex

118 4372 209 4443 fide
228 4372 366 4443 enim
392 4382 451 4426 et
476 4373 734 4443 operibus
766 4372 930 4427 homo
954 4373 1296 4443 justilicatur.
1333 4373 1515 4441 Neque
1538 4376 1682 4428 enim

116 4440 189 4512 vel
225 4440 619 4512 ΔΔιιιὶροιιιιῖιιιῐι
677 4443 946 4497 ullatenus
997 4452 1078 4512 est
1124 4442 1316 4496 fabulis
1370 4440 1683 4497 accommo-

114 4509 299 4564 dandus
343 4509 615 4577 assensus,
650 4512 732 4565 vel
762 4514 953 4581 aliquis
980 4511 1143 4567 refert
1190 4512 1475 4566 historicus
1523 4513 1686 4567 vidis-

116 4594 195 4644 se,
226 4583 303 4634 vel
331 4583 567 4639 audisse.
623 4582 709 4635 vel
767 4582 960 4649 legisse
998 4596 1079 4647 se,
1122 4583 1211 4651 qui
1254 4582 1580 4635 meridianas
1633 4584 1683 4638 in

116 4658 281 4709 partes
305 4653 474 4706 solem
500 4652 815 4705 transierint
862 4652 1164 4716 hibernum,
1218 4653 1289 4705 ita
1348 4660 1516 4714 ut,eo
1565 4664 1683 4716 post

116 4728 304 4785 tergum
350 4722 579 4786 relicto,
614 4721 957 4788 transgressis
1006 4719 1317 4789 Etliiopum
1368 4719 1681 4785 fervoribus,

1791 2220 2036 2275 homines
2064 2221 2276 2283 habeat,
2310 2222 2580 2287 quomodo
2606 2225 2749 2275 nullo
2776 2224 2936 2275 modo
2976 2224 3241 2288 scriptura
3275 2230 3372 2280 ista

1790 2293 2063 2349 mentitur.
2108 2306 2225 2357 quae
2277 2294 2505 2343 narratis
2555 2293 2839 2357 praeteritis
2897 2293 3022 2346 facit
3071 2292 3251 2360 fidem,
3306 2313 3374 2350 eo

1786 2360 1957 2426 quod
2011 2360 2129 2427 ejus
2208 2362 2461 2427 praedicta
2517 2366 2873 2430 complentur.
2949 2363 3223 2430 Minisque
3280 2367 3375 2420 ab-

1787 2432 2003 2481 surdum
2055 2438 2137 2482 est
2205 2440 2259 2480 ιιι
2314 2432 2524 2482 dicatur
2598 2434 2807 2496 aliquos
2864 2432 3111 2485 homines
3159 2449 3222 2487 ex
3275 2435 3374 2488 hac

1788 2498 1838 2549 in
1873 2498 2014 2550 illaut
2032 2507 2236 2566 parteru
2260 2497 2836 2553 Oceaniituumusitate
2866 2500 3089 2566 trajecta
3121 2504 3374 2570 navigare

1787 2576 1841 2619 et
1870 2570 2148 2642 pervenire
2192 2570 2451 2642 potuisse,
2484 2577 2541 2620 tit
2568 2570 2748 2642 etiarn
2784 2570 2888 2621 illis
2918 2586 2981 2621 ex
3016 2571 3107 2622 illo
3139 2587 3243 2625 uno
3266 2577 3372 2642 pri-

1787 2652 1873 2688 mo
1905 2639 2116 2690 homine
2137 2650 2303 2703 genus
2336 2639 2699 2690 institueretur
2739 2638 3051 2691 humanum.

1857 2704 2010 2760 Jun.
2037 2707 2169 2779 Nov.
2197 2708 2523 2760 ScuoLtt.——
2541 2708 2682 2760 Sane
2705 2710 2943 2778 quoniam
2973 2710 3035 2761 (Ie
3064 2712 3374 2779 temporibus

1787 2777 2066 2843 loquentes.
2132 2777 2266 2829 Surit
2335 2779 2569 2843 quinque
2624 2777 2803 2831 circiili
2872 2781 2923 2831 in
2989 2777 3196 2846 Spltrera
3262 2806 3373 2846 κριι

1788 2840 1941 2926 θρίξ-τῃ,
1974 2862 2067 2900 seu
2224 2840 2549 2926 I'ecctttiores
2596 2858 2812 2926 uicani)
2860 2840 3143 2913 litatur-tali,
3177 2840 3373 2926 impii).-

1786 2918 1922 2973 laici
1943 2956 1957 2978 ,
1988 2922 2051 2968 dc
2082 2918 2291 2985 qubus,
2328 2925 2432 2967 tim
2474 2918 2539 2969 tsi
2572 2919 2709 2984 apud
2742 2918 2789 2969 al
2816 2934 2876 2969 os
2924 2934 3122 2986 pa~szm
3152 2930 3221 2972 sit
3252 2918 3374 2976 "ob-

1768 2990 1951 3059 .vium,
1975 2988 2137 3039 voluit
2171 3002 2291 3059 tatur
2315 3002 2344 3037 ιι
2376 2988 2490 3059 ιδιιι
2516 2987 2655 3051 loc»,
2686 2998 2742 3039 Ill.
2776 2988 2913 3039 lfeda
2939 2991 3017 3041 vel
3052 3003 3080 3039 a
3135 2991 3375 3056 qttolibet

1788 3056 2131 3122 inte.ligatur,
2193 3056 2291 3109 hos
2340 3057 2519 3123 pauci.
2576 3072 2867 3122 e.ptiiiere.
2910 3060 3154 3123 Quinque
3214 3061 3374 3126 igitur

1788 3125 1835 3192 pi
1880 3142 1908 3189 g
1953 3135 2096 3190 titur,
2138 3142 2243 3179 non
2288 3127 2375 3193 qui
2416 3142 2499 3177 ein
2556 3127 2696 3191 quod
2732 3128 3041 3193 nunplure,
3095 3125 3247 3189 sint,
3275 3132 3372 3183 sed

1787 3195 1926 3263 quod
1956 3196 2133 3263 plures
2180 3210 2376 3247 :onere
2429 3208 2530 3263 ευρ
2568 3210 2623 3245 rv
2662 3209 2887 3247 cazteuut
2941 3207 3017 3248 cs‘.
3053 3212 3066 3247 :
3101 3198 3290 3251 ho.um
3339 3217 3370 3253 a

1785 3262 1899 3315 sile
1958 3262 2347 3316 describuntur
2428 3262 2580 3327 tres,
2641 3262 2750 3314 duo
2807 3266 2995 3331 relqui
3074 3283 3104 3318 a
3176 3269 3367 3322 stellis.

1787 3332 2184 3398 Intelligendum
2215 3342 2299 3387 est
2327 3332 2493 3397 enim,
2523 3350 2615 3387 ctr.
2638 3342 2847 3385 urnacta
2870 3336 3098 3401 Spluera,
3156 3352 3371 3393 onmem

1787 3412 1967 3453 notam
1991 3401 2295 3456 describere
2325 3405 2583 3456 circulum
2617 3420 2627 3452 :
2659 3404 2745 3469 qui
2774 3421 2800 3452 a
2833 3404 2944 3456 sole
2991 3405 3371 3461 describuntur

1785 3480 1908 3523 sunt
1960 3481 2219 3539 mquator,
2279 3473 2507 3525 circulus
2551 3472 2825 3535 brumalis,
2856 3482 2911 3526 et
2938 3474 3166 3528 circulus
3196 3481 3375 3529 solsti-

1787 3540 1958 3603 tialis;
1992 3540 2115 3595 facit
2144 3542 2284 3595 enim
2314 3541 2393 3595 sol
2420 3543 2470 3594 iit
2507 3542 2674 3595 tribus
2704 3544 2823 3595 (ζωοὶ
2848 3544 3086 3610 partibus
3144 3559 3373 3606 quatuor

1784 3611 2093 3664 discrimina
2124 3612 2407 3678 diligenter
2435 3612 2689 3665 studiosis
2718 3612 3043 3664 annotanda.
3087 3612 3217 3665 Nam
3250 3632 3369 3667 cum

1785 3690 1916 3733 esta
1946 3683 2097 3734 nobis
2128 3697 2312 3735 versus
2360 3682 2610 3733 Alhll‘lllll
2658 3682 3063 3743 remotissimus,

1784 3751 1925 3803 circa
1960 3766 2128 3804 nonas
2152 3750 2490 3812 Decembres,
2521 3767 2617 3803 nec
2650 3752 2789 3801 enim
2809 3750 3021 3802 dtﬂicile
3044 3754 3375 3805 estaiiiinad-

3117 3684 3258 3750 quod
3316 3686 3373 3736 tit

1788 3828 1997 3889 vertere
2026 3837 2181 3883 quam
2213 3821 2280 3871 sit
2315 3828 2438 3871 tunc
2462 3821 2537 3871 sol
2572 3820 2757 3886 pl‘titlll
2793 3821 2869 3885 (in
2904 3821 3126 3871 tue.idie
3158 3826 3374 3889 semper

1785 3888 2045 3955 intelligo)
2078 3906 2104 3939 a
2141 3898 2325 3942 nostro
2352 3890 2545 3939 Vtit‘lic't:
2568 3890 2859 3951 digressus,
2892 3902 2978 3951 eo,
3013 3889 3255 3956 inquam,
3282 3888 3375 3945 die

1783 3956 2039 4029 circulum
2073 3957 2421 4029 describitiex
2457 3958 2635 4029 mundi
2666 3962 3014 4020 circumactu,
3049 3974 3076 4010 a
3110 3976 3217 4019 quo
3250 3977 3374 4029 pos—

1786 4026 1943 4077 tridie
1971 4025 2162 4078 iterum
2198 4026 2380 4091 incipit
2422 4026 2730 4087 ascendere,
2785 4043 2847 4079 ac
2898 4036 3106 4081 vertere
3158 4025 3277 4084 sese
3308 4030 3375 4083 ειιί

1785 4109 1883 4148 nos
1911 4111 1923 4157 ;
1958 4103 2238 4163 propterea
2264 4097 2493 4147 eireailas
2525 4097 2608 4147 ille
2635 4096 2789 4163 tropit
2812 4112 2873 4149 us
2900 4098 3113 4161 dicitur,
3137 4101 3278 4166 quod
3309 4100 3375 4152 ab

1750 4188 1753 4189 ν
1785 4179 1816 4217 e
1840 4185 1851 4214 ι
1877 4168 1997 4242 loco
2023 4167 2102 4219 sol
2129 4180 2343 4242 semper
2380 4166 2679 4242 revertitur.
2715 4167 2914 4218 Utmcis
2944 4176 3108 4242 qaan
3143 4172 3378 4242 χειμέρια

1785 4256 1871 4304 go;
1895 4234 2110 4298 dicitur,
2144 4236 2194 4287 id
2222 4245 2321 4304 est,
2349 4237 2522 4287 versio
2553 4236 2773 4304 hiberna
2802 4254 2813 4285 :
2846 4234 3139 4287 curu'diem
3181 4234 3378 4291 vnciut

1787 4300 2270 4386 gatinibrum‘am,’
2290 4305 2462 4370 quasi,
2492 4313 2552 4386 ut
2575 4303 2778 4386 Nomius
2813 4308 3129 4386 annotavit,
3186 4307 3374 4386 βραχὺ

1786 4370 1943 4440 ἦμαρ,
1976 4373 2025 4425 id
2062 4381 2177 4434 est,
2205 4372 2425 4425 brevem
2472 4372 2633 4423 dicm.
2666 4370 2956 4438 Propterea
2989 4387 3017 4423 a
3046 4370 3245 4429 nostris
3272 4370 3380 4429 cir-

1785 4439 1939 4494 culus
1967 4443 2220 4513 brumalis
2248 4447 2487 4513 vocatur,
2514 4450 2566 4491 et
2601 4439 2658 4513 lit
2687 4442 2965 4513 existente
2983 4443 3098 4495 sole
3117 4444 3179 4513 in
3205 4446 3378 4513 prima

1788 4520 1939 4579 parte
1968 4510 2301 4579 Capricorni,
2323 4510 2459 4562 unde
2487 4519 2543 4560 et
2573 4510 2803 4562 circulus
2825 4512 3129 4578 capricorni
3157 4510 3373 4568 dicitur.

1791 4581 1989 4634 Deinde
2014 4581 2267 4650 postdies
2292 4579 2603 4650 nonaginta,
2637 4579 2871 4632 medium
2895 4581 3079 4634 mundi
3144 4584 3377 4649 obtinet,

1790 4652 1877 4703 ubi
1932 4649 2184 4704 describit
2228 4649 2483 4703 circulum
2535 4650 2986 4715 :equinoctialem,
3036 4667 3143 4718 quo
3182 4652 3268 4705 die
3324 4656 3378 4705 in

1788 4720 2025 4787 qualibet
2053 4720 2272 4786 regione
2293 4720 2405 4771 dies
2432 4726 2485 4769 et
2516 4726 2699 4771 noctes
2724 4728 2847 4770 sunt
2878 4734 3053 4785 pares.
3082 4718 3210 4773 Post
3240 4723 3380 4775 hanc

118 4790 593 4861 temperatasuitra
617 4804 713 4861 eos
738 4789 862 4844 hinc
885 4790 1085 4861 Calore,
1114 4787 1258 4861 illinc
1286 4792 1481 4857 rigore,
1524 4802 1684 4861 atque
1716 4799 1763 4856 υ
1790 4800 1986 4842 metant
2008 4789 2246 4861 quotidie
2266 4790 2347 4839 sol
2376 4787 2601 4861 vicinior
2622 4787 3377 4861 Septentrionibusredditur,

116 4856 399 4926 mortalium
426 4857 752 4911 habitabiles
781 4860 1078 4926 repererint
1106 4860 1283 4913 sedes.

176 4923 229 4978 In
251 4927 382 4997 libro
403 4930 471 4982 de
502 4927 732 4980 Civitate
755 4923 854 4980 Dei
878 4929 1088 4981 decimo
1108 4938 1284 4988 sexto,
1307 4928 1483 4997 capite
1514 4944 1678 4992 nouo,

116 4994 186 5047 sic
219 4994 361 5067 dicit,
389 4997 952 5067 scilicetAugustinus
978 5015 991 5050 :
1021 4998 1175 5064 Quod
1209 5014 1336 5052 vero
1374 4994 1683 5067 ’Autipodas

117 5080 223 5118 esse
264 5064 592 5136 fabulantur,
617 5066 669 5117 id
719 5064 820 5131 est,
854 5068 1097 5122 homines
1150 5084 1179 5121 a
1213 5067 1479 5122 contraria
1513 5064 1685 5136 'parte

120 5143 279 5197 terrm,
306 5134 392 5188 ubi
417 5135 505 5191 sol
535 5135 728 5199 oritur,
750 5136 963 5197 quando
986 5138 1180 5191 occilit
1233 5138 1407 5201 nobis,
1460 5134 1685 5193 adversa

119 5202 318 5270 pedibus
344 5204 548 5258 nastris
576 5204 789 5258 calcare
818 5205 1035 5272 vestigia
1066 5208 1207 5259 nulla
1231 5209 1437 5261 ratione
1462 5209 1686 5261 creden-

120 5272 230 5324 dum
258 5282 352 5332 est.
379 5288 559 5338 neque
585 5274 692 5327 ulla
746 5273 849 5328 hoc
878 5275 1124 5328 historica
1143 5276 1449 5340 cognitione
1472 5276 1691 5330 didicis-

119 5355 172 5392 se
204 5357 257 5393 se
283 5342 569 5412 alllrmant,
616 5342 711 5398 sed
761 5344 910 5411 quasi
962 5352 1045 5396 rat
1066 5344 1330 5396 ocinanelo
1361 5347 1687 5412 conjectant.

121 5424 179 5480 eo
198 5411 329 5477 quod
353 5413 494 5467 intra
526 5429 765 5468 convexa
791 5416 911 5467 coeli
941 5422 1079 5466 terra
1108 5428 1367 5480 suspensa
1412 5411 1502 5479 sit,
1538 5430 1690 5470 eum.

120 5479 327 5543 domine
352 5481 529 5535 locum
552 5485 781 5537 mundus
796 5484 1059 5541 habeatet
1084 5479 1324 5536 infimum
1353 5491 1403 5534 et
1430 5482 1683 5537 medium.

126 5546 183 5597 Et
207 5563 271 5619 ειν
290 5550 389 5619 hoc
406 5551 704 5619 opinantur
726 5554 952 5607 alteram
976 5560 1178 5619 partem
1211 5559 1387 5613 terrm,
1410 5566 1526 5617 qua:
1550 5551 1687 5606 infra

124 5625 215 5681 est,
263 5616 592 5688 habitatione
642 5621 921 5676 hominum
950 5616 1140 5677 carere
1196 5635 1303 5673 non
1352 5616 1529 5688 passo.
1583 5620 1691 5675 Nec

124 5685 403 5759 attendunt,
448 5691 663 5759 etiamsi
747 5693 911 5758 figura
992 5690 1313 5759 conglobata
1353 5685 1414 5742 ct
1449 5690 1691 5743 rotunda

127 5757 333 5808 orandus
360 5771 481 5812 esse
503 5758 781 5825 credatur,
808 5760 923 5814 sive
970 5757 1147 5829 aliqua
1179 5762 1390 5814 ratione
1420 5768 1691 5831 monstre-

128 5835 219 5889 tur,
266 5838 371 5879 non
424 5834 611 5884 tamen
663 5822 783 5886 esse
838 5822 1172 5899 consrqu'ens
1214 5837 1272 5885 ut
1322 5830 1481 5887 etiam
1507 5838 1574 5881 ex
1604 5822 1693 5880 illa

1793 4874 1959 4927 usque
1988 4854 2051 4910 ad
2082 4856 2386 4927 solstitium,
2412 4870 2516 4927 quo
2537 4854 2622 4907 die
2644 4855 2966 4927 describitur
2997 4860 3182 4913 tertius
3206 4854 3384 4927 paral-

1793 4926 1947 4985 lelos,
1978 4928 2066 5003 qui
2088 4924 2627 5003 solstitialisdici’tur,
2661 4924 2849 5003 fs‘rzece
2878 4934 3044 5003 ςτροπή
3066 4924 3381 5003 gmw—rigid

1795 5004 1897 5059 est,
1934 4995 2105 5048 versio
2134 4994 2318 5047 azstiva
2370 4992 2761 5060 significantius
2786 4992 3001 5059 dicitur,
3058 4992 3382 5054 Germanice

1794 5080 2007 5131 quoque
2034 5066 2219 5116 eadem
2248 5064 2477 5124 ratio-re,
2508 5064 2602 5117 des
2631 5069 2997 5119 sonimersche
3024 5083 3122 5121 son
3179 5069 3381 5120 vuendo

1799 5144 1869 5187 te.
1904 5132 1987 5195 Fat
2018 5149 2230 5201 quoque
2278 5136 2328 5186 iti
2361 5135 2530 5201 prima
2562 5134 2754 5188 Cancri
2780 5148 2955 5204 parte,
3006 5140 3150 5204 unde
3178 5146 3233 5189 et
3269 5150 3380 5187 tro-

1799 5205 1945 5286 picus
1976 5204 2163 5286 cancri
2192 5219 2291 5281 seu
2317 5204 2544 5286 circulus
2576 5204 2767 5286 Cancri
2788 5203 3380 5286 “dicitur._.Universum

1800 5274 1852 5327 id
1885 5275 2023 5341 quod
2069 5276 2325 5326 extremis
2356 5274 2570 5326 circulis
2595 5283 2650 5325 et
2681 5274 2858 5326 medio
2905 5274 3235 5336 continetur,
3271 5284 3383 5326 toro

1798 5344 2051 5398 ridazoua
2080 5343 2219 5411 apud
2249 5344 2535 5409 scriptores
2590 5342 2804 5403 dicitur,
2836 5343 3079 5409 regiones
3130 5344 3269 5395 enim
3300 5343 3381 5397 his

1796 5415 1918 5468 ειειί
1943 5414 2075 5467 locis
2100 5413 2353 5477 subjectae
2384 5418 2644 5477 perpetuo
2672 5420 2805 5462 restu
2838 5422 3119 5465 vexantur.
3160 5411 3381 5465 ltestant

1796 5482 1904 5536 duo
1934 5484 2021 5535 alii
2043 5482 2223 5541 circuli
2252 5480 2487 5547 paralleli
2517 5481 2657 5532 circa
2691 5484 2843 5547 polos
2872 5484 3052 5535 mundi
3078 5481 3224 5535 ducti
3248 5487 3382 5535 intra

1798 5567 1934 5617 quos
1956 5553 2121 5603 stella:
2151 5566 2267 5615 quae
2290 5554 2636 5604 continentur
2663 5566 2769 5603 nun
2812 5567 2935 5603 nam
2966 5554 3236 5617 occidttnt,
3290 5550 3380 5617 qui

1796 5620 2169 5674 describuntur
2224 5635 2329 5671 non
2373 5621 2623 5673 omnibus
2668 5620 2862 5674 eodem
2921 5623 3126 5683 modo;
3184 5635 3301 5671 nam
3328 5618 3381 5672 in

1799 5688 2001 5742 Graecia
2030 5690 2349 5743 describitur
2392 5706 2420 5743 a
2454 5691 2753 5758 posteriore
2776 5690 2914 5757 pede
2947 5688 3092 5743 Ursae
3139 5688 3377 5755 majoris,

1799 5758 2038 5832 Colonia:
2068 5774 2095 5811 a
2120 5758 2229 5832 lyra
2252 5758 2603 5832 seuftdicula.
2634 5760 2739 5832 Sed
2770 5760 2857 5811 alii
2890 5759 3245 5832 hos_c_irculos
3270 5774 3377 5832 non

1802 5837 1833 5878 a
1863 5829 2048 5894 stellis,
2081 5830 2173 5885 sed
2201 5844 2229 5881 a
2260 5830 2395 5899 polis
2424 5828 2659 5899 signiferi
2692 5832 2893 5885 ducunt
2919 5828 3010 5896 qui
3042 5828 3095 5884 itt
3146 5830 3384 5900 quolibet
