3842 6242
90 404 175 463 ιδθ
1210 396 1294 452 DE
1333 394 1637 451 TEMPORI

1771 393 2090 449 IiA'fIUNE.
3236 400 3337 451 ιῖτι

597 534 822 591 CAPUT
871 532 1106 587 xxxix,
1676 514 1722 569 Α
1756 511 1863 565 rius
1894 526 2021 579 ergo
2053 526 2310 565 numcrn.
2333 513 2538 566 dierum
2562 523 2712 568 sexta
2748 530 2870 584 pars
2895 519 3018 571 anni
3060 530 3158 573 cst.
3202 541 3217 570 ι
3268 519 3334 570 lit

339 648 420 703 De
441 664 691 703 "tensum
720 646 956 700 στυπιδιτιὶ
985 656 1031 698 et
1057 644 1357 699 bissextiiis.

1750 604 1912 671 paulo
1934 612 2054 673 po~t
2078 624 2087 657 :
2114 604 2398 671 rl’roin'le,
2416 607 2605 673 inquit,
2635 624 2729 677 per
2744 611 3012 663 senarium
3037 612 3188 679 primi
3213 629 3328 664 ver-

1748 711 1837 748 sos
1869 696 2269 765 multiplicatur,
2305 708 2557 764 tanquam
2588 699 2832 754 senarius
2855 701 3075 754 secundi
3120 718 3328 767 versus,

1748 798 1803 841 et
1833 788 1967 841 liunt
2006 790 2183 844 sexies
2210 790 2465 852 sexageni
2501 792 2725 843 trecenti
2773 798 2824 844 et
2870 794 3147 858 sexaginta
3192 793 3329 854 dies.

1748 880 1838 949 qui
1886 888 2012 933 sunt
2067 880 2259 947 integri
2288 877 2379 933 X‘l
2435 890 2665 935 nienses.
2720 880 2824 935 Sed
2892 884 3142 949 quoniam
3194 882 3333 936 sicut

144 789 237 846 Sed
264 791 326 844 de
356 804 616 844 mensura
659 788 915 843 crementi
942 786 1234 841 bissextilis
1265 782 1330 838 ne
1360 792 1413 839 te
1462 792 1643 837 nostra

88 881 229 935 lateat
251 880 541 944 sententia,
560 880 790 933 dicimus
809 877 1161 945 quadrantem
1180 876 1297 945 ejus
1316 875 1443 937 diei,
1468 873 1517 927 id
1541 882 1643 938 est,

84 988 162 1028 sex
190 973 340 1026 horas
368 988 464 1041 per
507 988 711 1026 annum
742 984 1074 1035 accrescere,
1119 970 1306 1026 horam
1337 978 1516 1022 autem
1550 983 1646 1037 per

88 1063 201 1116 duos
220 1077 443 1127 menses,
472 1062 753 1117 dimidium
776 1076 903 1116 vero
930 1061 1183 1130 boiasper
1196 1076 1357 1114 unum
1382 1075 1644 1123 mensem,

87 1153 200 1207 solis
223 1153 336 1207 dico
389 1154 723 1218 naturalem;
756 1168 919 1221 porro
948 1160 1194 1220 quartam
1224 1158 1433 1219 partem
1476 1150 1643 1215 horae,

85 1243 127 1293 id
151 1251 241 1304 est,
267 1254 523 1311 punetum
550 1259 648 1313 per
661 1244 894 1297 medium
920 1242 1137 1308 mensis,
1158 1242 1281 1313 quia
1309 1240 1475 1294 srrlem
1495 1241 1646 1294 novi-

83 1349 186 1388 mus
213 1333 487 1388 zodiacum
532 1334 821 1398 circulum,
855 1332 905 1386 id
935 1340 1037 1396 est,
1061 1332 1339 1386 duodecim
1372 1332 1519 1397 signa
1550 1333 1646 1385 lio-

82 1426 269 1495 roscopi
302 1442 396 1495 per
436 1425 709 1481 CCCLXV
742 1426 859 1479 dies
887 1433 941 1479 et
988 1424 1051 1478 Vl
1082 1426 1243 1479 horas
1274 1424 1474 1478 ambire
1501 1426 1646 1489 ;sin—

80 1516 185 1583 gula
227 1527 402 1571 autem
434 1519 585 1587 signa
622 1516 865 1586 ejusdem
897 1517 1098 1571 zodiaci
1132 1531 1226 1586 per
1255 1514 1396 1569 XXX
1448 1502 1563 1569 dies
1592 1524 1646 1569 et

81 1607 117 1662 Χ
145 1610 293 1664 lioras
344 1626 407 1666 ac
462 1612 725 1666 semissen
768 1611 997 1666 naturali
1040 1592 1199 1665 cursu
1254 1623 1533 1679 peragere,
1567 1607 1645 1661 rii-

80 1698 278 1753 midiurn
305 1716 433 1756 vero
464 1701 603 1769 signi
648 1702 906 1770 cujusque
939 1716 1033 1771 per
1064 1700 1150 1753 XV
1184 1700 1297 1755 dies
1328 1700 1368 1753 V
1401 1700 1560 1752 horas
1590 1705 1645 1751 et

79 1788 403 1856 quadrantem
429 1791 587 1844 unius
612 1790 760 1844 hora:
784 1805 1123 1860 percurrere.
1155 1788 1263 1843 Nec
1295 1788 1514 1841 omnino
1545 1802 1645 1855 pu-

1750 984 1988 1024 mensem
2018 970 2279 1025 circuitus
2311 970 2449 1025 luna:
2481 973 2718 1024 ostendit
2748 970 3075 1039 hominibus,
3109 974 3182 1025 sic
3231 990 3329 1025 an-

1750 1078 1850 1169 nu/s
1877 1060 2106 1114 circuitu
2154 1060 2286 1114 solis
2334 1061 2740 1113 animadversus
2771 1069 2872 1124 est,
2908 1072 3108 1114 restant
3149 1072 3330 1114 antu-ni

1750 1150 1961 1217 V/dies,
1991 1159 2045 1206 et
2073 1152 2347 1221 quadrans
2402 1150 2540 1212 diei,
2600 1162 2654 1206 ut
2712 1151 2793 1205 sol
2848 1151 3068 1219 impleat
3121 1169 3332 1205 cnr'snru

1746 1260 1928 1307 suum,
1978 1258 2289 1311 annumque
2333 1242 2657 1305 concludat;
2712 1252 2942 1310 quatuor
2987 1244 3126 1298 enim
3202 1260 3333 1312 qua-

1746 1334 1964 1388 drantes
1988 1334 2189 1387 faciunt
2220 1350 2382 1387 unnrn
2415 1333 2579 1395 diem,
2613 1350 2769 1401 quam
2805 1349 3024 1388 necesse
3054 1345 3135 1387 est
3167 1336 3333 1387 inter-

1747 1427 1923 1479 calare
1948 1440 2011 1477 ex
2031 1441 2188 1478 crrrsu
2213 1424 2593 1492 quadriennio,
2629 1423 2770 1491 quod
2790 1422 3084 1477 bissextum
3117 1432 3329 1484 vocant.

1747 1530 1814 1567 ne
1844 1523 2148 1583 temporum
2178 1514 2311 1566 ordo
2361 1512 2638 1577 turbetur;
2667 1513 2825 1565 etiam
2857 1514 2998 1581 ipsos
3033 1512 3068 1563 γ
3120 1513 3231 1566 dies
3281 1520 3336 1564 et

1745 1602 2104 1672 quadrantem
2153 1603 2196 1656 si
2241 1603 2671 1668 consideremus,
2704 1604 2949 1657 senarius
2979 1620 3232 1657 mmerns
3282 1605 3333 1656 in

1745 1693 1822 1746 eis
1854 1692 2143 1760 plurimum
2176 1691 2337 1757 valet,
2373 1693 2565 1760 primo,
2599 1694 2744 1761 quia,
2778 1694 2911 1747 sicut
2950 1691 3060 1745 fieri
3090 1693 3247 1754 solet.
3277 1702 3336 1745 ut

1748 1797 1775 1833 a
1798 1789 1948 1850 parte
1963 1790 2137 1835 totum
2160 1789 2523 1850 computetur,
2548 1798 2651 1834 non
2668 1782 2913 1850 suntjam
2938 1783 3049 1834 dir».
3073 1784 3328 1850 quoque,

78 1887 237 1934 tamus
289 1897 475 1935 eorum
519 1882 915 1951 suscipiendam
986 1896 1102 1936 esse
1145 1882 1489 1943 sententiam,
1528 1880 1638 1945 qni,
1678 1853 1715 1911 Β
1747 1873 1840 1926 sed
1872 1873 2050 1942 potius
2076 1888 2191 1936 sex,
2223 1883 2278 1926 ut
2311 1873 2582 1939 quadrans
2615 1874 2703 1926 ille
2749 1874 3040 1942 act-ipiatzu-
3088 1893 3180 1941 pro
3209 1877 3324 1934 die,

73 1972 211 2039 quasi
239 1974 379 2026 nocti
428 1973 560 2027 nihil
603 1973 921 2034 tribuentes,
959 1982 1067 2026 tres
1100 1980 1307 2025 tantum
1359 1972 1517 2023 horas
1546 1984 1641 2037 per

74 2075 252 2114 annum
291 2064 530 2118 bissexto
578 2078 888 2117 accrescere
929 2062 1265 2117 confirmant.
1302 2062 1454 2128 Quod
1492 2062 1534 2115 si
1568 2063 1638 2115 ita

72 2162 220 2218 εει-ει,
253 2169 356 2208 non
381 2164 507 2210 ante
531 2170 799 2209 annorum
836 2155 894 2208 Vl
925 2156 1247 2210 [circuitum
1279 2156 1391 2208 dies
1418 2155 1504 2222 qui
1534 2168 1641 2208 crev

72 2254 210 2297 verat
234 2254 375 2299 totus
394 2248 784 2313 compleretur,
810 2246 951 2300 diem
981 2262 1209 2314 namque
1238 2256 1433 2305 totum,
1469 2245 1517 2297 id
1536 2254 1636 2307 est,

70 2349 178 2387 Cum
206 2351 297 2389 sua
351 2348 507 2391 nocte
555 2335 723 2389 XXIV
777 2337 975 2392 habere
1025 2339 1204 2398 horas,
1238 2337 1397 2388 etiam
1452 2335 1640 2401 vulgus

72 2424 270 2492 ignobilr
315 2428 479 2479 novit.
506 2425 609 2491 Qui
645 2426 771 2478 dum
806 2436 948 2481 totus
974 2442 1065 2495 per
1098 2424 1504 2492 quadriennium
1532 2441 1637 2477 non

70 2526 275 2583 negetur
296 2518 520 2587 impleri,
540 2534 645 2585 qua
670 2519 877 2572 ratione
909 2527 1095 2587 quarta
1130 2533 1252 2585 pars
1280 2516 1395 2583 ejus
1418 2530 1509 2584 per
1530 2516 1637 2569 sin-

68 2607 207 2672 gulos
258 2608 317 2660 lV
354 2624 619 2664 annorum
658 2618 881 2677 negatur
924 2609 1174 2677 impleri?
1206 2607 1403 2661 Verum
1448 2606 1489 2660 si
1521 2607 1639 2674 quis

69 2706 289 2750 nostram
313 2700 365 2753 in
397 2700 499 2755 hoc
520 2701 878 2768 spernendam
913 2710 1061 2768 putat
1091 2699 1463 2764 assertionem,
1496 2697 1639 2765 legat

70 2784 197 2839 beati
222 2787 345 2840 Auri
367 2788 420 2841 lii
448 2789 736 2856 Augustini
763 2799 1011 2857 quartum
1057 2788 1123 2841 de
1155 2799 1339 2841 sancta
1373 2787 1637 2840 Trinitate

70 2872 309 2939 libellum,
338 2878 424 2932 ubi
456 2877 526 2933 de
548 2879 750 2932 senarii
785 2878 1009 2941 muneri,
1040 2879 1089 2930 in
1128 2892 1234 2944 quo
1267 2876 1494 2929 mundus
1527 2876 1635 2929 fac-

66 2975 145 3022 tus
164 2979 239 3023 est
259 3012 273 3033 ,
306 2970 640 3039 perfectione
668 2970 955 3031 disserens,
988 2970 1147 3023 etiam
1189 2969 1345 3037 hujus
1366 2969 1636 3036 quadran-

68 3057 129 3113 tis
174 3064 498 3116 mentionem
532 3062 735 3127 facere,
791 3064 899 3117 imo
956 3071 1011 3117 et
1060 3078 1182 3117 eum
1215 3065 1347 3117 certi
1395 3064 1635 3133 mysterii

64 3153 221 3220 gratia
251 3170 345 3223 per
376 3156 808 3223 omnipotentem
839 3156 1133 3209 conditoris
1160 3156 1480 3224 sapientiam
1504 3170 1629 3224 pro-

1744 1963 1866 2016 inde
1905 1963 2028 2029 quia
2074 1964 2124 2017 in
2157 1963 2283 2031 ipsis
2310 1964 2547 2032 quinque
2576 1964 2763 2017 diebus
2794 1973 2943 2018 sexta
2979 1981 3101 2031 pars
3138 1965 3334 2016 mensis

1744 2063 1846 2116 cst,
1892 2054 2005 2122 ipse
2057 2064 2236 2106 autem
2279 2054 2547 2121 quadrans
2601 2055 2662 2107 Vl
2717 2056 2877 2109 lrcras
2957 2056 3135 2119 liabet,
3190 2066 3332 2108 tutus

1744 2145 1886 2199 enim
1920 2144 2052 2208 dies,
2085 2145 2135 2197 id
2166 2152 2268 2203 est.
2312 2160 2432 2198 cum
2457 2159 2549 2197 sua
2576 2156 2733 2197 nocte
2784 2144 2940 2197 XXIV
2993 2146 3134 2197 hunc
3184 2155 3328 2207 sunt,

1745 2250 1970 2302 quarum
2003 2248 2126 2303 pars
2158 2242 2367 2300 quarta,
2401 2234 2492 2301 qui
2516 2245 2597 2287 est
2627 2234 2895 2303 quadrans
2935 2235 3061 2297 diei,
3096 2235 3153 2287 \I
3191 2236 3331 2287 lium:

1746 2326 2128 2389 inveniuntur;
2187 2326 2254 2378 ιιι
2300 2326 2349 2377 in
2398 2328 2523 2379 anni
2574 2342 2734 2379 cursu
2802 2327 3043 2381 senarius
3085 2344 3335 2380 ruzmerus

1745 2417 2033 2484 plurimum
2058 2418 2218 2469 valet.
2260 2436 2277 2466 ι
2316 2417 2437 2469 ιιιυς
2468 2417 2539 2470 de
2584 2419 2715 2470 tat-ti
2761 2420 2995 2471 auctoris
3039 2434 3334 2485 euerpem

1741 2509 2107 2579 dictis_libuit,
2139 2519 2195 2562 ut
2227 2508 2295 2563 de
2346 2519 2534 2561 natura
2593 2510 2813 2563 bissexti
2842 2527 2971 2563 mere
3032 2510 3183 2578 posill
3212 2511 3334 2563 tntis

1742 2614 1962 2652 sensum
1997 2602 2263 2667 relegens,
2291 2614 2395 2651 non
2447 2600 2621 2653 solum
2657 2601 2795 2652 hunc
2843 2614 2937 2666 per
2984 2614 3057 2652 se.
3085 2617 3139 2650 :rs,
3174 2599 3333 2649 lter-as

1742 2690 2018 2741 annuatim
2051 2702 2319 2748 crescere,
2354 2688 2447 2740 sed
2490 2696 2543 2739 et
2578 2688 2927 2755 irtttltiplieem
2978 2686 3213 2753 ejrrsir'rrr
3247 2702 3333 2737 srr-

1743 2779 1878 2832 narii
1907 2780 2114 2833 numeri
2156 2777 2575 2847 perfectionem,
2622 2794 2723 2847 qua
2754 2787 2807 2830 et
2837 2794 3008 2829 annus
3044 2778 3154 2843 ipe
3204 2794 3330 2829 con-

1740 2879 1867 2935 stat,
1898 2886 1960 2924 ex
1988 2885 2082 2924 ore
2106 2870 2400 2924 doctissimi
2428 2872 2733 2924 tractatoris
2764 2871 3042 2939 intelligas.

2355 2958 2580 3012 CAPLT
2620 2959 2726 3013 XL.

1917 3031 2088 3097 Quare
2113 3040 2257 3083 sexto
2287 3028 2544 3083 Caleirdas
2578 3032 2791 3081 martias
2820 3030 3168 3081 ir.tercale:m-.

1812 3141 1890 3197 0b
1924 3141 2027 3195 hoc
2054 3151 2233 3194 autem
2286 3139 2511 3194 bissexti
2540 3140 2681 3193 diem
2716 3139 2768 3192 in
2800 3156 2985 3192 mense
3033 3139 3327 3194 Februario

65 3203 91 3220 υ
127 3203 220 3206 ν-η-
251 3203 265 3223 .
292 3203 333 3209 --
380 3203 808 3223 πψτη-πετη-
842 3203 1131 3209 -ν---ν--η-
1161 3203 1480 3224 "rw-mm-
1504 3203 1554 3224 τ-
1578 3203 1595 3207 ν

64 3241 221 3295 visum
249 3244 560 3312 factumque
593 3245 789 3298 docere
820 3260 924 3297 non
956 3244 1153 3298 omisit.
1189 3264 1205 3295 ι
1242 3243 1413 3298 Unum
1465 3245 1630 3310 enim,
1665 3203 1711 3265 Ο
1744 3233 1949 3303 Nam"
1980 3232 2204 3287 ίηῑθΐοδί
2228 3247 2301 3286 τε
2328 3230 2619 3294 Humanis.
2652 3230 2775 3298 (ἶυίιῖ
2811 3231 2893 3283 hic
2930 3231 3142 3283 ιίονίυτ
3165 3239 3326 3282 Ci‘flc'

63 3335 241 3402 inquit,
270 3345 326 3390 et
345 3336 455 3389 duo
483 3343 542 3390 et
572 3334 696 3397 tria,
746 3350 839 3389 sex
871 3336 1033 3399 liunt;
1062 3337 1148 3404 qui
1179 3352 1433 3390 numerus
1476 3352 1637 3405 prop-

62 3431 195 3477 terea
225 3425 498 3493 perfectus
525 3426 746 3490 dicitur,
771 3426 892 3494 quia
918 3428 1157 3495 partibus
1175 3428 1283 3481 suis
1312 3428 1633 3494 completur.

62 3510 220 3570 liabet
242 3516 385 3570 enim
408 3532 529 3583 eas,
577 3525 708 3581 tres,
740 3528 971 3583 sextam,
1005 3519 1213 3571 tertiam
1246 3526 1299 3570 et
1337 3517 1633 3582 dimidiam,

62 3621 150 3661 nec
178 3608 281 3661 ulla
314 3624 446 3679 pars
468 3609 597 3675 alia,
623 3623 741 3677 qua:
769 3608 874 3663 dici
907 3610 1077 3679 possit
1106 3618 1269 3679 quota
1318 3610 1388 3663 sit
1428 3609 1636 3662 inveni-

60 3707 137 3753 tur
158 3700 207 3753 in
236 3717 321 3755 eo.
347 3701 515 3757 Sexta
542 3715 675 3771 ergo
697 3700 813 3771 ejus
836 3718 998 3756 unum
1032 3712 1132 3767 est,
1183 3702 1341 3756 tertia
1373 3700 1498 3765 duo,
1554 3699 1637 3752 di-

59 3790 206 3845 midia
238 3794 361 3846 tria.
396 3796 410 3825 ¹
452 3792 571 3847 Una
603 3801 809 3859 autem,
837 3803 889 3849 et
921 3794 1028 3848 duo
1051 3803 1106 3849 et
1129 3794 1227 3847 tria
1260 3779 1637 3848 consummant

56 3883 288 3938 eumdem
319 3884 622 3950 senarium,
656 3884 812 3954 cujus
842 3884 1225 3955 perfectionem
1257 3883 1410 3936 nobis
1451 3881 1635 3947 Scrip-

58 3980 164 4026 tura
185 3983 373 4029 sant-ta
398 3974 750 4030 commendat
777 3975 829 4029 in
857 3989 923 4028 eo
953 3974 1206 4034 maxime,
1236 3970 1378 4039 quod
1401 3971 1539 4024 Deus
1572 3969 1633 4022 Vl

54 4059 226 4116 diebus
245 4062 376 4118 fecit
406 4080 577 4135 opera
609 4078 730 4127 sua,
763 4071 818 4115 et
846 4069 1003 4115 sexto
1027 4061 1112 4114 die
1154 4060 1327 4114 factus
1366 4069 1448 4115 est
1471 4059 1633 4115 homo

52 4151 108 4203 ad
136 4153 421 4220 imaginem
452 4153 574 4219 Dei,
595 4160 652 4205 et
671 4159 822 4205 sexta
853 4160 1013 4205 aetate
1039 4152 1251 4221 generis
1274 4152 1514 4218 humani,
1542 4150 1633 4206 Fi-

54 4238 145 4294 lius
172 4240 264 4297 Dei
288 4244 462 4308 venit,
487 4252 541 4297 et
569 4242 745 4297 factus
768 4251 850 4297 est
881 4243 1019 4297 iilius
1048 4244 1299 4300 hominis.
1333 4255 1389 4299 ut
1418 4259 1517 4300 nos
1544 4260 1632 4300 re-

50 4328 292 4386 formarat
342 4334 415 4385 ad
464 4332 759 4399 imaginem
820 4333 932 4385 Dei.
988 4332 1170 4387 Annus
1233 4332 1395 4385 etiam
1456 4348 1632 4397 unus,

49 4420 85 4473 si
135 4419 219 4476 Xll
251 4439 475 4480 menses
520 4424 718 4492 integri
773 4424 1206 4489 considerentur,
1252 4438 1388 4493 quos
1443 4424 1633 4479 triceni

47 4511 153 4566 dies
181 4516 478 4582 complent.
513 4517 678 4569 talem
702 4514 901 4584 quippe
931 4529 1167 4570 mensem
1200 4523 1410 4571 veteres
1446 4515 1633 4571 obser-

51 4614 317 4669 varernnt,
376 4622 544 4676 quem
597 4606 858 4661 circuitus
886 4606 1089 4661 lunaris
1137 4606 1631 4673 ostendit,senario

48 4708 259 4748 numero
282 4698 481 4762 pollet.
501 4698 659 4764 Quod
686 4698 831 4751 enim
862 4697 1043 4751 valent
1065 4712 1156 4752 sex
1179 4698 1230 4751 in
1254 4698 1427 4767 primo
1441 4700 1631 4754 ordine

48 4796 409 4849 numeremur,
468 4790 563 4857 qui
616 4797 833 4843 constat
880 4803 945 4842 ex
996 4790 1115 4843 unis
1168 4798 1225 4843 ut
1281 4792 1631 4857 perveniatur

46 4875 104 4927 ad
134 4874 197 4939 X;
226 4878 332 4932 hoc
362 4879 551 4933 valent
584 4878 673 4933 LX
708 4882 760 4934 in
790 4879 1031 4935 secundo
1061 4880 1268 4947 ordine,
1329 4883 1419 4949 qui
1466 4898 1620 4939 cons-

47 4970 118 5018 tat
136 4981 202 5022 ex
220 4969 403 5037 denis,
439 4978 498 5024 ut
536 4970 881 5041 perveniatur
918 4968 984 5024 ad
1030 4979 1269 5024 centum.
1319 4969 1629 5041 Sexagena-

1745 3328 1817 3380 ris
1848 3334 1903 3380 et
1944 3333 2216 3379 extremus
2244 3322 2371 3375 anni
2403 3322 2601 3374 mensis
2623 3329 2758 3374 erat.
2800 3320 2988 3372 \‘erum
3040 3319 3159 3373 ideo
3191 3334 3325 3372 non-

1742 3419 1866 3469 dum
1896 3418 2113 3484 expleto
2160 3429 2249 3481 eo,
2278 3412 2733 3482 quemadmodum
2777 3410 3018 3481 Egyptii
3064 3421 3117 3464 et
3156 3410 3325 3463 Grmci

1740 3497 1969 3559 decurso
2013 3504 2177 3557 totius
2204 3503 2328 3557 anni
2358 3504 2440 3557 sui
2470 3501 2739 3557 curriculo
2763 3500 2938 3555 facere
2966 3501 3233 3563 volebant,
3261 3515 3327 3552 ne

1742 3594 1963 3649 omnino
1986 3594 2208 3649 discissa
2242 3593 2358 3660 lege
2380 3607 2476 3646 sua
2508 3592 2700 3655 veteri,
2737 3591 2941 3645 initium
2975 3588 3149 3642 Martii
3176 3605 3326 3641 inen-

1741 3692 1814 3743 sis
1844 3703 1873 3742 a
1898 3687 2175 3742 Februarii
2202 3686 2305 3740 line
2328 3685 2697 3753 sejungerent.
2733 3684 2859 3737 Ideo
2903 3699 3007 3736 non
3040 3690 3164 3733 ante
3208 3694 3327 3733 sex-

1743 3788 1853 3831 tum
1879 3777 2239 3831 Calendarum
2294 3775 2603 3828 Martiarum
2628 3776 2790 3837 diem,
2823 3764 2949 3841 quia
3001 3772 3165 3824 Deum
3197 3769 3329 3825 Ter-

1740 3867 1943 3919 minum
1993 3865 2255 3931 colentes,
2306 3863 2635 3918 Terminalia
2694 3879 2869 3927 sacra,
2903 3878 3022 3930 quae
3068 3862 3326 3916 vicesimo

1740 3955 1900 4009 tertio
1931 3955 2130 4008 mensis
2152 3953 2393 4022 ejusdem
2416 3954 2501 4007 die
2523 3954 2689 4008 semel
2713 3955 3075 4019 instituerant,
3100 3953 3151 4006 in
3166 3954 3327 4005 alium

1740 4046 1881 4101 diem
1906 4056 2118 4100 mutare
2150 4060 2371 4115 prorsus
2399 4062 2506 4099 non
2536 4046 2828 4109 audebant,
2861 4047 2952 4099 sed
3004 4048 3066 4099 iis
3106 4048 3206 4099 rite
3233 4062 3326 4097 cc-

1739 4136 2070 4203 lebratis,sic
2093 4136 2308 4190 tandem
2339 4135 2673 4190 necessarios
2697 4134 3002 4203 aliquandiu
3021 4136 3319 4202 perplures,

1738 4237 2015 4284 crescente
2039 4236 2218 4280 autem
2244 4242 2339 4296 per
2366 4234 2555 4280 aetates
2575 4227 2751 4279 sretuli
2780 4227 2989 4293 peritia,
3012 4241 3169 4278 unum
3193 4240 3326 4291 qm»

1738 4318 1945 4374 drantis
1966 4320 2383 4388 interponebant
2410 4320 2573 4374 diem.
2600 4317 2734 4375 lleu.
2758 4320 2935 4371 miseri
2968 4317 3321 4387 desipientis!

1736 4414 1823 4482 qui
1856 4412 2162 4465 nescientes
2218 4424 2341 4464 eum
2389 4410 2542 4479 cujus
2566 4411 2714 4479 regni
2742 4425 2846 4465 non
2895 4411 2999 4463 erit
3048 4408 3183 4474 ﬁnis,
3234 4408 3329 4476 qui

1737 4506 1872 4561 dixit
1903 4524 1913 4557 :
1950 4503 2063 4576 Ego
2087 4520 2198 4559 sum
2223 4504 2556 4575 principium,
2584 4510 2602 4539 ³
2660 4504 2796 4575 quod
2826 4514 2873 4556 et
2895 4499 2901 4507 ’
2924 4504 3110 4571 loquor
3162 4498 3325 4560 vobis,

1664 4588 1714 4647 Ῑ)
1743 4600 2027 4656 terminum
2057 4598 2237 4652 divino
2278 4596 2425 4651 cultu
2453 4596 2851 4659 honorandum,
2899 4606 2953 4649 et
3000 4596 3046 4646 ei
3080 4606 3231 4647 sacra
3258 4604 3322 4642 ac

1740 4691 2002 4751 sacriﬁcia
2034 4691 2331 4747 credebant
2359 4689 2584 4758 agenda.
2629 4689 2733 4742 Sed
2762 4688 2933 4740 multo
2962 4684 3206 4737 miserius
3235 4679 3328 4732 de—

1738 4794 1949 4840 mentes
2002 4784 2091 4852 qui
2124 4784 2385 4837 habentes
2414 4779 2830 4849 promissionem
2883 4776 3032 4844 regni
3062 4772 3323 4835 ccclesiis,

1739 4881 1821 4934 liis
1844 4876 2023 4947 potius
2038 4890 2158 4945 qua:
2177 4874 2409 4928 termino
2432 4880 2558 4927 sunt
2571 4872 2805 4925 obnoxia
2822 4868 3095 4922 adita-rere
3112 4867 3330 4937 petitori

1740 4987 1902 5043 quam
1925 4970 1990 5024 ad
2027 4978 2227 5023 mterna
2250 4966 2772 5037 voluntproperare,
2818 4964 2933 5017 sine
2965 4961 3065 5014 fine
3114 4957 3324 5012 victuri.

726 5084 733 5113 κ
1268 5101 1656 5161 νΑιιιΑκτεε
1698 5102 2099 5161 LECTIONES.

112 5191 127 5221 '
158 5193 215 5261 C,
254 5193 454 5251 Unum.
906 5196 926 5225 ¹
966 5193 1029 5260 C,
1068 5195 1175 5263 qui.

1284 5283 1572 5343 GLOSSE
1614 5287 1701 5343 ET
1738 5285 2051 5343 SCHOLIA.

648 5412 819 5453 CAPUT
852 5411 1033 5450 XXXIX.

110 5465 258 5523 Βυυ.
308 5466 523 5523 Rau.
583 5466 926 5523 ϐιοςειῑμ-
960 5465 1183 5535 Sertorio
1245 5481 1459 5518 numero
1515 5470 1629 5535 pol-

48 5537 125 5596 let.
156 5545 256 5593 etc.
308 5535 421 5591 Sex
453 5537 603 5607 enim
629 5537 877 5607 particuli
921 5545 1062 5607 sunt.
1096 5534 1309 5588 Primus
1354 5536 1491 5607 ordo
1518 5534 1634 5591 'nu-

46 5620 307 5663 meror!!-
336 5606 547 5676 δινεῖ)
578 5606 688 5660 uno
718 5622 887 5676 usque
914 5609 977 5659 ad
1016 5606 1238 5669 decem;
1270 5606 1562 5670 secundus,
1601 5623 1632 5662 a

45 5677 217 5733 item
246 5689 423 5745 usque
454 5674 523 5728 ad
545 5684 765 5730 centum
786 5674 813 5741 ;‘
832 5682 1041 5740 tertiu-‘,
1067 5692 1094 5729 a
1123 5684 1338 5730 centum
1373 5689 1542 5741 usque
1566 5677 1632 5730 ad

46 5745 215 5815 mille;
240 5744 494 5817 quartus,
523 5759 555 5798 a
579 5744 729 5817 mille
750 5761 919 5814 usque
948 5747 1013 5800 ad
1038 5746 1226 5801 decem
1252 5744 1448 5809 millia;
1478 5747 1633 5817 quin-

46 5824 153 5886 tus,
198 5814 483 5876 a'decem
529 5814 769 5875 millibus
837 5831 1003 5889 usque
1046 5817 1109 5874 ad
1155 5825 1373 5873 centum
1426 5815 1629 5883 millia;

1738 5407 1944 5461 sextus,
1975 5409 2004 5448 a
2029 5403 2245 5449 centum
2276 5390 2512 5447 millibus
2537 5406 2706 5461 usque
2737 5388 3101 5461 adnongenta
3129 5385 3323 5461 millia.

1740 5466 1855 5520 Hoc
1881 5458 2061 5519 valent
2081 5464 2359 5535 sexaginta
2386 5462 2437 5515 in
2465 5458 2700 5535 secundo
2730 5459 2937 5535 ordine.
2960 5458 3137 5535 Sicuti
3169 5470 3328 5507 sena-

1740 5537 1850 5590 rius
1883 5549 2137 5589 numerus
2167 5530 2485 5605 contineter
2503 5534 2555 5587 in
2586 5547 2704 5597 sex,
2734 5531 2789 5583 in
2826 5531 2997 5595 primo
3020 5530 3203 5605 ordine
3226 5536 3329 5599 nu-

1740 5619 2032 5676 merorum,
2084 5605 2163 5676 sic
2210 5612 2267 5657 et
2309 5603 2869 5676 senariusunumerns
2918 5603 3219 5674 continetur
3279 5606 3343 5644 in

1740 5668 2041 5743 sexaginta,
2094 5674 2146 5743 in
2198 5672 2435 5729 secundo
2489 5673 2696 5727 ordine.
2742 5668 2931 5723 Sexies
2978 5668 3119 5719 enim
3171 5679 3239 5718 un
3258 5677 3347 5721 us.

1741 5760 1859 5811 sex,
1888 5742 2065 5800 Sexies
2095 5742 2305 5807 decem,
2332 5743 2633 5813 sexaginta.
