3842 6242
448 376 547 434 ιιι

1043 490 1272 548 CAPUT
1314 491 1448 548 XLI.

746 594 897 660 Quod
924 605 971 651 et
1004 596 1128 650 luna
1155 595 1502 665 quadrantem
1524 595 1732 650 habent.

518 708 662 764 Inter
707 709 821 765 lucc
867 718 1046 763 autem
1096 708 1408 763 meminisse
1450 706 1614 762 debet
1656 707 1957 762 calculator
1988 716 2043 762 ut

447 811 627 854 tunam
651 800 851 853 mensis
876 797 1153 853 Februarii
1186 798 1399 852 ueteris
1438 798 1593 851 annis
1616 796 1785 851 XXIX
1810 798 2039 861 dierum,

447 906 589 945 anno
617 900 797 944 autem
830 890 1090 944 bis~extili
1111 896 1392 957 computet
1416 874 1587 954 XXX,
1611 890 1723 943 sive
1741 890 1886 944 illam
1917 899 2043 943 ante

446 982 821 1035 intercalatum
847 980 1222 1045 quadrantem,
1248 994 1344 1032 seu
1372 979 1737 1051 postmodum,
1763 979 2041 1034 terminari

444 1065 741 1140 contingat.
782 1070 949 1140 Cujus
1005 1070 1312 1138 adjectione
1360 1070 1468 1124 diei
1518 1070 1751 1124 eﬂicdur
1796 1072 2041 1125 lunarem

440 1171 569 1217 tunc
613 1178 833 1225 annum,
867 1164 911 1215 si
953 1163 1260 1215 communis
1290 1162 1382 1226 sit,
1432 1159 1674 1223 CCCLV,
1706 1161 1751 1215 si
1809 1161 2040 1217 emboli-

444 1270 613 1317 smus,
637 1251 1009 1307 CCCLXXXV
1044 1251 1234 1307 diebus
1258 1250 1542 1320 compleri.
1590 1249 1771 1305 Palam
1805 1266 2044 1321 namque

443 1352 665 1414 apparet
693 1343 1049 1411 quadrantem
1085 1343 1151 1396 de
1190 1358 1300 1411 quo
1330 1357 1511 1397 sermo
1542 1352 1645 1406 εει,
1678 1358 1786 1396 non
1816 1342 1882 1396 ad
1913 1342 2047 1413 solis,

444 1434 839 1498 tantummodo,
886 1434 980 1489 sed
1028 1434 1099 1487 ad
1142 1433 1281 1487 luna:
1310 1448 1527 1488 cursum
1556 1449 1711 1503 teque
1744 1435 2038 1502 pertinere,

437 1526 560 1591 quia
590 1525 631 1577 si
664 1525 1038 1592 luniequoqne
1059 1522 1415 1591 quadrantem
1444 1523 2038 1592 accommodarenegat

438 1614 601 1679 veris,
625 1616 718 1667 sed
754 1613 1020 1669 bissextili
1064 1629 1208 1667 anno
1242 1612 1485 1680 ejusdem
1530 1614 1849 1681 quantitatis
1891 1631 2042 1669 mcu-

436 1721 549 1759 scm
602 1706 841 1759 lunarem
893 1706 1216 1772 Februario,
1274 1705 1429 1771 cujus
1481 1714 1537 1759 et
1586 1716 1745 1761 antea
1804 1707 2037 1775 soltbaz,

436 1796 731 1864 aptaveris,
778 1794 835 1847 tit
867 1793 1113 1864 profecto
1174 1808 1232 1848 ut
1290 1806 1345 1849 et
1392 1804 1588 1865 quarta
1655 1795 1863 1849 decima
1914 1798 2039 1851 luna

436 1900 545 1955 pas.
570 1887 703 1961 lia'is
736 1886 979 1954 ejusdem
1014 1887 1139 1940 anni
1172 1887 1344 1955 pridie
1386 1902 1547 1955 quam
1588 1887 1850 1941 debuerat
1876 1888 2041 1945 adve-

435 1979 567 2032 niat.
594 1977 831 2048 Ideoque
870 1980 1144 2048 pasrhalis
1188 1980 1326 2034 ratio
1368 1980 1601 2047 vacillet,
1634 1990 1689 2035 et
1719 1982 1881 2036 totius
1912 1999 2037 2037 mox

434 2070 560 2123 anni
591 2086 779 2125 cursus
807 2070 1020 2136 titubet,
1060 2080 1344 2141 statusque
1368 2071 1460 2127 ille
1490 2087 1706 2141 semper
1748 2073 2036 2128 inviolabi-

435 2160 501 2215 lis
530 2162 717 2216 circuli
768 2159 1229 2217 decennovenalis
1273 2164 1443 2233 magis
1470 2165 1748 2234 magisque
1790 2167 2037 2221 turbatus

435 2262 732 2307 evertatur.
767 2253 947 2319 Quare
976 2263 1195 2323 oportet
1228 2262 1284 2307 ut
1312 2256 1474 2317 sicut,
1505 2254 1744 2309 dictante
1768 2256 2037 2324 quadran-

434 2344 500 2397 tis
531 2344 761 2409 ratione,
794 2354 990 2414 quarto
1022 2360 1190 2411 anno,
1217 2360 1377 2413 quem
1410 2336 1746 2402 bissextilem
1779 2349 2028 2415 dicimus,

433 2435 486 2488 in
528 2451 629 2489 una
669 2436 975 2505 eademque
1018 2447 1171 2492 sexta
1214 2437 1575 2493 Calendarum
1614 2439 1927 2496 Martiarum
1975 2442 2035 2496 li-

432 2542 555 2596 nea,
583 2528 732 2583 verbi
764 2530 956 2597 gratia,
996 2535 1211 2585 tertiam
1260 2541 1619 2600 quartumque
1662 2533 2032 2603 solemuspo-

990 374 1196 431 BEDAS
1242 376 1695 433 \‘ENERABELIS
1735 377 2014 433 OPERUM
2058 377 2234 433 PARS
2276 377 2865 437 |.-—DlDASCALICA
2908 378 3235 438 CENUI‘NA.

3626 383 3719 437 ιη

2072 502 2116 559 Α
2151 507 2279 546 nere
2312 492 2519 558 feriam,
2555 492 2628 547 ita
2657 493 2819 547 etiam
2847 503 2974 549 tunc
2996 495 3193 550 ibidem
3216 498 3415 562 lunam,
3443 500 3583 553 vorbi
3610 516 3720 568 gra-

2148 582 2238 645 tia,
2274 582 2486 634 tertiam
2514 581 2671 634 simul
2704 598 2767 637 ac
2807 594 3053 651 quartam
3080 599 3400 655 computare
3429 589 3719 642 memineri-

2147 688 2196 724 ni
2238 688 2264 727 s
2298 691 2310 725 :
2342 674 2445 727 hac
2492 688 2711 743 semper
2744 674 3008 730 industria
3040 678 3350 747 pervigiles,
3389 687 3447 733 ut
3482 696 3600 734 cum
3649 682 3722 733 lu-

2147 778 2270 817 nam
2305 765 2506 818 mensis
2536 763 2813 819 Februarii
2847 774 2973 820 tunc
3004 783 3109 821 uno
3139 768 3228 824 die
3261 769 3383 838 plus
3411 786 3570 840 quam
3591 772 3721 825 solo-

2147 856 2239 907 bat
2269 854 2472 909 habere
2510 854 2818 921 fecerimus,
2846 856 2898 910 in
2943 857 3131 913 diebus
3158 870 3337 913 tamen
3378 860 3720 916 Calendarum

2145 944 2478 1012 Martiarum,
2523 958 2754 1018 excepto
2775 947 2950 1003 solum
2982 949 3269 1006 undecimo
3316 952 3506 1008 circuli
3535 954 3721 1009 decen-

2146 1036 2426 1089 novenalis
2474 1051 2638 1101 anno,
2690 1038 2862 1107 ipsam
2906 1053 3071 1107 quam
3119 1049 3174 1095 et
3216 1051 3343 1095 ante
3383 1055 3724 1097 consueverat

2144 1127 2269 1185 luna
2296 1135 2477 1181 servit
2504 1136 2742 1182 (etatem.
2776 1128 2911 1183 Nam
2937 1139 2993 1183 et
3022 1130 3144 1185 ideo
3174 1132 3410 1187 maxime
3436 1131 3577 1187 luna:
3601 1149 3724 1200 qua-

2145 1218 2393 1274 drantem
2423 1219 2661 1274 dandum
2703 1236 3011 1289 monemus,
3056 1238 3123 1278 ne
3155 1223 3328 1292 major
3355 1226 3520 1279 solito
3552 1227 3604 1279 in
3628 1224 3721 1278 Ca-

2145 1310 2333 1365 lendas
2381 1311 2601 1366 Martias
2642 1312 2950 1378 existendo,
3003 1322 3180 1368 ratum
3236 1316 3508 1384 paschalis
3554 1317 3723 1371 obser-

2145 1401 2341 1455 vantia:
2365 1416 2580 1456 cursum
2610 1411 2764 1456 recto
2792 1417 2822 1456 a
2854 1404 3071 1459 tramite
3100 1403 3381 1459 deﬂectat.
3415 1405 3617 1472 Quibus
3642 1422 3724 1461 su-

2146 1501 2254 1547 tem
2284 1495 2570 1562 quantisve
2600 1504 2904 1575 temporum
2944 1497 3221 1566 particulis
3253 1497 3397 1551 idem
3443 1498 3580 1553 lunae
3604 1515 3724 1569 qua-

2143 1581 2307 1638 drans
2352 1592 2661 1649 accrescat,
2711 1585 2921 1653 majore
2964 1587 3193 1655 qua-situ
3237 1587 3476 1656 indiget;
3509 1604 3724 1658 namque

2143 1686 2265 1726 cum
2317 1672 2434 1741 ipso
2489 1670 2795 1743 quadrante
2858 1674 3021 1729 etiam
3068 1676 3259 1731 crebra
3300 1678 3723 1733 enibolismorum

2146 1762 2494 1834 interruptio,
2528 1772 2584 1818 et
2626 1764 2798 1819 saltus
2834 1779 3054 1836 quoque
3085 1768 3247 1833 ratio,
3289 1783 3361 1824 ne
3392 1777 3504 1824 tota
3532 1771 3724 1825 discur-

2078 1861 2117 1918 B
2146 1869 2237 1909 sus
2267 1855 2472 1910 lunaris
2496 1871 2748 1913 mensura
2798 1857 2864 1912 ad
2893 1874 3087 1928 purum
3137 1859 3385 1930 dignosri
3416 1872 3597 1932 queat,
3636 1864 3722 1918 ob-

2142 1948 2305 2003 si.tit.

2684 2039 2912 2097 CAPUT
2971 2042 3133 2099 XLII.

2674 2178 2679 2183 ~
2724 2144 2806 2200 De
2829 2148 2965 2200 saltu
2996 2147 3155 2203 (ante.

2214 2255 2291 2310 De
2319 2270 2427 2325 quo
2460 2265 2639 2311 tamen
2669 2256 2809 2311 saltu
2857 2257 3149 2311 verisimile
3178 2268 3407 2328 apparet
3435 2259 3575 2328 quod
3605 2275 3715 2313 eum

2138 2348 2296 2402 CiiiOI‘
2320 2364 2481 2417 quam
2528 2348 2686 2416 vulgo
2721 2358 2941 2416 putatur
2971 2348 3175 2402 lunaris
3214 2348 3543 2405 incensiunis
3582 2350 3718 2405 locus

2138 2451 2195 2497 et
2226 2442 2359 2496 liora
2405 2452 2675 2512 procreet.
2717 2440 2850 2495 Nam
2881 2441 3159 2511 quomodo
3189 2440 3301 2496 lieri
3337 2454 3519 2510 posset
3557 2455 3609 2496 ιιι
3636 2459 3721 2512 per

2139 2548 2312 2587 annos
2341 2532 2514 2588 denos
2548 2541 2603 2588 et
2654 2548 2896 2589 novenos
2942 2548 3106 2587 unum
3140 2547 3368 2588 necesse
3393 2546 3540 2588 esset
3575 2535 3725 2588 solito

1691 2662 1976 2719 CLUSSzE
2017 2664 2103 2719 ΕΤ
2142 2662 2455 2723 SCHOLIA.

1066 2790 1235 2829 CAPUT
1268 2792 1374 2830 XLI.

500 2843 653 2899 Bato.
687 2842 892 2898 “sues.
913 2841 1235 2898 GLOSS.£.—
1256 2849 1427 2909 Quare
1456 2857 1655 2914 oportet
1684 2850 1886 2902 utsicut
1918 2851 2027 2901 dic-

434 2925 574 2969 tante
601 2915 903 2985 quadrantis
934 2916 1135 2967 ratione
1163 2925 1347 2981 quarto
1392 2933 1552 2983 anno,
1597 2934 1745 2984 quem
1785 2918 2026 2971 bissexti-

429 2990 533 3040 lem
555 2986 605 3039 di
638 2987 791 3049 ini-ts,
816 2988 868 3039 in
893 3003 997 3038 una
1020 2985 1299 3053 cadentque
1320 2997 1467 3039 sexta
1495 2988 1848 3041 Kalendarum
1873 2989 2023 3042 Mar-

433 3061 619 3111 tiaram
637 3057 798 3138 linea,
821 3055 957 3137 rerlti
983 3057 1177 3137 gratia,
1210 3058 1775 3138 [ενιἱαιιιχιιςανιαηιῳιε
1802 3061 2025 3138 solemus

431 3144 621 3195 pourre
649 3127 856 3197 feriam,
912 3128 983 3179 ita
1033 3127 1188 3179 etiam
1230 3136 1349 3179 tunc
1393 3127 1583 3181 ibidem
1634 3127 1830 3187 lunam.
1888 3130 2025 3184 verbi

2147 2778 2334 2857 timum
2357 2775 2814 2857 decennove‘nalis
2838 2775 2971 2857 cycli
2999 2791 3200 2831 annum
3225 2793 3528 2857 accusant
3555 2780 3723 2857 diebus

2140 2848 2269 2903 facit
2298 2848 2621 2920 computari.
2660 2846 2888 2920 QUudusi
2922 2847 3101 2920 facere
3130 2849 3394 2920 negligas,
3428 2866 3524 2916 per
3551 2866 3611 2903 xv
3638 2851 3723 2902 de-

2140 2916 2539 2973 cennoveuales
2568 2918 2752 2988 cyclos
2787 2916 2855 2972 l5
2900 2918 2994 2972 tibi
3026 2916 3166 2972 luna:
3206 2919 3295 2971 ubi
3326 2916 3500 2989 prima
3524 2930 3723 2989 putatur

2283 3005 2301 3037 Γ
2395 3028 2408 3041 ο

2139 2998 2419 3113 οοῗςῖιιῖἓξη
2449 3058 2606 3112 ιωιω.
2641 3056 2795 3112 Sicut
2826 3072 2965 3110 unus
2995 3056 3110 3110 dies
3151 3066 3379 3126 propter
3418 3056 3720 3112 retardatio.

2141 3144 2261 3181 nem
2297 3129 2426 3182 solis
2451 3130 2627 3197 interp
2652 3128 2834 3189 mitur,
2865 3127 2935 3179 ita
2982 3142 3119 3180 unus
3143 3126 3259 3181 dies
3286 3138 3510 3197 propter
3536 3145 3565 3181 v
3597 3129 3720 3181 loci-

431 3201 625 3265 gratia,
657 3199 863 3250 tertiam
892 3198 1045 3249 simul
1077 3213 1136 3248 ac
1171 3207 1412 3265 quartum
1442 3208 1739 3266 computare
1777 3204 1927 3254 menti
1968 3216 2020 3255 e'-
2053 3206 2097 3267 (ζ
2136 3208 2301 3253 tatem
2346 3199 2485 3253 luna:
2523 3197 2973 3267 prmterinittitnr,
3012 3211 3172 3264 quem
3205 3198 3405 3251 saltum
3454 3199 3585 3253 Iun-.e
3619 3198 3720 3252 cal-

430 3270 592 3318 rimus
618 3282 633 3316 :
667 3268 761 3336 [iac
782 3283 982 3331 semper
1012 3266 1270 3321 industria
1304 3268 1595 3336 pervigiles,
1626 3281 1681 3320 ut
1704 3285 1817 3321 cum
1846 3270 2025 3324 lunam

433 3354 513 3409 me
536 3338 622 3389 isis
655 3335 950 3400 Februarii,
983 3346 1103 3409 tunc
1132 3355 1231 3391 uua
1255 3338 1338 3391 die
1363 3339 1476 3409 plus
1500 3356 1651 3409 quant
1680 3339 1895 3403 solebat,
1931 3342 2028 3394 Ita-

433 3408 551 3460 bere
578 3408 867 3475 fecerimus,
914 3411 969 3460 in
998 3407 1171 3461 diebus
1205 3419 1377 3461 tamen
1416 3407 1770 3464 Kalendarum
1804 3409 2028 3465 Martia-

431 3494 569 3542 rum,
610 3486 821 3545 excepto
863 3478 1028 3530 solum
1074 3479 1345 3533 undecimo
1375 3482 1555 3533 circuli
1598 3483 2027 3536 decennouenalis

432 3565 594 3613 anno,
643 3548 813 3614 ipsum
841 3563 995 3612 quam
1038 3558 1086 3601 et
1133 3558 1286 3599 antea
1331 3565 1390 3602 co
1432 3558 1663 3603 sueverat
1699 3554 1824 3602 luna
1863 3567 2029 3605 servet

433 3628 658 3671 (etatem.
690 3615 943 3687 Quisquis
977 3617 1115 3671 ismal
1143 3628 1524 3684 argumentum
1557 3621 1772 3687 legerit,
1824 3630 1878 3674 et
1910 3620 2025 3675 for-

434 3698 577 3743 tasse
611 3687 755 3741 illam
788 3686 1085 3741 falsidicam
1118 3687 1351 3747 elusam
1382 3686 1675 3756 invenerit,
1708 3705 1827 3758 quae
1864 3706 2025 3744 unam

428 3773 475 3810 in
501 3768 640 3811 atem
673 3758 811 3812 luna:
841 3758 921 3812 bis
968 3759 1019 3811 in
1050 3773 1156 3811 una
1199 3758 1346 3823 lunt,
1395 3760 1597 3815 scilicet
1629 3762 1681 3814 in
1731 3770 1888 3815 sexto
1920 3759 2028 3815 Ka-

433 3828 573 3881 lend.
594 3828 747 3881 Hart.
774 3829 955 3893 hodie,
984 3840 1039 3883 et
1058 3829 1177 3883 simi
1204 3828 1307 3883 it--r
1330 3830 1380 3883 in
1404 3839 1560 3885 sexto
1584 3830 1810 3886 Kalend.
1838 3830 2023 3895 illam,

432 3898 663 3969 crastina
695 3899 799 3961 die,
836 3899 887 3952 id
917 3909 1016 3963 est,
1051 3900 1278 3969 primum
1308 3901 1488 3965 hodie,
1523 3912 1572 3954 et
1606 3904 1834 3969 primam
1873 3918 2023 3955 cras-

433 3967 543 4019 tina
575 3967 660 4021 die
692 3970 932 4037 (turbato
961 3967 1151 4023 ordine
1180 3981 1500 4039 computare
1523 3967 1727 4039 dooet);
1753 3980 1946 4027 caveat
1970 3981 2027 4025 ut

433 4051 773 4111 nequaquam
807 4038 950 4091 illam
980 4040 1187 4104 credat,
1239 4038 1333 4111 sed
1380 4051 1533 4096 recto
1563 4038 1729 4109 atque
1750 4043 2026 4111 \ordinato

434 4107 649 4159 tramite
693 4122 812 4181 eam
862 4112 1193 4181 pronuntiet,
1248 4110 1498 4166 videlicet
1551 4107 1715 4167 hodie
1754 4107 2023 4181 primani,

432 4192 552 4231 cras
574 4176 902 4247 secundam;
930 4181 1011 4231 vel
1042 4180 1085 4231 si
1112 4180 1275 4233 hodie
1301 4196 1428 4235 seen
1453 4184 1616 4247 idam,
1648 4176 1889 4237 crastino
1914 4176 2023 4235 teré

434 4247 595 4322 tiam;
624 4257 716 4322 aut
754 4247 799 4299 si
833 4246 994 4322 hodie
1033 4250 1269 4322 tertiam,
1308 4265 1480 4322 mane
1521 4246 1701 4306 autem
1746 4261 2019 4322 quartam.

432 4316 521 4371 Sic
552 4326 606 4370 et
634 4316 701 4369 de
731 4318 939 4388 caeteris
966 4318 1216 4388 aetatibus
1238 4319 1348 4372 suis
1376 4334 1404 4371 a
1440 4322 1610 4388 prima
1635 4316 1807 4387 usque
1828 4323 1895 4375 ad
1926 4324 2023 4375 tri-

432 4389 691 4453 gesitnam
742 4386 1116 4454 intelligendus
1158 4395 1261 4453 est,
1303 4386 1628 4456 quia‘aliter
1672 4386 2024 4445 Februarium

432 4456 693 4511 bissextili
717 4472 862 4511 anno
888 4458 1213 4515 tricesitnam
1248 4462 1425 4512 lunam
1460 4462 1660 4513 habere
1688 4476 1793 4513 non
1822 4469 2021 4527 potest,

2131 3272 2401 3324 cnlatores
2456 3266 2672 3323 vocant.
2724 3266 3053 3321 Incensiouis
3105 3267 3256 3337 ejus,
3315 3268 3529 3323 scilicet
3574 3268 3720 3323 lunai.

2133 3339 2383 3410 Singulas
2428 3340 2652 3403 uuas,id
2674 3350 2778 3405 est,
2807 3352 3251 3410 unamquamque
3281 3338 3466 3393 lunam
3497 3356 3615 3395 xxix
3644 3355 3723 3393 se-

2133 3406 2253 3473 mis,
2280 3411 2330 3463 id
2354 3420 2454 3474 est,
2481 3410 2765 3465 duodecim
2787 3410 2957 3463 horis.
2984 3406 3378 3478 Coniputantes,
3404 3410 3606 3466 scilicet
3631 3410 3717 3464 illi.

2133 3478 2469 3537 Incensioucs
2487 3497 2684 3543 earum,
2703 3480 2910 3536 scilicet
2926 3480 3195 3533 lanarum.
3217 3479 3487 3549 Computa
3497 3490 3635 3535 tores
3651 3480 3721 3533 di-

2130 3560 2277 3613 cunt,
2306 3550 2389 3604 νει
2418 3552 2591 3604 media
2618 3552 2724 3611 die,
2745 3550 2831 3603 vel
2851 3550 3027 3604 me-lia
3050 3557 3230 3614 nocte,
3261 3565 3483 3619 semper
3511 3549 3719 3606 accendi

2132 3620 2336 3681 lunam,
2385 3635 2492 3674 non
2539 3620 2894 3674 observantes
2934 3621 2985 3671 in
3037 3621 3141 3673 hoc
3171 3620 3459 3673 veritatem
3505 3629 3716 3675 natura.

2130 3688 2263 3741 Nam
2312 3690 2438 3743 licet
2488 3689 2781 3757 aliquando
2822 3688 2925 3741 hoc
2978 3688 3093 3751 liat,
3137 3703 3245 3742 non
3289 3696 3470 3741 tamen
3519 3702 3722 3757 semper

2131 3758 2305 3811 media
2341 3768 2501 3813 nocte
2534 3760 2617 3812 vel
2648 3759 2825 3812 media
2863 3757 2953 3812 die
2994 3758 3326 3812 accenditur.
3363 3757 3423 3811 Si
3462 3769 3716 3820 naturam,

2129 3829 2336 3884 scilicet
2366 3829 2693 3883 incensionis
2724 3829 2862 3881 lunzc
2891 3842 3120 3896 quaeras,
3146 3830 3269 3882 luna
3302 3828 3354 3881 in
3374 3830 3613 3883 circuitu
3638 3828 3713 3882 lu-

2130 3900 2246 3953 nari
2289 3900 2447 3966 primi
2492 3900 2683 3953 mensis
2715 3907 2837 3966 post
2865 3898 3083 3968 saltum,
3117 3897 3169 3951 id
3199 3907 3303 3961 est,
3338 3897 3584 3967 Augusti,
3613 3913 3717 3968 qua

2130 3985 2266 4023 nunc
2305 3971 2522 4023 meridie
2544 3969 2860 4023 accenditur.
2894 3967 3124 4022 Secundi
3149 3968 3350 4021 mensis
3373 3979 3495 4038 post
3512 3967 3717 4029 saltum,

2130 4041 2181 4093 id
2212 4051 2313 4103 est,
2347 4038 2626 4109 Septemb.
2661 4040 2806 4097 luna.
2839 4055 2955 4110 quae
2993 4054 3135 4110 nunc
3162 4040 3341 4110 medio.
3358 4040 3527 4093 noctis
3552 4055 3720 4092 accen-

2075 4138 2079 4142 >
2130 4111 2292 4171 ditur,
2321 4108 2460 4181 natura
2489 4112 2685 4181 futuro,
2717 4110 2766 4163 id
2789 4108 2892 4168 est.
2923 4108 3162 4181 secundo
3184 4109 3269 4163 vel
3292 4121 3574 4178 sequente,
3606 4111 3719 4165 hora

2129 4196 2233 4233 una
2266 4191 2316 4234 et
2345 4179 2524 4234 decem
2570 4182 2865 4243 momentis,
2910 4179 3055 4249 quod
3099 4188 3183 4235 est
3228 4194 3365 4235 unus
3397 4191 3646 4248 punctus.
3680 4191 3720 4233 et

2127 4252 2329 4304 decima
2362 4269 2499 4305 nona
2524 4262 2674 4318 parte
2696 4252 2857 4306 unius
2889 4250 3075 4319 puncti
3104 4259 3226 4305 ante
3253 4253 3483 4305 medium
3514 4253 3619 4305 diei
3656 4251 3721 4305 ui

2128 4322 2291 4374 noctis
2312 4322 2629 4385 illustratur,
2658 4320 2889 4383 scilicet,
2912 4321 2992 4374 sic
3019 4323 3167 4374 omni
3196 4336 3341 4374 anno
3390 4322 3552 4375 citius
3572 4337 3635 4377 ac
3657 4321 3720 4373 ci-

2129 4392 2249 4443 tius.
2287 4391 2586 4451 Distinctio,
2621 4391 2672 4444 id
2703 4400 2806 4453 est,
2838 4390 3053 4451 divisio,
3084 4392 3372 4445 communis
3402 4394 3535 4444 anni
3556 4392 3719 4444 terni-

2128 4475 2272 4525 nam,
2306 4462 2526 4514 scilicet
2570 4462 2826 4526 pertinet,
2856 4460 3205 4513 novemdecim
3248 4461 3413 4513 trudit
3458 4475 3718 4518 annorum,

432 4526 903 4620 vitaliterldecima
934 4541 1122 4597 quarta
1152 4528 1364 4620 Ilunarin
1395 4532 1626 4620 termin‘o
1650 4526 1887 4597 paschali
1916 4545 2022 4609 iton
2063 4528 2341 4620 Dscilicet
2385 4530 2683 4592 solarium,
2736 4544 2845 4583 non
2895 4530 3265 4583 communium
3324 4528 3410 4583 vel
3477 4528 3719 4583 emboli»

428 4599 554 4661 erit,
604 4597 701 4654 sed
750 4599 965 4669 potius,
1022 4598 1167 4668 quod
1222 4597 1369 4656 nefas
1426 4609 1510 4655 est
1568 4601 1788 4664 dicere,
1840 4601 2025 4670 quinta

430 4670 659 4725 dschna.

1076 4758 1247 4797 CAPUT
1275 4758 1395 4796 XLII.

503 4808 651 4861 Baio.
679 4808 884 4866 RtIES.
906 4810 1152 4867 GLOSS.£.
1180 4844 1246 4853 —
1270 4811 1477 4866 Salium
1500 4811 1638 4866 lunze
1660 4812 1810 4867 locus
1824 4822 1876 4866 et
1901 4814 2032 4867 hora

430 4878 588 4956 ς]ιὶοι
613 4879 938 4956 inc‘ensionis
961 4885 1078 4956 ejus
1105 4901 1201 4952 per
1227 4882 1604 4956 naveiudecim
1637 4898 1810 4956 annos
1842 4885 2028 4939 ellicit.

433 4947 689 5021 Quamvis
714 4950 857 5021 enim
884 4947 1373 5021 quidam'singulas
1404 4954 1557 5007 lunas
1598 4954 1787 5021 viginti
1835 4968 2031 5009 novem

431 5020 597 5075 semis
624 5018 813 5073 diebus
837 5018 1245 5088 coinputantes,
1272 5023 1613 5075 incensiones
1643 5018 1829 5077 earum
1854 5023 2032 5077 medio

430 5092 537 5144 diei
576 5098 631 5145 et
659 5091 839 5144 medio
889 5090 1064 5144 noctis
1106 5106 1323 5159 semper
1352 5090 1646 5155 alternent,
1694 5106 1801 5145 non
1834 5092 1886 5143 in
1927 5092 2034 5146 hoc

430 5174 609 5217 tamen
656 5162 942 5217 veritatem
974 5169 1201 5226 naturae,
1248 5159 1342 5215 sed
1380 5160 1684 5214 calculandi
1717 5159 2033 5214 facilitatem

429 5234 724 5300 inquirunt.
758 5232 893 5287 Nam
924 5233 968 5287 si
999 5242 1248 5286 naturam
1279 5245 1513 5299 quieras,
1541 5231 1667 5283 luna
1702 5230 1859 5299 primi
1891 5244 2037 5284 inen-

429 5302 504 5356 sis
533 5317 651 5371 qua:
682 5319 824 5357 nunc
848 5304 1088 5365 meridie,
1125 5312 1179 5357 et
1206 5301 1426 5359 secundi
1459 5317 1578 5370 qum
1610 5300 1662 5353 in
1696 5301 1875 5355 medio
1907 5314 2037 5355 noc-

430 5373 498 5427 tis
529 5373 861 5437 accenditur,
900 5390 1041 5428 anno
1073 5376 1275 5440 futuro,
1307 5373 1435 5426 hora
1467 5382 1523 5426 et
1554 5372 1744 5427 decent
1786 5387 2037 5426 momen-

431 5445 518 5507 tis,
580 5452 635 5495 et
698 5441 923 5496 dimidio
968 5445 1248 5507 momenti,
1301 5452 1356 5497 et
1409 5459 1551 5496 nona
1605 5443 1819 5497 decima
1871 5452 2036 5512 parte

431 5512 635 5567 dimidii
667 5513 948 5577 momenti,
980 5522 1105 5566 ante
1134 5515 1368 5568 medium
1399 5514 1507 5568 diei
1555 5514 1644 5568 vel
1678 5514 1856 5569 noctis
1913 5514 2035 5566 illu-

435 5593 657 5636 stratur.
692 5580 817 5637 Hace
849 5592 1028 5635 tamen
1058 5583 1354 5648 distinctio,
1382 5600 1487 5637 non
1511 5585 1576 5638 ad
1607 5595 1813 5638 (crtum
1845 5583 2037 5637 embo-

433 5652 572 5705 lismi
606 5653 687 5707 vel
730 5652 1036 5707 communis
1077 5653 1202 5705 anni
1244 5653 1557 5715 terminum,
1591 5654 1689 5708 sed
1733 5654 1797 5707 ad
1826 5666 2037 5721 inquam

433 5721 749 5775 divisionem
775 5722 1149 5794 noveindecim
1174 5721 1344 5794 tendit
1368 5724 1868 5794 annorum..Sicque
1893 5724 2037 5794 enim

436 5805 531 5857 per
560 5793 931 5846 novemdecim
984 5808 1156 5845 annos
1206 5791 1467 5862 paulatim
1507 5791 1725 5862 lunaris
1784 5791 2039 5847 accensio

436 5874 557 5917 sese
582 5863 1006 5931 ptmoccupaudo
1050 5866 1208 5920 unius
1240 5862 1345 5918 dici
1378 5861 1613 5932 spatium
1646 5863 1919 5930 amittens,
1952 5863 2036 5917 ul-

2137 4614 2369 4651 lliOf‘Ulll.

2213 4667 2343 4722 Item
2371 4667 2507 4721 unde
2539 4685 2718 4737 supra.
2748 4696 2818 4707 —
2851 4667 3031 4720 Primo
3068 4666 3351 4721 sciendum
3383 4676 3471 4723 est
3500 4666 3641 4735 quod
3676 4667 3719 4721 in

2138 4748 2254 4793 toto
2283 4737 2707 4793 decennovenali
2740 4737 2944 4792 circulo
2975 4753 3113 4792 unus
3144 4738 3261 4793 dies
3289 4738 3463 4793 saltus
3486 4740 3625 4794 luna:
3644 4754 3720 4793 ac-

2136 4818 2367 4873 crescat,
2409 4809 2604 4864 deinde
2636 4822 2710 4877 qu
2727 4808 2988 4863 urendum
3027 4817 3131 4872 est,
3166 4811 3447 4879 quomodo
3480 4810 3718 4875 paulatim

2137 4896 2232 4951 per
2253 4881 2492 4948 singulas
2516 4882 2824 4935 lunationes
2841 4878 3276 4947 augescendo'ad
3301 4881 3573 4950 integrum
3595 4880 3721 4937 diem

2137 4953 2437 5021 perveniat.
2464 4952 2599 5005 Nam
2625 4951 2679 5004 in
2708 4950 2898 5021 decem
2929 4958 2985 5005 et
3016 4951 3399 5021 novemannis
3419 4968 3631 5007 ccxxav
3656 4951 3723 5003 lu-

2137 5019 2389 5076 nationes
2410 5029 2679 5076 suntcum
2702 5020 3059 5074 embolismis.
3085 5019 3149 5072 Et
3175 5019 3298 5075 ideo
3325 5036 3550 5077 necesse
3578 5029 3659 5075 est
3676 5025 3725 5071 ut

2138 5090 2422 5158 prtefatum
2452 5090 2595 5143 diem
2619 5089 2671 5140 in
2701 5096 2783 5142 tot
2801 5087 3023 5158 dividas
3053 5099 3255 5158 partes,
3285 5100 3419 5157 quot
3461 5092 3514 5143 in
3541 5090 3723 5158 decen-

2140 5155 2391 5213 novenali
2434 5160 2587 5228 cyclo
2634 5166 2763 5228 sunt
2800 5156 3132 5228 lunationes.
3187 5155 3315 5228 lloc‘
3358 5166 3541 5228 autem
3590 5156 3723 5228 nullo

2138 5224 2581 5298 compendiosius
2636 5224 2818 5298 modo,
2872 5238 3057 5298 quam
3090 5225 3357 5298 si_horas
3396 5226 3503 5281 diei
3547 5226 3722 5296 viginti

2140 5294 2373 5367 quatuor
2394 5297 2725 5367 dividasper
2751 5296 2978 5349 minuta.
3015 5294 3128 5350 Una
3159 5294 3294 5349 hora
3315 5295 3505 5351 decem
3531 5294 3724 5352 minuta

2143 5366 2354 5438 recipit.
2395 5366 2692 5437 Multiplica
2735 5366 3310 5439 ergodecanminuta
3340 5368 3506 5423 viries
3528 5378 3589 5423 et
3608 5382 3727 5439 qua-

2143 5450 2245 5504 ter,
2261 5434 2336 5493 'et
2379 5434 2603 5494 habebis
2633 5452 2768 5491 ccu.
2811 5438 3039 5490 minuta.
3070 5434 3145 5487 Ex
3181 5437 3265 5491 his
3312 5452 3449 5493 CCXI.
3496 5434 3727 5502 minutis.

2142 5511 2210 5564 de
2235 5509 2559 5578 supradictis
2588 5522 2798 5578 ccxxxv
2838 5506 3203 5578 lunatiouibus
3250 5508 3473 5563 totidem
3513 5509 3733 5569 minata.

2142 5575 2353 5635 scilicet
2425 5581 2716 5645 unicuique
2779 5576 3042 5645 lunationi
3101 5575 3408 5644 minutum,
3475 5590 3530 5635 et
3580 5590 3730 5637 erant

2186 5652 2385 5719 uinque
2417 5644 2637 5703 minuta
2662 5644 2899 5719 residua.
2946 5644 3077 5719 Qua:
3106 5661 3234 5719 vero
3269 5648 3513 5719 quinque
3536 5657 3730 5707 minuta

2167 5716 2355 5776 aciunt
2386 5719 2734 5791 medietatem
2782 5716 3142 5791 unius‘horx,‘
3172 5717 3222 5771 id
3253 5728 3359 5785 est,
3405 5716 3596 5791 viginti
3623 5738 3729 5791 mu-

2146 5800 2349 5873 menta.
2401 5787 2623 5873 Pa'rtire
2640 5786 3070 5873 unumquodque
3112 5786 3733 5873 mosiientum'perdao-

2145 5861 2325 5917 decim
2363 5860 2570 5923 uncias,
2604 5865 2659 5913 et
2685 5859 2931 5913 invenies
2969 5874 3105 5914 ccsi.
3134 5859 3344 5915 uncias.
3382 5859 3567 5917 Unci:
3606 5871 3733 5917 nan-
