1921 3121
49 159 85 187 73
619 153 664 180 ne
682 152 830 181 Tauroni

896 152 1053 181 ΠΑΪΙΟΝΕ.
1641 159 1691 187 ιη

32 213 139 240 dierum
159 210 231 238 luna:
252 216 369 238 numero
384 211 492 239 auferri.
517 211 540 238 si
562 218 616 237 non
633 210 683 237 hoc
709 209 839 238 velocitas
853 215 876 243 Α
891 209 938 237 XX
952 220 959 244 ;
974 211 1007 239 da
1022 211 1141 245 singulos
1164 210 1242 238 annis
1264 211 1387 246 singulis,
1402 217 1430 240 et
1450 217 1573 241 remanet
1594 222 1629 242 un
1640 224 1671 244 ns
1685 226 1690 243 ;

33 258 125 293 aliqua
139 258 246 285 lunaris
255 257 317 293 gyri
332 257 458 292 paulatim
476 260 534 283 toto
549 255 643 283 circuli
666 255 837 283 decennovc-

35 302 102 330 nalis
123 308 251 338 tempore
272 302 449 337 procuraret?
462 301 604 334 Quomodo
618 309 634 328 e
647 305 740 328 contra
755 301 839 329 tardi-

34 351 88 375 tate
103 356 205 376 cursus
229 348 328 376 solaris
352 347 393 382 agi
409 347 550 382 probatum
570 351 621 380 est,
642 352 672 373 ut
692 354 761 375 unus
790 354 839 381 per

38 393 251 428 quadriennium
273 393 334 427 ejus
349 392 438 420 cursui
453 392 512 419 dies
536 396 676 426 augeatur.
693 391 777 426 Hujus
791 399 838 419 au-

39 446 92 469 tem
119 440 194 467 velet
203 440 278 466 italis
290 443 329 474 et,
346 443 376 466 ut
394 439 430 466 ita
451 438 550 471 dicam,
570 438 781 473 anticipationis,
795 442 838 465 ta-

40 486 119 513 metsi
134 486 207 512 ordo
232 492 287 512 non
309 484 386 511 facile
409 487 494 519 patet,
518 491 643 510 mensura
668 490 837 518 nequaquam

41 531 116 559 latet.
136 530 255 558 Constat
269 531 341 557 enim
362 530 424 565 quia
444 529 589 557 diminutio
605 529 649 557 illa
665 533 747 564 atque
760 529 837 557 abla-

40 578 78 604 tio
89 576 145 604 diei
157 576 248 609 unius,
262 583 333 610 quze,
349 582 459 610 quoquo
478 575 558 602 modo
579 574 676 609 agitur.
693 582 742 609 per
753 574 838 602 denos

40 626 67 650 et
78 629 205 650 novenos
224 628 311 648 annos
334 625 391 648 tota
410 620 564 653 conficitur,
591 620 657 647 hora
684 627 733 654 per
752 627 838 646 annos

39 668 172 703 singulos,
189 672 217 695 ει
230 675 285 695 uno
300 671 411 702 puncto,
430 671 457 694 et
467 674 537 694 nona
552 666 655 694 decima
669 670 747 701 parte
760 665 838 692 unius

41 714 144 749 puncti,
160 718 288 748 augetur.
308 713 370 740 Dies
384 719 501 746 namque
517 711 598 739 XXIV
616 711 698 738 habet
714 711 806 742 horas,
822 717 838 737 e

40 759 136 793 quibus
147 766 211 786 cum
226 757 287 785 XIX
303 757 416 785 totidem
427 757 505 784 annis
517 756 611 784 circuli
632 755 837 783 deéennovena-

41 804 72 831 lis
83 804 266 837 distrLbueris,
282 806 423 830 remanent
436 802 472 834 V;
488 802 536 829 has
551 809 599 836 per
620 801 653 828 IV
677 800 836 836 multiplica,

39 850 99 884 quia
113 849 243 877 videlicet
270 848 337 875 hora
362 853 479 882 quatuor
500 846 608 881 punctis
626 849 745 878 constat,
770 845 838 872 liunt

891 256 962 283 hunc
974 255 1063 283 divide
1077 263 1124 291 per
1138 255 1208 288 XIX,
1223 260 1251 283 et
1263 256 1365 285 videbis
1385 258 1457 292 quod
1472 259 1506 285 ad
1530 259 1628 287 saltum
1652 262 1690 289 Iu-

890 309 932 329 ηδε
957 302 1156 337 complendum,
1183 306 1212 330 ut
1234 302 1361 337 diximus,
1387 305 1537 339 annuatim,
1566 307 1633 334 hora
1665 312 1692 334 et

890 351 1012 381 punctus,
1026 350 1054 374 et
1073 354 1144 374 nona
1167 347 1270 374 decima
1294 355 1357 382 pars
1372 349 1466 383 puncti
1493 349 1571 376 unius
1588 357 1682 378 πει-ες

890 390 951 418 scit.
968 390 1026 419 Non
1043 398 1108 425 ergo
1122 391 1184 419 unis
1206 391 1356 427 iisdemque
1379 392 1422 420 vel
1437 393 1559 421 articulis
1574 398 1681 429 tempo-

890 443 960 469 rum,
975 435 1019 463 vel
1032 436 1094 464 εωιί
1116 436 1268 465 climatibus
1293 437 1363 466 luna:
1379 439 1532 466 celebratur
1544 440 1681 473 accensio,

889 481 937 509 sed
951 488 1058 517 semper
1068 482 1206 516 aliquanto
1221 482 1302 511 citius
1318 490 1401 518 quam
1415 484 1578 519 prmcedenti
1589 492 1682 513 mense

889 527 1063 561 provenerat,
1089 532 1119 554 ut
1132 527 1167 555 sit
1191 528 1264 556 unde
1292 536 1361 556 unus
1384 537 1456 557 anno
1477 537 1550 558 nono
1574 531 1681 559 decimo

890 571 1057 599 tra‘nsiliatur
1070 572 1137 601 dies.
1151 572 1267 601 Diversis
1280 578 1371 602 autem
1386 575 1453 603 locis
1474 575 1568 603 circuli
1583 575 1682 603 decen-

891 617 1032 646 novenalis
1046 618 1144 645 diversi
1160 619 1261 654 quique
1275 619 1454 647 calculatores
1469 621 1541 648 hunc
1556 620 1682 647 eumdem

890 661 960 689 luna:
981 663 1079 690 saltum
1103 663 1341 699 interponendum,
1355 665 1380 692 id
1395 669 1445 698 est.
1469 673 1588 692 mensem
1603 665 1682 693 luna-

890 715 959 741 rem,
973 708 1019 743 qui
1035 709 1140 736 etnteris
1156 709 1233 736 annis
1245 709 1362 737 tricenos
1375 709 1435 738 dies
1452 711 1551 738 habere
1565 718 1680 739 consue-

890 758 978 788 verat,
993 755 1065 783 unde
1085 755 1194 790 triginta
1218 755 1324 783 dierum
1350 764 1409 784 esse
1433 756 1585 784 faciendum
1602 761 1682 792 puta.

889 808 973 831 vere;
1000 804 1028 827 et
1053 801 1123 828 ratio
1139 800 1247 835 quidem
1275 801 1406 829 naturalis
1427 802 1453 829 in
1479 807 1606 838 promptu
1627 807 1680 836 est,

889 850 985 873 cuncta
1001 845 1154 881 huiusmodi
1169 852 1319 881 crementa,
1333 848 1375 875 vel
1391 848 1554 876 detrimenta
1573 849 1640 878 solis
1652 853 1681 877 et

663 912 810 942 GLOSSIE
830 913 874 940 ET
893 911 1051 940 SCIIOLIA.

39 961 242 998 quednodccim
253 962 337 990 vicies
345 960 539 998 multiplicans,
549 959 688 998 puerulum
697 959 835 998 complent
851 960 873 989 Β
887 957 1098 998 tur._Scienduin
1113 965 1179 993 ergo
1193 964 1234 987 est
1248 960 1322 998 quod
1332 961 1364 998 _in
1379 962 1472 990 decem
1484 966 1512 991 et
1525 970 1623 991 novem
1635 972 1681 992 an.

39 995 193 1028 nunerum,
220 1001 248 1023 et
271 1001 414 1025 remanent
438 996 525 1023 adhuc
546 996 581 1023 de
603 995 736 1030 prted:ctis
763 1002 832 1021 ccxt.

38 1033 134 1064 unciis,
151 1032 282 1066 quinque.
300 1031 354 1059 llas
368 1033 487 1066 qunque
501 1031 598 1066 iterum
613 1030 702 1066 divide
717 1037 766 1064 per
777 1036 834 1066 ato-

38 1076 96 1094 mos
115 1064 251 1095 ducentos
267 1064 522 1100 triginta'quiiique.
538 1065 591 1093 Tot
626 1065 699 1092 enim
716 1069 779 1092 sunt
792 1064 831 1091 lu-

39 1103 165 1139 nationes
179 1101 520 1139 circulideeennovenalis,
536 1101 606 1128 sicut
621 1103 831 1139 supraannota-

40 1138 137 1169 vimus,
152 1142 180 1164 el
192 1137 315 1164 invenies
328 1137 400 1172 quod
412 1136 438 1163 in
451 1143 612 1172 unaquaque
626 1136 764 1162 lunatione
775 1136 832 1172 jam

38 1172 100 1200 dicti
114 1168 212 1199 circuli
224 1172 327 1199 crescit
337 1168 422 1199 saltus
437 1168 662 1202 lunzc'miiiutum,
678 1174 705 1196 et
725 1168 833 1197 unciam

39 1208 116 1235 unius
131 1207 275 1241 momenti,
295 1211 324 1235 et
338 1211 468 1234 atomum.
495 1205 834 1241 Prteoccupando,pr:eve-

38 1243 137 1270 niendo
151 1247 180 1270 et
193 1242 385 1277 pnecedendo.
407 1242 546 1273 Amittens,
563 1240 686 1275 perdens.
703 1240 832 1277 Ultimum

38 1274 251 1304 detruncent—alia
273 1278 340 1312 cycli
360 1286 458 1303 annum
481 1274 632 1304 cccu'xxm
645 1276 750 1312 diebus
770 1274 833 1312 facit

38 1313 200 1347 computari,
219 1310 325 1339 scilicet
342 1317 464 1346 quartus,
486 1312 592 1339 ra'ioue
610 1311 695 1337 saltus
714 1310 832 1337 absumi-

39 1346 186 1382 tur.0lod
203 1347 227 1374 si
249 1348 336 1382 facere
350 1347 476 1382 negligas,
501 1347 526 1373 iul
545 1353 597 1378 est,
621 1346 642 1373 si
663 1347 761 1382 saltum
777 1353 832 1372 non

39 1381 135 1410 feceris
153 1391 200 1418 per
219 1380 369 1418 quindecim
384 1380 605 1418 iiel'ennorenales
619 1382 714 1416 σιμ-ιω,
735 1380 761 1407 id
779 1385 832 1418 est,

39 1416 160 1445 cccxxxv
174 1416 272 1449 annos,
287 1425 349 1445 cum
373 1418 474 1445 debeas
489 1417 580 1444 lunam
595 1421 755 1450 computare
778 1416 833 1450 pri-

39 1460 119 1485 mam,
131 1458 257 1480 occurret
270 1451 313 1479 l5.

74 1487 141 1514 Item
152 1487 220 1514 unde
230 1496 322 1522 supra.
333 1502 368 1508 —-
378 1487 407 1515 Si
422 1487 481 1521 quis
497 1486 648 1513 calculator
660 1485 786 1513 subtilius
799 1485 833 1513 tle

38 1522 107 1550 saltu
122 1523 192 1549 luna:
207 1521 370 1558 investigare
385 1522 509 1553 voluerit,
529 1523 599 1558 scire
618 1521 697 1558 debet
712 1522 794 1558 quod”
805 1521 831 1548 in

40 1558 132 1592 viginti
151 1562 181 1585 et
193 1562 299 1593 septem
315 1558 425 1590 diebus,
442 1562 470 1585 et
485 1562 548 1584 octo
560 1557 639 1593 rhn:is
654 1557 715 1593 luna
736 1557 830 1593 zodia—

39 1600 98 1621 cum
110 1592 244 1621 circulum
255 1593 418 1628 perlustrat;
432 1592 479 1620 sed
491 1596 520 1619 ut
533 1592 566 1619 ad
580 1592 762 1619 incensionenl
773 1592 831 1624 ejus

40 1636 122 1663 usque
135 1627 289 1664 perveniat.
305 1636 419 1656 necesse
434 1632 476 1664 est
499 1627 569 1664 duos
587 1628 645 1664 dies
667 1631 694 1653 et
715 1631 833 1660 quatuor

38 1664 118 1690 horas
130 1663 206 1696 addi,
229 1663 283 1691 hoc
304 1668 355 1697 est,
381 1667 409 1690 ut
432 1663 490 1689 dies
513 1663 605 1696 viginti
630 1666 658 1689 et
681 1668 788 1697 novem,
805 1666 833 1688 et

38 1698 179 1726 duodecim
191 1699 274 1726 horas
284 1699 391 1725 habeat.
407 1698 460 1725 Sed
472 1701 616 1731 antequam
631 1696 751 1732 perliciat
763 1697 831 1723 dno-

38 1733 169 1760 decimain
193 1733 299 1764 horam,
322 1734 410 1768 perdit
432 1740 465 1760 ex
489 1740 521 1760 ea
545 1736 831 1768 quntuor.momrnta,

39 1768 98 1795 unci
117 1776 144 1795 m
156 1775 248 1800 unam,
260 1774 289 1796 et
298 1767 795 1804 quingentesimam:exagesimamnui
808 1775 833 1792 r-

40 1808 91 1830 tam
102 1808 218 1840 partem
243 1802 386 1831 momenti.
409 1803 548 1840 Siquidem
561 1807 738 1840 rmomentuui
750 1802 830 1840 quin-

38 1836 125 1874 gentis
144 1844 174 1866 et
193 1839 336 1874 sexaginta
350 1836 468 1874 quatuor
483 1839 582 1865 atomis
596 1841 712 1865 constat.
730 1836 833 1865 Idcirco

39 1873 61 1900 si
82 1874 134 1901 hoc
153 1881 235 1902 nosse
255 1873 406 1906 desideras,
426 1874 524 1907 collige
544 1881 592 1908 per
611 1879 833 1907 unumquemque

41 1917 157 1937 mensem
172 1910 308 1943 lunarem,
323 1909 349 1937 id
362 1914 413 1942 est,
429 1909 463 1937 de
476 1909 633 1936 incensioiie
647 1908 681 1934 ad
697 1908 832 1934 incensio-

40 1951 117 1978 nem,
141 1949 282 1972 momenta
306 1950 438 1979 quatuor,
458 1949 487 1971 et
510 1943 698 1979 duodecimam
726 1945 830 1979 partem

40 1977 178 2010 momenti.
194 1984 223 2007 et
236 1977 356 2007 atomum
371 1986 463 2009 unum,
486 1985 547 2012 qua:
570 1977 720 2012 anticipant
738 1977 832 2003 incen-

40 2013 139 2041 sionem
159 2014 240 2046 lunae,
255 2018 284 2041 et
302 2014 423 2041 invenies
437 2013 463 2040 in
477 2012 572 2040 decem
593 2017 619 2040 et
642 2019 738 2039 novrm
753 2012 832 2040 annis

39 2048 126 2081 viginti
139 2054 259 2083 quatuor
272 2049 363 2079 horas.
380 2048 406 2076 id
419 2053 470 2079 est,
486 2048 558 2076 diem
579 2048 723 2081 integrum,
739 2047 765 2074 in
777 2056 832 2082 quo

39 2083 119 2110 saltus
137 2083 209 2110 luna:
234 2083 382 2119 perlicitur.
407 2083 511 2117 Collige
530 2083 701 2119 supradictus
718 2090 832 2119 menses

40 2126 83 2151 per
93 2118 187 2146 decem
197 2124 227 2146 et
235 2117 338 2146 novem
349 2126 445 2150 annos,
456 2126 491 2145 ex
502 2118 601 2151 quibus
611 2117 753 2144 duodecim
766 2121 831 2143 sunt

40 2160 202 2184 communes,
218 2162 334 2188 quorum
349 2154 532 2187 unusquisque
548 2153 629 2179 habet
643 2159 749 2178 menses
761 2152 829 2178 dno-

39 2188 132 2222 decim,
151 2193 180 2216 et
201 2189 260 2216 dies
284 2196 388 2221 (CCLIV,
410 2193 436 2216 et
459 2193 562 2223 septem
582 2193 645 2215 sunt
667 2188 827 2218 embolismi,

39 2225 80 2255 qui
95 2226 196 2252 habent
216 2232 324 2252 menses
347 2225 486 2254 tredecim,
508 2225 564 2250 dies
587 2231 650 2250 vero
670 2231 826 2249 CLCLxleV.

40 2258 206 2295 Quapropter
238 2260 385 2295 multiplica
417 2264 554 2287 momenta
582 2264 697 2292 qtlalu-vr
726 2259 827 2290 inteng

40 2296 178 2322 duodecies
192 2315 199 2328 ,
226 2295 252 2322 id
276 2300 327 2328 est,
345 2303 394 2329 per
415 2295 556 2321 duodecim
583 2301 689 2320 Ilienses
711 2294 735 2318 in
757 2300 829 2329 anno

39 2330 180 2361 communi,
200 2330 270 2356 ﬁunt
286 2328 423 2357 momenta
438 2329 615 2362 quadraginta
631 2334 658 2353 et
673 2334 745 2354 ενι-ιο.
764 2328 828 2353 Item

40 2363 211 2398 quadraginta
229 2369 256 2391 et
276 2369 341 2390 octo
361 2364 505 2390 duodecies
524 2363 670 2389 secundum
689 2370 827 2398 numerum

41 2397 219 2426 communium
241 2406 374 2425 annorum
394 2398 569 2432 multiplicata
586 2397 652 2423 liunt
667 2404 774 2423 anxvt.
791 2397 829 2423 Si-

41 2433 134 2469 militer
143 2441 192 2469 per
205 2433 336 2461 tredecim
350 2433 458 2460 lunares
467 2432 617 2460 embolismi
634 2433 694 2458 anni
712 2439 827 2464 menses,

42 2467 64 2494 id
85 2467 289 2501 esu-tredecim
308 2469 483 2503 multiplicata
507 2473 624 2503 quatuor
640 2472 784 2498 momenta,
802 2471 829 2493 et

41 2504 103 2531 ﬁunt
114 2504 310 2539 quinquaginta
330 2504 384 2531 duo
398 2504 508 2538 septies,
535 2504 586 2531 hoc
605 2508 646 2530 est
666 2511 713 2537 per
725 2507 828 2536 septem

40 2538 246 2568 embolisma’res'
266 2547 353 2567 annos
376 2538 561 2573 multiplicata,
587 2543 614 2566 et
638 2546 747 2565 cccuuv
772 2547 829 2564 Illo-

41 2579 133 2602 menta.
159 2575 229 2608 Qum
252 2583 313 2602 cum
338 2582 434 2602 DLXXVI
457 2574 616 2608 supradictis
637 2573 729 2606 juncta
750 2574 829 2600 simul

41 2607 102 2644 βιωι
119 2607 214 2638 leuis.
232 2611 297 2643 ρυω
319 2610 402 2637 divisa
423 2617 470 2644 per
490 2609 742 2643 quadragenarium,
768 2609 829 2642 quia

41 2642 100 2669 liora
110 2642 289 2679 quadraginta
301 2642 444 2673 momentis
455 2642 571 2675 constat,
586 2643 677 2676 viginti
690 2649 743 2669 tres
766 2644 828 2669 red-

41 2678 102 2705 dunt
115 2678 359 2715 quadragenarios,
383 2681 409 2708 id
429 2685 482 2714 est,
504 2680 583 2706 horas
605 2678 698 2711 Viginti
721 2682 785 2715 tres,
802 2683 829 2715 et

43 2714 144 2747 ἰηιιψαν
164 2722 250 2742 ItIIIIIn
265 2713 448 2747 vicenariurn,
464 2716 508 2749 qui
526 2719 567 2742 est
581 2713 829 2749 tuedielasﬂviginli

42 2752 159 2783 ιιι-δίων,
174 2750 231 2777 hoc
244 2756 384 2778 momenta
405 2748 509 2785 viginti.
524 2750 622 2784 Sicque
637 2756 670 2775 es
684 2748 747 2775 solis
756 2748 829 2785 inle-

42 2785 92 2815 sri-
110 2785 267 2818 momentis,
294 2793 345 2820 per
359 2783 452 2813 decem
472 2790 500 2813 et
520 2783 617 2812 novem
640 2783 828 2820 annos,_hor;e

44 2825 102 2847 util
112 2823 141 2847 et
160 2820 246 2848 satis
260 2817 398 2848 vicesima:
410 2825 512 2854 quarta:
527 2820 717 2847 coniiciuntur.
735 2817 829 2845 Restat

42 2858 69 2879 ﬂ
85 2855 211 2883 medietas
232 2855 308 2883 hora:
330 2853 465 2883 vicesimae
480 2860 595 2890 quartis,
609 2863 668 2889 quae
688 2853 827 2885 remansit,

42 2896 71 2916 ει
84 2891 199 2926 partibus
214 2894 419 2920 momentorum
433 2896 514 2925 atque
537 2895 689 2918 atomorum
704 2890 827 2924 supplea-

887 993 928 1021 nis
943 993 1012 1020 inter
1024 1001 1188 1026 _communes
1203 999 1231 1021 et
1250 993 1433 1028 embolismos,
1448 1005 1554 1026 menses
1573 1007 1680 1027 ccxx"

886 1028 1058 1055 continentur
1072 1028 1190 1056 lunares.
1215 1029 1287 1061 Quot
1307 1038 1424 1064 menses,
1443 1036 1485 1060 tot
1504 1033 1679 1062 duoilecintas

887 1068 978 1100 partes
992 1064 1131 1096 momenti,
1148 1069 1188 1091 lnt
1202 1065 1318 1100 denique
1327 1071 1434 1094 atomos
1445 1075 1553 1095 sumere
1567 1076 1679 1097 necesse

887 1102 938 1136 est.
955 1098 1020 1136 Qua:
1032 1105 1125 1136 partes
1139 1106 1188 1136 per
1200 1098 1393 1127 duodénarium
1408 1102 1510 1136 diviste,
1522 1103 1613 1131 decies
1629 1112 1679 1132 no-.

887 1133 945 1160 vies
968 1133 1116 1173 duodenos,
1135 1134 1160 1161 id
1176 1139 1228 1166 est,
1249 1143 1364 1173 ccxxvm
1383 1133 1510 1173 reddunt,
1531 1146 1591 1173 qua:
1615 1144 1679 1166 sunt

887 1173 1024 1196 momenta
1037 1168 1175 1208 decemnet
1190 1170 1375 1208 novem,_quia
1391 1171 1417 1198 in
1432 1172 1495 1199 anni
1504 1168 1619 1206 circulo,
1631 1175 1679 1208 qui

886 1211 978 1231 cccuv
993 1208 1100 1241 constat
1120 1204 1224 1236 diebus,
1240 1212 1289 1239 per
1302 1205 1352 1241 has
1366 1211 1456 1240 partes
1468 1207 1601 1241 integrum
1613 1204 1678 1237 nio-

886 1244 1006 1265 mentum
1022 1238 1152 1278 etlicitur;
1168 1244 1196 1267 et
1208 1238 1309 1267 reStanl
1323 1238 1409 1278 adhuc
1423 1246 1514 1277 partes
1525 1238 1630 1278 septem
1645 1245 1679 1272 de

885 1281 989 1312 ccxxxv
1005 1274 1151 1312 mensibus,
1171 1282 1243 1312 quae»
1247 1280 1362 1312 propter
1380 1274 1442 1304 illos
1463 1274 1566 1312 septeni
1582 1280 1677 1306 embo-

885 1309 975 1337 lismoi
987 1309 1114 1346 accidunt
1125 1317 1222 1346 annos.
1234 1309 1322 1337 Habes
1334 1311 1423 1346 itaque
1436 1309 1571 1340 momenta
1582 1313 1607 1339 dt
1617 1322 1676 1342 cem

885 1348 912 1371 et
937 1351 1033 1382 novi-in
1057 1344 1160 1377 integra
1185 1344 1219 1372 ad
1243 1344 1398 1382 vigesimum
1422 1352 1546 1381 quartam
1570 1348 1677 1382 horam,

885 1386 917 1405 ex
933 1379 1055 1413 partibus
1069 1379 1396 1416 momentorum’collecta
1412 1379 1459 1416 per
1475 1382 1569 1410 decem
1585 1388 1612 1410 et
1627 1379 1677 1411 no;

884 1422 945 1453 vein
960 1422 1056 1453 annos.
1076 1414 1138 1442 llaec
1160 1415 1243 1449 junge
1262 1414 1294 1442 ad
1310 1414 1450 1453 superiora
1467 1418 1571 1451 viginti,
1587 1424 1614 1445 rt
1627 1420 1676 1445 lia-

884 1449 960 1476 bebis
971 1449 1078 1483 triginta
1099 1457 1195 1477 novem
1205 1449 1392 1482 tnomenta,et
1402 1449 1576 1479 adliucdrest
1595 1461 1676 1481 linunt

884 1489 1061 1511 moutentum.
1085 1484 1167 1512 Sume
1194 1486 1276 1520 igitur
1294 1486 1353 1512 illas
1378 1491 1481 1520 septem
1503 1488 1679 1516 duodecimas

884 1524 984 1581 Earles,
1000 1527 1067 1553 quas
1082 1527 1224 1553 superesse
1238 1520 1420 1555 prmdiximus,
1436 1526 1463 1549 et
1480 1522 1514 1549 de
1531 1531 1577 1550 se:
1592 1525 1677 1558 parti-

903 1563 933 1581 ns
956 1554 998 1581 l'ac
1013 1554 1150 1581 dimidium
1166 1560 1343 1581 momentum.
1361 1561 1388 1581 et
1403 1562 1544 1581 remanent
1560 1562 1675 1581 sentem.

903 1563 933 1581 ns
956 1554 998 1581 l'ac
1013 1554 1150 1581 dimidium
1166 1554 1344 1592 uinulentum,
1361 1561 1388 1583 et
1403 1562 1544 1584 remanent
1560 1554 1675 1592 seintem.

883 1589 966 1627 Sume
978 1594 1043 1623 erg‘o
1056 1595 1161 1627 atomus
1171 1590 1262 1618 deCem
1275 1596 1302 1618 et
1313 1599 1409 1618 novent
1420 1600 1551 1618 annorum
1563 1589 1611 1627 per
1622 1594 1677 1620 sin-

883 1624 961 1662 gulos
974 1632 1089 1657 menses,
1106 1625 1131 1651 id
1145 1629 1198 1659 est,
1212 1633 1326 1662 ccitxxv,
1347 1630 1376 1662 et
1395 1626 1484 1654 divide
1500 1635 1547 1661 per
1560 1624 1678 1662 quadra-

883 1661 957 1697 ginta
968 1665 1086 1697 septem.
1101 1667 1160 1697 que
1180 1665 1221 1687 est
1240 1660 1398 1697 duoderima
1415 1669 1477 1696 pars
1493 1660 1634 1697 momenti,
1648 1669 1677 1691 et

884 1694 1168 1733 inveniesquinquies
1181 1695 1358 1733 quadraginta
1377 1694 1492 1732 septem.
1519 1697 1575 1725 llos
1593 1694 1677 1733 iunge

884 1730 918 1767 ad
934 1730 1074 1767 septimam
1090 1735 1195 1765 partem
1213 1730 1481 1767 supradiclatn,‘qn:e
1497 1730 1675 1767 remanserat,

884 1764 926 1794 fac
939 1765 1077 1793 dimidium
1091 1764 1270 1793 momentum.
1285 1765 1333 1793 Cui
1346 1764 1460 1794 alterum
1475 1767 1613 1795 dimidium
1628 1764 1675 1796 su;

884 1808 931 1835 pra
948 1801 1084 1828 inventum
1105 1801 1183 1831 adde,
1198 1806 1227 1828 et
1249 1801 1332 1837 habes
1347 1801 1479 1837 integrum
1497 1807 1674 1834 momentum,

884 1837 956 1870 quod
971 1836 1049 1862 habet
1065 1840 1171 1863 atomos
1192 1844 1280 1864 umv.
1296 1836 1374 1869 Quod
1398 1836 1564 1864 momentum
1579 1838 1612 1864 ad
1628 1846 1674 1865 sus

885 1869 1003 1904 pradicta
1020 1871 1127 1904 triginta
1141 1879 1236 1898 novem
1248 1876 1384 1900 momenta
1397 1869 1576 1903 conue’ctens,
1593 1873 1675 1901 liabe-

883 1906 924 1932 his
943 1905 1120 1940 quadraginta
1137 1911 1284 1937 momenta.
1307 1913 1367 1939 que
1380 1905 1483 1933 faciunt
1496 1907 1590 1935 horam
1605 1908 1675 1935 inte-

882 1948 958 1977 gram
970 1940 1030 1977 diei.
1048 1940 1123 1967 Hanc
1139 1941 1231 1968 horam
1244 1941 1460 1977 adsupradictas
1476 1942 1567 1977 viginti
1580 1948 1608 1971 et
1621 1949 1676 1971 tres
1704 1941 1706 1944 ’

883 1976 964 2003 horas
989 1975 1116 2009 adiunge,
1141 1981 1169 2003 et
1193 1976 1306 2004 habtbis
1327 1975 1464 2011 integrum
1489 1975 1560 2004 diem
1582 1979 1675 2013 viginti

882 2016 999 2047 quatuor
1012 2012 1149 2038 horarum.

919 2047 986 2074 Item
1003 2047 1071 2081 unde
1084 2054 1173 2080 supra.
1184 2061 1218 2066 —
1229 2047 1256 2073 Si
1269 2046 1308 2073 vis
1320 2047 1390 2073 scire
1402 2054 1503 2081 quonio
1512 2047 1539 2075 lo
1553 2047 1610 2075 dies
1629 2048 1672 2075 lu-

949 2088 1008 2115 qute
1029 2080 1127 2107 dicitur
1145 2081 1239 2113 saltus,
1261 2080 1480 2118 prmparatu’rret
1501 2084 1601 2110 crescit
1624 2091 1674 2118 per

882 2116 975 2143 decem
988 2120 1015 2142 et
1027 2122 1123 2142 novem
1136 2123 1230 2148 annos,
1243 2121 1270 2143 et
1284 2121 1414 2151 quantum
1421 2117 1458 2144 de
1466 2119 1518 2145 hoc
1528 2116 1673 2151 augmento

881 2151 980 2188 crescit
995 2151 1197 2188 in_unaquaque
1211 2151 1359 2184 lunatione,
1376 2153 1427 2179 hoc
1442 2158 1493 2184 est,
1509 2153 1535 2179 in
1552 2161 1674 2188 unoquo-

881 2193 934 2222 que
949 2185 1035 2213 lunari
1051 2193 1153 2222 mensr,
1169 2194 1217 2222 per
1230 2194 1336 2214 ccxxxv
1352 2188 1405 2222 (tot
1420 2188 1492 2214 enim
1515 2185 1622 2215 mensis
1633 2190 1675 2216 lu—

882 2221 962 2249 nares
976 2225 1038 2257 sunt.
1058 2221 1085 2248 in
1100 2223 1178 2257 cyclo
1196 2221 1432 2256 decennovenali),
1454 2222 1602 2257 multiplica
1624 2224 1674 2251 du-

882 2256 1078 2293 centatriginta
1092 2257 1210 2293 quinque
1221 2264 1273 2291 qua
1279 2261 1330 2290 ter,
1342 2257 1398 2284 sive
1408 2262 1525 2292 quatuor
1534 2256 1674 2286 ducenties

882 2292 1004 2326 trigesies
1018 2293 1170 2326 quinquies,
1196 2293 1258 2326 quia
1278 2297 1396 2327 quatuor
1409 2297 1546 2320 momenta
1558 2293 1587 2319 in
1603 2301 1672 2320 uno-

880 2334 988 2362 quoque
1012 2334 1105 2353 mrnse
1125 2331 1259 2357 (ιι-εςευηι,
1285 2331 1427 2361 propterea
1449 2335 1544 2354 omnes
1567 2335 1674 2356 menses

879 2363 1011 2397 ducentos
1023 2362 1129 2397 triginta
1141 2362 1261 2397 quinque
1274 2362 1488 2395 multiplicantur
1501 2366 1609 2397 quater,
1625 2363 1673 2397 qui

879 2395 981 2424 faciunt
996 2403 1066 2424 none
1086 2396 1158 2430 ginta
1169 2396 1345 2431 quadraginta
1360 2395 1569 2425 momenta—llic
1581 2395 1671 2425 autem

880 2435 954 2459 totus
979 2439 1106 2459 numerus
1129 2440 1177 2466 per
1195 2432 1372 2467 quadraginta
1396 2433 1419 2460 si
1444 2433 1557 2467 partitus
1578 2433 1671 2467 fuerit,

880 2466 968 2493 reddit
983 2467 1074 2501 viginti
1091 2472 1144 2495 tres
1155 2466 1352 2502 quadragenos,
1369 2472 1396 2495 et
1412 2466 1503 2501 viginti
1521 2466 1669 2501 momenta,

881 2501 933 2529 hoc
947 2507 988 2530 est
1008 2503 1100 2536 viginti
1125 2501 1181 2530 tres
1196 2501 1276 2530 horas
1297 2507 1324 2529 et
1338 2503 1486 2530 dimidiam.
1508 2503 1555 2530 Illa
1578 2509 1669 2530 autem

881 2538 964 2564 altera
980 2537 1089 2564 dimidia
1103 2539 1180 2567 hora.
1193 2545 1254 2572 qua:
1267 2538 1363 2565 deesse
1377 2539 1491 2569 videtur,
1507 2538 1529 2564 si
1543 2538 1613 2564 scire
1627 2545 1672 2564 vo-

881 2572 963 2599 lueris
976 2573 1113 2605 quomodo
1135 2573 1279 2606 colligitur,
1295 2577 1323 2599 et
1336 2574 1474 2606 quomodo
1489 2573 1597 2604 crescit,
1611 2572 1672 2600 sine

881 2607 963 2634 dubio
980 2608 1015 2643 ita
1031 2608 1197 2641 intelligitur.
1212 2606 1272 2633 Non
1287 2609 1374 2634 solum
1391 2608 1463 2643 enim
1478 2612 1595 2643 quatuor
1610 2616 1670 2635 ino-

880 2647 970 2669 nienta
983 2642 1008 2668 in
1024 2649 1187 2676 unoquoque
1202 2649 1295 2669 mense
1309 2643 1343 2670 de
1358 2642 1411 2670 hoc
1425 2642 1570 2678 augmento
1583 2644 1670 2670 lunari

880 2681 1015 2710 crescunt,
1030 2684 1123 2704 verum
1138 2678 1220 2704 etiam
1236 2677 1396 2705 duodecima
1409 2677 1472 2713 pars
1485 2679 1673 2710 momentijn-

880 2719 961 2747 super
974 2717 1003 2738 et
1023 2716 1139 2744 atomus,
1155 2713 1181 2739 id
1200 2716 1252 2747 est,
1267 2714 1482 2749 quingentesima
1505 2714 1672 2749 sexagesima

880 2753 975 2782 quarta
987 2754 1048 2781 pars
1063 2749 1193 2776 momenti
1207 2751 1306 2777 crescit
1324 2749 1351 2775 in
1366 2749 1440 2775 omni
1459 2755 1553 2775 mense
1573 2748 1672 2779 lunari,

881 2787 909 2809 et
923 2782 962 2809 sic
976 2782 1003 2809 in
1015 2783 1159 2810 duodecim
1171 2785 1308 2812 mensibus
1320 2791 1401 2810 utinm
1415 2787 1583 2810 ntomentmn
1596 2783 1672 2810 colli-

880 2818 961 2852 gitur.
978 2817 1087 2845 Interim
1100 2819 1161 2847 illos
1174 2824 1281 2847 atomos
1293 2819 1408 2850 dimitte,
1420 2819 1454 2846 de
1464 2818 1562 2853 quibus
1577 2822 1671 2852 postea

880 2854 1021 2890 dicemus;
1044 2857 1073 2880 et
1094 2853 1130 2881 ita
1153 2863 1201 2890 per
1217 2859 1310 2883 decem
1328 2859 1357 2880 et
1370 2861 1469 2884 novem
1485 2860 1577 2890 annos
1595 2852 1672 2890 quasi

881 2888 994 2917 fuissent
1008 2897 1102 2918 omnes
1114 2888 1272 2919 communes
1285 2893 1390 2925 septem
1402 2888 1553 2919 embolismi
1564 2888 1672 2916 interim
