3842 6242
524 402 629 459 ιτς

1016 395 1216 450 ιιιέυὼᾷ
1262 392 1717 447 νκιῑιέιιλιιιωδ
1757 392 2036 447 UPEltl'M
2084 396 2085 441 Ἰ

2198 396 2258 447 ιδ
2302 393 2338 445 Ι.
2376 422 2440 431 ο-
2474 392 2920 448 DlDASCALICA
2964 393 3283 451 GENL‘INA.
3663 401 3743 455 480

520 516 784 573 terminus
811 509 1244 579 amplius‘instat,
1273 514 1423 560 tanto
1454 506 1555 560 hoc
1586 506 1827 560 crebrius
1862 506 2095 575 patiatur
2128 513 2169 565 Α
2202 507 2429 561 concilio
2455 508 2676 575 probata
2710 505 2979 576 firmatur,
3012 510 3123 564 btec
3142 519 3225 565 est
3259 512 3568 581 specialiter
3592 516 3741 581 regula

521 624 682 664 causa
717 605 983 660 existente
1012 601 1317 670 perspicua,
1360 598 1505 667 quod
1554 598 1725 652 saltus
1751 598 1862 663 itle,
1892 598 1958 651 de
1987 612 2095 665 quo

524 701 813 768 loquimur,
835 698 943 766 j-mt
981 694 1213 750 maxima
1244 700 1369 747 tunc
1397 693 1469 747 sit
1512 707 1579 746 ex
1624 702 1777 761 parte
1808 691 2096 761 perfectus.

521 790 627 847 Sed
656 790 710 845 in
739 785 996 843 naturalis
1016 785 1319 840 assertione
1351 782 1612 845 veritatis,
1646 797 1765 851 qua:
1797 790 1852 835 et
1880 781 1977 835 Nic
1994 798 2098 835 rno

2205 599 2458 665 tenenda,
2490 608 2545 651 ut
2568 598 2706 652 lunae
2727 607 2939 652 aetatem
2971 616 3077 653 non
3098 602 3251 668 juxta
3276 602 3538 669 quosdam
3566 619 3593 655 a
3615 608 3745 656 meti-

2205 689 2365 742 diana
2398 686 2479 741 vel
2524 688 2743 742 dimidia
2775 697 2895 757 post
2940 689 3241 757 meridiem,
3268 691 3362 744 sed
3412 708 3442 744 a
3473 694 3741 760 vespertina

2208 781 2383 849 potins
2404 781 2535 833 hora
2565 788 2775 835 mutare
2810 782 3137 849 noverimus,
3181 783 3307 852 quia
3361 783 3605 838 nimirum
3645 785 3743 837 luna

1768 872 2049 926 GLOSSA‘I
2093 872 2177 926 El‘
2219 870 2533 926 SCIIULIA.

521 971 712 1026 hortus
740 968 1047 1023 deliciarum
1077 967 1287 1027 dit-itur,
1314 966 1438 1019 dum
1471 966 1627 1019 nobis
1666 966 1717 1019 in
1756 982 1819 1018 ea
1843 966 2094 1034 spiritua-

522 1042 599 1095 les
631 1040 838 1092 delicia!
869 1038 1325 1091 administrantur.
1386 1037 1604 1099 Lignup
1645 1036 1764 1088 vita:
1819 1036 1870 1088 iu
1918 1037 2093 1089 medio

523 1110 770 1179 paradisi,
801 1108 1043 1179 Christus
1079 1116 1161 1161 est
1185 1107 1237 1179 in
1260 1104 1731 1179 medio_E_(-elesia:.
1760 1105 1833 1179 De
1871 1120 1979 1173 quo
2001 1120 2096 1179 per

526 1172 811 1250 quemdam
859 1178 1152 1250 sapientem
1180 1176 1373 1250 diciiur
1403 1192 1416 1227 :
1452 1172 1672 1250 Liguum
1726 1177 1845 1250 vita:
1891 1172 2096 1250 est_'lt_is

519 1243 609 1316 qui
637 1248 1084 1316 apprehenderint
1113 1261 1263 1316 eum.
1290 1244 1407 1312 Ipse
1435 1253 1519 1316 est
1541 1244 1701 1316 etiam
1738 1243 1875 1316 fons,
1907 1246 1999 1311 qui
2030 1244 2096 1299 de

524 1313 1011 1371 Patris-substantia
1040 1314 1387 1375 descendens,
1446 1313 1512 1365 ad
1570 1313 1891 1381 irriganrlam
1945 1329 2095 1367 suam

521 1397 759 1442 sanctam
816 1386 960 1437 venit
1009 1384 1319 1438 Ecclesium.
1357 1384 1430 1437 De
1476 1397 1585 1444 quo
1633 1398 1727 1447 per
1782 1383 2094 1436 Zachariam

518 1457 714 1511 dicitur
740 1475 750 1507 :
785 1454 895 1507 Erit
916 1455 1029 1507 fons
1060 1466 1247 1522 patens
1277 1452 1458 1506 domui
1490 1452 1671 1509 David.
1700 1454 1749 1505 in
1768 1453 2095 1522 ablutionem

522 1527 822 1595 peccatoris
839 1520 1271 1595 etinenstruatm.
1289 1522 1487 1595 Domus
1504 1522 1878 1595 David,sancta
1897 1533 1980 1595 est
1996 1520 2097 1575 Ec-

520 1592 706 1660 clesia,
729 1596 832 1655 cui,
860 1594 907 1646 id
934 1602 1035 1650 est.
1063 1593 1126 1645 ad
1150 1593 1300 1659 cujus
1329 1592 1555 1645 salutem
1578 1601 1724 1650 natet
1754 1593 1894 1655 fons,
1920 1592 1967 1644 id
1991 1601 2095 1655 est,

519 1663 766 1719 Christus
793 1666 845 1717 in
877 1664 1200 1716 ablutionem
1227 1662 1543 1727 peccatoris.
1578 1660 1837 1716 Peccator
1874 1670 1975 1723 est,
2004 1663 2095 1731 qui

517 1736 715 1788 malum
734 1734 877 1802 quod
896 1742 1073 1802 mente
1090 1732 1291 1799 cogitat
1306 1731 1561 1798 operibus
1575 1732 1907 1800 exsequitur.
1923 1731 2098 1785 Mens-

520 1812 693 1856 truata
709 1813 790 1857 est
811 1817 928 1871 quae
950 1801 1179 1856 alienam
1196 1816 1412 1855 carnem
1430 1817 1534 1853 non
1558 1802 1746 1865 tangit,
1764 1802 1855 1856 sed
1881 1803 2093 1869 propria

517 1872 749 1927 foedatur
774 1892 787 1926 :
819 1873 1081 1939 significat
1108 1871 1459 1940 peccatricem
1482 1871 1734 1934 animam,
1759 1885 1877 1940 qua:
1900 1871 2097 1924 malum

518 1945 663 2011 quod
694 1944 918 2009 cogitat,
941 1955 1277 2009 nequaquam
1302 1939 1498 1994 effectu
1551 1941 1729 2005 explet
1753 1939 1786 2005 ;’
1822 1940 1963 1996 unde
1992 1956 2097 1995 nou

516 2014 852 2065 extrinsecus
878 2012 1027 2079 quasi
1059 2012 1232 2064 aliena
1255 2025 1418 2063 carne
1471 2011 1807 2079 deturpatur,
1863 2012 1956 2066 sel
2019 2011 2099 2063 in-

517 2082 782 2136 trinsecus
834 2082 979 2133 velut
1024 2081 1239 2150 propria
1268 2095 1457 2150 carne
1520 2081 1630 2150 suis
1660 2079 2100 2150 cogitationibus

516 2151 847 2229 inquinatur.
878 2149 1221 2229 Suspiremits
1264 2149 1445 2229 itaque
1492 2149 1559 2203 ad
1616 2149 1771 2229 illat.‘
1826 2150 2099 2229 ardentius

512 2218 675 2272 vitam
730 2231 927 2273 mterna
972 2233 1105 2288 pace
1155 2218 1538 2288 beatissimam,
1594 2220 1811 2288 quando
1857 2224 1962 2273 erit
2009 2219 2099 2274 lux

512 2288 652 2343 luna:
688 2291 826 2345 sicut
877 2287 985 2343 lux’
1023 2288 1174 2358 solis,
1224 2295 1279 2342 et
1334 2287 1423 2358 l_ux
1480 2287 1623 2343 solis
1657 2289 2097 2358 septempliciter,
2123 2306 2135 2315 δ

513 2360 773 2413 sicut-lux
796 2369 1001 2425 septem
1047 2357 1277 2412 dierum.
1343 2355 1511 2411 Isaias
1542 2378 1554 2410 :
1590 2358 1654 2411 Et
1680 2355 1785 2414 erit
1831 2355 1923 2413 lux
1962 2355 2098 2413 lunai.

510 2429 649 2483 sicut
677 2429 768 2483 lux
797 2428 945 2490 solis.
976 2437 1035 2497 et
1054 2428 1144 2482 lux
1168 2428 1298 2483 solis
1325 2428 1770 2497 septempliciter,
1814 2429 1953 2483 sicut
2004 2430 2094 2483 lux

510 2506 716 2565 septem
747 2500 977 2552 dierum.
1007 2496 1235 2563 Quando
1263 2497 1368 2552 erit
1396 2496 1573 2565 istud?
1605 2497 1758 2553 Tunc
1786 2512 1909 2553 cum
1939 2497 2098 2552 fuerit

508 2564 703 2621 etelum
735 2583 951 2630 novum,
980 2576 1036 2621 et
1082 2576 1224 2622 terra
1269 2581 1427 2621 nova.
1460 2564 1651 2621 Omnia
1688 2582 1807 2636 quae
1849 2568 2099 2636 omnipo-

515 2645 634 2707 tens
657 2637 795 2693 Deus
824 2653 918 2698 per
936 2636 1109 2707 spatia
1131 2652 1226 2691 sex
1241 2636 1447 2707 dierum
1471 2645 1725 2706 operatus
1749 2646 1849 2701 est,
1876 2646 2097 2707 propter

510 2704 783 2762 hamiuem
815 2704 1128 2773 facta'sunt,
1176 2708 1229 2760 in
1256 2706 1409 2775 cujus
1440 2704 1592 2775 lapsu
1621 2709 1799 2761 omnia
1829 2704 2092 2761 elementa

506 2774 887 2845 detrimentum
904 2777 1290 2831 sustinuerunt.
1319 2774 1453 2829 Nam
1484 2774 1627 2831 terra
1653 2785 1810 2830 antea
1830 2777 2012 2845 spinas
2039 2784 2096 2830 et

508 2844 735 2916 tribulos
765 2863 869 2901 non
898 2846 1223 2916 proferebat.
1254 2846 1491 2916 Aeriste
1523 2862 1629 2900 non
1684 2844 1871 2900 tantae
1898 2846 2093 2899 crassi-

510 2914 705 2969 tudinis
736 2925 871 2980 erat,
899 2914 995 2970 Sed
1023 2931 1187 2985 purus
1211 2924 1347 2970 erat.
1370 2914 1461 2985 Sic
1488 2916 1589 2977 sol,
1614 2923 1670 2969 ct
1698 2916 1841 2979 luna,
1866 2924 1925 2985 et_
1952 2916 2094 2985 side-

507 2998 600 3043 ra,
656 2983 1037 3039 detrimentum
1077 2985 1158 3040 sui
1205 2984 1419 3039 luminis
1468 2985 1853 3039 sustinuerunt.
1907 2983 1962 3037 In
2006 2984 2094 3039 die

506 3060 687 3106 autem
710 3055 894 3120 judicii
938 3054 1296 3109 detrrminato
1328 3055 1418 3108 illo
1446 3055 1714 3117 examine,
1740 3070 1859 3109 cum
1896 3052 2094 3109 fuerint

507 3136 699 3177 omnes
729 3126 939 3193 reprobi
973 3140 1077 3179 una
1098 3139 1217 3193 cum
1243 3124 1457 3177 diabolo
1504 3125 1556 3177 in
1588 3123 1799 3182 inferno
1828 3125 2088 3189 conclusi,

2199 964 2526 1036 accendatur,
2560 982 2661 1036 nou
2691 973 2859 1016 tamen
2879 963 3097 1030 primam
3123 965 3265 1034 prius
3316 982 3469 1034 quam
3517 982 3573 1018 ac
3598 983 3677 1036 per
3705 985 3744 1019 in

2199 1034 2403 1099 viderit,
2459 1036 2547 1087 sed
2582 1035 2683 1103 trig
2712 1036 2895 1087 simam
2921 1036 3089 1102 potius
3142 1045 3340 1104 oportet
3388 1034 3648 1089 (estimari.
3698 1036 3742 1090 Si

2200 1105 2342 1158 enim
2391 1113 2515 1158 ante
2546 1119 2825 1171 vesperam
2877 1104 3199 1157 accendatur
3226 1104 3376 1168 luna,
3409 1121 3514 1159 non
3560 1116 3745 1174 propter

2202 1174 2303 1243 ltoc
2318 1182 2442 1227 ante
2465 1188 2739 1239 vesperam
2762 1182 3106 1242 computatur
3128 1174 3318 1243 prima,
3343 1174 3438 1227 sed
3461 1176 3509 1227 in
3529 1191 3741 1242 vespere.

2200 1241 2458 1313 Similiter
2496 1245 2539 1297 si
2573 1250 2695 1311 post
2740 1258 3039 1311 vesperam,
3070 1241 3140 1297 id
3169 1252 3272 1307 est,
3322 1243 3446 1313 p'ost
3474 1246 3744 1299 accubitum

2202 1328 2228 1367 s
2268 1312 2330 1366 lis
2352 1314 2696 1383 accendatur,
2726 1328 2832 1366 non
2862 1313 3259 1380 computabitur
3288 1312 3507 1383 propter
3535 1314 3633 1368 hoc
3662 1317 3746 1383 pri-

2204 1332 2228 1367 5
2268 1332 2330 1366 IIS
2352 1332 2696 1377 accenuatur,
2726 1332 2832 1366 non
2862 1332 3259 1380 computanttur
3288 1332 3507 1383 propter
3535 1332 3633 1368 ιιοε
3691 1332 3746 1369 η-

2204 1397 2309 1446 tna,
2340 1382 2511 1437 donec
2538 1384 2604 1437 ad
2650 1382 2808 1436 aliam
2852 1396 3127 1450 vesperam
3151 1387 3380 1446 venerit,
3412 1394 3465 1436 et
3496 1384 3566 1437 ibi
3600 1332 3746 1437 vitrea-

2206 1460 2307 1513 tur,
2344 1451 2393 1506 id
2423 1461 2524 1517 εει,
2558 1468 2801 1519 vespere,
2843 1453 3044 1506 sedici-t
3077 1462 3298 1522 propter
3337 1453 3563 1519 primam
3588 1455 3744 1507 condi-

2207 1522 2425 1575 tionem.
2463 1522 2610 1585 Quod
2640 1524 2684 1576 si
2716 1523 2823 1591 quis
2850 1523 3051 1590 gravius
3079 1523 3195 1575 huic
3215 1523 3461 1576 ins'stetts
3486 1524 3744 1592 quasdam,

2152 1617 2155 1620 ‹
2206 1592 2393 1663 dixerit
2418 1608 2473 1645 se
2492 1610 2673 1647 novam
2702 1594 2876 1644 lunam
2905 1608 2966 1663 eo
2989 1608 3127 1645 anno
3155 1608 3251 1663 quo
3278 1593 3443 1663 saltus
3480 1593 3746 1647 inserendas

2203 1669 2299 1723 est,
2326 1662 2421 1716 hoc
2445 1673 2541 1726 est,
2572 1664 2752 1715 ultimo
2775 1662 2949 1714 c'rculi
2982 1662 3405 1716 decenuovmalis
3419 1662 3587 1720 biduo.
3606 1663 3746 1729 ptius-

2204 1747 2354 1799 quam
2410 1734 2576 1799 prima
2601 1741 2889 1790 caneretur,
2923 1731 3093 1785 multis
3114 1748 3231 1784 cum
3257 1732 3467 1785 testibus
3489 1734 3683 1799 vidisse,
3707 1733 3747 1784 id

2204 1810 2298 1863 est,
2331 1810 2513 1871 quarto
2558 1818 2813 1871 nouarum
2855 1801 3108 1871 Aprilium
3160 1802 3264 1856 die.
3323 1800 3403 1856 Ex
3442 1802 3545 1855 hoc
3598 1811 3747 1855 autem

2205 1869 2464 1942 probatur
2493 1870 2616 1937 quia
2645 1869 2955 1942 naturaliter
2984 1872 3035 1923 in
3077 1872 3269 1926 ultimo
3320 1871 3459 1942 cycli
3502 1873 3747 1926 decenno-

2204 1940 2407 1994 venalis
2436 1956 2579 1996 anno
2609 1941 2826 2010 ponitur
2846 1941 3030 2004 saltus,
3056 1942 3198 2010 quod
3237 1940 3376 2009 pene
3413 1956 3601 1997 omnes
3638 1942 3749 1996 lum:

2202 2010 2513 2080 ipsiusranni
2540 2010 2783 2065 videntur
2805 2010 2967 2064 biduo
2990 2023 3280 2080 antequam
3299 2011 3544 2080 dicentur
3570 2012 3745 2080 primm,

2201 2081 2342 2146 quod
2378 2079 2427 2133 in
2473 2082 2591 2135 aliis
2647 2082 2799 2134 annis
2848 2080 2996 2135 nullo
3034 2078 3195 2135 modo
3225 2078 3303 2134 lit.
3333 2079 3402 2135 Et
3424 2082 3523 2135 hoc
3563 2078 3745 2134 solitum

2200 2147 2414 2202 estlieri
2446 2152 2497 2203 in
2528 2151 3051 2219 appropinquatione
3092 2150 3295 2212 saltus,
3344 2152 3400 2203 in
3440 2153 3749 2218 elongatione

2200 2232 2329 2271 vero
2358 2219 2513 2273 sicuti
2544 2220 2773 2284 videtur,
2806 2221 2878 2272 ita
2921 2228 3283 2288 computatur.
3318 2219 3561 2273 Pulcrum
3595 2223 3747 2272 dmin:

2201 2290 2521 2343 auctoritatis
2547 2290 2773 2343 subsidio
2799 2290 3042 2359 fulcimur
3064 2290 3186 2342 dum
3210 2288 3262 2343 Ν
3268 2290 3750 2359 εειιεισέεῃςςοόἱιάια

2198 2366 2473 2421 sectantur,
2502 2375 2617 2429 quae
2644 2360 2865 2412 decimas
2894 2374 3103 2427 quatas
3160 2362 3279 2429 {esti
3330 2359 3587 2427 paschalis
3626 2360 3750 2411 lanas

2200 2436 2304 2479 tam
2326 2429 2478 2496 ﬁrma
2513 2428 2560 2483 st
2596 2428 2791 2483 bilitate
2811 2430 3054 2497 prie/irit,
3080 2439 3136 2482 ut
3162 2428 3585 2483 decmuovenatis
3601 2446 3751 2481 cantu

2199 2498 2441 2570 circuitus
2489 2515 2739 2570 nusquam
2770 2500 3029 2570 rucillarj,
3065 2516 3325 2570 nusquam
3377 2499 3555 2570 fallere
3594 2502 3747 2568 possit.

2199 2565 2375 2639 Nictea
2399 2565 2698 2622 civitas'cst
2728 2568 3037 2639 metropolis
3063 2565 3341 2639 Bithyniae,
3378 2565 3447 2639 'i_n
3496 2565 3604 2637 qua
3633 2573 3752 2621 Con-

2198 2636 2463 2707 stantinus
2491 2636 3211 2707 imperator,sicutdecimus
3242 2639 3376 2692 liber
3396 2636 3553 2692 Eccle
3582 2638 3751 2691 inSlit'lB

2198 2705 2436 2760 historiae
2460 2705 2679 2769 narrat,
2706 2708 3051 2775 congregavit
3091 2709 3357 2779 synodum
3387 2722 3608 2762 cccxvm
3652 2708 3750 2779 epi-

2197 2789 2529 2842 sci-porum,
2586 2778 2673 2832 ubi
2730 2778 2885 2830 Arius
2926 2776 3408 2831 anatbeiuatizatus
3492 2786 3591 2831 cst.
3649 2776 3751 2829 lude

2197 2844 2394 2918 dicitur
2410 2846 2621 2918 Nicmna
2638 2848 2891 2918 synodus,
2914 2862 3034 2914 que
3051 2849 3101 2900 in
3120 2846 3294 2918 Nicaea
3324 2848 3463 2901 facta
3489 2859 3585 2900 est.
3612 2848 3747 2918 Syno

2196 2913 2296 2969 dus
2312 2924 2490 2970 autem
2510 2933 2575 2971 ex
2588 2913 2776 2971 Grieco
2802 2913 3137 2985 interpretari
3162 2926 3361 2985 potest,
3390 2913 3665 2970 comitatus
3683 2916 3749 2968 vel

2197 2996 2387 3049 cattus;
2407 2995 2579 3040 Laetus
2595 3002 2721 3041 vero
2734 2997 3029 3040 conventus
3046 2994 3128 3039 est
3151 2986 3608 3055 velpnuyegatiu,
3625 3004 3651 3037 δ
3677 3003 3749 3035 «εο-

2197 3055 2452 3119 eundo,id
2466 3066 2567 3122 est,
2584 3056 2948 3110 conveniendo
2963 3057 3015 3109 in
3032 3053 3377 3109 unum.Uude
3392 3064 3748 3109 ctcouveututu

2198 3132 2280 3175 est
2293 3139 2678 3194 nuncupatum,
2693 3127 2829 3179 sicut
2845 3136 3068 3179 convent
3080 3142 3161 3189 us,
3179 3134 3352 3179 cat-tus
3365 3125 3450 3179 vel
3465 3125 3747 3185 concilium,

504 3194 755 3246 sustollet
782 3191 841 3248 se
873 3195 1125 3248 Dominus
1143 3191 1298 3247 Jesus
1319 3194 1519 3261 pariter
1553 3208 1675 3247 cum
1705 3208 1939 3262 corpore
1964 3209 2085 3259 suo,
2121 3198 2165 3259 (ζ’,
2199 3206 2225 3244 a
2247 3191 2507 3249 societate
2532 3196 2818 3249 multorum
2842 3195 2892 3247 in
2911 3209 3092 3248 unum.
3111 3194 3254 3251 Scita
3280 3202 3430 3258 sunt,
3450 3210 3567 3262 qua:
3594 3195 3749 3262 plebes

505 3262 647 3329 quod
672 3274 795 3316 sunt
832 3278 1018 3317 omnes
1047 3263 1199 3317 electi
1217 3263 1269 3316 in
1297 3265 1513 3327 coelum,
1558 3271 1613 3315 et
1654 3270 1780 3318 tunc
1822 3264 2087 3319 mutuabit

504 3330 607 3401 sibi
632 3333 754 3386 luna
780 3333 1117 3401 splendorem
1150 3332 1299 3398 solis,
1321 3333 1467 3386 etsol
1489 3333 1911 3400 septempliciter
1936 3335 2083 3388 luce-

505 3399 584 3453 bit
611 3417 771 3468 quam
814 3399 1003 3465 modo,
1051 3403 1191 3457 sicut
1235 3402 1323 3455 lux
1353 3399 1564 3471 septem
1592 3399 1820 3465 dierum,
1856 3402 1959 3458 ltoc
2003 3412 2086 3458 est

504 3472 892 3539 multipliciter,
924 3481 977 3525 et
1005 3472 1228 3539 recipiet
1266 3471 1444 3525 lumen
1473 3480 1527 3525 et
1564 3472 1901 3540 splendorem
1931 3474 2079 3538 solis,

503 3554 663 3609 quem
706 3542 883 3594 amisit
918 3550 1173 3609 peccante
1225 3542 1397 3609 primo
1448 3543 1684 3594 bomiue.
1734 3540 1871 3595 Dicit
1922 3547 2081 3597 etiam

504 3607 692 3663 beatus
715 3607 945 3665 Isidorus
966 3612 1018 3664 in
1055 3611 1191 3665 libro
1218 3607 1617 3671 Creaturarum,
1643 3612 1783 3681 quod
1809 3626 1981 3681 neque
2002 3613 2081 3665 sol

506 3694 678 3745 neque
708 3680 827 3733 luna
856 3682 921 3734 ad
951 3696 1201 3735 occasum
1231 3688 1471 3733 ventura:
1507 3682 1614 3733 sint
1640 3680 1848 3748 postea,
1895 3680 1986 3734 Sed
2029 3684 2079 3736 in

503 3748 625 3818 loco
649 3764 756 3814 quo
785 3760 962 3804 creata
986 3761 1129 3811 sunt,
1166 3752 1284 3803 sine
1310 3750 1415 3803 line
1463 3752 1776 3815 manebunt,
1820 3751 1972 3818 juxta
2017 3752 2080 3803 il-

504 3815 594 3868 1nd
624 3819 834 3871 Abacnc
861 3838 872 3872 :
897 3820 1066 3873 Solet
1097 3820 1219 3873 luna
1252 3828 1517 3873 steterunt
1546 3822 1597 3873 iu
1628 3815 1935 3873 liabitaenlo
1960 3838 2077 3885 suo,

508 3901 602 3951 pro
632 3902 699 3941 eo
727 3890 869 3956 quod
898 3898 996 3953 eet,
1041 3888 1290 3943 Stabunt.
1323 3888 1388 3941 Et
1428 3904 1595 3956 quare
1643 3890 1789 3943 hoc?
1818 3890 1892 3943 Ne
1923 3892 2080 3944 clari-

503 3964 613 4027 gate
639 3958 767 4011 solis
788 3958 900 4011 sive
929 3960 1066 4012 lunte
1096 3958 1171 4011 illi
1203 3960 1295 4025 qui
1323 3958 1468 4026 apud
1494 3958 1692 4013 inferos
1744 3969 1921 4025 erunt,
1962 3976 2082 4027 per-

502 4022 763 4079 fruantur.
786 4027 975 4082 Dcltoc
1001 4029 1162 4082 etiam
1189 4022 1329 4081 statu
1351 4022 1480 4081 dicit
1500 4029 1659 4082 Isaias
1682 4027 1830 4082 :Nou
1874 4022 2080 4084 occidet

506 4092 601 4165 iibi
632 4096 766 4165 ultra
798 4098 879 4151 sol
911 4106 1054 4165 tuus,
1080 4107 1135 4152 et
1156 4097 1281 4151 luna
1314 4106 1403 4150 tua
1451 4113 1556 4152 non
1606 4099 1893 4151 minuetur.
1949 4099 2078 4153 Item

504 4160 665 4216 Isaias
697 4182 709 4216 :
742 4164 807 4218 Et
834 4160 1121 4221 erubescet
1150 4166 1292 4230 luna,
1340 4174 1396 4220 et
1442 4166 1797 4220 confundetur
1824 4168 1925 4229 sol,
1958 4184 2077 4221 cum

503 4245 717 4297 regnavt
739 4236 806 4287 rit
832 4236 1086 4290 Dominus
1104 4238 1155 4290 in
1170 4237 1297 4290 Sion
1322 4243 1375 4288 et
1392 4236 1773 4291 inierusalem.
1790 4235 2081 4291 Erubescet

504 4300 648 4372 luna,
681 4304 728 4355 id
758 4315 861 4371 e-t,
888 4307 1125 4361 tabescet
1149 4307 1201 4360 in
1228 4306 1313 4360 die
1354 4306 1559 4372 judicii,
1617 4314 1672 4359 et
1723 4306 2080 4361 confundetur

501 4371 601 4441 sol.
637 4372 879 4441 Nunquid
910 4377 979 4428 ita
1008 4371 1404 4429 confundentur
1432 4385 1489 4429 ut
1535 4376 1729 4428 cadant
1778 4376 1845 4429 de
1894 4376 2077 4430 cado?

502 4438 640 4493 Non.
692 4440 707 4493 l
749 4438 806 4496 se
854 4444 1112 4500 Dominus
1167 4446 1279 4499 ait:
1312 4445 1821 4508 Solobscurabitur,
1850 4458 1906 4498 et
1953 4446 2076 4499 luna

504 4524 611 4563 non
643 4460 790 4565 ἀδεῆ
819 4514 993 4565 lumen
1015 4530 1192 4565 suum-
1215 4527 1269 4565 et
1300 4515 1526 4565 virtutes
1551 4515 1672 4565 caeli
1696 4516 2069 4565 movebuntur.

504 4524 611 4581 non
643 4509 790 4566 dabit
819 4514 993 4568 lumen
1015 4530 1192 4581 suum,
1215 4527 1269 4568 et
1300 4515 1526 4568 virtutes
1551 4515 1672 4569 caeli
1696 4516 2069 4569 movebuntur.

504 4577 638 4653 Dicit
664 4584 805 4634 enim
826 4585 1013 4637 beatus
1045 4577 1385 4651 Augustinus,
1408 4585 1532 4651 quia
1563 4599 1739 4652 neque
1767 4585 1869 4651 sol,
1904 4599 2077 4653 neque

502 4648 649 4711 luna,
704 4667 877 4719 neque
922 4655 1088 4707 stt-lla:
1119 4648 1294 4706 lumen
1347 4648 1500 4706 suum
1557 4648 1804 4708 amittent
1835 4648 2080 4707 {sed-ad

500 4723 956 4793 comparationem
988 4740 1125 4777 vera:
1150 4723 1283 4778 lucis
1310 4738 1427 4793 quae
1475 4732 1557 4777 est
1582 4722 1849 4784 Christus,
1900 4724 2078 4776 omnia

501 4789 676 4842 si-lera
707 4800 761 4843 et
794 4792 1072 4845 luminaria
1104 4789 1351 4847 videntur
1380 4794 1681 4847 obscurari.
1716 4794 1886 4858 Quem
1934 4793 2077 4846 enim

501 4859 843 4930 splendorem
874 4869 1089 4930 pratstat
1120 4862 1296 4915 lumen
1328 4863 1491 4925 cerei,
1515 4864 1557 4915 si
1581 4864 1812 4929 positum
1846 4861 2004 4915 fuerit
2027 4864 2078 4917 in

502 4927 681 4999 medio
702 4932 859 4999 radio
875 4927 1027 4995 solis,
1054 4940 1149 4984 aut
1176 4932 1531 4999 quidluminis
1554 4927 1709 4998 auget
1732 4932 2079 4986 cernentibus

504 4996 662 5050 il'ud':
698 4996 911 5053 Nullum
961 4998 1079 5053 .Ioel
1105 5019 1115 5051 ε
1143 4996 1236 5054 sui
1278 4996 1699 5055 converteturiin
1729 5002 1997 5065 tenebras,
2024 5011 2079 5055 et

500 5065 626 5138 luna
660 5068 711 5120 in
750 5070 1084 5135 sanguinem.
1110 5068 1224 5124 Hoc
1253 5070 1304 5123 in
1347 5070 1595 5138 passione
1648 5071 1855 5125 Domini
1885 5074 2077 5138 partim

501 5136 723 5207 iactum,
746 5139 937 5204 partim
963 5149 1089 5193 ante
1135 5142 1278 5192 diem
1332 5136 1538 5192 Domini
1592 5156 1863 5207 magnum,
1887 5136 1945 5193 id
1972 5152 2071 5207 est,

494 5204 679 5271 judicii
705 5206 937 5262 futurum
966 5210 1225 5263 creditur.
1269 5208 1419 5262 Tunc
1466 5210 1606 5261 enim
1634 5204 1713 5262 sol
1753 5204 2076 5263 abte-nebra.

501 5283 585 5347 tus
612 5286 718 5341 est,
742 5280 832 5331 sed
865 5279 990 5332 luna
1018 5279 1070 5332 in
1100 5280 1414 5347 sanguinem
1440 5293 1587 5332 \ezsa
1621 5279 1794 5347 palam
1845 5279 2075 5333 homini-

497 5343 601 5401 bus
629 5361 897 5418 apparere
947 5364 1053 5405 non
1103 5343 1320 5417 potuit:
1362 5363 1483 5412 quae
1533 5343 1678 5410 tunc,
1712 5358 1771 5400 ut
1818 5360 1943 5418 puta
2022 5352 2073 5403 in

496 5416 695 5482 pascha
760 5417 964 5470 decima
1012 5416 1197 5485 quinta
1272 5418 1537 5477 existens,
1589 5416 1847 5471 interdum
1907 5416 2075 5473 [serat

497 5486 805 5555 mortalium
853 5488 1052 5540 visibus
1090 5490 1304 5555 objectu
1357 5487 1563 5540 telluris
1600 5488 1830 5540 occulta.
1885 5488 2069 5541 Aliter.

501 5552 597 5606 Sol
626 5564 969 5609 convertetur
999 5557 1049 5610 in
1073 5552 1342 5617 tenebras.
1386 5568 1441 5610 ct
1491 5557 1613 5609 luna
1664 5558 1715 5609 iu
1741 5560 2072 5624 sanguinem,

500 5631 788 5691 antequam
836 5628 1013 5679 veniat
1040 5626 1155 5681 dies
1182 5627 1392 5680 Domini
1422 5640 1645 5691 magnus
1682 5634 1736 5679 et
1783 5627 2070 5691 horribilis,

500 5690 605 5763 itoc
632 5702 731 5754 est,
765 5694 1016 5763 splendor
1038 5696 1388 5763 quorumdam
1424 5690 1654 5748 fidelium
1686 5696 1869 5749 ultima
1900 5690 2071 5749 tribu?

498 5758 700 5834 latione
726 5762 978 5818 deficiens
1001 5758 1391 5826 obscurabitur,
1416 5777 1468 5818 et
1495 5764 1729 5819 Ecclesia
1778 5775 2069 5834 martyrum

498 5831 754 5898 sanguine
768 5834 1151 5893 crucutabitur.
1176 5836 1274 5891 Sin
1298 5845 1463 5889 autem
1490 5845 1605 5905 post
1643 5831 1933 5890 accubitum
1950 5838 2072 5891 solis

2199 3268 2405 3316 tantum
2438 3268 2799 3328 constituunt;
2831 3273 2884 3317 et
2932 3276 3120 3318 vocata
3151 3265 3303 3323 scita,
3358 3265 3502 3333 quod
3532 3278 3592 3316 ea
3624 3262 3749 3333 plebs

2196 3334 2347 3402 sciat,
2368 3334 2449 3385 vel
2473 3337 2614 3402 quod
2640 3336 2944 3389 sciscitatur
2967 3342 3022 3386 et
3040 3344 3192 3397 rogat
3220 3343 3276 3386 ut
3300 3330 3411 3385 liat.
3442 3330 3577 3395 Quid
3601 3330 3751 3386 enim?

2199 3401 2265 3451 Νι
2287 3403 2446 3469 "quid
2469 3401 2772 3456 credendum
2803 3412 2877 3456 e_t
2929 3404 3046 3473 quia
3082 3403 3226 3455 illam
3258 3419 3412 3473 quam
3464 3420 3497 3455 η
3531 3420 3555 3454 s
3593 3420 3682 3470 qua
3706 3413 3748 3453 to
3838 3442 3839 3473 ξ

2194 3488 2356 3524 uanas
2380 3474 2536 3539 April.
2554 3489 2578 3526 s
2605 3489 2783 3525 agt-ant
2832 3474 2914 3526 uid
2938 3488 3047 3525 utris
3078 3474 3275 3535 furiam,
3305 3489 3456 3526 nemo
3484 3474 3658 3526 viderit
3697 3475 3749 3523 de

2190 3540 2298 3593 illis
2326 3542 2563 3593 trecentis
2587 3543 2621 3594 (ί
2640 3559 2756 3595 τεηι
2786 3552 2835 3612 e_t
2856 3551 2967 3596 octo
2995 3542 3345 3612 pomi/ilibus,
3376 3544 3461 3612 qui
3480 3543 3534 3596 iu
3558 3540 3749 3595 Nisam

2193 3612 2410 3680 conci/io
2433 3612 2755 3665 residebant?
2784 3610 3044 3664 Viderunt
3066 3610 3196 3680 ergo
3226 3611 3300 3665 illi
3333 3610 3554 3666 accendi
3595 3613 3748 3665 lunam

2154 3736 2159 3743 κ
2193 3679 2242 3732 in
2271 3688 2465 3746 quarto
2497 3682 2921 3750 nonasApriles,
2944 3695 3043 3735 nec
3072 3679 3250 3735 tamen
3275 3682 3503 3751 primam
3534 3682 3747 3734 rimulae-

2190 3760 2444 3802 raveruut
2474 3765 2615 3813 eam,
2648 3765 2713 3803 ne
2765 3752 3118 3805 contrarietas
3140 3751 3447 3807 communis
3488 3760 3543 3804 et
3582 3752 3743 3804 embo-

2190 3817 2329 3872 lismi
2362 3820 2556 3886 regula:
2584 3820 2705 3890 inde
2732 3822 3044 3874 nutriretur.
3097 3817 3241 3873 Tunc
3287 3837 3414 3890 ergo
3458 3820 3549 3873 sub
3579 3830 3745 3873 sancte

2189 3890 2451 3970 memoria:
2479 3907 2613 3958 papa
2642 3888 2869 3954 Zosimo,
2930 3907 3089 3972 usque
3265 3888 3433 3972 Ιηςῇξιι
3480 3906 3613 3962 aqua:
3663 3906 3745 3941 nou

2188 3960 2453 4031 venienti;
2455 3977 2558 4013 non
2590 3968 2849 4031 consecrat
2872 3981 2901 4024 -,
2933 3960 3021 4031 qui
3048 3960 3361 4031 baptismdi
3376 3960 3586 4031 {uernat
3609 3976 3745 4031 reces-

2187 4040 2382 4100 sv'runt.
2414 4029 2561 4083 Tunc
2586 4030 2724 4100 idem
2746 4027 3188 4100 octs.vo:Kalend.
3214 4027 3388 4100 April;
3413 4029 3520 4094 die,
3557 4028 3745 4099 quando

2189 4099 2289 4169 ipsi
2330 4109 2583 4169 sanctum
2633 4097 2836 4169 Pascha
2882 4096 3280 4155 celebrandum'
3312 4114 3437 4155 esse
3491 4096 3743 4169 putabant.
3836 4096 3837 4169 ξ

2188 4166 2487 4239 Baptismus
2512 4168 2587 4223 Gr
2633 4183 2715 4230 ce,
2742 4167 2927 4239 Latine
2968 4169 3156 4239 tinctio
3184 4166 3593 4239 interpretatur.
3639 4168 3745 4239 Qus

2186 4238 2306 4309 ideo
2329 4238 2517 4292 tinctio
2564 4239 2775 4301 dicitur,
2816 4238 2940 4307 quia
2989 4237 3270 4309 ibinbomo
3294 4237 3488 4309 spiritu
3510 4240 3683 4309 gratis
3703 4238 3742 4290 in

2187 4308 2387 4380 melius
2404 4309 2734 4373 immutatur,
2766 4316 2820 4361 et
2838 4306 3005 4376 longe
3027 4306 3167 4380 aliud
3193 4306 3355 4380 quam
3380 4317 3501 4380 erat
3518 4306 3739 4380 elﬁcitur.

2186 4375 2314 4428 Nam
2347 4378 2484 4433 sicut
2524 4394 2661 4446 aqua
2696 4375 2957 4445 purgatur
2976 4375 3225 4448 exterius
3240 4394 3459 4448 corpus,
3493 4379 3567 4433 ita
3595 4379 3741 4448 lateo.

2184 4453 2265 4497 ter
2294 4448 2410 4518 ejus
2441 4445 2751 4518 mysterium
2794 4462 2889 4516 per
2931 4447 3189 4518 Spiritum
3236 4445 3486 4503 sanctum
3523 4445 3740 4509 put'iﬁcst

2183 4524 2237 4566 et
2290 4516 2540 4580 animant,
2600 4518 2752 4585 cujus
2807 4516 3162 4570 sanctificatio
3213 4518 3286 4572 ita
3327 4526 3413 4571 est
3456 4537 3471 4570 :
3515 4518 3741 4585 [avocato

2181 4584 2322 4636 cnim
2378 4586 2503 4651 Deo,
2529 4578 2815 4642 descendit
2842 4586 3073 4653 Spiritus
3117 4596 3335 4641 sanctus
3383 4587 3455 4642 de
3498 4578 3662 4652 citis,
3697 4594 3738 4640 et

2180 4653 2453 4725 medicatis
2484 4658 2636 4724 aquis
2682 4654 2983 4711 sanctiﬁcat
3010 4670 3102 4709 eas
3134 4658 3201 4710 de
3224 4657 3544 4725 semetipso,
3572 4666 3626 4712 et
3662 4671 3737 4710 ac-

2181 4723 2389 4794 cipiunt
2420 4723 2905 4794 viutpurgatiouis,
2941 4734 2997 4779 ut
3042 4725 3095 4779 in
3127 4726 3208 4781 eis
3248 4733 3304 4780 et
3350 4723 3479 4782 caro
3505 4737 3561 4782 et
3586 4728 3737 4781 animi

2178 4790 2382 4847 deliciis
2404 4790 2729 4848 iuuuundata
2772 4794 3076 4849 mandetur.

2252 4861 2430 4934 Lauda
2463 4866 2599 4918 ili‘er
2622 4866 2751 4918 vinci
2777 4882 2842 4934 go
2863 4864 3051 4918 idebat.
3068 4865 3349 4921 Gaudebat
3364 4868 3510 4922 enim
3524 4866 3737 4934 superati

2178 4935 2243 5004 ab
2271 4932 2648 5004 Orientalibus,
2666 4936 2755 5004 qui
2778 4932 3074 4989 secundum
3105 4935 3303 5004 Νῆακηί
3330 4939 3549 4993 concilii
3567 4932 3735 4993 delini-

2180 5003 2377 5123 tiqinem
2402 5003 2949 5074 faciebant,’quamvis
2977 5006 3087 5060 suis
3110 5003 3553 5064 Occidentalibus
3576 5010 3733 5062 utrem

2180 5086 2226 5123 Vl
2272 5082 2473 5123 eretur.

2177 5082 2473 5125 Videretur.

2246 5140 2398 5194 Jom.
2428 5142 2557 5196 Nov.
2589 5142 3226 5201 Samum—Notandum
3266 5162 3415 5201 sane.
3449 5146 3627 5202 Facile
3652 5147 3734 5201 hoc

2180 5211 2345 5285 liquet
2369 5226 2435 5265 ex
2463 5215 2721 5285 superiori
2760 5216 2956 5282 capite,
2990 5218 3079 5270 uni
3112 5230 3347 5285 namque
3381 5221 3553 5272 mensi
3579 5218 3733 5272 detr:-

2176 5280 2333 5355 ititur,
2367 5284 2506 5355 quod
2536 5284 2754 5355 singulis
2783 5280 2848 5353 (si
2880 5285 2995 5355 lieni
3026 5290 3230 5355 posset)
3256 5280 3525 5355 oportuit.
3570 5288 3731 5343 Subita

2176 5350 2334 5426 igitur
2364 5353 2626 5406 detractio
2658 5350 2873 5407 faiit‘ut
2926 5350 3064 5411 luna:
3089 5350 3247 5426 fulsio
3283 5350 3546 5426 majorem
3578 5368 3733 5411 osten-

2175 5422 2263 5471 dat
2284 5429 2520 5485 :etatem,
2549 5437 2708 5489 quam
2754 5432 3119 5491 computatur,
3164 5424 3301 5481 facta
3330 5422 3489 5483 unius
3531 5428 3632 5482 diei
3653 5427 3731 5479 de-

2178 5498 2271 5541 trac
2293 5493 2455 5544 tione.

2249 5558 2553 5636 Bacfomius
2581 5564 2859 5636 ηοηαςιηιι
2882 5564 3121 5636 ins’gnis.
3148 5563 3314 5634 Hujus
3338 5566 3617 5621 Bacbomii
3636 5580 3731 5622 seu.

2176 5638 2232 5681 ut
2275 5630 2364 5682 alii
2418 5634 2677 5707 scribunt,
2737 5630 3005 5707 Dacltubii:
3034 5630 3305 5707 libellum,
3344 5652 3519 5707 nuper
3571 5644 3734 5707 nactus

2173 5714 2291 5753 sum
2320 5715 2347 5751 a
2370 5700 2611 5755 studioso
2636 5704 2888 5771 quodam,
2914 5705 3007 5774 qui
3027 5704 3155 5776 dum
3179 5706 3310 5776 mibi
3354 5700 3569 5776 copiam
3610 5704 3730 5757 face-

2174 5777 2291 5894 rcté
2308 5778 2526 5894 pqopter
2549 5775 2920 5842 antiquitatem
2941 5782 2996 5832 ct
3011 5773 3266 5845 pietatem
3294 5773 3529 5834 iudicavi
3543 5778 3732 5846 diii‘m’

2174 5855 2256 5893 ess
2316 5855 2344 5894 c
2383 5858 2397 5894 ι
2431 5856 2571 5894 tunc.

2174 5854 2291 5895 0558
2316 5850 2571 5899 CdlllOﬂCo
