3842 6242
81 414 153 464 431
1171 390 1257 446 DF.
1299 384 1679 443 TEMI‘ORUM

83 541 173 600 qtae
189 538 396 592 vespere
424 521 668 591 primum
719 516 915 572 mundo
944 522 1125 568 exorta
1159 520 1240 566 est
1290 506 1617 577 vespertinis
1651 513 1696 568 Α

85 635 133 671 ιι
157 631 208 671 co
230 629 442 682 semper
465 611 620 665 buris
637 623 862 664 necesse
883 615 961 661 est
981 605 1139 668 aliam
1158 601 1427 667 aliamque
1450 604 1627 652 sumat

85 717 271 770 etatem,
316 704 563 773 singulas
594 715 842 772 quasque
868 696 1063 751 vicenis
1117 701 1172 748 et
1199 689 1479 760 quamuis
1527 703 1623 741 cx-

86 801 248 870 plicans
268 797 433 860 horis,
465 795 607 849 sicut
636 807 668 846 e
699 789 969 845 contrario
1000 786 1081 840 sol
1121 786 1211 853 qui
1245 797 1404 836 mane
1455 780 1628 850 primo

87 900 203 944 ortus
221 897 316 952 est,
365 897 502 939 Iesse
533 882 764 937 Genesis
793 879 1067 948 Scriptura
1113 891 1142 928 a
1175 889 1330 928 mane
1363 886 1532 940 usque
1562 869 1628 922 ad

89 997 214 1035 mane
230 980 365 1033 diem
394 975 690 1044 complevit
719 986 906 1027 unum.
951 968 1086 1035 Qui]
1129 967 1270 1020 enim
1297 963 1523 1017 rationis
1548 969 1632 1014 est

90 1075 196 1125 quze
220 1069 566 1122 mutationem
630 1063 938 1117 meridianis
981 1055 1282 1126 computari
1333 1055 1400 1107 ab
1458 1051 1627 1113 horis,

89 1181 184 1216 runt
209 1176 294 1214 nec
316 1159 567 1228 imposita
593 1166 718 1210 tunc
739 1156 791 1208 in
817 1152 975 1216 «mlo,
995 1164 1098 1203 nec
1119 1149 1190 1202 sit
1205 1159 1444 1214 regressa
1469 1156 1631 1210 super

90 1265 269 1314 terram,
299 1251 392 1304 sed
441 1264 541 1303 nec
572 1247 682 1301 ulla
715 1245 846 1312 legis
901 1239 1140 1296 solenuia
1185 1233 1496 1290 meridianis
1544 1231 1629 1286 vel

92 1341 453 1415 pomeridiauis,
489 1341 583 1394 sed
608 1339 788 1392 omnia
818 1332 1137 1403 vespertinis
1168 1329 1424 1398 incipiant
1470 1323 1630 1379 simul

88 1448 131 1493 et
153 1443 578 1491 consummentur
631 1432 684 1485 in
718 1430 899 1483 horis?
952 1426 1063 1481 Nisi
1103 1426 1242 1479 forte
1291 1421 1418 1490 quia
1462 1417 1632 1472 Adam

90 1543 285 1598 peccans
337 1526 402 1578 ad
431 1539 620 1577 auram
646 1529 768 1590 post
799 1518 1076 1574 meridiem
1109 1516 1416 1600 itccrepatus
1467 1525 1496 1562 a
1529 1508 1634 1563 Do-

88 1619 229 1680 mino,
251 1626 301 1670 ct
329 1616 393 1669 de
416 1613 649 1684 paradisi
682 1611 888 1679 gaudiis
918 1616 998 1662 est
1028 1603 1232 1677 pulsus,
1265 1603 1332 1656 ad
1383 1615 1638 1656 remune-

88 1716 314 1768 rationem
346 1709 586 1767 ccelestis
624 1709 747 1762 vita:
779 1719 939 1775 quam
971 1700 1156 1756 seculi
1192 1682 1350 1767 hujus
1389 1707 1633 1748 aerumna

89 1805 402 1868 mutavimus,
436 1800 669 1855 imitatio
709 1796 930 1857 lunaris,
968 1808 1086 1864 qua:
1130 1787 1422 1845 crementis
1444 1784 1634 1838 decre-

92 1903 363 1969 menlisque
393 1896 722 1967 perennibus
773 1892 986 1946 labores
1022 1893 1240 1940 nostros
1285 1882 1551 1941 imitatur,
1585 1878 1634 1929 in
1673 1865 1713 1924 Β

89 2009 142 2047 ea
170 1991 461 2060 specialiter
487 2004 594 2058 qua
623 1985 845 2039 exulare
871 1980 1132 2048 coepimus
1160 1974 1346 2028 debuit
1377 1973 1504 2024 hora
1540 1987 1638 2020 no-

91 2087 197 2148 tari,
224 2095 277 2138 ut
323 2100 384 2137 ex
431 2083 545 2151 ipsa
605 2077 808 2132 lunaris
857 2075 984 2128 hora
1037 2068 1350 2124 mutationis
1401 2063 1642 2132 quotidie

88 2177 311 2232 versiculi
354 2176 494 2228 illius
540 2172 976 2228 admonerentur,
1019 2164 1141 2232 quia
1173 2160 1372 2215 stultus
1417 2166 1473 2209 ut
1519 2156 1642 2208 qua

94 2276 324 2331 mutatur,
383 2280 502 2318 nam
530 2263 747 2331 sapiens
778 2273 897 2313 cum
939 2255 1052 2308 sole
1083 2247 1436 2321 permanebit,
1467 2245 1642 2312 suspi-

91 2373 440 2427 raremusquc,
471 2355 536 2408 ad
593 2353 737 2406 illam
772 2346 1049 2402 ardentius
1081 2341 1241 2395 vitam
1279 2353 1412 2407 pace
1442 2344 1643 2388 attenta

99 2449 457 2508 beatiSsimam,
481 2443 702 2514 quando
747 2441 849 2495 erit
879 2439 964 2491 lux
1006 2436 1140 2487 luna:
1188 2431 1328 2483 sicut
1376 2427 1462 2482 lux
1497 2425 1644 2486 solis,

92 2551 138 2594 et
184 2542 263 2594 lux
307 2540 432 2595 solis
475 2531 901 2606 septempliciter
950 2528 1089 2581 sicut
1134 2524 1219 2576 lux
1275 2519 1360 2572 VII
1414 2517 1645 2571 dierum.

96 2631 270 2685 \‘erum
300 2631 442 2700 quia,
470 2629 614 2683 sicut
668 2623 927 2691 scriptum
960 2627 1062 2680 est,
1098 2632 1127 2667 a
1158 2614 1281 2667 luna
1307 2613 1505 2678 signum
1550 2606 1652 2657 diei

96 2723 216 2786 festi,
247 2733 299 2775 et
322 2737 427 2790 quo
451 2719 614 2772 modo
654 2716 821 2783 prima
851 2711 986 2764 lunae
1040 2707 1130 2758 lux
1161 2719 1189 2755 a
1218 2715 1443 2768 vespera
1497 2711 1654 2747 mun-

98 2817 204 2869 dum
229 2813 516 2874 irradiavit,
543 2811 616 2862 ita
633 2806 808 2862 omnis
836 2804 948 2857 dies
973 2802 1137 2853 festus
1161 2798 1210 2850 iu
1238 2795 1356 2860 lege
1378 2807 1404 2843 a
1432 2803 1654 2856 vespera

99 2906 296 2968 initiari,
350 2907 404 2958 in
433 2913 714 2970 vesperam
739 2892 921 2965 perlici
940 2891 1135 2944 debere
1165 2885 1489 2956 pr.ccipitur.
1521 2894 1651 2930 con—

97 2997 356 3062 gruentius
429 3002 559 3048 atas
621 2987 824 3042 lunaris
869 2999 899 3037 a
955 2978 1266 3050 vespertina
1313 2976 1444 3028 hora
1495 2983 1655 3035 quam

96 3089 296 3144 aliunde
351 3102 510 3144 nova
558 3079 992 3150 computabitur,
1027 3069 1379 3136 eamdemque
1445 3072 1658 3117 {etatem

100 3196 245 3250 quam
289 3193 518 3248 vespere
564 3173 806 3234 inchoat,
863 3172 1177 3235 sequentem
1224 3172 1397 3228 usque
1426 3151 1663 3210 servabit

97 3275 152 3325 al
181 3287 474 3342 vesperam.
500 3268 566 3322 Et
597 3263 860 3334 siquidem
892 3275 1009 3315 eam
1041 3255 1202 3327 paulo
1233 3261 1359 3307 ante
1379 3263 1657 3320 vesperam
1690 3233 1733 3292 (ἶ

98 3361 497 3420 accendiasole
527 3357 837 3424 contigerit,
889 3368 1009 3406 mox
1055 3348 1169 3402 sole
1214 3344 1494 3400 occidente
1545 3341 1656 3409 pri-

100 3471 225 3508 mam
250 3451 548 3523 computari
575 3457 631 3504 et
662 3461 783 3503 esse
832 3456 1054 3498 necesse
1088 3445 1192 3503 est,
1241 3434 1366 3504 quia
1410 3431 1663 3486 videlicet

98 3548 230 3602 illam
259 3547 519 3617 temporis
575 3545 792 3606 horam,
821 3551 927 3608 qua
974 3533 1206 3604 primum
1259 3525 1416 3581 terris
1460 3522 1666 3590 fulgere

98 3638 266 3708 erupit,
296 3639 450 3692 adiit.
478 3636 572 3690 Sin
622 3640 804 3687 autem
847 3634 971 3700 post
998 3622 1305 3679 occubitutn
1327 3617 1454 3672 solis
1477 3629 1668 3668 accen-

96 3729 269 3792 datur,
300 3743 408 3782 non
441 3735 620 3779 tamen
664 3722 889 3792 primam
919 3718 1232 3788 priusquam
1261 3722 1541 3778 vesperam
1592 3706 1668 3758 vi-

67 3817 264 3883 .derit,
311 3816 405 3874 sed
475 3813 807 3870 tricesimam
858 3808 1040 3879 potius
1103 3811 1320 3874 oportet
1381 3799 1666 3854 :estimare.

99 3907 258 3963 Etiam
311 3909 356 3964 si
379 3906 543 3962 XXIII
572 3906 742 3959 horas
797 3907 921 3970 post
963 3909 1216 3953 occasum
1259 3891 1392 3946 solis
1443 3901 1670 3942 accensa

99 4001 437 4070 suppleverit,
469 4000 618 4053 illam
644 4005 824 4050 tamen
838 4007 997 4062 quam
1021 3987 1300 4044 occidente
1327 3982 1442 4039 sole
1469 3979 1672 4034 habue-

100 4099 196 4158 rat,
226 4107 291 4146 ne
319 4091 507 4161 prima:
537 4086 867 4144 conditionis
916 4082 1048 4138 ordo
1091 4078 1356 4139 turbetur,
1397 4085 1569 4140 usque
1607 4069 1670 4121 ad

102 4185 253 4236 ai‘nm
306 4159 427 4249 ejus
471 4192 733 4235 occasum
782 4175 1017 4229 retinere
1056 4167 1273 4225 debebit
1301 4171 1535 4220 aetatem.
1565 4159 1677 4214 Nec

103 4274 278 4326 mirum
309 4272 488 4326 lunam
512 4285 635 4325 cum
670 4275 752 4321 tot
792 4267 954 4320 horas
983 4276 1122 4316 nova
1151 4257 1474 4324 transegerit
1501 4253 1676 4309 mani-

102 4363 278 4418 festam
301 4364 354 4418 in
380 4364 521 4417 cmlo
552 4355 865 4415 monstrari.
886 4368 1008 4408 cum
1027 4348 1312 4420 aliquoties
1335 4345 1496 4397 etiam
1520 4349 1672 4396 sexta

103 4457 177 4510 vel
196 4456 421 4526 septima
452 4461 576 4524 post
600 4448 972 4506 accensionem
1021 4446 1282 4512 appareat
1327 4437 1481 4492 hora.
1515 4432 1674 4500 Saepe

106 4567 325 4621 namque
377 4549 584 4612 evenit,
610 4542 843 4599 maxime
887 4537 1060 4610 posita
1110 4549 1172 4590 ea
1227 4533 1280 4588 in
1315 4530 1530 4594 Ariete,
1560 4540 1665 4580 una

104 4645 392 4714 eademque
439 4642 529 4697 die
578 4638 668 4694 illa
699 4648 862 4690 mane
901 4630 1059 4687 simul
1115 4635 1170 4682 et
1221 4634 1452 4692 vespere
1504 4615 1674 4683 cerni,

106 4743 243 4789 motu
287 4733 545 4787 videlicet
596 4723 930 4782 ascensionis
981 4722 1125 4775 circa
1182 4713 1464 4769 meridiem
1512 4710 1674 4761 facto.

106 4822 250 4891 Quod
275 4809 440 4889 siqui
470 4817 691 4888 gravius
712 4813 836 4866 huic
861 4809 1113 4863 insistens
1139 4797 1454 4872 qutestioni,
1483 4795 1680 4849 dixerit

107 4930 160 4970 se
183 4928 372 4968 novam
409 4887 595 4964 lunam
621 4921 690 4960 eo
720 4916 863 4957 anno
889 4913 996 4969 quo
1019 4897 1188 4950 saltus
1227 4887 1546 4947 iuserendus
1573 4893 1676 4949 θεν,

110 5006 202 5057 hoc
229 5011 329 5067 est,
355 5000 554 5054 ultimo
583 4992 775 5051 circuli
812 4981 1258 5046 decennovenalis
1314 4979 1476 5034 biduo
1505 4976 1684 5046 prius-

109 5110 258 5163 quam
287 5065 462 5164 prima
492 5092 786 5144 caneretur
815 5079 996 5136 multis
1049 5090 1169 5131 cum
1200 5069 1423 5126 testibus
1470 5065 1682 5127 vidisse,

113 5156 158 5240 id
178 5196 275 5249 est,
289 5156 494 5256 quarto
523 5179 799 5237 Nonarum
836 5169 1096 5241 Aprilium
1146 5165 1268 5231 die,
1290 5176 1412 5217 cum
1445 5156 1685 5226 ejusdem

112 5277 227 5331 anni
248 5277 364 5331 XIV
391 5279 520 5331 luna
563 5265 826 5343 paschalis
846 5263 898 5318 in
929 5258 1130 5316 circulo
1156 5259 1454 5309 memorato
1473 5249 1564 5303 XV
1588 5247 1689 5301 Ca-

116 5367 384 5419 lendarum
437 5337 700 5418 Maiarum
729 5358 800 5412 sit
837 5353 1114 5412 adnotata,
1146 5343 1376 5410 ideoque
1421 5352 1528 5393 non
1589 5337 1689 5390 nisi

117 5457 275 5527 pridie
304 5456 490 5510 Nonas
521 5453 738 5522 Apriles
773 5462 891 5504 esse
949 5442 1122 5515 prima
1150 5434 1348 5496 valeat,
1394 5431 1692 5484 rationem-

118 5514 214 5615 que
241 5561 269 5599 a
298 5545 458 5599 nobis
481 5514 641 5609 hujus
685 5551 861 5593 causa:
893 5514 1163 5600 eiegerit,
1187 5523 1277 5579 hic
1311 5526 1490 5574 nostra
1523 5514 1690 5583 pusil-

120 5604 252 5704 Iitas,
283 5653 350 5692 ne
378 5635 464 5690 sui
491 5637 524 5686 [ι
539 5604 782 5699 agilitate
809 5625 1044 5687 deficiat,
1076 5619 1145 5675 ad
1174 5624 1410 5688 paternae
1431 5649 1446 5674 ,
1477 5608 1585 5661 imo
1611 5604 1693 5658 di-

121 5732 248 5784 vina:
268 5722 617 5780 auctoritatis
653 5716 910 5772 auxilium
941 5720 1255 5768 concurrat.
1288 5705 1531 5759 Paterna:
1579 5704 1696 5750 ete-

124 5821 224 5875 nim
273 5812 625 5874 auctoritatis
673 5806 912 5864 subsidio
957 5802 1243 5863 fulcimur,
1293 5795 1421 5851 dum
1471 5791 1696 5845 Nicaeum

123 5913 300 5981 synodi
322 5909 462 5968 scita
487 5913 782 5969 sectamur,
798 5912 916 5969 qua:
935 5901 1156 5967 quartas
1171 5891 1405 5971 decimas
1427 5885 1547 5944 festi
1573 5898 1696 5954 pas-

1725 383 1767 438 R
1786 385 2024 439 \TIUNE
3199 377 3304 431 ιω

1727 505 1892 559 chalis
1923 505 2072 557 lunas
2098 513 2204 557 tam
2237 502 2386 555 firma
2410 498 2703 555 stabilitate
2735 493 2981 564 prmlixit,
3023 501 3081 546 ut
3109 490 3307 544 decen-

1733 599 2010 654 novenalis
2031 613 2215 650 carmn
2248 595 2504 650 circuitus
2561 605 2821 658 nusquam
2848 586 3124 648 vacillare,
3167 597 3311 637 nun-

1731 707 1887 760 quam
1916 691 2101 743 fallere
2140 689 2330 757 possit.
2356 687 2410 740 In
2439 699 2545 754 quo
2571 681 2820 735 vidi-licet
2849 677 3096 740 circuitu,
3129 675 3311 727 lunam

1733 782 2038 851 paschalem
2069 780 2194 832 anni
2219 779 2285 831 de
2321 793 2428 846 quo
2457 776 2630 842 agitur
2671 771 2709 824 II
2736 770 2916 824 Nonas
2958 765 3152 835 Aprilis
3197 763 3312 816 Iieri

1735 873 1960 940 primam
2019 872 2146 924 nulli
2195 868 2578 922 calculantium
2639 863 2692 916 in
2745 861 2909 914 dubio
2939 866 3041 912 est.
3083 855 3317 924 Ideoque

1733 963 1871 1016 hanc
1896 964 2053 1016 aliter
2080 961 2302 1015 delinire
2332 960 2458 1012 nulli
2492 956 2720 1009 fidelium
2751 953 2827 1004 fas
2849 960 2950 1004 est.
2980 951 3079 1014 Qui
3103 951 3112 996 l
3136 946 3319 1000 enim?

1735 1053 1994 1118 numquid
2019 1076 2032 1102 ι
2054 1052 2347 1104 redemlum
2378 1057 2459 1101 est
2482 1047 2606 1116 quia
2638 1045 2782 1098 illam
2807 1055 2964 1108 quam
2997 1054 3093 1092 nos
3115 1035 3177 1088 IV
3205 1034 3317 1089 No-

1737 1159 1833 1196 nas
1863 1142 2059 1212 Aprilis
2093 1157 2284 1195 novatn
2311 1141 2540 1191 vidimus
2565 1137 2766 1195 lunam,
2800 1145 2959 1186 nemo
2975 1129 3165 1184 viderit
3187 1131 3254 1184 de
3280 1129 3345 1182 il-

1731 1231 1800 1288 lis
1829 1231 2110 1289 CCCXVIII
2145 1231 2488 1302 pontificii-us
2511 1228 2601 1296 qui
2635 1227 2686 1278 in
2717 1223 2938 1277 Nicmno
2973 1218 3205 1272 concilio
3234 1232 3322 1268 re-

1737 1325 2003 1386 sidebant,
2035 1340 2190 1377 nemo
2222 1326 2288 1376 de
2313 1323 2581 1376 minorum
2611 1323 2753 1371 co-tu
2783 1313 3062 1375 graduum,
3087 1310 3176 1377 qui
3202 1306 3321 1360 illo-

1737 1435 1853 1472 rum
1887 1417 2125 1471 COIIrilliS
2149 1415 2375 1468 aderant
2405 1421 2458 1464 et
2478 1408 2785 1473 statutis,et
2813 1419 2920 1457 non
2953 1401 3130 1471 potius
3161 1397 3322 1452 intel-

1738 1508 2032 1577 ligendum,
2058 1507 2180 1573 quia
2209 1521 2329 1557 cum
2370 1502 2549 1554 lunam
2583 1497 2708 1550 anni
2760 1495 2900 1547 illius
2945 1487 3250 1560 paschalem
3293 1502 3323 1540 a

1740 1601 1910 1670 pridie
1929 1598 2105 1651 Nonas
2138 1595 2335 1663 Aprilis
2369 1593 2603 1659 incipere
2629 1587 2930 1655 signabant,
2955 1582 3101 1636 aliud
3152 1579 3326 1648 majus

1738 1692 2035 1764 periculum
2069 1704 2162 1758 per
2190 1691 2291 1741 hoc
2316 1681 2724 1743 declinaverint,
2751 1694 2819 1732 ne
2842 1675 3086 1729 videlicet
3114 1671 3328 1726 sialiter

1739 1785 2110 1841 decernerent,
2140 1773 2528 1831 indissolubilis
2559 1770 2648 1825 ille
2675 1766 3042 1821 communium
3062 1775 3327 1817 annorum

1744 1886 1793 1928 et
1825 1861 2971 1932 embolismmumstatus:olveretur,quem
2999 1852 3324 1907 inviolabili-

1747 1969 1826 2012 ter
1842 1956 2232 2009 obsi-rvandum
2254 1951 2441 2003 divituc
2461 1947 2591 2012 legis
2613 1944 2935 1997 auctoritate
2963 1938 3324 1992 flebrasistra-

1745 2049 1993 2103 dentibus
2009 2053 2337 2113 agnoverant
2358 2041 2495 2094 ‘ISed
2513 2049 2563 2092 et
2579 2034 3086 2107 speeialiterdivinzc
3105 2031 3332 2084 auctorio

1751 2143 1874 2194 tatis
1925 2138 2134 2191 indit-iis
2179 2131 2574 2188 observantiam
2608 2129 2848 2181 lunarem
2876 2139 3030 2191 quam
3085 2131 3331 2174 tenemus

1747 2229 2106 2285 defendimus.
2127 2225 2374 2293 Legimus
2391 2234 2640 2289 namque,
2658 2218 2927 2272 scribente
2955 2216 3112 2266 beato
3129 2210 3334 2280 Cyrillo

1749 2320 2096 2376 A’exandrias
2125 2318 2401 2386 episcopo,
2434 2313 2558 2380 quia
2577 2307 2900 2363 Pacltomius
2930 2302 3226 2358 mooachus
3249 2302 3331 2354 in-

1750 2414 1919 2480 signis
1965 2409 2120 2464 factis
2145 2406 2459 2476 apostolicae
2481 2402 2695 2469 gratia),
2723 2399 3078 2461 fundatorqu
3113 2392 3331 2460 :I'Tgypti

1752 2503 2140 2562 cmttobiorum,
2156 2496 2381 2551 ediderit
2405 2494 2467 2546 ad
2490 2489 2814 2545 monasteria
2834 2502 2949 2556 qum
2964 2483 3174 2551 regebat
3193 2481 3340 2534 litte-

1754 2611 1862 2658 ras,
1882 2610 2016 2663 qttas
2041 2591 2230 2659 angelo
2261 2589 2500 2641 dictante
2523 2590 2862 2653 perceperat,
2887 2587 2944 2632 ut
2967 2593 3074 2630 non
3096 2587 3335 2627 errorem

1758 2687 1902 2740 incu'
1919 2695 2099 2738 rerent
2116 2684 2167 2733 in
2190 2676 2552 2732 solemnitatis
2573 2671 2840 2742 paschalis
2860 2669 3092 2730 ratione,
3110 2664 3342 2717 scirent-

1757 2793 1860 2846 que
1891 2778 2068 2828 lunam
2102 2772 2260 2841 primi
2310 2768 2511 2822 mensis
2534 2766 2584 2818 iu
2611 2779 2752 2816 anno
2774 2759 3044 2816 communi
3076 2765 3128 2810 et
3153 2757 3343 2809 embo-

1761 2868 1935 2920 lismo.
1975 2863 2260 2933 Legimus,
2296 2857 2490 2914 eodem
2537 2873 2578 2909 ι’·
2602 2855 2806 2908 ferente
2851 2851 3085 2920 Cirillo,
3142 2847 3264 2916 quia
3297 2847 3343 2900 si

1762 2972 1867 3011 non
1915 2955 2218 3023 SCI'ipSlSSi'l
2280 2949 2518 3022 synodus
2573 2947 2785 3000 Nicaena
2843 2941 3051 3012 cyclum
3102 2940 3343 2992 lunarem

1763 3048 1918 3117 primi
1962 3044 2198 3106 nit-usis,
2233 3026 2507 3096 sufficeret
2553 3037 2735 3107 cytlus
2787 3035 2977 3102 lapidis
3023 3028 3348 3086 sclenitisitt

1765 3138 1987 3192 Perside
2017 3136 2081 3188 ad
2110 3131 2422 3201 exemplum
2457 3127 2680 3182 rationis
2713 3124 2997 3196 paschalis,
3048 3122 3199 3188 cujus
3220 3134 3351 3174 can-

1765 3231 1864 3283 dor
1905 3225 2130 3282 intcrior
2161 3241 2280 3278 cum
2323 3224 2447 3276 luna
2477 3219 2632 3290 primi
2689 3217 2886 3269 mensis
2933 3213 3128 3267 crescit
3157 3220 3211 3265 et
3254 3211 3351 3263 de-

1767 3320 1977 3373 crescit.
2017 3317 2286 3384 Legimus,
2320 3315 2469 3381 item,
2503 3310 2774 3364 scribente
2802 3313 2990 3361 sancto
3021 3303 3351 3357 Paschasino

1766 3410 1981 3481 Lilybmi
2035 3407 2275 3460 antistite
2331 3403 2398 3458 ad
2433 3401 2802 3457 beatissimum
2855 3413 3045 3466 papam
3090 3394 3349 3458 Leonem,

1766 3507 1890 3574 quia
1925 3512 2166 3570 tempore
2188 3497 2384 3553 Zosimi
2409 3510 2558 3564 papae
2586 3509 2705 3547 cum
2735 3499 2876 3546 esset
2905 3489 3120 3541 ultimus
3164 3485 3351 3539 circuli

1767 3590 2221 3650 decennovenalis
2296 3601 2505 3647 anuus,
2579 3590 2634 3636 et
2713 3579 3052 3634 declinarent
3125 3576 3349 3646 quidam

1769 3685 1982 3753 decimo
2030 3679 2386 3734 Calendarum
2451 3674 2708 3728 Maiarum
2751 3670 2840 3744 die
2884 3669 3091 3723 Pascha
3143 3678 3349 3733 tenere,

1772 3777 2114 3830 celebrantes
2181 3781 2374 3827 octavo
2450 3767 2537 3822 die
2585 3764 2968 3822 .Calendarum
3054 3761 3351 3830 Aprilium,

1773 3869 1823 3922 id
1867 3874 1983 3929 est,
2052 3880 2150 3932 pro
2219 3861 2540 3916 cmbolismo
2581 3869 2920 3911 communem
2971 3859 3214 3905 tenentes
3258 3865 3355 3902 an-

1774 3973 1924 4022 num,
1972 3969 2090 4023 qua:
2145 3960 2288 4006 esset
2319 3948 2584 4020 paschalis
2615 3946 2969 4000 observantia:
2998 3941 3355 3996 vetitasmul-

1775 4048 1940 4117 tiplici
1966 4045 2227 4102 miraculo
2241 4055 2486 4112 superum
2501 4038 2716 4093 virtutis
2733 4035 3009 4090 claruerit.
3036 4053 3052 4084 ε
3079 4033 3356 4099 Qumdam,

1777 4141 1968 4210 inquit,
1994 4139 2252 4194 vilissima
2304 4134 2574 4206 possessio
2591 4130 2876 4185 Melthinas
2915 4128 3216 4196 appellatur
3241 4163 3256 4185 ,
3305 4125 3357 4178 in

1776 4234 2050 4288 montibus
2076 4230 2256 4283 arduis
2274 4244 2337 4282 ac
2365 4227 2530 4293 sylvis
2559 4221 2892 4277 densissimis
2909 4218 3220 4277 constituta,
3251 4215 3360 4269 illic

1775 4337 2034 4392 perparva
2058 4329 2219 4387 atque
2246 4318 2337 4370 vili
2385 4329 2550 4384 opere
2605 4320 2914 4368 constructa
2965 4306 3195 4362 ecclesia
3234 4314 3362 4371 ‘est,

1779 4415 1831 4467 in
1859 4413 2011 4479 cujus
2041 4407 2353 4479 baptisteria
2385 4415 2542 4461 nocte
2567 4409 2912 4458 sacrosancta
2941 4397 3202 4468 paschali,
3231 4396 3364 4465 bap-

1783 4507 1981 4562 tizandi
2017 4506 2174 4569 hora,
2203 4519 2323 4564 cum
2369 4499 2547 4554 nullus
2576 4496 2803 4559 canalis,
2858 4493 2999 4547 nulla
3043 4492 3111 4545 sit
3163 4489 3364 4552 Iistula,

1782 4613 1883 4652 nec
1910 4611 2050 4665 aqua
2083 4593 2306 4649 omnino
2335 4590 2530 4653 vicina,
2564 4586 2683 4642 fons
2713 4601 2778 4639 ex
2807 4598 2927 4638 sese
2951 4583 3206 4652 repletur,
3232 4593 3368 4648 pau-

1781 4691 1964 4757 cisque
2020 4686 2108 4757 qui
2165 4683 2364 4738 fuerint
2409 4677 2777 4735 consecratis,
2829 4689 2949 4726 cum
2992 4667 3363 4724 deductorium

1783 4781 1988 4834 nullum
2019 4777 2238 4837 habeat,
2285 4781 2344 4825 ut
2371 4777 2598 4824 venerat
2650 4780 2813 4834 aqua,
2849 4779 2914 4816 ex
2967 4776 3086 4815 sese
3114 4757 3362 4813 discedit.

1784 4869 1935 4922 Tunc
1961 4881 2089 4936 ergo
2116 4865 2216 4918 sub
2245 4873 2446 4916 sancta:
2476 4858 2749 4914 memoria:
2779 4870 2913 4924 papa
2948 4852 3160 4905 Zosimo
3195 4863 3367 4918 usque

1786 4962 1851 5016 ad
1885 4960 2058 5014 lucem
2118 4971 2254 5025 aqua
2314 4970 2420 5008 non
2452 4953 2721 5015 veniente,
2776 4946 2882 5002 non
2923 4944 3224 5000 consecrati
3275 4943 3369 5012 qui

1787 5050 2094 5125 baptizandi
2125 5049 2336 5102 fuerant
2359 5050 2719 5102 recesserunt.
2751 5039 2844 5092 Illa
2886 5053 3016 5092 vero
3063 5043 3221 5089 nocte
3250 5048 3370 5101 qua:

1790 5123 2097 5199 lucescebat
2128 5142 2180 5196 in
2207 5141 2348 5195 diem
2378 5136 2726 5191 Dominicam.
2761 5131 2968 5184 decimo
2999 5125 3085 5178 die
3106 5123 3372 5177 Calenda-

1790 5253 1908 5293 rum
1945 5237 2224 5297 Maiarum,
2269 5233 2388 5285 fons
2419 5243 2572 5283 sacer
2599 5227 2728 5278 hora
2755 5218 3079 5287 competenti
3134 5215 3372 5283 repletus

1793 5338 1905 5393 est;
1958 5325 2190 5381 evidenti
2234 5336 2362 5388 ergo
2411 5314 2670 5371 miraculo
2722 5308 2918 5365 claruit
2959 5303 3370 5359 occidentalium

1795 5421 2025 5491 partium
2051 5415 2211 5469 fuisse
2229 5425 2490 5466 errorem.
2536 5425 2553 5458 ι
2603 5403 2798 5471 Liquet
2835 5401 3016 5464 itaque
3045 5395 3166 5462 quia
3216 5401 3375 5446 vetus

1795 5485 1908 5566 hzec
1957 5510 2026 5564 de
2077 5507 2179 5560 hac
2237 5497 2596 5557 a-tatelunari
2657 5493 3007 5566 qumstioest,
3042 5487 3203 5543 etiam
3247 5485 3376 5539 olim

1797 5603 1942 5657 beati
1988 5614 2142 5669 papm
2194 5595 2391 5648 Leonis
2422 5587 2682 5644 industria
2735 5583 3020 5649 diligenter
3066 5575 3330 5643 exquisita
3359 5613 3376 5637 ,

1797 5692 1910 5760 ipsa
1943 5659 2023 5744 est
2049 5659 2167 5755 qum
2192 5685 2403 5749 longam
2431 5681 2566 5732 inter
2595 5673 2829 5728 Orientis
2855 5679 2904 5722 et
2935 5664 3241 5728 Occidentis
3263 5659 3358 5725 ﬁla

1797 5780 1988 5835 clesias
2025 5787 2351 5842 gravemque
2384 5766 2810 5822 controversiam
2857 5759 2999 5842 fecit.

1803 5816 1988 5835 ωυδιιω
2025 5816 2351 5842 υ-υνν....,-.-
2387 5816 2714 5822 ννηην-ηγ
3123 5818 3134 5828 .

1803 5871 1992 5928 larium
2023 5878 2214 5936 papam
2244 5869 2370 5932 post
2397 5867 2476 5914 tot
2527 5855 2722 5911 Niceni
2749 5834 2997 5906 ρους-³⁵⁸⁸·
3029 5816 3092 5872 Ei
3124 5817 3209 5871 '"3
3238 5825 3362 5895 qua?
