3842 6242
65 387 140 445 tu
1128 449 1137 455 η
1176 385 1263 440 us
1303 380 1686 441 renouauu
1732 380 2053 439 uanum.

3191 378 3296 437 490

65 517 218 565 annos,
273 514 340 553 eo
398 500 549 567 quod
601 506 788 553 octavo
836 504 892 550 et
943 496 1225 550 undecimo
1275 510 1419 549 anno
1478 495 1603 549 luna
1633 500 1681 558 Α
1710 493 1779 547 ibi
1818 492 1899 546 sol
1948 490 2224 546 bissutile
2255 497 2461 560 qumrat
2514 488 2804 553 auxilium;
2839 496 3125 558 utrumque
3154 492 3296 545 enim

65 588 286 658 paschalis
326 602 617 657 supremas
645 602 754 640 suae
788 586 1084 641 nativitatis
1121 593 1293 640 metas
1320 585 1529 649 subeat,
1556 595 1612 639 et

68 689 303 745 utrumque
323 692 517 731 eorum
549 679 564 708 ³
586 676 749 730 solito
776 675 1110 729 embolismis
1135 689 1285 728 more
1311 690 1449 728 unus
1469 690 1612 729 com-

64 765 201 819 munis
221 765 491 834 praecedat
512 779 720 829 annus;
750 764 834 818 vel
863 774 1011 820 certe
1030 766 1158 835 quia
1178 767 1410 836 antiquis
1438 769 1608 821 visum

66 863 126 908 est
143 853 233 907 Vill
254 869 427 907 annos
446 854 659 908 soleres
682 854 902 908 totidem
926 854 1203 909 lunaribus
1224 856 1374 911 annis
1406 856 1609 909 dierum

65 958 243 997 numero
268 943 492 1011 :equari,
524 942 669 1011 quod
699 944 767 997 ab
796 943 1181 999 eruditiuribus
1206 960 1320 999 :evo
1349 954 1612 1011 sequente

67 1010 347 1085 ductoribus,
366 1010 650 1099 expertum
679 1039 783 1097 est,
817 1033 916 1086 nisi
946 1032 1102 1087 anuis
1144 1032 1209 1086 Xl
1242 1010 1485 1101 adjectis,
1515 1051 1610 1088 ne-

69 1134 290 1188 quaquam
341 1119 454 1172 lirri
500 1133 682 1187 posse,
711 1119 779 1172 ad
811 1119 1065 1174 indicium
1110 1122 1388 1190 utriusque
1428 1122 1614 1175 obser-

66 1211 250 1264 rationis
296 1210 630 1279 ogdoadibus
675 1218 759 1265 est
794 1219 849 1264 et
887 1210 1289 1265 hendecadibus
1326 1220 1436 1265 tota
1476 1212 1613 1265 luna:

65 1298 229 1363 digesta
255 1298 561 1352 conversio.
609 1296 743 1351 Nam
775 1304 829 1352 et
858 1296 1032 1352 Gmci
1061 1299 1332 1367 quondam
1350 1339 1365 1364 ,
1397 1315 1533 1367 quos
1560 1309 1614 1354 et

64 1388 379 1457 antiquissimi
430 1386 796 1443 Romanorum
843 1387 1196 1457 perhibentur
1237 1388 1448 1451 imitati,
1490 1404 1610 1443 cum

66 1480 116 1533 ad
133 1479 253 1533 lunze
275 1495 489 1535 cursum
514 1480 690 1534 adhuc
711 1488 1310 1557 annuscomputarent,
1328 1479 1436 1534 Vill
1461 1480 1614 1534 annis

64 1572 399 1625 communibus
416 1572 529 1639 pari
549 1571 764 1625 ratione
784 1565 1065 1634 confectis,
1083 1571 1433 1626 embolismos
1456 1572 1613 1625 trium

64 1663 289 1716 mensium
330 1662 533 1731 pariter
580 1661 991 1715 intercalabant.
1021 1661 1077 1716 Si
1126 1662 1269 1716 enim
1309 1662 1480 1716 octies
1511 1678 1614 1715 un-

63 1752 234 1814 datim,
264 1759 319 1805 et
343 1759 592 1820 quartam
631 1758 871 1819 partem,
906 1750 1135 1805 volueris
1173 1759 1490 1820 supputare,
1526 1749 1615 1805 XC

1714 589 1925 648 tempus
1966 594 2188 634 necesse
2216 587 2422 633 estuua
2462 578 2646 647 regula
2673 578 3082 648 complectatur.
3118 578 3301 635 Unde-

1710 669 1820 723 cies
1846 668 2045 722 treceni
2075 670 2331 736 sexageni
2363 678 2415 722 et
2443 669 2591 737 quini
2643 669 2777 722 liunt
2823 668 3131 723 IIIIMXXV.
3163 669 3295 723 item

1710 756 1964 811 utdecies
2012 758 2309 811 trecenteni
2356 758 2719 827 quinquageni
2766 766 2821 812 et
2872 758 3115 826 quaterni
3166 757 3299 812 tiunt

1711 834 2250 900 MMMDCCCXCHII.
2318 846 2468 901 Adde
2522 848 2965 903 embolismorum
3032 848 3295 903 mensium

1709 937 1829 989 dies
1856 935 2023 1001 CXX,
2055 935 2189 990 liunt
2217 937 2524 993 lliiMXllll.
2556 938 2711 994 Tulle
2749 955 2911 994 unum
2940 941 3109 995 saltus
3138 940 3299 1001 diem,

1713 1036 1992 1081 remanent
2038 1025 2321 1082 llllMXlﬂ.
2359 1028 2489 1083 ‘t‘ide
2533 1029 2697 1099 igitur
2733 1031 2776 1084 si
2822 1030 2911 1085 hic
2939 1047 3076 1100 opus
3108 1032 3307 1085 habeat

1713 1118 1981 1173 liendecas
2003 1119 2135 1173 solis
2164 1118 2407 1173 subsidio
2439 1119 2720 1186 bissextili,
2756 1128 2815 1175 ut
2836 1122 3029 1175 additis
3054 1120 3307 1175 videlicet

1712 1208 1922 1262 duobus
1951 1207 2034 1262 vel
2066 1207 2234 1262 tribus
2262 1208 2481 1275 diebus,
2514 1208 2757 1265 lunarem
2788 1225 3139 1280 compensare
3188 1209 3305 1264 sui.

1716 1300 1857 1354 ticiat
1895 1298 2282 1354 hendecadem.
2316 1299 2433 1353 Non
2481 1301 2665 1370 utique
2709 1310 2831 1369 eget
2862 1302 3191 1370 quadrantili
3215 1301 3306 1369 ju-
3368 1309 3378 1318 ‘

1714 1387 1927 1441 vamine
1956 1386 2022 1440 ad
2051 1387 2489 1457 mquiparaudam
2521 1389 2659 1443 luna:
2710 1390 3107 1455 hendecadem,
3145 1406 3305 1459 quam

1714 1475 1924 1529 duobus
1946 1476 2165 1546 insuper
2189 1477 2379 1531 diebus
2404 1490 2733 1548 exsuperare
2761 1481 3040 1549 probatur,
3070 1482 3163 1535 sed
3193 1481 3307 1536 suis

1717 1565 1894 1632 potius
1921 1566 2329 1634 superabundat
2366 1567 2588 1635 diebus,
2620 1569 2764 1637 quod
2809 1570 2985 1625 minus
3014 1578 3097 1625 est
3126 1571 3178 1625 in
3211 1587 3308 1641 oga

1716 1654 1891 1708 doade
1936 1654 2067 1709 solis
2114 1654 2393 1725 adimplet.
2444 1655 2780 1728 Liquidoque
2822 1666 2973 1729 patet
3015 1661 3067 1714 in
3115 1661 3305 1715 iturum

1718 1745 2139 1799 concurdatione
2160 1754 2463 1815 temporum
2493 1747 2626 1801 nihil
2648 1748 2995 1817 pnejudicare
3015 1750 3304 1811 bissextus,

60 1841 175 1907 dies,
198 1840 296 1896 huc
316 1850 417 1905 est,
441 1850 553 1896 tres
576 1855 787 1895 menses
812 1828 1034 1896 eﬂicies.
1058 1840 1253 1895 Verum
1282 1840 1443 1894 etiam
1472 1855 1613 1895 nunc
1652 1825 1689 1882 Β
1718 1834 1812 1889 sed
1854 1842 2121 1904 quotquot
2158 1837 2211 1889 in
2258 1836 2462 1891 circulo
2513 1836 2934 1892 decennuvenali
2964 1838 3305 1898 incurret-int.

59 1939 163 1983 sunt
196 1930 280 1998 qui
316 1929 443 1983 solis
477 1936 605 1983 octo
652 1943 823 1982 annos
862 1928 1085 1982 totidem
1114 1930 1268 1983 annis
1307 1928 1610 1995 lunaribus,

60 2019 270 2088 itemque
295 2019 424 2074 solis
444 2018 517 2073 XI
549 2018 772 2074 totidem
802 2028 994 2087 putant
1020 2020 1175 2073 annis
1202 2019 1476 2073 lunaribus
1506 2019 1614 2073 die-

60 2122 159 2161 rum
185 2108 481 2175 mqualitate
507 2109 785 2178 componi.
812 2108 911 2163 Ubi
940 2108 1116 2178 primo
1139 2106 1442 2173 dicendum,
1472 2109 1615 2178 quod

58 2198 237 2265 absque
264 2199 365 2252 ulla
395 2198 826 2253 contradictione
868 2206 954 2254 est
986 2217 999 2251 :
1032 2198 1088 2253 Si
1118 2199 1296 2253 octoni
1324 2197 1614 2253 anni'utri—

61 2302 207 2357 usque
226 2289 409 2343 sideris
434 2289 721 2358 aliquando
743 2289 1073 2359 longitudine
1094 2288 1447 2356 concordant,
1475 2304 1615 2344 sem-

60 2394 144 2444 per
165 2378 297 2433 idem
324 2380 501 2434 facere
526 2378 833 2443 habebunt,
866 2394 1039 2448 neque
1086 2378 1249 2432 ullum
1280 2378 1614 2433 undenorum

58 2480 293 2521 annorum
330 2467 612 2534 aequalitas
659 2466 836 2521 locum
878 2467 1139 2538 inveniet.
1190 2466 1248 2520 Si
1289 2475 1471 2521 autem
1527 2465 1615 2522 vel

54 2554 296 2610 semele
333 2559 456 2611 anni
506 2558 792 2612 amborum
840 2558 996 2612 simul
1042 2558 1322 2628 incipiunt,
1352 2558 1616 2628 simulque

57 2645 408 2711 terminantur,
450 2660 671 2716 semper
715 2647 891 2717 ipsum
934 2648 1126 2703 facturi
1172 2657 1325 2715 sunt,
1369 2664 1470 2705 nec
1514 2650 1617 2703 erit

52 2737 249 2803 quando
272 2747 591 2793 octonorum
613 2738 901 2792 concordia
927 2738 1104 2793 redire
1134 2739 1303 2808 possit
1328 2753 1611 2793 annorum.

56 2822 238 2881 Deinde
264 2842 517 2882 numerus
554 2828 667 2900 ipse
698 2827 989 2897 pulsandus
1008 2869 1025 2895 ,
1052 2828 1454 2897 Videndumque
1491 2831 1617 2898 quia

52 2924 162 2969 octo
199 2919 317 2970 anni
357 2918 561 2973 salares
607 2917 809 2972 habent
852 2918 989 2986 dies,
1030 2918 1271 2987 exceptis
1323 2918 1614 2985 bissenis,

55 3002 471 3069 MMDCCCCXX,
514 3006 686 3061 octies
729 3007 872 3060 enim
920 3007 1215 3063 trecenteni
1256 3006 1512 3074 sexageni
1560 3016 1618 3061 et

55 3094 185 3160 quini
218 3098 414 3151 taciunt
431 3094 871 3169 “MDCCCCXX.
901 3096 970 3150 At
1001 3096 1215 3151 lunares
1244 3097 1370 3150 anni
1392 3096 1615 3152 totidem

52 3183 163 3237 vide
179 3193 309 3253 quot
330 3184 563 3239 habeant
583 3184 720 3253 dies,
745 3166 1229 3261 octiestreceuteni
1252 3182 1614 3257 quinquageni
1642 3166 1686 3228 δ

54 3280 102 3326 et
125 3276 360 3343 quaterni
388 3274 598 3330 faciunt
625 3269 1128 3341 MMDCCCXXXII,
1162 3273 1302 3330 adde
1334 3275 1422 3332 XC
1451 3278 1611 3333 trium

50 3363 298 3418 mensium
346 3363 787 3418 emboiismorum
816 3362 965 3429 dies,
1002 3363 1137 3418 liunt
1162 3363 1609 3421 MMDCCCXXII.

51 3451 147 3507 Sed
171 3453 275 3507 duo
302 3454 394 3524 qui
423 3454 601 3508 minus
638 3452 901 3507 habentur
930 3453 982 3507 in
1013 3453 1255 3521 ugdoade
1288 3453 1451 3509 solari
1481 3453 1614 3510 dnuo

50 3552 158 3595 rum
215 3542 576 3599 bissextorum
625 3550 882 3611 superant
934 3541 1235 3611 adjectiune
1289 3544 1608 3613 supplenda.

53 3629 321 3690 Videamus
349 3643 406 3691 et
431 3633 801 3690 hendecadem
831 3633 1104 3704 utriusque
1133 3634 1354 3699 sideris,
1398 3635 1445 3689 si
1477 3636 1614 3692 forte

1719 1942 1907 1981 omnes
1936 1934 2167 1996 utroque
2209 1928 2397 1995 sideri,
2436 1927 2589 1996 juxta
2620 1930 2761 1997 quod
2807 1946 2966 1999 supra
2997 1931 3321 1993 docuimus,

1716 2017 1998 2085 aequaliter
2029 2032 2147 2071 esse
2190 2018 2477 2087 prolicuos.
2511 2019 2750 2087 Denique
2786 2027 2843 2072 ut
2872 2020 2948 2073 rei
2981 2019 3146 2089 ipsius
3167 2022 3310 2089 κνίδ-

1716 2034 1998 2085 mqua'tter
2029 2034 2147 2071 esse
2190 2034 2477 2087 proucuus.
2511 2034 2750 2087 nemque
2786 2034 2843 2072 ut
2872 2034 2948 2073 ret
2981 2034 3146 2089 tpsms
3206 2036 3310 2072 νιε-

1716 2119 1965 2159 ceremus
2003 2104 2238 2170 interna,
2269 2106 2441 2174 primo
2474 2121 2614 2160 anno
2645 2107 2829 2161 circuli
2859 2034 3311 2162 decenuovegalis

1718 2193 1877 2247 nolite
1905 2202 2032 2248 sunt
2055 2203 2277 2263 epacttn,
2311 2195 2434 2264 quia
2466 2194 2529 2249 in'
2551 2193 2617 2247 XI
2642 2195 2905 2251 Calendas
2932 2196 3143 2265 Apriles
3170 2198 3309 2250 lunae

1718 2282 1899 2337 linitus
1928 2292 2010 2338 est
2037 2297 2247 2336 cursus.
2295 2280 2427 2336 ltetn
2460 2298 2604 2337 nono
2632 2283 2872 2351 ejusdem
2917 2283 3099 2339 circuli
3130 2300 3272 2337 anno
3293 2326 3308 2348 ,

1718 2371 1768 2425 id
1793 2379 1875 2426 est
1896 2414 1909 2436 ,
1943 2380 2067 2441 post
2092 2372 2207 2427 dies
2249 2370 2719 2428 MMDCCCCXXII
2738 2415 2755 2442 ,
2782 2389 2929 2430 nono
2954 2373 3309 2429 Calendarum

1718 2460 1979 2529 Aprilium
2006 2460 2111 2524 die,
2143 2459 2416 2527 trigesima
2445 2472 2530 2516 est
2558 2463 2704 2526 luna,
2729 2463 2872 2531 quod
2900 2465 3065 2519 etiam
3095 2473 3308 2532 epacta-

1718 2562 1857 2613 rum,
1882 2563 1999 2616 qua:
2030 2559 2155 2603 tunc
2174 2547 2389 2603 XXVI"
2412 2558 2557 2615 sunt,
2589 2552 2723 2608 ordo
2746 2550 3027 2608 manifeste
3055 2560 3306 2609 testatur.

1717 2640 1851 2707 Quid
1874 2656 2004 2710 ergo
2029 2656 2165 2712 opus
2186 2643 2286 2697 erit
2308 2644 2372 2699 ad
2395 2643 2813 2713 completionem
2840 2646 3039 2699 lunaris
3055 2646 3310 2714 ogdoadis

1719 2733 1857 2788 duos
1902 2733 2091 2789 solaris
2121 2750 2308 2789 cursus
2340 2736 2741 2806 superadjicerc
2779 2736 2925 2803 dies,
2967 2738 3018 2791 id
3049 2748 3131 2792 est
3159 2739 3308 2793 deci-

1718 2841 1863 2880 mum
1907 2834 1963 2882 et
2008 2842 2208 2880 nonum
2238 2828 2595 2891 Calendarum
2647 2828 2947 2898 Aprilium,
2988 2830 3031 2883 si
3072 2831 3174 2884 ltoc
3204 2830 3309 2885 duo

1717 2913 2018 2970 bissextiles
2033 2922 2287 2985 poterant
2309 2918 2573 2986 perlicere
2590 2917 2703 2971 dies
2717 2919 2740 2971 ‘!
2756 2918 2871 2973 Non
2896 2934 3024 2988 ergo
3038 2920 3173 2974 duos
3195 2921 3309 2975 dies

1718 3004 1809 3073 qui
1840 3003 1893 3057 iu
1942 3002 2187 3071 ogdoade
2217 3004 2345 3058 solis
2376 3021 2404 3058 a
2437 2991 2611 3060 lunari
2660 3008 2903 3075 ngduade
2949 3010 3124 3061 minus
3151 3018 3305 3072 sunt,

1720 3093 1951 3149 duorum
1979 3094 2388 3155 intercalatioue
2410 3097 2799 3165 bissextorum,
2821 3096 2917 3152 scd
2947 3097 3171 3151 duorum
3197 3114 3307 3151 ma-

1719 3189 1801 3259 gis
1824 3188 1918 3259 qui
1958 3188 2012 3244 itt
2039 3188 2353 3257 hendecade
2391 3190 2509 3258 ejus
2534 3192 2767 3263 alunari
2807 3191 2927 3259 plus
2962 3198 3099 3244 sunt
3154 3191 3305 3259 adje-

1717 3278 1897 3334 ctione
1910 3279 2244 3348 supplentur.
2264 3275 2374 3334 Nec
2396 3287 2554 3333 uocet
2574 3279 2716 3348 quod
2740 3276 2931 3333 saltum
2958 3278 3118 3345 iurat,
3142 3294 3301 3347 quem

1718 3371 1935 3439 quidam
1990 3370 2047 3425 in
2093 3368 2355 3439 ogdoadis
2401 3370 2551 3425 initio
2602 3366 2841 3439 ponunt,
2892 3369 2943 3424 in
2992 3370 3302 3425 hendecadc

1719 3457 2025 3529 ponendum
2077 3458 2511 3512 memoravimus.
2573 3457 2891 3527 Ubicunque
2945 3458 3085 3513 cnim
3138 3460 3306 3513 inter.

1720 3548 1997 3619 posueris,
2048 3548 2238 3603 eodem
2283 3546 2557 3617 proposita
2606 3549 2831 3617 quaestio
2873 3546 2979 3602 line
3021 3548 3300 3618 solvetur,

1720 3646 1775 3692 et
1821 3638 1986 3694 habet
2041 3637 2275 3693 circulus
2327 3638 2781 3694 decennovenalis
2836 3654 3051 3696 menses
3097 3641 3302 3695 solarc‘s

1254 3743 1636 3802 VARIA‘NTES
1674 3742 2074 3802 LEC'I‘IONES.

115 3816 129 3844 '
168 3813 231 3879 C,
256 3813 462 3867 insolito

1318 3890 1607 3959 CILOSSIE
1650 3906 1739 3960 ET
1777 3906 2095 3961 SCHOLIA.
2184 3915 2195 3926 ‘

46 4010 211 4072 diem;
255 4020 521 4063 remanent
568 4026 820 4075 tt'tu,xttt.
874 4009 1099 4065 Centum
1146 4010 1333 4077 viginti
1382 4022 1438 4067 et
1482 4026 1620 4071 unus

45 4079 151 4134 dies
177 4089 427 4135 crescunt
466 4080 519 4133 in
551 4080 861 4133 bendecade
898 4093 963 4132 ex
1011 4081 1252 4134 undecim
1284 4085 1478 4137 annuis
1505 4083 1618 4140 die-

44 4147 156 4217 bus.
201 4156 258 4201 et
285 4149 505 4217 insuper
553 4162 711 4209 unus,
768 4147 819 4200 id
868 4157 968 4211 est,
1008 4156 1221 4203 centum
1257 4151 1440 4216 viginti
1489 4153 1613 4208 duo.

46 4215 170 4277 Quia
201 4217 254 4269 in
283 4215 497 4271 decimo
536 4231 682 4270 nono
708 4229 850 4269 anno
880 4232 985 4269 non
1019 4223 1225 4269 tantum
1268 4215 1520 4275 undecim
1560 4232 1619 4278 ut

44 4284 93 4335 in
118 4284 328 4355 ceteris
348 4282 523 4355 annis,
561 4282 657 4355 sed
684 4281 962 4355 duodecim
984 4283 1099 4339 dies
1127 4297 1462 4355 accrescunt,
1489 4305 1615 4355 pro-

42 4359 154 4416 pter
184 4354 404 4406 saltum.
439 4351 596 4421 Quod
626 4352 698 4403 ita
748 4352 958 4421 probari
1000 4360 1195 4421 potest.
1229 4352 1358 4406 Nam
1404 4351 1609 4411 hende—

44 4432 130 4490 ζῷς
149 4422 281 4476 solis
304 4421 471 4475 habet
499 4420 615 4473 dies
646 4433 877 4483 ttuu,xv.
920 4419 1101 4490 inide
1139 4420 1257 4475 illus
1287 4438 1382 4490 per
1406 4440 1605 4489 ccruv,

42 4487 89 4538 id
108 4469 123 4473 ἡ
142 4469 280 4554 is]:
296 4469 407 4557 5;;
422 4469 893 4544 nauseans.
920 4469 1609 4549 "u.’.;i‘.;a'.;;'tauriita};
1644 4469 1688 4527 ί)

41 4571 434 4628 ttiumxctv.
479 4557 561 4628 ξι
603 4558 686 4610 bis
735 4560 987 4628 subtrahe
1016 4575 1198 4623 unum,
1230 4575 1295 4615 eo
1324 4563 1463 4628 quod
1492 4565 1609 4617 ulti-

40 4639 153 4679 mus
181 4625 236 4679 in
288 4626 450 4693 cyclo
492 4621 909 4680 decennovenali
963 4627 1161 4697 lunaris
1185 4621 1358 4684 annus
1401 4642 1609 4697 CCCLI",
1664 4653 1669 4659 ·

36 4701 263 4755 constat,
317 4700 606 4749 remanent
641 4706 1037 4757 ttttt,ucccxcnt.
1069 4694 1137 4749 Et
1179 4697 1353 4752 adhuc
1405 4694 1611 4754 restant

38 4773 100 4837 ex
133 4763 449 4817 hendecade
478 4762 658 4837 solare
696 4772 910 4837 centum
930 4764 1112 4829 viginti
1143 4764 1249 4837 duo
1270 4766 1404 4837 dies,
1437 4782 1467 4820 e
1488 4768 1613 4837 qui-

40 4828 131 4881 bus
150 4839 393 4897 quatuor
419 4830 786 4891 embolismos,
817 4840 874 4883 et
898 4828 1115 4898 insuper
1134 4832 1271 4885 duos
1305 4828 1441 4891 dies.
1470 4828 1609 4898 quo-

38 4896 175 4968 runt
204 4897 417 4951 auxilio
444 4898 666 4968 pgduas
713 4901 905 4955 solaris
946 4896 1145 4965 indiget
1198 4900 1457 4968 suppleri.
1489 4896 1606 4957 Non

38 4965 252 5019 dubium
291 4970 380 5019 est
422 4965 727 5035 liquidoque
754 4978 893 5035 pale:
920 4968 973 5021 in
1003 4968 1183 5020 horum
1210 4965 1612 5024 co'n‘rordationc

40 5042 324 5108 temporum
351 5034 430 5086 nil
467 5030 810 5108 prquam»
838 5038 1111 5108 bissextus,
1142 5036 1231 5088 sed
1283 5047 1528 5108 quotquot
1554 5040 1612 5094 in

36 5118 105 5174 eg.
124 5102 606 5174 bdmnouenalt’
630 5103 961 5174 incurrerint,
986 5120 1163 5157 omnes
1185 5102 1399 5174 utroque
1420 5102 1609 5173 Sidere,

34 5172 185 5235 Ῑιιιιι
420 5170 708 5242 docuimus,
758 5172 1183 5242 atq-taliterdesse
1223 5170 1498 5242 proﬁcuum
1554 5170 1610 5232 In

36 5248 160 5293 udo
201 5238 389 5309 phnis,
418 5240 471 5292 id
501 5246 605 5303 est,
632 5238 704 5309 _i_n
733 5238 1000 5309 ogdoade,
1032 5239 1165 5292 ﬁunt
1190 5238 1296 5309 duo
1319 5238 1564 5309 bisseni
1594 5262 1610 5309 ;

34 5320 83 5354 ttt
116 5307 374 5361 undecim
428 5322 581 5372 vero,
629 5306 681 5361 id
711 5317 813 5371 est,
853 5308 905 5360 itt
949 5306 1279 5373 hendecade,
1327 5308 1460 5366 ﬂunt
1506 5306 1613 5367 duo

36 5373 284 5443 bissexti.
311 5382 372 5427 et
407 5376 713 5430 octodecim
754 5376 902 5430 borzn
930 5375 995 5430 de
1022 5376 1232 5443 quinto,
1263 5377 1467 5432 scilicet
1511 5377 1614 5434 bis-

34 5448 209 5513 seno.
239 5440 304 5497 In
340 5444 513 5513 «sint
540 5456 667 5513 vero
690 5445 865 5513 cyt-lo,
897 5444 946 5497 id
977 5440 1078 5509 est,
1110 5446 1160 5497 in
1190 5445 1374 5513 viginti
1401 5456 1457 5500 et
1489 5458 1612 5503 octo

34 5512 209 5573 anuis,
234 5519 455 5578 neptem
500 5510 901 5567 bissexti'liunt.
936 5513 1114 5567 Primo
1151 5510 1288 5566 anno
1317 5512 1455 5567 circa
1478 5518 1495 5568 ί
1517 5519 1609 5578 de-

34 5575 653 5653 cwirhnulla‘
668 5588 788 5653 sunt
829 5592 1042 5650 specta,
1086 5583 1298 5653 quia_iu
1344 5575 1611 5638 undecimo

38 5644 165 5718 με
206 5646 393 5717 April.
438 5647 577 5718 tunc
595 5649 795 5718 ﬁnitus
841 5644 915 5703 ἐκ
962 5644 1159 5704 curatis.
1197 5648 1487 5718 Trigesima
1525 5662 1608 5707 est

32 5716 106 5767 ibi
146 5713 307 5783 lui,
347 5723 409 5769 et
435 5716 557 5770 ideo
586 5713 768 5770 ﬁnitus
802 5727 883 5775 est
913 5735 1100 5775 cursus
1143 5713 1431 5788 ejusfqu'a
1468 5736 1612 5775 scm-

411 5809 685 5868 Ριηοι.
715 5808 843 5870 XC.

1759 4036 1820 4076 er
1847 4018 1899 4074 in
1940 4018 2223 4075 undecimo
2252 4012 2371 4073 Kal.
2417 4018 2461 4073 Α
2502 4020 2585 4075 ril.
2621 4016 2802 4074 linitur
2850 4036 3038 4075 cursus
3068 4019 3220 4082 lunae,
3255 4024 3301 4077 si

1746 4088 1989 4160 rigesima
2014 4090 2136 4143 luna
2164 4090 2469 4143 inveniatur
2494 4091 2585 4143 ibi.
2617 4089 2743 4143 Item
2772 4106 2909 4145 uano
2938 4092 3165 4160 ejusdem
3194 4094 3299 4145 cir—

1718 4158 1818 4211 culi
1853 4176 2011 4221 anno,
2044 4160 2097 4211 id
2138 4168 2231 4219 rat,
2262 4168 2376 4226 post
2406 4161 2515 4212 dies
2562 4158 2971 4222 ttu.uccccxxtt,‘
3000 4176 3137 4212 nouo
3172 4159 3295 4213 Kal.

1717 4229 1881 4295 April.
1916 4228 2020 4293 die,
2052 4229 2315 4297 trigesima
2348 4238 2425 4280 est
2465 4232 2605 4289 luna,
2644 4230 2778 4297 quod
2805 4229 2958 4279 etiam
3000 4240 3295 4297 epactaruut

1714 4294 1828 4361 qna:
1857 4306 1975 4364 tunc
2014 4294 2193 4363 uiginti
2224 4305 2503 4364 eclo‘sunt.
2528 4294 2663 4348 ordo
2677 4297 2947 4364 manifeste
2975 4294 3208 4349 testatur.
3239 4294 3296 4351 Si

1717 4362 1992 4428 mjualitas
2022 4362 2226 4416 dierum
2282 4362 2473 4417 solaris
2500 4379 2689 4417 cursus
2727 4373 2781 4416 et
2820 4362 3027 4417 lunaris
3069 4373 3209 4419 esset
3244 4366 3296 4418 in

1719 4429 1822 4485 line
1864 4432 2159 4497 ugdoadis,
2207 4433 2364 4491 sicuti
2418 4440 2499 4485 est
2548 4433 2598 4485 in
2647 4432 2749 4484 line
2791 4431 3158 4495 ltendccadis,
3212 4448 3297 4487 es-

1715 4511 1795 4556 set
1844 4502 1912 4555 ibi
1958 4498 2079 4572 lun_a
2128 4502 2396 4568 trigesima
2432 4503 2483 4554 iu
2534 4501 2819 4572 undecimo
2868 4502 3185 4572 Kaerpril.
3225 4502 3299 4556 si-

1711 4572 1817 4625 cuti
1845 4572 2001 4625 estin
2026 4570 2132 4625 ﬁne
2157 4572 2497 4626 heniecat‘lis.
2526 4571 2674 4623 Nunc
2696 4580 2892 4636 autem,
2922 4571 3044 4639 quia
3071 4570 3295 4638 'ogduas

1713 4641 1914 4711 lunaris
1947 4648 2177 4711 superat
2221 4640 2439 4711 duobus
2474 4641 2663 4694 diebus
2701 4640 3017 4711 ugduadeut
3040 4640 3292 4711 solarem,

1712 4718 1794 4762 est
1844 4710 1913 4762 ibi
1947 4705 2071 4762 lutia
2106 4710 2378 4775 trigesima
2428 4705 2479 4762 in
2534 4725 2696 4762 nono.
2727 4707 2845 4775 Kal.
2876 4707 3039 4775 April.
3094 4723 3198 4760 non
3239 4710 3293 4760 in

1713 4794 1765 4830 at
1817 4778 1941 4845 Kal;
1958 4776 2125 4844 April.
2172 4771 2239 4828 Et
2278 4780 2361 4829 est
2390 4771 2838 4845 necesseaddere
2884 4771 3177 4845 u'gduade‘m
3206 4792 3297 4845 sg-

1713 4845 1878 4898 iarctn
1908 4841 2177 4911 decimum
2217 4853 2272 4897 et
2298 4858 2498 4897 nonum
2530 4841 2647 4896 Kal.
2676 4842 2844 4911 April.
2874 4844 3034 4903 diem,
3056 4845 3143 4909 qui
3164 4841 3296 4896 fiunt

1712 4918 1835 4974 post
1867 4927 1915 4965 ιι
1941 4906 2055 4965 Kal.
2091 4920 2150 4965 ut
2179 4912 2463 4965 conveniat
2499 4912 2690 4965 solaris
2719 4906 2904 4966 cursus
2933 4913 2997 4965 ad
3031 4906 3292 4967 lunarem.

1715 4979 1961 5035 Decimus
2006 4987 2061 5033 et
2104 4994 2276 5034 nonus
2320 4980 2439 5033 Kal.
2474 4980 2642 5048 April.
2669 4982 2785 5035 dies
2829 4981 3094 5035 adduntur
3119 4981 3184 5035 ad
3215 4984 3293 5035 lu-

1716 5066 1826 5114 nas,
1865 5064 1986 5119 quae
2031 5056 2280 5105 crescunt
2311 5064 2471 5117 super
2500 5049 2796 5118 ogzloadem
2826 5050 3079 5111 solarem.

2206 5180 2381 5233 Brevia
2412 5181 2791 5249 recapitulatiu.

1783 5308 1962 5363 Claret
1990 5308 2131 5362 enim
2176 5309 2311 5363 duos
2353 5309 2466 5365 dies
2496 5312 2614 5379 plus
2658 5313 2740 5364 lta'
2763 5310 3179 5379 ereogdoadem
3212 5312 3293 5365 lu.

1716 5392 1899 5431 uar.m
1927 5389 2086 5445 quam
2134 5379 2397 5442 solarem;
2440 5378 2505 5432 et
2543 5380 2808 5432 bcndrcas
2858 5378 3057 5432 lunaris
3086 5381 3291 5435 duobus

1713 5447 1903 5517 diebus
1929 5446 2105 5517 nrjnor
2128 5455 2211 5517 est
2233 5446 2542 5517 hendecade
2573 5446 2753 5517 solari,
2769 5447 2905 5517 sicut
2928 5450 3290 5517 ugdoassola-

1714 5516 1788 5569 ris
1816 5514 1990 5567 minor
2016 5525 2099 5570 est
2126 5514 2335 5569 duobus
2374 5514 2563 5567 diebus
2613 5515 2855 5581 ogduade
2900 5516 3093 5570 iuuari.
3127 5516 3290 5571 Sume

1714 5584 1844 5650 ergo
1867 5583 2001 5639 duos
2027 5583 2143 5638 dies
2170 5582 2505 5654 dcugdoade
2535 5584 2730 5654 lunari:
2757 5599 2964 5654 suoque
2996 5586 3289 5641 heudecadl

1716 5648 1912 5715 tribue,
1962 5662 2018 5706 et
2068 5663 2193 5721 tunc
2242 5648 2482 5705 invenite
2527 5648 2799 5721 ugduades
2856 5648 2917 5707 et
2954 5654 3291 5713 hendecadcs

1716 5722 1993 5787 utriusque
2012 5720 2202 5775 sideris
2222 5734 2315 5790 per
2340 5722 2515 5777 omnia
2546 5720 2795 5791 aequales.

2943 5815 3016 5873 16
