3842 6242
471 411 572 466 507

468 626 688 671 annum,
722 606 812 676 qui
845 612 927 659 est
958 604 1410 658 decennoveaalis
1453 604 1678 672 primus,
1711 607 1759 658 iu
1789 623 1896 674 quo
1929 624 2064 660 unus

467 701 582 755 dies
613 699 827 753 ratione
855 696 1025 752 saltus
1053 695 1258 748 quat-is
1287 694 1643 765 iutercipitur.
1672 696 1828 763 Quod
1861 709 1916 752 ut
1947 716 2063 752 ina-

471 792 719 846 nifestius
750 789 860 855 Iiat,
891 789 1217 853 «iugulor-mu
1249 804 1315 843 ex
1337 790 1528 844 ordine
1549 806 1764 847 cursum
1791 795 2067 848 videamus

468 898 756 945 annorum,
791 890 846 935 et
873 880 1020 948 quod
1057 879 1342 950 Dionysius
1374 883 1426 934 in
1456 896 1641 936 mense
1670 883 1930 951 paschali,
1969 901 2064 940 nos

467 976 521 1029 in
553 973 832 1037 Januario,
862 971 1040 1026 facere
1067 986 1336 1026 curemus.

542 1064 698 1116 Anno
729 1062 904 1116 lunari
951 1061 1149 1130 primo,
1189 1061 1611 1119 decennovenali
1658 1079 1874 1135 quarto,
1904 1085 1930 1122 a
1961 1069 2034 1122 Ca

470 1155 645 1210 Ieudis
672 1153 961 1215 Ianuariis,
999 1169 1168 1222 usque
1215 1155 1267 1208 in
1311 1154 1423 1209 XIII
1455 1158 1718 1214 Calendas
1760 1160 2061 1225 Ianuarias,

469 1246 594 1314 quia
629 1244 937 1298 communis
969 1251 1072 1307 e-‘t,
1102 1245 1236 1298 Iiunt
1261 1245 1374 1299 dies
1398 1246 1658 1300 CCCLIII.

541 1335 701 1386 Anno
739 1333 915 1387 lunari
952 1331 1015 1396 II,
1059 1334 1481 1390 decennovenali
1513 1337 1575 1400 V,
1623 1353 1652 1390 a
1686 1338 1770 1392 XII
1803 1339 2066 1394 CaIeJtIttS

467 1425 756 1488 Januarias
787 1441 960 1494 usque
1007 1425 1041 1475 ν
1075 1425 1197 1480 Idus
1241 1426 1569 1496 Decembris,
1610 1433 1732 1500 quia
1765 1435 2065 1487 communis

467 1525 571 1580 cst,
603 1514 735 1568 Iiunt
764 1515 882 1569 dies
905 1513 1173 1570 CCCLIV.

544 1605 698 1659 Auno
729 1603 901 1658 lunari
934 1604 1020 1667 III,
1060 1605 1486 1662 deecnnovenali
1523 1609 1608 1674 VI,
1637 1626 1666 1663 a
1699 1609 1760 1663 IV
1793 1609 1911 1664 Idus
1963 1610 2041 1665 De

466 1695 719 1759 cemhris,
755 1710 926 1763 usque
952 1696 1005 1749 iu
1037 1695 1077 1748 V
1109 1696 1375 1753 Calendas
1398 1699 1702 1768 Ianuarias,
1733 1703 1856 1772 quia
1887 1705 2064 1759 embo-

463 1785 652 1838 Iismus
681 1793 784 1848 est,
818 1785 950 1838 Iiunt
977 1785 1096 1840 dies
1125 1785 1457 1843 CLXXXIV.

537 1877 695 1929 Anno
727 1876 902 1930 lunari
930 1877 1021 1938 IV,
1051 1878 1476 1936 decennovenali
1507 1883 1608 1947 VII,
1639 1899 1668 1936 a
1698 1883 1761 1936 IV
1793 1883 2062 1938 Czilcndas

467 1962 774 2030 Ianuarias,
809 1980 982 2035 usque
1031 1967 1083 2020 in
1126 1967 1242 2020 XVI
1290 1968 1561 2025 Calendas
1600 1971 1899 2039 Ianuarias,
1935 1975 2063 2043 quia

461 2057 765 2110 communis
795 2065 900 2121 est,
930 2055 1065 2110 Iiunt
1091 2056 1210 2113 dies
1241 2058 1506 2114 CCCLIV.

535 2147 693 2200 Anno
721 2147 895 2200 lunari
930 2147 993 2212 V,
1027 2147 1450 2204 decennovenali
1474 2150 1607 2208 VIII.
1635 2168 1661 2203 τι
1691 2152 1776 2206 XV
1802 2153 2064 2207 Czilendas

467 2237 767 2300 Ianuarias,
805 2252 976 2304 usque
1024 2239 1075 2291 iu
1116 2238 1222 2316 VII
1253 2233 1374 2294 Idus
1404 2241 1736 2303 Decembris.
1768 2246 1888 2310 quia
1920 2259 2063 2299 eom-

462 2329 639 2382 munis
665 2337 768 2391 est,
805 2328 942 2381 Iiunt
971 2328 1086 2382 dies
1111 2328 1379 2384 CCCLIV.

536 2423 693 2474 Anno
726 2403 898 2475 Iunari
937 2420 1020 2488 γι,
1060 2423 1482 2480 decennovenali
1510 2424 1599 2486 IX,
1632 2442 1660 2480 a
1692 2427 1778 2481 VII
1809 2427 1931 2482 Idus
1963 2428 2062 2483 De-

464 2511 716 2573 t‘cuthzis,
753 2528 918 2579 usque
947 2516 996 2565 in
1024 2514 1134 2568 VIII
1164 2515 1429 2571 Calendas
1455 2515 1762 2587 Ianuarias,
1787 2521 1909 2589 quia
1946 2535 2060 2575 em-

462 2602 495 2655 ι)
520 2597 724 2656 ιιίειίιυς
755 2612 855 2664 est,
896 2605 1021 2656 Iiunt
1057 2606 1173 2658 dies
1200 2607 1620 2663 CCCLXXXIV.

532 2690 687 2745 Anno
719 2691 892 2767 lunari
928 2693 1034 2758 VII,
1069 2694 1494 2752 decennovenali
1536 2699 1598 2762 X,
1634 2714 1660 2752 a
1693 2700 1767 2752 VII
1794 2699 2060 2756 Calendas

989 405 1194 461 DEDAL
1241 405 1689 463 VENEIIABILIS
1731 409 2012 464 DPERIIII
2058 409 2233 466 PARS
2273 411 2313 465 I.
2342 413 2881 472 —DIDASCALICA
2927 419 3249 475 GENUINX.
3639 429 3716 482 Ibit

471 532 552 575 ter
584 535 746 574 unum
779 516 1040 570 duntaxat
1078 516 1365 584 septimum
1411 515 1678 569 decimum
1719 517 1854 587 cyc'i
1901 518 2058 583 hujus
2093 528 2131 582 Α

2236 522 2392 577 Anno
2439 523 2614 580 lunari
2657 525 2795 592 XIX,
2842 529 3265 586 dercnnovenali
3322 531 3409 590 Fit.
3465 537 3527 588 ah
3576 537 3718 593 Idibus

2172 613 2499 677 Dccrmbris,
2552 630 2721 684 usque
2794 619 2845 672 in
2897 619 2936 673 II
2966 619 3232 676 Calendas
3270 622 3577 693 Ianuarias,
3620 646 3716 697 qua

2168 705 2516 760 cmholismus
2546 717 2648 775 est,
2681 708 2813 764 Iiunt
2839 710 2954 767 dies
2984 712 3402 768 CCCLXXXIV.

2239 791 2442 847 Idcirco
2489 804 2667 850 autem
2711 800 2925 865 septimi
2964 800 3158 855 ὠξνὶιηί
3191 803 3397 856 lunaris
3443 820 3562 858 anni
3605 826 3720 860 t't’IItl-

2169 893 2331 952 putus
2363 884 2429 940 ab
2452 885 2571 954 ipso
2594 903 2700 954 quo
2715 889 3163 960 priorexplicitus
3194 905 3277 946 est
3309 909 3486 948 annus
3515 896 3595 950 die
3615 897 3720 951 iuri-

2173 977 2267 1042 pit.
2302 981 2486 1032 et'uon
2511 993 2540 1032 a
2563 991 2823 1049 sequente
2852 992 2908 1036 ut
2942 993 3282 1049 cactcrorum,
3314 1003 3382 1040 ne
3409 996 3616 1056 propter
3634 990 3718 1042 salo

2171 1078 2278 1122 tum
2301 1069 2454 1132 luna},
2480 1087 2639 1140 quem
2663 1073 2871 1142 dicunt,
2903 1091 3041 1129 unus
3071 1077 3405 1133 eidemannu
3435 1079 3544 1132 dies
3563 1081 3722 1135 deesse

2169 1160 2432 1214 videatur.
2487 1162 2638 1227 Quod
2689 1164 2861 1231 ipsum
2916 1166 3201 1236 Dionysius
3258 1168 3720 1224 deccnuorenalan

2168 1251 2376 1320 cyclum
2436 1253 2738 1321 hujusmodi
2787 1256 2977 1310 ordine
3027 1271 3350 1329 percurrens
3404 1258 3631 1325 edocuit,
3673 1261 3725 1312 ab

2168 1339 2359 1394 eodem
2390 1343 2477 1395 die
2509 1359 2615 1410 quo
2640 1343 2808 1398 ultimi
2835 1347 3101 1401 conclusit
3129 1349 3254 1402 anni
3289 1361 3467 1403 metas
3498 1350 3642 1418 primi
3665 1351 3726 1402 in-

2167 1430 2414 1487 choando
2455 1435 2799 1507 principittm.
3220 1447 3229 1459 ‘

2735 1547 2966 1603 CAPUT
3018 1550 3177 1604 LVII.

2288 1633 2658 1704 Argumentum
2690 1637 2754 1690 de
2785 1654 2847 1759 es
2864 1653 2879 1688 :
2911 1651 3065 1705 quota
3091 1642 3157 1694 sit
3186 1643 3312 1694 ltum
3333 1643 3388 1695 in
3424 1642 3641 1696 (alendis

2583 1734 2585 1738 '
2853 1724 3105 1759 anttarus.

2583 1734 2585 1738 '
2815 1724 3105 1762 Ianuariis.

2241 1811 2424 1869 Potest
2457 1815 2547 1884 qui
2569 1817 2684 1870 vult
2713 1830 2743 1870 a
2774 1817 2928 1887 cyelo
2950 1818 3119 1872 lunari
3147 1820 3328 1876 facere
3359 1830 3722 1889 argumentum,

2098 1905 2140 1965 Β
2169 1902 2236 1956 ad
2261 1903 2639 1958 inveniendum
2660 1915 2823 1976 quota
2846 1907 2915 1960 sit
2943 1907 3065 1962 luna
3088 1907 3453 1964 CaIendarum
3476 1911 3723 1967 Ianuaria-

2168 2009 2308 2048 rum.
2341 1993 2505 2050 Sume
2551 1998 2694 2051 enim
2745 1996 2956 2067 cyclum
3009 1999 3148 2053 luna:
3174 2001 3500 2068 quemlibet,
3527 2011 3576 2055 ut
3625 2012 3723 2072 puta

2165 2084 2433 2152 quintum,
2476 2086 2768 2156 multiplica
2818 2102 2916 2156 per
2945 2087 3034 2151 XI,
3088 2089 3221 2143 Iiunt
3249 2089 3376 2155 LV;
3425 2091 3560 2147 adde
3588 2107 3720 2146 unum

2164 2189 2380 2244 semper
2407 2175 2732 2243 regularem,
2761 2175 2894 2231 Iiunt
2930 2177 3070 2245 LVI;
3103 2182 3305 2250 partire
3337 2198 3437 2251 per
3479 2183 3632 2242 XXX.
3658 2199 3721 2236 re-

2166 2276 2388 2322 manent
2419 2267 2619 2322 XXVI;
2654 2271 2916 2340 vigesima
2946 2283 3098 2328 sexta
3123 2286 3202 2329 est
3238 2275 3362 2330 Ini-:a
3394 2277 3447 2330 in
3479 2275 3720 2340 CaI.Ian.,

2165 2373 2307 2414 anno
2337 2359 2524 2429 quinto
2563 2362 2699 2432 cycli
2750 2362 2974 2418 lunaris.
3027 2364 3156 2419 Item
3204 2382 3361 2422 sume
3406 2379 3554 2436 octo,
3580 2371 3724 2423 multi-

2165 2448 2303 2516 plica
2335 2465 2434 2518 per
2476 2449 2564 2515 XI;
2624 2450 2759 2506 Iiunt
2807 2453 3145 2523 LXXXVIII,
3179 2457 3320 2512 adde
3352 2470 3520 2512 uirum
3549 2459 3723 2526 regula-

2163 2552 2298 2605 rem,
2331 2548 2386 2594 et
2415 2542 2617 2609 partire
2656 2559 2754 2613 per
2785 2545 2956 2608 XXX,
2995 2558 3281 2602 remanent
3313 2549 3488 2603 XXIX
3523 2567 3536 2602 :
3566 2551 3725 2603 vicesi-

2163 2645 2249 2685 ma
2274 2646 2413 2686 nona
2438 2641 2520 2688 est
2553 2634 2679 2688 qua
2702 2636 2755 2689 in
2786 2635 3053 2694 Calendas
3081 2642 3486 2710 suprascriptas
3507 2655 3639 2695 anno
3656 2656 3724 2710 cy-

2162 2718 2229 2774 cli
2261 2719 2463 2776 lunaris
2484 2730 2702 2779 octavo.
2735 2723 2965 2780 Tantum
2996 2742 3204 2782 memor
3232 2739 3378 2798 esto,
3404 2732 3630 2800 septimo
3655 2733 3725 2784 de-

2161 2808 2324 2876 cimo,
2363 2820 2557 2869 octavo
2589 2815 2822 2880 decimo,
2853 2827 2908 2871 et
2949 2833 3092 2874 nono
3122 2819 3337 2877 decimo
3361 2823 3501 2898 cycli
3549 2837 3721 2876 mento-

2160 2899 2265 2952 rati
2293 2914 2436 2956 anno
2465 2917 2572 2957 non
2615 2919 2801 2969 unmn,
2838 2909 3158 2977 utreliquis,
3187 2909 3286 2963 sed
3333 2909 3475 2964 duos
3524 2909 3724 2979 adjicere

2161 2989 2457 3056 regulares,
2489 3000 2542 3045 et
2590 2992 2769 3047 lunam
2814 2995 2929 3048 Cal.
2963 2995 3085 3050 Jan.
3116 2998 3236 3053 siue
3275 3013 3469 3053 errore
3498 3001 3721 3070 reperies.

2632 3113 2640 3119 '
2725 3105 2954 3161 CAPUT
2991 3107 3170 3164 LVIII.

2262 3194 2632 3263 Argumentum
2655 3207 2840 3274 quotus
2871 3202 3128 3257 silanum
3157 3195 3290 3274 ἐντιὶ
3312 3205 3539 3272 lunaris,
3569 3207 3638 3259 vel

2643 3298 2646 3299 ν
2730 3269 3181 3325 derennorenalis.

2225 3369 2344 3442 Ipse
2373 3355 2552 3426 autem
2584 3373 2768 3443 cyclus
2799 3375 2940 3430 luna:
2977 3379 3022 3431 si
3063 3380 3142 3433 vis
3173 3396 3337 3438 nosse
3364 3393 3593 3452 quotum
3619 3395 3720 3454 agat

2155 3476 2378 3527 annum,
2421 3477 2577 3518 sume
2609 3478 2780 3519 annos
2809 3463 3040 3533 Domini,
3095 3478 3149 3523 ut
3195 3480 3325 3541 puta
3360 3473 3653 3540 DCCXXV,
3677 3483 3721 3530 et

2153 3553 2410 3608 subtrahe
2438 3568 2653 3624 semper
2680 3553 2810 3620 duo,
2841 3566 3087 3612 remanet
3127 3559 3465 3630 DCCXXEII;
3498 3567 3594 3622 bos
3620 3579 3720 3636 par-

2154 3645 2257 3698 tire
2278 3660 2374 3713 per
2402 3645 2448 3697 X
2493 3653 2549 3698 et
2577 3644 2960 3709 LX,iremanet
3008 3662 3196 3714 unum,
3227 3652 3441 3718 primus
3469 3669 3632 3709 annus
3655 3661 3720 3709 est

2153 3732 2290 3801 cyeIi
2322 3731 2543 3788 lunaris.
2594 3732 2818 3798 Quoties
2865 3743 3048 3788 autem
3096 3736 3229 3790 nihil
3253 3751 3530 3807 remanet;
3577 3758 3720 3798 nonus

2153 3819 2398 3874 decimus
2423 3828 2521 3873 est.
2555 3818 2620 3873 Et
2664 3821 2788 3888 quia
2821 3820 3278 3880 decennovenalis
3321 3828 3560 3886 circulus
3591 3846 3714 3886 coru-

2153 3925 2368 3964 munem
2425 3925 2548 3965 cum
2590 3909 2764 3964 lunari
2801 3911 2938 3964 viam
2993 3914 3244 3981 quamvis
3283 3929 3458 3986 ocyor
3485 3920 3660 3976 currit.
3684 3919 3718 3970 si

2151 3999 2232 4052 vis
2259 4000 2397 4054 scire
2425 4007 2481 4052 et
2516 3998 2631 4068 ejus
2681 4007 2877 4064 quotus
2905 4000 2976 4052 sit
3017 4014 3211 4065 annus,
3244 4016 3403 4058 sume
3434 4021 3602 4060 annos
3631 4006 3713 4059 Do-

2152 4091 2305 4158 mini,
2359 4099 2421 4144 ut
2470 4098 2596 4158 puta
2643 4087 2941 4154 DCCXXV,
2991 4101 3046 4145 et
3077 4108 3241 4148 unum
3301 4110 3525 4164 semper
3551 4095 3714 4166 adjice.

2150 4181 2286 4233 Iiunt
2314 4178 2648 4245 DCCXXVI;
2681 4180 2780 4235 hos
2813 4179 3014 4249 partire
3045 4195 3143 4252 per
3169 4182 3208 4236 X
3241 4191 3296 4237 et
3326 4181 3420 4249 IX,
3461 4192 3716 4241 remaneat

2148 4270 2238 4333 IV,
2258 4280 2488 4335 quartus
2521 4281 2603 4326 est
2627 4287 2803 4327 annus
2827 4272 2963 4343 cycIi
3015 4270 3502 4332 decennoreualis.
3527 4275 3664 4344 Quod
3680 4274 3717 4331 si

2150 4362 2278 4417 nihil
2304 4364 2642 4426 remanserit,
2677 4363 2894 4417 ultimus
2925 4372 3027 4418 est.

2501 4554 2504 4556 γ
2737 4474 2967 4531 CAPUT
3007 4474 3144 4529 th.

2437 4561 2511 4615 De
2543 4573 2727 4631 quarta
2759 4565 2959 4616 decima
2991 4562 3140 4614 Luna
3181 4565 3418 4630 pose/uc.

457 2780 757 2848 Ianuarias,
793 2799 964 2854 usque
1011 2786 1063 2840 in
1110 2786 1228 2840 XIX
1273 2785 1541 2843 Calendas
1589 2789 1885 2855 Ianuarias,
1934 2793 2058 2862 quia

457 2875 760 2928 communis
785 2883 886 2937 est,
922 2875 1056 2930 Iiunt
1077 2878 1190 2931 dies
1212 2877 1478 2932 CCCLIV.
1869 2942 1903 2954 1

531 2964 686 3018 Anno
717 2964 888 3019 lunari
928 2966 1056 3029 VIII,
1086 2965 1514 3022 decennovcnali
1556 2967 1642 3031 XI,
1691 2985 1719 3023 a
1752 2971 1914 3026 XVIII
1956 2972 2059 3028 Ca-

456 3053 642 3106 Iendas
668 3052 975 3120 Ianuarias,
1008 3070 1178 3124 usque
1206 3055 1258 3112 in
1293 3055 1357 3108 IV
1389 3055 1567 3111 Nonas
1596 3057 1901 3128 Ianuarias,
1929 3062 2056 3131 quia

453 3141 804 3196 embolismtts
834 3153 936 3204 est,
973 3142 1106 3197 Iiunt
1133 3143 1249 3198 dies
1274 3141 1692 3199 CCCLXXXIV.

529 3231 684 3281 Anno
719 3231 894 3283 lunari
945 3231 1036 3294 IX,
1086 3232 1508 3288 decennovenali
1539 3234 1651 3301 XII,
1700 3251 1731 3290 a
1777 3237 1841 3291 III
1871 3237 2052 3296 Nonas
2079 3242 2126 3306 C

450 3318 752 3382 Ianuarias,
781 3335 952 3388 usque
976 3320 1027 3374 in
1053 3319 1119 3373 XI
1145 3321 1407 3375 Calendas
1427 3321 1730 3390 Ianuarias,
1755 3328 1878 3394 quia
1903 3344 2054 3385 com-

452 3408 632 3462 munis
660 3415 760 3471 est,
797 3407 934 3460 Iiunt
960 3407 1077 3462 dies
1107 3406 1372 3462 CCIZLIV.

528 3498 687 3550 Anno
718 3498 890 3552 lunari
927 3499 992 3564 Χ,
1033 3500 1458 3556 decennovcnali
1487 3501 1622 3565 XIII,
1656 3516 1684 3555 a
1717 3503 1760 3558 X
1789 3503 2053 3562 CaIendas

450 3583 758 3652 Ianuarias,
808 3603 978 3656 usque
1008 3588 1060 3641 in
1091 3588 1151 3640 III
1201 3590 1323 3644 Idus
1374 3591 1699 3656 Decembris,
1732 3594 1857 3662 quia
1900 3611 2053 3651 com-

453 3677 630 3732 munis
659 3685 761 3740 est,
797 3676 929 3730 Iiunt
961 3679 1076 3733 dies
1107 3678 1372 3734 CCCLIV.

525 3765 681 3820 Auno
709 3765 884 3820 lunari
922 3766 1010 3830 XI,
1046 3766 1478 3824 decennovenali
1511 3770 1648 3838 XIV,
1683 3787 1710 3826 a
1737 3772 1775 3826 II
1809 3773 1929 3829 Idus
1957 3775 2052 3829 De-

452 3855 706 3918 retnbiis,
739 3871 913 3924 u=que
946 3857 996 3911 in
1041 3855 1101 3910 III
1127 3856 1395 3912 Calendas
1445 3859 1748 3927 Ianuarias,
1793 3863 1916 3932 quia
1943 3879 2052 3919 em-

450 3947 712 4000 bolismus
742 3956 846 4013 est,
879 3947 1014 4002 Iiunt
1039 3948 1154 4004 dies
1178 3948 1596 4006 CCCLXXXIV.

522 4039 677 4090 Anno
708 4039 882 4093 lunari
915 4040 1027 4104 XII,
1059 4041 1484 4098 decennovenali
1514 4043 1628 4107 XV,
1663 4060 1691 4096 a
1724 4044 1761 4098 II
1785 4045 2047 4101 Calendas

449 4124 756 4192 Ianuarias,
805 4142 973 4196 usque
1018 4131 1072 4182 in
1108 4131 1221 4184 XIV
1270 4133 1530 4188 Calendas
1575 4133 1875 4202 Ianuarias,
1921 4137 2044 4205 quia

446 4217 753 4271 communis
783 4226 884 4284 est,
915 4217 1049 4272 Iiuu-t
1076 4219 1191 4273 dies
1220 4221 1480 4278 CCCLIV.

518 4308 675 4360 Anno
705 4306 878 4360 lunari
913 4307 1049 4371 XIII,
1083 4307 1506 4362 decennovcnali
1549 4313 1686 4376 XVI,
1726 4329 1754 4366 a
1797 4315 1908 4368 XIII
1937 4315 2043 4370 Ca-

443 4397 632 4452 lendas
659 4397 962 4463 Ianuarias,
993 4414 1164 4468 usque
1207 4399 1258 4452 in
1299 4400 1358 4452 VI
1405 4399 1526 4454 Idus
1559 4400 1887 4473 Decembris,
1919 4408 2041 4474 quia

443 4487 748 4542 communis
773 4495 876 4552 est,
911 4487 1046 4541 Iiunt
1075 4488 1192 4543 dies
1212 4487 1476 4544 CCCLIV.

513 4581 672 4631 Anno
711 4577 886 4630 lunari
930 4578 1070 4644 XIV,
1117 4581 1537 4635 deccnnovenali
1590 4582 1747 4646 XVII,
1781 4599 1810 4636 a
1845 4584 1884 4639 V
1919 4583 2039 4639 Idus
2075 4583 2123 4642 D

443 4666 791 4732 Decembris,
847 4683 1014 4737 usque
1063 4669 1114 4723 in
1161 4669 1222 4721 VI
1268 4669 1532 4723 Calendas
1569 4671 1873 4740 Ianuarias,
1913 4674 2037 4742 quia

438 4758 792 4813 embolismus
823 4765 926 4824 est,
962 4757 1094 4812 Iiunt
1125 4758 1240 4812 dies
1268 4756 1690 4815 CCCLXXXIV.

509 4849 666 4901 Anno
716 4849 889 4902 lunari
923 4849 1039 4911 XV,
1087 4848 1511 4904 decennovenaii
1551 4849 1729 4915 XVJI,
1765 4867 1793 4906 a
1844 4853 1881 4904 ν
1929 4853 2035 4906 Ca-

436 4939 624 4992 Iendas
652 4938 957 5006 Ianuarias,
996 4958 1167 5010 usque
1193 4943 1245 4996 iu
1280 4942 1415 4996 XVII
1443 4943 1708 4998 Calenda
1733 4943 2032 5012 Ianuarias,

438 5029 563 5097 quia
595 5032 898 5083 communis
928 5042 1029 5094 est,
1066 5032 1199 5086 Iiunt
1226 5035 1341 5088 dies
1369 5034 1542 5089 CCCI.
1574 5037 1632 5089 V.

510 5123 665 5175 Anno
697 5124 865 5175 lunari
890 5121 1033 5184 XVI.
1081 5125 1501 5179 decennovcuaii
1538 5126 1678 5190 XIX,
1727 5145 1754 5182 a
1791 5130 1904 5184 XVI
1935 5132 2036 5185 Ca-

437 5210 621 5267 Ieudas
650 5211 953 5272 Ianuarias.
998 5230 1171 5282 usque
1216 5215 1267 5268 in
1320 5215 1498 5271 Nonas
1543 5217 1874 5284 Decembris,
1906 5223 2031 5290 quia

435 5307 737 5361 communis
769 5318 872 5369 et,
906 5307 1038 5360 ﬁunt
1069 5309 1185 5364 dies
1213 5307 1478 5365 CCCLIV.

508 5399 663 5452 Anno
697 5398 868 5451 lunari
903 5397 1066 5464 XVII,
1114 5400 1540 5456 decennovenaIi
1573 5403 1610 5470 I,
1640 5418 1668 5456 a
1716 5402 1883 5459 Nonis
1934 5403 2036 5457 De-

433 5489 664 5543 cembris
696 5505 862 5558 usque
893 5491 944 5543 in
978 5490 1024 5562 X
1076 5492 1344 5547 Caiendas
1391 5492 1694 5558 Ianuarias,
1754 5493 1877 5564 quia
1909 5509 2019 5550 em-

435 5579 695 5634 Iulismus
724 5589 828 5646 est,
865 5580 997 5634 Iiunt
1026 5581 1142 5637 dies
1171 5583 1586 5638 CCCLXXXIV.

506 5673 662 5728 Auno
696 5674 864 5729 lunari
902 5673 1083 5742 XVIII,
1117 5675 1546 5732 decennovenali
1581 5678 1642 5741 II,
1674 5693 1701 5729 a
1735 5677 1802 5732 IX
1831 5680 2025 5735 Calcu-

437 5764 532 5815 ilas
579 5762 882 5826 Ianuarias,
919 5783 1090 5835 usque
1138 5768 1188 5821 in
1239 5742 1285 5820 Il
1341 5768 1460 5821 Idus
1517 5765 1845 5844 Decembris,
1905 5772 2029 5840 quia

439 5859 736 5912 C‘JIIIZITZI'LI:
769 5869 869 5924 ρει,
907 5858 1040 5914 Iiunt
1079 5860 1194 5914 ίὶἱε,
1235 5857 1498 5914 CCCLIV.

2216 4673 2415 4728 Sextus
2444 4688 2587 4742 smpe
2613 4673 2740 4728 dicti
2791 4673 2976 4729 cizcuIi
3007 4674 3159 4730 locus
3206 4676 3560 4745 amplectitur
3588 4676 3715 4729 lunas

2147 4763 2280 4818 XIIII
2309 4764 2463 4834 primi
2484 4765 2704 4824 mensis,
2722 4779 2842 4834 qua:
2865 4763 3132 4834 paschalis
3158 4764 3452 4820 dominica:
3475 4766 3610 4819 diem
3629 4764 3716 4816 sia-

2142 4855 2282 4924 guIis
2312 4853 2466 4908 annis
2497 4854 2700 4923 absque
2747 4854 2893 4908 omni
2927 4852 3286 4922 ambiguitate
3319 4855 3711 4911 demonstrent;

2143 4962 2266 5001 nam
2299 4960 2416 5015 qum
2463 4952 2583 5016 post
2637 4943 2778 4999 XIIII
2803 4945 2982 4998 lunam
3015 4943 3294 5000 Dominica
3327 4945 3446 5002 dies
3485 4944 3714 5001 occurrit,

2143 5036 2256 5106 ipsa
2287 5045 2368 5090 est
2389 5035 2651 5104 paschalis
2674 5034 2956 5089 dominicae
2998 5037 3424 5090 resurrectionis
3451 5036 3585 5091 dies.
3608 5033 3716 5098 Om

2141 5129 2353 5197 quidem
2385 5129 2590 5181 decima
2621 5136 2809 5194 quarta
2838 5127 2962 5179 Iun't
3007 5127 3241 5194 primum
3291 5129 3345 5182 in
3376 5127 3710 5196 inquinnctin,

2143 5217 2194 5270 id
2240 5225 2342 5280 est,
2391 5216 2710 5270 duodecimo
2739 5214 3102 5270 Calendarum
3152 5217 3439 5286 Aprilium,
3495 5214 3712 5270 ultimum

2142 5306 2396 5360 vicesimo
2427 5322 2569 5359 nono
2594 5306 2787 5362 abhinc
2815 5306 2918 5370 die,
2947 5308 2998 5362 id
3028 5317 3112 5362 est
3145 5305 3283 5360 XIIII
3324 5306 3442 5360 Cat.
3483 5303 3713 5358 Maiarum

2140 5411 2296 5450 suum
2330 5410 2550 5465 vespere
2582 5413 2896 5467 processum
2931 5396 3089 5451 terris
3117 5394 3377 5455 ostendi',
3413 5395 3608 5462 quibus
3635 5402 3715 5448 ter

2141 5488 2298 5541 minis
2346 5502 2440 5556 per
2468 5502 2639 5543 annos
2682 5489 2854 5542 denos
2907 5495 2962 5540 et
3009 5499 3252 5540 novenos
3301 5485 3460 5554 legati
3497 5497 3713 5556 tempore

2137 5580 2408 5651 paschalis
2457 5579 2816 5634 observantiae
2852 5575 3132 5631 discursus
3161 5586 3384 5632 constat
3436 5594 3562 5635 esse
3585 5591 3716 5634 coni-

2141 5678 2470 5749 prehensus;
2504 5685 2558 5730 et
2589 5675 2631 5728 si
2663 5673 2775 5727 Iiert‘
2813 5683 2996 5742 possit
3027 5683 3082 5727 ut
3107 5673 3299 5730 eadem
3332 5678 3590 5732 omnibus
3611 5688 3714 5730 eum

2137 5769 2358 5824 Sabbati
2391 5765 2481 5820 die
2527 5765 2649 5818 luna
2681 5761 2891 5818 decima
2941 5774 3133 5833 quarta
3161 5769 3503 5837 contigissiet,
3534 5769 3604 5824 uit
3631 5779 3714 5819 MP

2144 5871 2269 5916 sua:
2298 5855 2565 5928 paschalis
2595 5854 2953 5915 observantia)
3006 5865 3220 5930 tempus
3249 5874 3282 5916 tt
3333 5860 3496 5931 IcgaIi
3537 5859 3712 5918 discre-
