3842 6242
182 355 282 415 59

1352 354 1442 411 DE
1484 354 1866 411 TEMPORUM
1911 356 2231 412 liATiUNE.

3364 368 3467 425 ato

186 476 352 539 paret.
388 467 524 522 Nam
580 477 643 523 et
676 466 962 537 ipsi,jnxta
990 467 1122 538 legis
1152 469 1352 535 edicta,
1376 482 1596 538 semper
1622 466 1766 521 deci-
1798 472 1841 527 Α
1874 465 2113 522 fensores
2152 469 2312 522 etiam
2358 472 2547 524 beatus
2575 470 2924 541 Theophilus,
2968 472 3345 531 Alexandrinae
3369 492 3436 531 an

188 574 270 612 ma
298 567 490 627 quarta
525 557 661 612 luna
694 558 848 626 primi
875 558 1074 612 mensis
1093 557 1160 612 ad
1178 571 1458 627 vesperam
1487 554 1770 609 immolan-

188 658 287 711 tes,
318 657 376 702 et
400 648 764 702 eomedentes
791 647 907 715 agni
936 646 1258 703 immaculati
1280 659 1521 711 carnem,
1554 644 1770 712 sangui-

187 752 416 805 nemque
447 737 595 790 illius
645 735 715 789 ad
744 735 1103 804 repellendum
1143 735 1620 789 exterminatorem
1671 748 1767 787 no-

185 828 308 883 stris
335 828 588 898 postibus
610 837 979 896 aspergentes,
1012 827 1063 882 id
1085 836 1190 895 est,
1224 830 1236 859 ¹
1271 841 1461 897 aquam
1493 826 1766 895 baptisnti,

184 930 236 975 et
258 918 602 988 paschalium
638 918 982 975 celebrantes
1028 920 1272 975 sulennia
1303 922 1608 984 missarum,
1652 918 1763 987 spi-

184 1008 428 1065 rituaiem
456 1025 839 1079 super-aremus
865 1008 1180 1081 Egyptum,
1228 1018 1388 1079 atque
1419 1009 1767 1064 illucescente

183 1117 339 1157 mane
367 1102 422 1156 in
449 1103 576 1157 luna
600 1101 811 1157 decima
834 1103 1021 1170 quinta
1040 1100 1280 1171 ejusdem
1309 1101 1509 1156 mensis
1534 1100 1763 1170 primum

182 1210 491 1265 azymorum
519 1194 661 1249 diem
712 1195 1056 1261 intraremus,
1104 1203 1418 1263 septemque
1449 1192 1566 1247 dies
1616 1192 1761 1261 ejus.

180 1288 341 1341 dcm'
370 1285 701 1341 celebritatis
746 1284 1018 1355 legitimos
1065 1300 1094 1339 a
1142 1300 1300 1339 mane
1354 1284 1525 1353 quinti
1566 1283 1760 1337 decimi

181 1376 280 1432 diei
302 1391 476 1445 usque
502 1377 555 1430 in
578 1390 862 1446 vesperum
887 1374 1126 1431 vicesimi
1149 1376 1305 1444 primi
1332 1374 1550 1440 mensis;
1577 1375 1761 1443 ipsius,

180 1466 229 1520 id
262 1473 369 1535 est,
420 1482 451 1520 a
503 1466 783 1522 Bominieo
835 1465 1048 1520 Pascha:
1104 1481 1273 1533 usque
1325 1466 1378 1520 in
1420 1466 1758 1522 Dominicum

178 1568 494 1614 octavarum
526 1558 743 1613 Pascha:
770 1556 950 1612 debita
981 1573 1101 1613 cum
1142 1558 1493 1613 veneratione
1523 1556 1757 1625 comple-

177 1665 381 1707 remus.
441 1650 550 1705 Sed
601 1650 874 1721 quomodo
928 1649 1067 1705 luna:
1128 1649 1243 1704 dies
1286 1650 1474 1704 eadem
1520 1649 1762 1703 diversas

174 1739 489 1809 septimanae
538 1739 845 1795 devolvitur
897 1737 1139 1805 inferias,
1170 1738 1295 1793 inde
1344 1736 1401 1795 lit
1430 1747 1489 1792 ut
1518 1738 1605 1805 qui
1638 1753 1761 1807 pro-

1876 558 2027 612 tistes
2067 556 2347 625 Etclesiae,
2380 560 2662 614 manifesta
2697 562 2908 615 ratione
2941 561 3197 630 devincit,
3223 565 3465 620 scribens

1874 649 2187 719 imperatori
2223 650 2534 707 Theodosio
2575 652 2769 720 majori
2797 670 2810 705 :
2842 672 2859 704 ι
2896 652 3003 707 Sed
3035 654 3157 720 quia
3188 655 3459 721 accidere,

1870 740 2061 807 inquit,
2097 741 2368 796 interdum
2418 743 2558 797 solet
2608 751 2665 797 ut
2692 744 2977 799 occasione
3008 744 3228 798 decimze
3258 754 3461 814 quartzr

1871 830 2009 885 luna:
2062 832 2263 886 mensis
2296 833 2455 902 primi
2514 836 2757 888 nonnulli
2794 835 2844 888 in
2898 850 3138 889 errorem
3171 837 3385 901 cadant,
3417 840 3460 892 si

1868 922 2080 977 decima
2114 932 2304 993 quarta
2332 923 2445 993 ipsa
2478 924 2601 977 luna
2629 925 2679 978 in
2722 924 3057 979 Dominicqu
3084 926 3225 979 diem
3248 928 3459 995 veniat,

1868 1027 1973 1081 quo
1997 1011 2159 1078 facto,
2184 1027 2403 1068 necesse
2428 1023 2511 1067 est
2530 1014 2638 1083 jam
2661 1013 2924 1083 jejunium
2950 1014 3085 1069 solvi
3101 1013 3323 1070 Sabhati
3349 1016 3456 1082 die,

1867 1102 2087 1170 quando
2125 1105 2144 1135 ⁸
2175 1104 2382 1157 decima
2418 1106 2572 1157 tertia
2618 1106 2751 1158 lunai
2794 1105 2977 1160 venire
3025 1116 3375 1174 monstratur,
3406 1118 3461 1162 et

1870 1196 2163 1265 inripimus
2197 1196 2297 1265 legi
2329 1198 2599 1251 contraria
2642 1199 2836 1252 l;:cere.
2873 1196 3142 1252 Coovenit
3171 1198 3349 1268 itaque
3375 1199 3457 1252 di-

1868 1286 2093 1355 ligenter
2122 1287 2406 1341 advertere
2448 1297 2505 1340 ut
2533 1290 2749 1354 quoties
2790 1287 2998 1341 decima
3026 1296 3219 1355 quarta
3244 1289 3368 1342 luna
3404 1289 3455 1342 in

1868 1382 2203 1436 Dutninicum
2237 1382 2256 1411 ⁶
2290 1383 2515 1436 incurrit
2547 1384 2714 1447 diem,
2754 1384 2804 1435 in
2836 1391 3151 1451 sequentem
3196 1383 3456 1449 septima-

1866 1487 1991 1525 nam
2020 1473 2327 1542 paschalem
2357 1472 2497 1526 diem
2542 1473 2720 1541 potius
2767 1471 3097 1536 differamus,
3128 1472 3326 1541 duttlici
3353 1473 3457 1527 hoc

1865 1560 2028 1614 modo
2057 1577 2070 1612 ε
2104 1561 2332 1630 primum
2363 1561 2604 1631 quidem,
2660 1576 2727 1615 ne
2775 1561 2987 1615 decima
3049 1562 3203 1615 tertia
3235 1561 3357 1615 luna
3383 1561 3455 1613 in-

1865 1665 2025 1705 venta
2059 1651 2108 1705 in
2136 1652 2357 1707 Sabbati
2391 1652 2477 1704 die
2506 1652 3086 1720 solvamusjejunium,
3110 1654 3253 1720 quod
3272 1668 3456 1708 conse-

1864 1755 2038 1808 quens
2062 1757 2167 1794 non
2200 1750 2300 1806 est,
2338 1740 2485 1805 quod
2518 1755 2624 1795 nec
2664 1741 2778 1809 ipsa
2806 1742 2891 1796 lex
2935 1743 3192 1811 pnccipit,
3222 1744 3456 1799 maxime

174 1837 293 1899 pter
318 1830 775 1885 resurrectionem
804 1829 972 1884 nostri
1011 1827 1390 1898 Redemptoris
1431 1828 1483 1881 in
1516 1827 1759 1881 Domini-
1795 1836 1836 1894 Β
1870 1846 1991 1883 eum
2022 1839 2074 1883 et
2102 1830 2281 1884 lumen
2309 1830 2475 1898 ipsius
2497 1828 2640 1884 luna:
2665 1832 3038 1900 imperfectum
3062 1832 3235 1885 adhuc
3264 1833 3314 1886 in
3340 1849 3456 1901 pro~

171 1934 288 1973 cum
331 1920 476 1974 diem
525 1918 743 1974 Paschze
787 1918 995 1972 initium
1027 1934 1307 1973 reservare
1344 1919 1626 1981 docemur,
1658 1919 1758 1971 ali—

174 2008 386 2077 quoties
414 2018 597 2064 nostra
628 2009 893 2063 festivitas
918 2008 1149 2077 septimo
1194 2016 1317 2076 post
1349 2007 1595 2074 legalium
1628 2022 1756 2077 azy-

173 2113 383 2153 morum
415 2098 695 2154 exordium
724 2097 811 2152 die
856 2106 1032 2152 sumat
1063 2098 1381 2165 ingressum,
1436 2111 1541 2150 nou
1576 2104 1754 2150 tamen

173 2204 411 2258 unquam
437 2190 718 2258 contingat
739 2198 796 2244 ut
839 2204 948 2243 non
995 2196 1177 2242 nostra
1207 2186 1506 2242 solennitas
1532 2187 1756 2256 pascha-

173 2281 235 2336 lis
260 2281 495 2351 aliquem
543 2281 796 2349 legalium
843 2280 1058 2348 pascha:
1104 2278 1338 2341 dierum,
1394 2292 1534 2347 smpe
1575 2286 1754 2330 autem

172 2384 362 2425 omnes
390 2370 528 2423 intra
550 2385 610 2424 se
631 2368 1038 2438 complectatur.
1068 2366 1136 2419 At
1164 2372 1351 2420 contra
1382 2364 1436 2419 hi
1465 2367 1552 2435 qui
1583 2366 1756 2419 Domi-

172 2459 355 2514 nicum
388 2457 606 2513 Pascha:
656 2458 799 2511 diem
830 2472 859 2511 a
884 2455 1094 2511 decima
1148 2463 1301 2509 sexta
1339 2454 1463 2507 luna
1497 2468 1664 2522 usque
1690 2453 1754 2507 ad

174 2548 481 2617 vigesimam
555 2545 847 2602 secundam
896 2544 1282 2601 celebrandum
1336 2545 1626 2608 aestimant,
1656 2542 1755 2597 du-

171 2636 295 2707 plici
339 2636 558 2691 miseria
612 2636 883 2697 laborant,
935 2636 1059 2703 quia
1100 2641 1155 2687 et
1196 2631 1496 2700 legitimum
1539 2631 1754 2699 paschae

168 2725 493 2798 principium
541 2737 821 2791 nunquam
882 2723 1104 2786 habent,
1145 2728 1199 2775 et
1248 2720 1441 2775 crebro
1489 2717 1669 2773 evenit
1698 2726 1756 2772 ut

172 2815 379 2871 nullum
429 2815 638 2870 dierum
681 2813 773 2882 qui
805 2814 855 2867 in
898 2812 1016 2879 lege
1060 2810 1355 2882 prmscripti
1396 2818 1541 2873 sunt,
1576 2808 1627 2862 in
1658 2822 1752 2863 sua

172 2907 409 2977 paschali
439 2905 825 2963 observatione
864 2910 1288 2971 consequantur,
1320 2901 1449 2955 dum
1480 2909 1535 2954 et
1555 2914 1751 2975 vespe-

172 3010 284 3051 ram
312 2996 492 3066 quarti
521 2994 722 3051 decimi
751 2993 877 3057 diei,
897 3007 1001 3061 quo
1032 2990 1234 3046 Pascha
1267 2990 1464 3044 initiari
1492 2998 1753 3044 statutum

169 3094 271 3149 est.
312 3095 371 3141 et
399 3101 559 3141 mane
586 3085 763 3155 quinti
792 3084 1006 3144 decimi,
1040 3098 1147 3152 qao
1175 3082 1403 3151 septima
1428 3081 1751 3151 Azymorum

1860 1919 1985 1988 prio
2015 1920 2180 1985 globo
2207 1935 2330 1974 esse
2371 1919 2655 1983 videatur;
2687 1920 2901 1985 deinde,
2934 1936 3002 1975 ne
3054 1920 3325 1975 Dominica
3370 1923 3456 1976 die

1860 2008 1982 2060 luna
2007 2008 2213 2062 decima
2245 2019 2434 2076 quarta
2464 2010 2756 2063 constituta
2785 2010 3031 2077 jejunare
3061 2025 3338 2077 cogamur,
3368 2013 3441 2065 in-

1858 2098 2141 2152 decentem
2167 2113 2280 2151 rem
2311 2098 2659 2167 illicitamque
2683 2099 2959 2165 facientes,
2986 2102 3090 2153 hoc
3110 2102 3253 2153 enim
3286 2100 3453 2154 Mani.

1857 2188 2133 2241 citatorum
2190 2193 2356 2242 sectae
2402 2188 2738 2242 consuetudo
2799 2188 3059 2257 possedit.
3106 2207 3125 2240 ι
3187 2190 3452 2255 Quoniam

1859 2276 2019 2341 igitur
2044 2290 2144 2329 nec
2168 2275 2375 2331 decima
2427 2283 2615 2345 quarta
2670 2276 2794 2329 luna
2826 2278 3075 2330 veniente
3104 2277 3157 2330 in
3213 2277 3451 2331 Domini-

1860 2380 1983 2419 cmn
2017 2364 2155 2417 diem
2182 2364 2429 2433 jejunare
2460 2356 2742 2429 debemus,
2767 2380 2943 2434 neque
2980 2380 3319 2435 consequens
3348 2379 3452 2431 est,

1859 2465 1917 2509 ut
1946 2456 1988 2508 si
2024 2455 2073 2507 in
2103 2454 2322 2517 Sabhati
2354 2454 2441 2508 die
2486 2454 2694 2509 decima
2726 2456 2882 2510 tertia
2929 2457 3144 2511 eveniat
3175 2459 3451 2515 solvamus

1852 2542 2138 2613 jejunium,
2194 2543 2505 2599 necessario
2555 2542 2848 2598 asserimus
2878 2544 2983 2599 hoc
3013 2545 3066 2599 in
3095 2547 3451 2615 septimanam

1856 2640 2176 2700 sequentem
2207 2633 2394 2687 deberi
2418 2632 2641 2701 diﬂ'erri,
2665 2634 2823 2689 sicuti
2849 2635 3011 2704 paulo
3034 2636 3282 2705 superius
3305 2653 3452 2692 cont-

1860 2722 2138 2791 prehendi,
2164 2734 2470 2778 nontamen
2494 2738 2563 2777 ex
2589 2724 2693 2779 hac
2712 2723 2973 2779 dilatione
2996 2728 3450 2794 praevaricatione

1857 2814 2035 2883 aliqua
2062 2812 2204 2867 circa
2236 2811 2545 2881 pasehalem
2572 2813 2840 2868 calculum
2870 2824 3178 2883 perpetrata
3204 2834 3218 2881 ;
3251 2832 3448 2887 quem-

1857 2904 2146 2960 admodum
2220 2904 2365 2956 enim
2450 2902 2693 2957 decimus
2748 2920 3008 2959 numerus
3062 2906 3447 2975 complectitur

1857 3009 2080 3058 nonum,
2114 2992 2193 3047 sic
2220 3002 2274 3046 et
2313 2993 2530 3061 quoties
2566 2994 2776 3048 decima
2804 3003 2995 3063 quarta
3036 2995 3241 3049 lunadn
3269 2996 3453 3049 Domi-

1859 3085 2040 3139 nicnm
2072 3082 2358 3137 incurrerit
2400 3082 2565 3148 diem,
2593 3098 2660 3137 eo
2690 3085 2832 3151 quod
2877 3086 2929 3138 in
2962 3099 3027 3139 eo
3052 3084 3303 3152 jejunare
3340 3099 3449 3141 non

167 3175 369 3228 dierum
396 3174 701 3230 solennitas
740 3173 981 3229 ineltoari
1011 3182 1303 3243 praecepta,
1334 3189 1364 3227 a
1394 3190 1490 3227 sua
1537 3188 1755 3242 prorsus
1786 3175 1829 3235 C
1862 3177 2044 3242 liceat,
2073 3176 2125 3230 in
2157 3176 2457 3245 proximam
2490 3177 2850 3245 septimanam
2882 3176 3084 3231 differri
3115 3192 3341 3233 necesse
3366 3188 3449 3233 est

171 3264 459 3320 iestivitate
505 3263 817 3335 repudiant.
870 3263 1041 3332 Atque
1066 3263 1285 3333 insuper
1314 3264 1364 3317 in
1412 3264 1571 3331 hujus
1598 3264 1617 3294 ³
1642 3279 1747 3333 ρω-

168 3370 285 3408 nam
316 3355 530 3423 peccati
556 3354 874 3409 vicesimum
903 3353 1196 3407 secundum
1233 3353 1398 3419 diem,
1430 3354 1523 3420 qui
1551 3353 1604 3407 in
1640 3362 1749 3406 tota

168 3444 404 3512 paschali
442 3442 787 3500 institutione
814 3456 910 3511 per
938 3441 1160 3512 Moysen
1192 3457 1291 3496 nec
1321 3442 1487 3496 semel
1514 3441 1769 3510 appella»

168 3540 253 3587 tus
290 3532 591 3601 invenitur,
618 3530 930 3600 frequenter
978 3531 1031 3584 in
1062 3531 1141 3585 sui
1173 3531 1383 3599 pascha:
1430 3530 1750 3600 principium

166 3623 360 3679 sanciri
388 3621 733 3694 praecipiunt.
752 3618 890 3676 Sunt
912 3619 1001 3689 qui
1027 3620 1080 3701 in
1111 3620 1336 3674 alteram
1367 3627 1575 3690 partem
1608 3633 1637 3672 a
1667 3617 1749 3670 vit

166 3713 435 3777 veritatis,
480 3712 576 3767 sed
645 3726 754 3767 non
832 3710 1040 3765 minore
1087 3710 1338 3765 labantur
1374 3724 1579 3773 errore,
1627 3722 1749 3764 cum

166 3800 449 3869 Scriptura
483 3799 761 3869 pmcipiat
789 3814 873 3852 vta
900 3799 1043 3866 regia
1077 3798 1450 3867 gradientium,
1492 3806 1547 3851 et
1576 3812 1752 3865 neque
1824 3792 1835 3797 ’

165 3890 229 3943 ad
249 3889 533 3944 dexteram
569 3902 745 3957 neque
777 3887 843 3942 ad
870 3888 1140 3942 sinistram
1169 3887 1236 3941 ah
1262 3902 1324 3940 ea
1351 3885 1745 3940 divt'rtendum.

167 3978 344 4046 Qui,a
395 3978 426 4009 ⁸
465 3979 625 4034 tertia
673 3979 879 4035 decima
926 3978 1054 4032 luna
1105 3992 1274 4046 usque
1322 3976 1388 4031 ad
1439 3976 1749 4045 vigesimam

172 4068 509 4126 Dominicum
540 4066 760 4123 Pascha:
797 4066 1189 4123 observandum
1219 4066 1583 4132 decernendo,
1616 4080 1751 4134 prae-

168 4166 444 4227 occupant
476 4158 673 4229 srepius
716 4158 924 4213 initium
971 4157 1185 4226 paschae
1214 4157 1419 4223 legalis,
1446 4156 1572 4209 dum
1602 4154 1749 4222 quod

168 4244 277 4316 ipsa
310 4249 364 4303 in
395 4248 609 4303 decima
638 4257 829 4318 quarta
877 4248 999 4301 luna
1030 4246 1141 4301 fieri
1168 4246 1375 4311 statuit,
1407 4245 1477 4299 illi
1523 4245 1576 4298 in
1602 4245 1750 4300 deci-

166 4354 305 4394 mam
346 4340 568 4395 tertiam
601 4348 962 4406 convertunt;
990 4349 1046 4393 et
1074 4338 1213 4406 quod
1248 4338 1316 4392 de
1358 4336 1611 4406 vigesima
1639 4344 1750 4390 sta-

167 4429 283 4495 tuit,
304 4436 556 4484 sanctam
579 4443 700 4484 eam
723 4436 777 4482 et
791 4428 1199 4504 celeberrimam
1220 4441 1564 4492 consecrans,
1593 4427 1746 4495 quasi

1860 3268 1999 3321 diem
2038 3266 2291 3333 Paschm;
2340 3268 2487 3321 nulla
2539 3269 2684 3323 enim
2736 3283 2805 3323 ex
2848 3269 2952 3324 hoc
2982 3259 3286 3324 imminutio
3333 3271 3446 3324 ﬁeri

1856 3357 2069 3426 paschae
2116 3357 2349 3424 videtur,
2397 3358 2525 3429 quia
2571 3358 2672 3427 ipsi
2718 3368 3008 3428 sequentes
3037 3358 3162 3413 dies
3210 3361 3447 3429 comple-

1856 3456 2074 3502 ctuntur
2102 3455 2158 3503 et
2186 3448 2449 3518 reliquos.

2463 3557 2694 3614 CAPUT
2724 3557 2830 3611 LX.

2218 3659 2591 3729 Argumentum
2618 3656 2913 3711 inveniendi
2937 3674 3072 3711 eam.

1923 3790 2150 3863 Oportet
2178 3800 2357 3847 autem
2381 3792 2769 3848 calculatorem
2797 3807 3066 3862 quemque
3095 3793 3325 3863 petitum
3353 3796 3446 3849 de-

1852 3886 2020 3940 cimas
2048 3892 2271 3954 quartas
2301 3886 2457 3940 lunas
2494 3887 2655 3955 primi
2695 3887 2916 3950 mensis,
2951 3886 3091 3939 sicut
3128 3895 3183 3940 et
3226 3898 3446 3955 epactas

1856 3977 1993 4032 lunae
2023 3993 2229 4031 annuas
2258 3978 2495 4032 retinere
2524 3977 2861 4030 memoriter.
2886 3976 2994 4030 Sed
3015 3977 3034 4006 ⁷
3059 3987 3115 4030 et
3139 3978 3183 4030 si
3206 3979 3327 4045 quis
3350 3980 3445 4033 has

1852 4086 2069 4140 quoque
2110 4076 2431 4137 argumento
2477 4068 2721 4122 invenire
2758 4066 3056 4132 desiderat,
3104 4069 3283 4123 videat
3311 4083 3446 4139 quot

1852 4160 1961 4213 sint
1981 4166 2189 4226 epactre
2219 4156 2437 4211 lunares
2464 4156 2592 4210 anni
2616 4154 2985 4225 cujuscunque
3013 4166 3329 4224 computare
3354 4174 3439 4211 vo-

1850 4248 2031 4312 luerit,
2062 4257 2118 4301 et
2144 4247 2407 4314 siquidem
2434 4244 2571 4298 Xllll
2601 4254 2692 4299 aut
2726 4244 2818 4299 XV
2850 4256 2975 4300 sunt
3003 4252 3046 4315 ",
3080 4246 3148 4299 XI
3176 4248 3442 4303 Calenda-

1851 4355 1970 4393 rum
2002 4338 2263 4407 Aprilium
2295 4336 2381 4391 vel
2412 4335 2503 4389 ΧΠ
2527 4336 2882 4389 Calendarum
2912 4337 3203 4391 earundem
3234 4338 3321 4392 die
3346 4339 3441 4391 de-

1850 4428 2042 4484 cimam
2072 4436 2320 4497 quartam
2356 4427 2535 4480 lunam
2562 4428 2749 4480 venire
2780 4436 3096 4494 cognoscat,
3125 4429 3250 4495 quia
3283 4430 3442 4483 nimi-

168 4518 369 4575 bread
396 4521 598 4591 pascha
641 4518 861 4574 minime
907 4520 1192 4589 pertineat,
1224 4519 1461 4577 funditus
1512 4529 1749 4574 contem—
1780 4522 1973 4582 Drum
2020 4520 2087 4574 χι
2141 4519 2497 4574 Calendarum
2546 4518 3066 4587 suprascriptarum,
3117 4519 3256 4572 sicut
3299 4534 3443 4587 smpe

168 4620 315 4668 amt.
344 4611 500 4679 Quos
525 4612 668 4667 inter
693 4610 829 4667 alios
858 4609 977 4666 ﬁdei
1006 4619 1062 4666 ct
1086 4608 1312 4667 actionis
1340 4610 1621 4666 catholicc
1648 4610 1743 4666 de-

1839 4612 2053 4688 dictum
2096 4618 2196 4674 est,
2232 4610 2483 4679 proprius
2527 4614 2614 4664 est
2640 4606 2880 4663 omnium
2912 4608 3061 4663 locus
3102 4619 3437 4678 epactarum.

1393 4718 1789 4777 VARIANTES
1829 4721 2234 4778 LECTIONES.

235 4812 253 4845 ⁸
291 4809 419 4866 0m.
449 4825 638 4877 aquam
664 4806 727 4861 C.
1086 4808 1109 4839 ⁸
1297 4825 1494 4875 mnam
1524 4809 1587 4864 C.

237 4882 261 4914 ⁸
293 4882 359 4950 0,
383 4878 722 4936 celebrabitis.

1086 4877 1108 4907 ⁸
1149 4878 1207 4943 B,
1237 4876 1303 4945 Ο,
1328 4889 1513 4947 quarta
1543 4879 1764 4933 decima.

2767 4808 2789 4840 "
2829 4811 2949 4863 0m.
2984 4817 3031 4864 et
3058 4811 3124 4869 C.

1950 4813 1972 4843 ⁸
2008 4811 2071 4871 C.
2106 4821 2292 4892 quarta
2321 4809 2540 4891 decima.
2767 4809 2789 4840 '
2829 4811 2949 4863 0m.
2984 4817 3031 4864 et
3058 4811 3116 4868 C.

1952 4880 1971 4911 ‘
2008 4879 2073 4936 C.
2109 4888 2407 4933 incurrerit.
2769 4872 2792 4904 ⁸
2831 4880 2968 4933 Add.
3001 4880 3116 4936 inC

1952 4880 1971 4911 ‘
2008 4879 2073 4945 C,
2109 4879 2407 4933 incurrerit.

1417 4991 1706 5047 GLOSSJE
1747 4992 1837 5048 ET
1874 4991 2166 5048 SCllOLIA

801 5074 969 5139 carui-
1018 5097 1104 5135 ιι.

244 5154 395 5211 Bato.
441 5152 644 5207 Baias.
684 5150 923 5207 Gcossae.
955 5153 1262 5220 —-0portet
1287 5160 1455 5206 autem
1511 5152 1742 5205 calcula-
1792 5206 1799 5211 ,

180 5235 335 5280 θοι-ιιι
360 5239 609 5295 quemqu
633 5222 853 5290 peritum
878 5221 1100 5295 decimas
1141 5231 1354 5288 quartas
1395 5224 1553 5295 lunas
1584 5225 1739 5291 primi

179 5290 386 5355 maia,
407 5290 541 5347 sicut
564 5299 611 5345 et
650 5299 859 5359 epactas
906 5290 1042 5343 luna:
1081 5306 1284 5343 annuas
1312 5293 1529 5344 retinere
1550 5290 1741 5345 memo-

180 5365 317 5416 riter.
342 5364 449 5418 Sed
473 5374 520 5415 et
549 5362 592 5415 si
618 5358 732 5431 quia
762 5358 854 5413 hos
908 5375 1103 5431 quoque
1151 5369 1452 5431 argumento
1512 5363 1741 5414 invenire

181 5432 454 5492 desiderat,
480 5433 649 5484 uideat
672 5438 792 5499 quo!
816 5438 1008 5499 apaula:
1041 5430 1248 5499 lunares
1288 5430 1413 5479 anni
1458 5431 1736 5499 cujuscun-

180 5517 271 5567 que
289 5508 585 5568 computare
611 5496 854 5554 voluerit.
870 5499 923 5552 Si
957 5500 1033 5552 vis
1059 5496 1297 5550 invenire
1315 5496 1598 5568 terminum
1626 5514 1746 5566 pas-

179 5567 548 5630 chalem,vide
577 5578 822 5637 epactam
846 5568 912 5621 ad
966 5569 1133 5635 ipsum
1190 5567 1472 5618 terminum
1535 5570 1745 5635 paschae

180 5641 799 5706 respicientem:_quam
826 5637 871 5691 si
922 5638 1183 5693 minorem
1226 5638 1385 5703 quam
1436 5637 1740 5702 quindecim

181 5704 462 5771 iure..eris,
494 5704 699 5773 perﬁce
726 5704 775 5758 ei
804 5706 1049 5762 eumdem
1082 5720 1363 5773 numerum
1390 5721 1475 5765 xv,
1521 5721 1739 5771 compn-

181 5776 340 5833 tando
360 5778 427 5832 ab
454 5772 511 5830 xt
538 5772 763 5830 Kalend.
797 5772 961 5844 April.
986 5776 1113 5831 etin
1138 5788 1246 5846 quo
1261 5772 1579 5829 Kalend-ario
1603 5775 1615 5829 i
1640 5783 1740 5829 tem

1851 5098 2105 5137 numerus
2132 5082 2433 5149 completus
2458 5079 2637 5142 fuerit,
2665 5079 2853 5149 procul
2888 5081 3055 5137 dubio
3085 5082 3152 5137 ibi
3180 5084 3440 5138 terminus

1849 5151 2217 5218 crit.Qnando
2239 5162 2418 5206 autem
2451 5168 2518 5205 xv
2547 5153 2818 5207 inveneris
2837 5160 3084 5221 epactam
3118 5168 3186 5205 χιι
3208 5150 3432 5205 Kalend.

1846 5222 2018 5285 April.
2052 5222 2274 5277 habebis
2298 5222 2585 5275 terminum
2616 5221 2920 5290 paschalem
2949 5240 2963 5285 ;
2993 5223 3037 5290 si
3065 5235 3194 5274 vero
3242 5231 3431 5288 epacta

1846 5292 2020 5362 major
2070 5291 2233 5362 fuerit
2283 5305 2440 5357 quam
2484 5307 2572 5357 xv,
2617 5288 2828 5362 'perlice
2855 5288 3110 5362 eumdem
3153 5304 3434 5362 numerum

1846 5360 2311 5426 quadragesimum
2344 5357 2648 5425 quartum,'
2675 5357 3039 5428 computando
3068 5358 3317 5414 similiter
3366 5362 3435 5414 ab

1847 5425 2135 5482 undecimo
2168 5428 2391 5482 Kalend.
2423 5430 2591 5498 April.
2618 5439 2672 5484 et
2703 5431 2754 5482 in
2780 5425 2886 5496 quo
2942 5425 3268 5499 Kalendario
3321 5430 3437 5499 ipse

1852 5514 2107 5567 numerus
2138 5499 2297 5553 fuerit
2326 5499 2617 5567 perfectus,
2650 5499 2718 5551 ibi
2742 5498 2845 5567 erit
2890 5498 3171 5552 terminus.
3211 5498 3437 5565 Quando

1852 5577 2030 5620 autem
2058 5569 2199 5621 nulla
2224 5566 2604 5634 fueritepacta,
2628 5567 2695 5621 ab
2719 5566 3001 5621 undecimo
3022 5567 3245 5621 Kalend.
3262 5568 3433 5636 April.

1850 5651 2063 5703 semper
2094 5636 2508 5705 computandum
2552 5646 2657 5704 est,
2704 5638 2889 5693 donec,
2926 5637 3165 5692 decimus
3220 5640 3436 5705 quintus

1852 5722 2104 5763 numerus
2130 5708 2428 5778 expleatur,
2447 5707 2697 5765 videlicet
2718 5722 2889 5779 usque
2918 5707 2982 5762 ad
3003 5707 3137 5762 Non.
3158 5705 3326 5775 April.
