3842 6242
434 444 524 496 5H

934 434 1135 489 BEDIE
1183 431 1635 488 VENERABILIS
1675 427 1954 484 OPEllUM
1997 427 2013 481 l

2122 428 2172 482 LS
2214 427 2340 481 1.-
2373 424 2819 482 υΙῡΔΞΟΑῌϐᾹ
2865 425 3187 481 (ΞΕΝΗΙΝᾹ.

3492 466 3497 471 .
3578 423 3664 478 5P2

431 551 521 604 Sin
549 556 725 602 autem
757 546 1035 615 pauciores
1062 552 1187 598 sunt
1211 550 1435 613 epactaz,
1474 541 1706 594 dimittat
1734 553 1825 593 eas
1853 552 2001 592 cres-
2034 543 2081 601 Α
2109 537 2238 590 itum
2288 538 2356 591 de
2388 544 2561 592 morte
2598 538 2662 591 al
2702 536 2885 598 vitam,
2918 536 2986 591 de
3017 538 3367 605 corruptione
3404 537 3467 590 ad
3507 539 3659 593 incor-

431 654 554 692 crre
578 653 673 707 per
703 637 815 690 dies
845 650 1011 702 usque
1034 634 1157 688 dum
1186 644 1434 703 quartum
1458 632 1726 686 decimum
1756 628 2011 697 impleam

436 743 741 793 numerum,
766 735 819 781 et
849 726 918 779 ibi
946 740 1005 778 se
1035 725 1213 777 lunam
1237 724 1450 793 pascha:
1476 722 1736 775 decimam
1764 726 2009 787 quartam

432 821 631 873 habere
678 833 784 871 non
833 816 1060 869 dubitet.
1112 813 1280 867 Porro
1311 812 1490 881 plures
1519 810 1872 880 quindenario
1914 823 2010 859 nu—

436 927 587 964 mero
616 910 659 964 si
688 909 937 963 habuerit
978 915 1216 975 epactas,
1250 914 1303 958 et
1344 904 1443 956 bas
1492 916 1660 970 usque
1704 899 1770 952 ad
1807 898 2010 952 tricesi-

437 1018 583 1056 mum
616 1014 915 1062 numerum,
944 997 995 1050 id
1040 1005 1144 1061 est,
1179 996 1342 1064 ipsius
1371 994 1658 1045 terminum
1690 989 1890 1043 mensis
1920 1002 2015 1056 per

436 1095 549 1147 dies
575 1106 820 1147 crescere
858 1090 1018 1150 sinat,
1052 1096 1107 1141 et
1135 1088 1209 1140 sic
1236 1101 1263 1137 a
1296 1100 1434 1138 nova
1466 1084 1589 1137 luna
1621 1082 1898 1142 incho’ans,
1929 1086 2013 1130 at-

434 1200 541 1252 que
588 1197 757 1250 usque
788 1180 853 1234 ad
898 1180 1158 1233 decimam
1190 1185 1438 1245 quartam
1469 1190 1533 1226 ex
1582 1171 1769 1226 ordine
1798 1184 2017 1238 percnr-

435 1290 579 1337 rens,
605 1274 744 1327 diem
767 1272 903 1326 votis
930 1268 1273 1339 paschalibus
1302 1275 1483 1335 aptum
1514 1265 1611 1317 rite
1634 1262 1886 1331 reperiet.
1912 1258 2015 1314 Sed

436 1378 492 1418 et
542 1367 641 1419 hoc
680 1364 991 1421 notandum,
1027 1363 1150 1429 quia
1184 1360 1387 1412 decima
1420 1365 1607 1426 quarta
1650 1356 1771 1407 luna
1799 1354 1841 1408 si
1872 1367 2015 1407 com-

442 1456 617 1507 munis
647 1462 748 1517 est,
790 1467 958 1505 annus
988 1450 1054 1502 Si
1088 1450 1273 1501 diebus
1304 1449 1481 1516 prius;
1524 1446 1566 1497 si
1596 1460 1723 1496 vero
1764 1441 2015 1495 emboliso

436 1562 575 1609 mus,
610 1542 727 1597 XIX
753 1546 764 1572 ‘
795 1543 995 1595 tardius
1019 1557 1177 1609 titiam
1202 1539 1536 1609 pra‘cedente
1566 1551 1706 1588 anno
1732 1534 2017 1587 transierat

437 1649 650 1702 semper
680 1632 850 1686 redire
878 1632 1181 1695 consuevit,
1222 1636 1453 1696 excepto
1484 1641 1589 1679 uno
1618 1626 1879 1677 duntaxat
1910 1622 2016 1690 pri-

441 1740 529 1775 mo
572 1722 759 1775 circuli
790 1719 1240 1773 decennovcnalis
1270 1732 1431 1781 anno,
1466 1716 1516 1767 in
1546 1730 1653 1781 quo
1690 1722 1911 1782 propter
1940 1725 2020 1762 ra-

445 1813 646 1863 tionem
678 1811 842 1864 saltus
888 1792 1088 1861 lunaris
1121 1806 1207 1860 ΧΗ
1239 1806 1427 1859 diebus
1456 1804 1768 1857 annotinmn
1800 1814 2015 1854 cursum

441 1914 765 1968 prarcurrere
788 1899 945 1953 solet.
1434 1892 1438 1896 Α

1021 2025 1247 2079 CAPUT
1288 2024 1419 2077 LXI.

867 2127 939 2179 De
962 2129 1043 2180 die
1072 2128 1327 2180 dominico
1357 2124 1595 2178 Pasc/iw.

510 2240 752 2307 Septimo
781 2238 1229 2292 decennovenalis
1259 2236 1442 2291 circuli
1475 2237 1628 2303 titulo
1655 2236 1768 2291 dies
1800 2234 2017 2288 Pascha:

446 2330 757 2383 llominicus
787 2327 1280 2395 comprehenditur,
1322 2326 1413 2395 qui
1444 2328 1509 2379 de
1538 2326 1807 2379 dominica
1850 2322 2015 2379 nostri

443 2422 741 2475 Salvatoris
770 2422 1164 2475 resurrectione
1194 2435 1221 2471 a
1254 2417 1481 2472 mortuis
1513 2419 1791 2471 exordium
1822 2416 2013 2484 cmpit;

450 2529 571 2568 nam
600 2530 719 2567 cum
745 2514 796 2566 in
825 2513 1002 2565 Veteri
1026 2512 1369 2565 Testamento
1396 2511 1561 2567 tribus
1583 2517 2017 2578 argumentorum

448 2603 659 2656 indiciis
682 2602 928 2669 paschale
960 2610 1170 2667 tempus
1196 2600 1262 2651 sit
1296 2602 1315 2629 '
1354 2598 1629 2652 observari
1670 2605 2017 2667 pra‘ceptum,

447 2693 696 2746 videlicet
730 2700 786 2745 ut
818 2700 937 2759 post
966 2690 1365 2759 mquinoctium,
1419 2698 1475 2741 ut
1524 2705 1703 2742 mense
1744 2689 1937 2756 primo,
1967 2696 2022 2740 ut

452 2782 606 2835 tertia
652 2781 763 2848 ejus
811 2780 1131 2848 septimana,
1183 2780 1231 2832 id
1280 2788 1361 2833 est
1382 2779 1423 2842 ⁸,
1458 2793 1485 2831 a
1534 2793 1751 2847 vespera
1802 2777 2022 2831 decima:

447 2880 650 2939 quarta:
677 2871 837 2936 inme,
860 2886 929 2938 qu
955 2871 1000 2923 .d
1029 2882 1107 2923 est
1139 2870 1343 2923 initium
1371 2869 1586 2923 decima:
1614 2869 1832 2938 quint-ae,
1856 2882 2023 2936 usque

448 2962 545 3013 in"
592 2976 891 3028 vesperum,
946 2960 994 3013 id
1045 2970 1143 3022 est,
1193 2960 1473 3011 terminum
1526 2959 1791 3027 vigesima:
1841 2959 2024 3026 prima

447 3050 771 3113 celebretur,
818 3059 1008 3117 quarta
1063 3050 1114 3101 in
1162 3048 1399 3116 ejusdem
1438 3050 1813 3101 observatione
1842 3049 2021 3115 regula

450 3152 531 3195 est
564 3142 717 3196 nobis
759 3158 786 3195 a
828 3152 1069 3211 tempore
1100 3142 1380 3196 dominicae
1413 3142 1823 3195 resurrectionis
1852 3142 2021 3210 impo-

2111 629 2440 696 ruptioncm,
2473 628 2539 682 de
2566 642 2723 697 pretia
2752 627 2815 681 ad
2849 627 3101 695 gloriam,
3136 626 3466 695 resurgendo
3513 628 3662 683 facere

2112 718 2359 786 dignatus
2386 726 2488 785 est,
2520 726 2887 787 expectantes,
2937 718 2989 771 in
3042 732 3158 784 ipso
3190 716 3408 770 tandem
3451 733 3660 786 congrua

2114 806 2331 861 Paschu'
2354 808 2595 861 solennia
2624 806 2977 861 celebremus.
3002 806 3156 872 Quod
3188 805 3231 859 si
3260 806 3382 874 quis
3409 806 3660 874 objecerit,

2116 914 2223 952 non
2255 897 2559 965 a‘qninoctii
2596 896 2930 960 memoriam,
2958 895 3055 951 sed
3087 904 3293 949 tantum
3343 896 3497 964 primi
3534 912 3661 950 men-

2113 991 2185 1044 sis
2228 999 2281 1044 et
2326 990 2495 1043 tertia:
2544 990 2593 1042 in
2640 1003 2705 1043 eo
2746 988 3059 1057 septimana:
3098 985 3345 1055 posuisse
3392 984 3665 1053 legilerum,

2114 1080 2249 1132 sciat
2290 1078 2412 1143 quia
2459 1079 2556 1131 etsi
2606 1076 2983 1142 mininoctium
3030 1073 3349 1128 nominatim
3381 1088 3484 1127 non
3513 1076 3667 1142 expri~

2117 1168 2213 1218 mit
2236 1166 2277 1225 ⁸,
2312 1167 2417 1220 hoc
2447 1174 2626 1219 tamen
2657 1167 2772 1235 ipso
2797 1164 2938 1234 quod
2966 1180 2995 1218 a
3028 1163 3325 1233 plenilunio
3354 1163 3511 1231 primi
3536 1180 3666 1218 mea-

2116 1254 2189 1309 sis
2223 1253 2423 1309 Pascha
2458 1254 2761 1309 laciendum
2792 1253 3055 1324 prmcipit,
3080 1252 3386 1320 mquinoctii
3415 1262 3668 1306 transcen-

2118 1362 2234 1399 sum
2267 1345 2502 1413 plenaria
2530 1345 2737 1400 ratione
2762 1343 3047 1413 depromit,
3079 1343 3333 1411 quoniam
3362 1342 3559 1410 absque
3580 1343 3670 1397 ulla

2118 1436 2398 1489 dubietate
2419 1444 2633 1489 constat
2653 1450 2769 1488 eam
2789 1449 2906 1504 qua:
2930 1433 3099 1504 prima
3124 1432 3351 1486 transito
3369 1432 3671 1501 aequinoctio

2123 1527 2336 1595 plenum
2367 1541 2521 1579 suum
2552 1526 2767 1593 globum
2800 1524 3126 1590 ostenderit,
3155 1523 3311 1593 primi
3345 1523 3539 1577 mensis
3570 1523 3669 1576 eii-

2122 1626 2267 1671 stere
2297 1616 2496 1668 lunam.
2528 1614 2704 1681 Quotii
2724 1628 2893 1682 scrgo
2915 1615 3055 1669 diem
3085 1612 3420 1667 Dominicum
3448 1628 3565 1666 mox
3589 1613 3671 1667 ad-

2124 1716 2372 1760 ventante
2411 1705 2617 1759 decima
2645 1705 2825 1769 quinta
2868 1705 2992 1757 luna
3022 1704 3300 1767 habemus,
3350 1704 3421 1756 nil
3452 1712 3670 1757 nostrum

2123 1808 2330 1866 tempus
2361 1797 2609 1865 paschale
2640 1814 2667 1849 a
2698 1795 2851 1862 legali
2896 1794 3157 1856 dissonat,
3186 1796 3433 1863 quamvis
3461 1795 3575 1848 aliis
3597 1810 3671 1848 sae

2052 1884 2515 1943 liniamentorum
2562 1890 2849 1956 gen-ribus
2892 1887 3130 1956 ejusdem
3194 1886 3410 1955 pascha:
3452 1887 3668 1941 solennia

2120 1981 2367 2032 colimus.
2396 1978 2619 2043 Quoties
2643 1994 2766 2031 vero
2788 1978 3047 2043 secundo,
3070 1977 3153 2030 vel
3177 1977 3355 2041 tertio,
3377 1976 3666 2043 velquarto.

2121 2070 2201 2121 vel
2234 2071 2446 2134 quinto,
2479 2070 2561 2119 Vel
2594 2076 2768 2129 sexto,
2800 2067 2885 2119 vel
2919 2067 3150 2134 septimo
3180 2066 3247 2119 ab
3279 2067 3404 2121 hinc
3439 2067 3522 2119 die
3551 2066 3668 2119 idem

2122 2153 2428 2206 Durninicus
2456 2152 2773 2211 occurrerit,
2806 2166 2870 2204 ne
2891 2152 2969 2203 sic
3000 2150 3216 2217 quidem
3249 2150 3421 2217 legem
3450 2160 3539 2203 aut
3564 2166 3671 2219 pro-

2120 2246 2312 2313 phetas
2339 2242 2616 2307 solvimus,
2642 2245 2733 2297 sed
2762 2242 3083 2311 ivangelicze
3106 2243 3283 2312 potius
3313 2243 3496 2309 gratiae
3524 2257 3673 2294 sacra-

2121 2336 2316 2387 mentis
2353 2333 2706 2400 adimplemns
2734 2350 2746 2391 ;
2792 2334 2915 2399 quia
2958 2332 3099 2386 enim
3130 2342 3186 2386 et
3213 2331 3464 2386 Salvator
3490 2340 3671 2391 noster,

2120 2427 2259 2479 sicut
2304 2424 2653 2495 Theophilus,
2696 2424 2848 2491 cujus
2894 2438 3055 2491 supra
3100 2424 3343 2487 memini,
3376 2423 3674 2478 venerabilis

2123 2515 2455 2569 Alexandria:
2483 2516 2765 2583 episcopus
2794 2515 3002 2581 scribit,
3032 2514 3238 2569 decima
3266 2523 3454 2582 quarta
3481 2513 3673 2582 quidem

2124 2614 2207 2657 est
2239 2606 2464 2657 traditus
2514 2605 2659 2667 luna,
2702 2605 2804 2657 hoc
2850 2613 2951 2663 cst,
2984 2603 3169 2665 quinta
3209 2613 3334 2670 post
3380 2602 3673 2665 Sabbatum,

2124 2692 2329 2746 decima
2376 2693 2561 2760 quinta
2604 2701 2779 2744 autem
2825 2692 3132 2757 crucilixus,
3178 2691 3265 2746 die
3319 2693 3475 2746 tertia
3522 2707 3676 2746 resur-

2127 2784 2284 2845 rexit,
2320 2784 2421 2835 hoc
2449 2791 2554 2848 est,
2601 2783 2805 2835 decima
2854 2782 3081 2850 septima
3127 2782 3276 2848 luna,
3321 2798 3439 2849 qua:
3481 2794 3600 2837 tunc
3636 2782 3677 2834 in

2130 2872 2400 2924 Dominica
2437 2873 2524 2923 die
2556 2872 2765 2923 vidctur
2788 2871 3028 2937 inventa,
3064 2871 3219 2926 sicuti
3251 2880 3307 2925 et
3350 2886 3418 2925 ex
3459 2871 3675 2940 Evange-

2129 2961 2322 3012 liormn
2355 2961 2733 3013 observatione
2760 2961 3143 3028 comperimus.
3172 2959 3444 3015 Habemus
3471 2976 3595 3028 ergo
3612 2976 3677 3014 so-

2132 3051 2309 3103 latium
2352 3066 2458 3118 quo
2496 3059 2638 3103 recte
2683 3048 2857 3104 facere
2890 3049 3090 3104 Pascha
3122 3050 3409 3119 possimus,
3442 3053 3596 3104 etiam
3638 3052 3673 3102 si

2130 3140 2314 3196 dilatio
2338 3141 2495 3194 fuerit
2515 3152 2804 3196 consecuta
2828 3149 3051 3209 propter
3074 3141 3440 3195 incurrentem
3466 3140 3679 3195 accessi

450 3234 572 3303 sita,
628 3242 684 3283 ut
727 3248 846 3285 cum
897 3232 1223 3299 a'qninoctio
1272 3240 1588 3284 transcenso
1637 3232 1816 3284 lunam
1867 3230 2025 3301 primi
2055 3233 2100 3297 Β
2133 3238 2317 3295 tatem,
2351 3238 2407 3282 ut
2435 3230 2478 3282 si
2508 3230 2714 3284 decima
2743 3239 2931 3296 quarta
2962 3230 3119 3298 primi
3152 3232 3353 3285 mensis
3381 3231 3433 3284 in
3467 3231 3680 3285 Sabbato

452 3322 649 3374 tll“llSlS
672 3321 933 3374 decimam
957 3332 1199 3389 quartam
1228 3336 1451 3389 vespere
1475 3331 1650 3373 ortum
1682 3321 1854 3375 facere
1877 3321 2023 3375 vidc-

452 3411 636 3466 rinms,
670 3425 773 3461 non
804 3411 984 3462 statim
1018 3410 1080 3462 ad
1114 3410 1410 3463 faciendum
1438 3409 1640 3463 Pascha
1667 3411 2022 3479 prosiliamus,

451 3501 541 3553 sed
572 3500 901 3553 Dominicum
923 3501 1061 3555 diem
1086 3503 1105 3532 ⁸
1132 3518 1237 3571 quo
1263 3502 1373 3571 ipse
1398 3500 1623 3568 Pascha,
1650 3504 1698 3557 id
1730 3513 1832 3566 est,
1862 3510 2027 3555 trans-

2133 3319 2373 3373 evenerit
2403 3319 2549 3382 luna,
2591 3328 2681 3371 aut
2711 3319 2753 3372 si
2798 3319 2848 3371 in
2880 3319 2999 3373 aliis
3030 3328 3156 3374 ante
3191 3319 3484 3375 Sabbatum
3514 3321 3681 3375 diebus

2132 3410 2439 3475 septimana)
2505 3410 2776 3476 sequentis
2825 3410 3147 3477 acciderit’,
3200 3412 3319 3465 sine
3369 3412 3681 3466 dubitatione

2134 3496 2335 3552 Pascha
2358 3498 2708 3552 celebremus.
2742 3497 2799 3552 Si
2827 3513 2954 3553 vero
2983 3499 3037 3551 in
3065 3499 3405 3555 Dominicum
3437 3500 3681 3565 inciderit,

1660 3610 2045 3663 V.\ll|.-\NTES
2087 3609 2480 3662 LECTIONES.

526 3702 538 3727 ‘
600 3700 718 3749 \ild.
750 3700 921 3752 dii-bus
945 3701 1007 3753 tl.

523 3768 542 3797 ¹
588 3769 643 3831 ll,
670 3769 727 3831 (ἰ,
754 3770 823 3819 ob.
843 3785 1034 3822 eri-ure.

1336 3708 1355 3737 ³
1392 3702 1452 3765 (ἶ,
1480 3702 1546 3752 ad
1575 3716 1855 3762 vesperum.

1334 3778 1354 3807 ⁸
1394 3770 1432 3823 C
1444 3812 1457 3834 ,
1490 3787 1766 3837 vesperam.

2122 3700 2142 3729 ⁸
2184 3701 2243 3761 (ἶ,
2270 3700 2425 3762 quod.

2791 3699 2812 3730 ⁷
2854 3699 2894 3752 C
2923 3698 3122 3751 omittit
3151 3714 3178 3751 a
3210 3700 3375 3754 verbo
3402 3700 3510 3754 sine
3538 3703 3682 3768 u‘5que

2123 3769 2143 3798 ι
2183 3770 2319 3822 Adi].
2354 3770 2406 3819 in
2441 3770 2500 3832 ιι,
2532 3767 2592 3821 c.

2884 3769 2949 3821 ad
2972 3768 3232 3823 inciderit.

1708 3877 1989 3933 GLOSSAS
2030 3877 2113 3932 ET
2150 3877 2452 3930 SCIIOLIA.

1088 3983 1255 4021 CAPUT
1286 3984 1391 4021 LXI.

536 4038 681 4089 nato.
737 4036 940 4090 Butes.
988 4036 1229 4089 Gmssz.
1261 4067 1331 4076 —
1353 4038 1580 4104 Septimo
1612 4037 2035 4089 decennouenali:

460 4108 635 4158 circuli
666 4108 812 4159 titulo
840 4108 945 4159 dies
977 4106 1191 4157 Puscluc
1233 4105 1529 4158 Dominicus
1561 4107 2033 4173 comprehenditur,

457 4179 541 4244 qui
566 4177 627 4227 de
655 4174 922 4226 Dominica
951 4178 1109 4226 nostri
1135 4176 1418 4244 Saluatoris
1449 4177 1817 4227 resurrectione
1838 4192 1868 4226 α
1895 4193 2003 4226 mor

461 4249 561 4297 tuis
583 4245 849 4295 exodium
874 4246 1040 4311 cwpit.
1074 4244 1205 4307 Quia
1238 4243 1376 4295 enim
1416 4244 1664 4296 Salvator
1689 4254 1888 4304 noster,
1922 4245 2029 4295 sici-

464 4325 523 4365 nt
576 4313 939 4378 Theophilus,
986 4312 1136 4376 cujus
1180 4326 1340 4377 supra
1392 4312 1647 4371 memini,
1710 4312 2032 4364 venerabilis

466 4382 802 4435 Alexandria:
828 4384 1128 4449 episc0pus,
1157 4382 1361 4444 scribit,
1379 4380 1582 4433 decima
1608 4391 1795 4447 quarta
1816 4381 2030 4446 quidem

463 4464 546 4503 est
585 4451 809 4502 traditus
840 4453 985 4514 luna,
1036 4452 1139 4503 hoc
1184 4459 1287 4509 est,
1330 4450 1513 4515 quinta
1554 4458 1676 4514 post
1715 4450 2031 4513 Sabbatnm,

464 4520 673 4573 decima
712 4520 893 4585 quinta
944 4529 1119 4572 autem
1163 4519 1465 4579 cruciﬁxus,
1517 4518 1603 4569 die
1654 4518 1807 4569 tertia
1858 4532 2034 4570 resur-

469 4590 626 4650 rexit,
659 4587 763 4641 hoc
792 4598 873 4641 est
896 4588 1097 4641 decima
1127 4588 1349 4654 septima
1384 4590 1526 4649 luna,
1552 4602 1621 4654 qn
1641 4602 1669 4635 η
1697 4595 1819 4638 tunc
1852 4586 1901 4637 in
1928 4587 2032 4637 Do-

469 4660 661 4709 niinica
692 4658 776 4708 die
807 4659 1019 4710 videtur
1064 4660 1299 4720 inventa,
1339 4657 1493 4709 sicuti
1525 4666 1579 4708 et
1624 4656 2034 4721 Evangeliornm

470 4726 846 4777 observatione
894 4728 1272 4788 comperimus.
1308 4726 1588 4778 Malthmus
1619 4726 1689 4775 ita
1722 4724 1849 4775 dicit
1877 4743 1886 4773 :
1922 4722 2038 4775 Pri-

472 4812 554 4846 tua
580 4802 755 4846 autem
779 4810 1108 4861 azymorum,
1135 4803 1478 4848 accesserunt
1502 4792 1744 4861 discipuli
1770 4793 1834 4845 ad
1857 4791 2039 4845 Jesum

472 4864 710 4914 dicentes
736 4881 745 4912 :
779 4860 875 4915 Ubi
902 4863 980 4914 vis
1002 4878 1247 4929 paremus
1276 4864 1368 4916 tibi
1400 4862 1681 4917 comedere
1704 4860 1945 4915 Pascha?
1976 4864 2041 4913 At

474 4930 627 4982 Jesus
674 4932 845 4983 dixit:
894 4932 968 4982 lte
1016 4932 1067 4983 in
1115 4932 1383 4984 civitatem
1443 4932 1507 4982 ad
1554 4931 1872 4997 quemdam,
1932 4941 2037 4982 etc.

479 4999 685 5051 Marcus
708 5001 833 5051 dicit
861 5019 869 5050 :
904 4998 957 5049 Et
994 5000 1160 5065 prima
1193 5000 1279 5053 die
1309 5015 1617 5068 azymorum
1640 5040 1652 5059 ,
1686 4997 1900 5067 quando
1944 4997 2041 5050 Pa-

478 5069 603 5120 scha
629 5068 992 5124 immolabant.
1020 5070 1203 5120 dicunt
1225 5070 1269 5120 ei
1296 5069 1535 5134 discipuli
1566 5086 1577 5120 :
1606 5069 1721 5131 Quo
1752 5071 1830 5120 vis
1860 5083 2043 5120 camus

478 5148 532 5189 et
563 5152 810 5204 paremus
840 5137 930 5189 tibi
961 5145 1019 5189 ut
1049 5136 1333 5189 mandoces
1360 5136 1603 5189 Pascha?
1632 5138 1692 5188 Et
1720 5138 1879 5189 mittit
1908 5138 2043 5189 duos

477 5221 542 5257 ex
584 5206 857 5273 discipulis
884 5207 1010 5268 suis,
1044 5215 1139 5258 etc.
1173 5205 1564 5274 Hieronymus:
1612 5205 1785 5257 Prima
1830 5218 2043 5272 azymo-

478 5290 597 5327 rum
642 5275 844 5328 decima
893 5285 1080 5343 quarta
1130 5275 1216 5326 die
1264 5277 1458 5328 mensis
1488 5276 1641 5342 primi
1686 5283 1784 5336 est,
1818 5274 2046 5343 quando

481 5358 646 5410 agnus
669 5345 995 5409 immolatur,
1029 5354 1081 5397 et
1107 5344 1224 5395 luna
1254 5345 1557 5410 plenissima
1586 5352 1687 5407 est,
1722 5352 1774 5396 et
1807 5342 2042 5395 fermen-

482 5422 592 5465 tum
618 5413 874 5477 abjicitur.
906 5414 1042 5465 Beda
1067 5415 1292 5479 primum
1318 5410 1457 5464 diem
1481 5428 1786 5479 azymorum
1812 5412 1878 5463 Η
1904 5412 2043 5465 diem

480 5482 638 5547 primi
668 5484 862 5536 incisis
890 5484 1142 5549 appellat,
1169 5485 1383 5547 quan-lo
1412 5479 1671 5532 fermento
1705 5481 1915 5547 abjecto
1949 5482 2046 5532 im-

486 5550 707 5607 molare,
757 5551 807 5601 id
838 5561 937 5611 est,
971 5566 1161 5617 agnum
1194 5552 1462 5609 occidere.
1493 5550 1733 5603 solebant
1763 5549 1827 5600 ad
1859 5564 2045 5615 vespe-

486 5635 618 5670 ram.
640 5622 790 5683 Quod
810 5635 1083 5686 exponens
1103 5621 1392 5687 Apostolus
1419 5621 1493 5671 ait
1520 5638 1529 5669 ;
1568 5638 1584 5667 ι
1615 5617 1819 5671 Etenim
1846 5620 2043 5671 Pascha

488 5699 728 5740 nostrum
775 5689 1081 5741 immolatus
1110 5698 1192 5741 est
1231 5688 1525 5741 Christus.»
1559 5688 1807 5751 Quilicet
1834 5688 1921 5740 die
1962 5701 2045 5740 se—

486 5758 688 5821 queui,
725 5757 825 5809 hoc
863 5766 943 5809 est
982 5759 1185 5811 decima
1232 5760 1413 5823 quinta
1466 5757 1587 5808 luna
1626 5758 1694 5810 sit
1738 5756 2042 5817 crucitixus,

487 5824 584 5879 hac
618 5833 793 5880 tamen
840 5835 1012 5891 noete,
1048 5842 1150 5895 qua
1189 5839 1357 5894 agnus
1386 5825 1757 5881 immolabatur
1782 5834 1833 5878 et
1873 5824 2046 5879 carnis

2141 3966 2519 4036 sanguinisque
2538 3967 2657 4036 suis
2686 3966 2967 4036 discipulis
3014 3965 3229 4020 tradidit
3267 3967 3523 4036 mysteria
3561 3966 3682 4022 cele-

2141 4033 2447 4105 branda,et
2476 4050 2505 4086 a
2530 4033 2725 4088 Judazis
2753 4033 2928 4089 tentus
2951 4043 3003 4089 et
3031 4036 3247 4105 ligatus,
3278 4033 3445 4105 ipsius
3466 4036 3685 4105 immola-

2144 4103 2323 4162 ιίιιιιίς,
2374 4104 2474 4155 hoc
2513 4112 2617 4167 est,
2664 4104 2925 4172 passionis
2962 4103 3091 4157 sua!
3126 4104 3362 4158 sacravit
3405 4104 3681 4159 exordium.

2140 4171 2266 4225 Item
2295 4174 2501 4233 Marcus
2534 4172 2696 4225 dicit:
2737 4192 2753 4222 ι
2782 4172 2845 4225 Et
2874 4188 2996 4225 cum
3023 4173 3131 4240 jam
3160 4187 3284 4225 sero
3320 4182 3466 4226 esset
3506 4172 3681 4227 factum

2141 4243 2283 4305 (quia
2306 4251 2418 4293 erat
2448 4241 2746 4295 Parasceve
2771 4242 2911 4306 quod
2942 4252 3023 4293 est
3039 4250 3161 4294 ante
3178 4240 3525 4308 Sabbatum).
3558 4241 3680 4295 venit

2140 4310 2335 4377 Joseph
2386 4311 2453 4362 ab
2493 4310 2786 4363 Arimathia
2814 4348 2828 4371 ,
2862 4311 3053 4380 nobilis
3100 4310 3346 4380 decurio,
3386 4313 3479 4377 qui
3518 4321 3569 4365 et
3595 4310 3686 4380 ipse

2142 4387 2258 4431 erat
2286 4389 2604 4446 exspectans
2632 4392 2852 4445 regnum
2887 4378 2940 4446 [lo
2965 4379 3000 4441 i,
3030 4386 3084 4431 et
3110 4378 3373 4446 audacter
3400 4378 3686 4446 introiit—ad

2142 4444 2399 4509 Pilatum,
2422 4456 2475 4501 et
2500 4449 2652 4515 petiit
2674 4444 2869 4515 corpus
2896 4444 3072 4501 Jesu.»
3104 4445 3167 4499 Et
3199 4446 3369 4502 Lucas
3390 4450 3520 4502 dicit
3548 4466 3559 4501 :
3593 4466 3610 4499 ι
3636 4445 3687 4498 Ει

2142 4532 2266 4570 ecce
2292 4519 2371 4570 vir
2404 4519 2619 4584 nomine
2644 4516 2863 4583 Jmeph,
2896 4518 2985 4584 qui
3018 4525 3131 4569 erat
3157 4518 3401 4583 decurio,
3432 4519 3511 4571 vir
3540 4519 3687 4571 bonus

2141 4593 2195 4637 et
2236 4585 2427 4649 justus.
2480 4576 2575 4639 llic
2623 4602 2727 4637 non
2765 4576 3111 4639 consenserat
3139 4576 3465 4639 consilio'et
3506 4586 3688 4639 actibus

2140 4669 2352 4719 eorum,
2370 4655 2435 4706 ab
2462 4655 2753 4707 Arimathia
2769 4654 2990 4724 civitate
3009 4652 3225 4724 ludicre,
3244 4654 3343 4724 qui
3364 4654 3688 4724 exspectabat

2140 4731 2193 4775 et
2226 4726 2337 4791 ipse
2368 4739 2583 4790 regnum
2620 4724 2731 4775 Dei.
2768 4722 2863 4775 Hic
2893 4722 3117 4776 accessit
3145 4722 3211 4774 ad
3244 4720 3493 4787 Pilatum,
3534 4734 3587 4777 et
3612 4738 3687 4790 pe-

2143 4792 2221 4843 tiit
2250 4790 2457 4859 corpus
2485 4790 2629 4854 Jesu,
2662 4801 2715 4845 et
2757 4791 3056 4860 depositum
3107 4791 3333 4845 involvit
3376 4794 3614 4853 sindone,
3642 4798 3686 4841 et

2140 4862 2316 4926 posuit
2346 4877 2466 4913 eum
2515 4862 2565 4912 in
2608 4869 2956 4930 monument_o
3002 4860 3208 4923 exciso,
3239 4860 3448 4930 indan
3478 4861 3688 4915 nondum

2141 4931 2417 4993 quisquam
2449 4930 2653 4997 positus
2684 4929 2733 4981 lu
2757 4938 2873 4982 'rat.
2906 4927 2973 4982 Et
3001 4930 3115 4983 dies
3158 4937 3270 4982 erat
3310 4927 3621 4989 Parasceve,
3647 4935 3689 4977 et

2141 4998 2429 5068 Sabbaium
2454 5000 2818 5068 illucescebat.
2835 5018 2850 5048 ι
2871 4998 2963 5050 llis
2985 4998 3231 5068 igiturdii
3255 4998 3321 5051 tis
3345 5008 3564 5068 apparet
3583 4998 3686 5064 quia

2145 5067 2397 5137 [Dominus
2434 5078 2616 5121 noster
2650 5067 2803 5120 Jesus
2843 5068 3087 5121 Christus
3124 5067 3554 5137 decimaiquarta
3585 5068 3690 5119 luna

2145 5134 2238 5187 fuit
2269 5138 2509 5199 traditus,
2536 5137 2739 5191 decima
2771 5139 2959 5203 quinta
2988 5134 3297 5203 cruciﬁxus,
3326 5134 3535 5192 decima
3562 5140 3691 5189 sexta

2146 5204 2305 5268 iacuit
2337 5208 2386 5256 in
2417 5205 2688 5271 sepulcro.
2738 5216 2793 5257 et
2828 5206 3032 5259 decima
3073 5206 3299 5274 septima
3349 5203 3633 5259 resurrexit
3669 5215 3690 5274 ξ

2147 5275 2386 5327 .itortuis.
2438 5269 2702 5341 Quidquid
2742 5275 2915 5329 adhuc
2966 5276 3033 5328 de
3083 5269 3333 5344 praesenti
3382 5274 3613 5343 capitulo
3640 5269 3692 5344 ad

2143 5357 2246 5409 exp
2288 5346 2517 5397 nendum
2568 5340 2751 5407 restat,
2806 5345 3011 5399 scilicet
3051 5340 3119 5397 de
3158 5340 3517 5411 aequinoctio,
3560 5350 3611 5411 et
3641 5340 3695 5391 de

2145 5427 2325 5465 mense
2371 5413 2561 5477 primo,
2594 5428 2693 5465 nec
2726 5430 2832 5466 non
2883 5421 2937 5482 et
2958 5416 3124 5482 tertia
3172 5409 3471 5482 septimana
3499 5409 3695 5466 decima?

2144 5492 2347 5546 quarta:
2380 5482 2536 5544 Inlue,
2565 5482 2616 5533 in
2648 5490 2772 5534 ante
2797 5480 3129 5535 sufﬁcienter
3155 5480 3416 5534 invenies.

2216 5548 2397 5601 Primo
2435 5566 2605 5602 mense
2634 5550 2831 5602 decima
2861 5559 3048 5617 quarta
3087 5552 3169 5603 die
3211 5552 3405 5603 marsi:
3445 5546 3694 5605 comedetis

2143 5634 2344 5689 azyma.
2397 5618 2740 5671 Fermentnm
2770 5620 2960 5674 (ὲκεςο
3000 5619 3264 5673 vocabulo
3307 5620 3505 5673 dicitur
3533 5630 3694 5689 tyma;

2147 5690 2267 5757 inde
2293 5688 2479 5743 Latine
2502 5698 2725 5742 vocatur
2754 5704 2974 5757 azymus
2996 5689 3168 5757 panis,
3194 5689 3311 5742 sine
3341 5703 3517 5757 zyma,
3543 5688 3591 5743 id
3609 5694 3694 5747 εει.

2145 5756 2259 5811 sine
2288 5758 2547 5813 fermento
2577 5781 2583 5807 ~.
2618 5774 2648 5809 a
2678 5754 3396 5827 sine;—zyma,‘fermcntnml
