3842 6242
157 331 241 388 M3
1345 326 1431 380 DE
1470 325 1847 380 'I‘EMPORUM
1887 324 2207 380 RATIONE.

3293 336 3393 390 5H

151 450 272 501 omni
323 447 484 500 modo
540 447 594 500 in
644 447 998 516 scptitnauam
1039 460 1094 498 se
1121 453 1367 507 ,nentem,
1417 454 1474 497 ιιι
1521 443 1714 513 smpius
1744 447 1789 505 Α
1817 444 2038 583 parum
2067 443 2296 514 ejusdem
2344 446 2528 497 mensis
2557 445 2627 496 ad
2668 462 2960 514 vesperam;
3001 458 3189 516 septem
3220 452 3394 503 diebus

152 541 332 583 dictum
357 548 456 583 ρειι,
493 537 832 583 dim-rarum-
867 546 1081 583 ηΓιιΙιΙυΓ
1110 551 1202 583 eas
1230 551 1363 583 mtas
1395 536 1595 583 onerati
1626 551 1713 583 su-
1819 531 1895 583 [cr
1931 540 2177 583 tentatum
2229 546 2330 583 non
2375 532 2661 583 inrenictur
2689 534 2740 583 in
2770 533 3003 583 domibus
3047 538 3248 583 vestris-
3285 539 3388 583 tiu-

152 541 332 593 dictum
357 548 459 601 est,
493 537 833 599 (litteratoris,
867 546 1081 605 propter
1110 551 1202 589 eas
1230 551 1363 604 quas
1395 536 1595 604 przefati
1626 551 1713 590 su-

153 643 252 681 mus
275 643 487 681 causas.
523 625 621 680 His
652 640 786 693 ergo
814 624 1189 680 detnonsuatis
1218 631 1377 687 atque
1410 621 1711 690 patefactis,

153 718 241 772 hoc
273 719 429 771 etiam
459 714 914 770 considerandum
944 723 1042 777 est,
1075 712 1216 780 quod
1247 722 1302 766 et
1342 713 1426 764 lex
1469 711 1714 779 frequen-

156 823 225 865 ter
251 825 404 864 causa
437 809 783 863 necessitatis
812 823 904 862 eos
932 791 1018 873 qui
1047 808 1057 835 '
1093 805 1481 859 constrictione
1509 812 1714 869 tempo-

155 901 220 956 ris
243 901 460 969 quadam
511 911 618 953 non
663 906 955 968 potuerunt
996 897 1046 950 in
1089 897 1263 964 primo
1295 909 1478 947 mense
1508 891 1711 945 Pascha

156 991 427 1055 celebrare,
446 990 686 1044 secundo
710 988 848 1042 idem
867 988 1046 1041 facere
1066 987 1333 1055 pneeipit;
1361 984 1549 1038 melius
1571 998 1712 1036 enim

154 1093 225 1136 est
250 1083 297 1134 iu
326 1082 685 1135 necessitate!
713 1079 920 1147 positos
958 1076 1235 1146 Superiora
1269 1089 1428 1142 quam
1461 1072 1710 1126 inferiora

154 1170 345 1233 sectari,
377 1169 625 1237 quoniam
670 1167 924 1221 inferiora
972 1181 1001 1218 a
1037 1165 1402 1234 superioribus
1433 1161 1714 1217 continen-

158 1272 250 1319 tur.
279 1260 544 1328 superiora
577 1268 761 1311 autem
790 1257 856 1311 ab
889 1255 1126 1310 inferiori
1155 1269 1378 1308 nurnero
1411 1267 1513 1306 non
1547 1251 1715 1305 inclu-

155 1351 350 1412 duntur,
374 1351 495 1404 illud
523 1351 716 1403 iterum
740 1348 880 1416 quod
907 1347 1015 1415 jam
1047 1347 1326 1414 posuimus
1353 1344 1710 1407 declarautes,

155 1440 282 1508 quod
308 1440 536 1493 decimus
583 1454 845 1491 numerus
885 1452 1085 1489 nonum
1125 1436 1264 1488 intra
1311 1450 1370 1488 se
1415 1435 1710 1495 contineat,

158 1544 312 1581 nonus
342 1537 513 1580 autem
544 1527 814 1580 decimum
861 1525 1140 1579 c0ntinere
1190 1538 1294 1576 non
1339 1523 1527 1591 possit.
1558 1520 1712 1585 Quod

154 1621 192 1672 si
233 1619 312 1672 lex
339 1618 398 1670 ad
434 1619 731 1672 secundum
778 1632 1018 1670 mensem
1050 1615 1279 1668 transire
1321 1629 1418 1666 nos
1450 1611 1708 1680 μιιιιιςιμὶι,

155 1712 192 1762 si
218 1726 317 1762 non
347 1710 603 1778 possimus
635 1717 880 1761 sanctum
915 1706 1118 1759 Pascha
1154 1706 1327 1774 primo
1357 1719 1542 1756 mense
1571 1703 1712 1755 rele-

1816 531 2177 599 [erincntatnm
2229 546 2330 584 non
2375 532 2661 584 inrenictur
2689 534 2740 585 in
2770 533 3003 586 domibus
3047 538 3248 590 vestris.
3285 539 3388 590 Cn-

1810 620 1898 687 jus
1929 620 2083 688 primi
2114 620 2314 672 mensis
2343 631 2658 689 septemque
2688 623 2802 688 ejus
2845 623 3048 676 dierum
3081 640 3395 694 azymorum

1816 727 1957 764 nunc
1989 711 2167 778 regula
2203 713 2319 763 talis
2351 722 2454 779 est,
2497 724 2551 765 ut
2581 728 2697 781 qua'.
2730 724 2848 782 post
2888 718 3267 784 aequinoctium
3306 725 3398 772 de-

1814 802 1950 855 cima
1981 801 2164 869 quinta
2199 802 2320 853 luna
2352 804 2668 866 occurrerit,
2706 805 2860 874 primi
2897 808 3096 859 mensis
3138 807 3396 874 intelliga-

1817 900 1920 952 tur,
1967 902 2020 945 et
2064 891 2176 945 haec
2215 907 2592 960 quemcunque
2631 902 2835 962 septem
2876 895 3082 948 dierum
3121 911 3288 964 usque
3330 898 3397 950 ad

1817 983 2126 1037 vicesimum
2160 985 2388 1053 primum
2426 986 2761 1040 Dominicum
2804 988 3089 1056 acceperit,
3133 992 3398 1058 paschalis

1815 1073 1933 1128 festi
1961 1076 2168 1142 gaudiis
2188 1085 2368 1144 aptum
2394 1077 2653 1146 porrigat.
2679 1076 2832 1142 Quod
2858 1076 2977 1130 ideo
3003 1078 3159 1132 toties
3183 1087 3393 1148 repeto,

1815 1166 1936 1233 quia
1989 1163 2135 1219 fuere
2182 1166 2400 1234 quidam
2447 1168 2537 1235 qui
2585 1167 2920 1222 Dominicum
2973 1169 3191 1223 Pascha:
3229 1171 3396 1237 diem,

1815 1258 1960 1311 verbi
1992 1258 2183 1325 g'atia,
2213 1260 2444 1326 septimo
2469 1257 2826 1313 Calendarum
2855 1260 3115 1330 Aprilium
3141 1261 3248 1326 die,
3271 1261 3393 1315 luna

1814 1347 2064 1399 vicesima
2108 1356 2381 1413 notantes,
2426 1349 2704 1403 dicerent:
2742 1348 2807 1402 Et
2855 1351 2978 1417 quid
3025 1367 3249 1419 peccare
3299 1368 3396 1407 nos

1814 1439 2096 1493 ostenditis
2127 1439 2174 1491 in
2199 1441 2577 1494 constituendo
2604 1451 2846 1508 tempore
2875 1441 3108 1506 l’asehrc,
3135 1459 3254 1495 cum
3280 1443 3386 1495 nul-

1814 1529 1892 1580 lus
1933 1546 2166 1596 unquam
2217 1531 2518 1584 calculator
2564 1534 2792 1586 vtltuerit
2849 1534 3078 1602 septimo
3128 1535 3396 1587 Calendas

1812 1618 2021 1687 Apriles
2051 1619 2252 1673 Pascha
2283 1621 2545 1674 celebrari
2577 1639 2591 1688 ;
2621 1624 2869 1675 omnibus
2907 1637 3056 1689 mque
3086 1622 3392 1676 conﬁtenti-

1813 1710 1910 1762 bus
1950 1719 2074 1762 tunc
2101 1711 2480 1777 mquinoctium
2517 1726 2635 1766 esse
2668 1723 3054 1775 transcensum,
3091 1716 3265 1766 nullus
3297 1730 3392 1766 ne-

158 1800 306 1851 brare
349 1809 559 1867 prouter
597 1797 854 1866 quasdam
899 1797 1266 1858 necessitates,
1323 1810 1427 1847 non
1471 1795 1707 1860 intelligo
1743 1795 1782 1851 Β
1813 1801 2016 1866 gaverit
2047 1800 2224 1852 lunam
2258 1801 2567 1868 vigesimum
2602 1801 2880 1856 Dominico
2913 1805 3147 1872 paschali
3179 1809 3394 1871 aptam?

154 1905 236 1942 cur
272 1906 366 1941 nun
395 1889 471 1942 si’
497 1888 706 1943 decima
738 1899 929 1958 quarta
975 1888 1023 1940 in
1061 1888 1390 1940 Dominicum
1434 1886 1573 1939 dietn
1628 1886 1709 1938 in-

153 1982 357 2032 currerit
386 1981 523 2044 luna,
554 1981 604 2034 iu
638 1979 996 2048 septitnamm
1026 1975 1340 2044 sequentem
1375 1977 1704 2030 rationabili-

155 2079 224 2119 ter
249 2070 542 2123 dilationem
578 2068 795 2122 Pascha:
827 2067 1002 2120 facere
1032 2067 1345 2130 debeamus,
1373 2078 1623 2121 manente
1655 2076 1709 2120 et

154 2159 310 2225 primo
338 2175 512 2214 mense
543 2169 598 2213 et
627 2160 834 2214 decima
862 2160 1046 2229 quinta
1088 2159 1211 2212 luna
1242 2160 1290 2210 in
1330 2175 1432 2226 qua
1461 2158 1709 2212 Salvator

153 2250 413 2303 crucifixus
450 2259 551 2312 est,
602 2260 856 2304 manente
906 2252 1066 2302 etiam
1118 2259 1171 2301 et
1222 2252 1450 2318 septima
1499 2250 1706 2304 decima

152 2338 342 2400 quando
369 2348 482 2406 post
512 2340 746 2392 triduum
780 2340 1098 2393 resurrexit.
1137 2340 1234 2395 Ubi
1263 2350 1439 2393 autem
1476 2342 1705 2409 primum

159 2428 440 2485 Dominicus
481 2430 896 2484 resurrectionis
933 2429 1129 2482 Christi
1177 2429 1290 2483 dies
1331 2429 1512 2493 fuerit,
1562 2430 1709 2483 varie

152 2520 380 2584 refertur,
421 2529 474 2573 et
502 2520 744 2588 quidem,
800 2527 858 2572 ut
895 2533 1055 2587 supra
1103 2518 1544 2581 memoravimus,
1591 2517 1710 2586 qui-

150 2608 257 2658 dam
290 2608 388 2660 \‘lll
420 2608 776 2662 Calendarum
827 2609 1120 2676 Aprilium,
1159 2607 1253 2660 sed
1303 2608 1391 2660 alii
1439 2607 1524 2673 Vl,
1577 2622 1711 2660 nou-

152 2699 266 2750 nulli
290 2697 326 2750 ν
352 2699 698 2753 Calendarum
729 2701 1019 2753 earundem
1051 2700 1157 2762 die,
1191 2698 1256 2749 fui
1291 2715 1348 2751 se
1377 2707 1707 2752 asseverant.

154 2791 238 2844 l‘bi
268 2793 543 2845 notandum
577 2794 702 2861 quia
733 2793 775 2845 si
819 2803 1006 2844 octava
1037 2789 1390 2844 Calendarum
1439 2807 1710 2845 memora-

153 2897 326 2946 tarum,
357 2895 410 2937 ut
449 2886 784 2952 antiquiores
822 2885 1108 2951 scripsere,
1142 2884 1466 2937 resurrectio
1499 2883 1710 2936 Domini

153 2974 274 3027 facta
319 2985 414 3039 est,
460 2979 678 3046 quintus
725 2976 968 3045 profecto
1017 2976 1202 3030 circuli
1254 2976 1708 3030 decennovenalis

152 3076 265 3119 tunc
311 3068 556 3133 agebatur
605 3083 800 3132 annus,
856 3068 1058 3120 habens
1107 3077 1493 3122 concurrentes
1527 3067 1612 3119 V’ll
1654 3077 1707 3121 et

154 3155 313 3206 lunam
343 3155 595 3208 decimam
622 3166 893 3222 quartam,
925 3158 1062 3208 sicut
1104 3171 1314 3224 semper
1347 3157 1410 3209 XI
1446 3157 1705 3210 Calenda-

153 3263 254 3298 rum
301 3249 567 3316 Aprilium.
615 3248 671 3302 Si
723 3258 900 3302 autem
944 3249 1004 3302 Vl
1042 3250 1396 3303 Calendarum
1448 3252 1704 3320 Aprilium

154 3336 386 3392 luminas
418 3341 728 3406 resurrexit,
761 3342 948 3394 tertius
979 3340 1219 3395 decimus
1265 3343 1450 3396 circuli
1502 3344 1705 3413 prtel'ati

153 3445 306 3485 annus
334 3434 521 3498 extitit,
553 3433 591 3485 ν
632 3431 837 3485 habens
866 3441 1272 3494 concurrentes,
1314 3442 1369 3486 et
1408 3434 1586 3486 lunam
1617 3435 1707 3487 de-

151 3521 323 3572 cimam
355 3531 618 3591 quartam,
664 3531 721 3576 ιιι
750 3537 962 3588 semper
994 3537 1135 3574 nono
1164 3519 1517 3575 Calendarum
1549 3521 1706 3590 Apri-

151 3607 284 3662 lium.
318 3610 477 3664 Porro
517 3614 560 3665 si
593 3613 785 3679 quinto
825 3612 1178 3666 Calendarum
1227 3612 1705 3683 suprascriptarnnt

152 3701 451 3753 resurrectio
477 3701 745 3754 celebrata
795 3711 875 3755 est
917 3701 1113 3755 Christi
1139 3704 1181 3769 ‘,
1231 3703 1498 3757 secundus
1526 3703 1707 3757 circuli

151 3788 578 3843 deeeunovenalis
626 3791 869 3843 existens
910 3805 1081 3842 annus
1118 3801 1501 3844 concurrentes
1543 3792 1709 3844 habe-

151 3877 228 3929 hat
255 3888 488 3945 quartam
518 3888 571 3935 et
599 3880 780 3934 lunam
810 3880 1072 3933 decimam
1101 3889 1368 3948 quartam,
1400 3881 1541 3933 sicut
1571 3896 1704 3933 sem-

151 3982 234 4032 per
259 3979 442 4025 octavo
466 3971 821 4025 Calendarum
863 3970 1150 4039 Aprilium,
1181 3984 1299 4038 qua:
1327 3972 1345 3999 "
1386 3981 1590 4024 cunctte
1616 3970 1709 4024 de-

148 4060 282 4112 ciate
309 4063 544 4131 seminum
573 4064 739 4128 luam,
769 4063 821 4116 in
853 4078 956 4132 qua
987 4061 1072 4115 die
1100 4062 1374 4117 Dominica
1406 4063 1577 4132 prima
1617 4077 1706 4115 sa-

149 4162 422 4204 crosancta:
452 4156 867 4208 resurrectionis
897 4166 1022 4207 sunt
1068 4169 1186 4209 act-a
1227 4159 1505 4227 mysteria,
1550 4173 1709 4212 cursu

149 4240 432 4304 panduntur
452 4243 700 4298 indubia:
731 4251 936 4296 tantum
962 4244 1370 4313 diligentissime
1385 4247 1708 4310 cavendum,

149 4347 207 4383 ne
251 4333 381 4388 hanc
417 4337 621 4391 decima
667 4347 820 4392 sexta
853 4338 997 4401 luna,
1046 4349 1106 4391 ut
1154 4338 1392 4407 quidam,
1441 4346 1707 4407 patratam

148 4423 513 4490 conﬁrmando.
545 4444 653 4483 non
697 4429 872 4483 solum
902 4429 1208 4482 inevitabile
1249 4438 1445 4484 nostra:
1471 4429 1708 4482 calcula-

1812 1888 2016 1953 Quibus
2069 1891 2500 1957 respomlendum
2557 1892 2678 1959 quia
2741 1902 2794 1945 et
2849 1895 3080 1961 septimo
3134 1894 3394 1948 Calendas

1813 1979 2043 2047 Apriles,
2079 1981 2162 2031 ubi
2213 1981 2334 2032 luna
2381 1983 2709 2047 eongruerit,
2746 1992 2798 2033 et
2839 1983 2961 2035 luna
2997 1983 3271 2049 vigesima,
3305 1985 3393 2035 ubi

1810 2070 1923 2122 dies
1969 2080 2303 2136 opportunus
2343 2072 2602 2133 arriserit,
2655 2073 2978 2123 domEnieum
3035 2071 3233 2123 Pascha
3285 2073 3386 2124 rite

1811 2161 2136 2212 aclitahitnr.
2184 2161 2289 2213 Sed
2343 2161 2464 2229 quia
2518 2163 2663 2227 luna,
2695 2178 2813 2229 qua:
2860 2164 3089 2230 s‘ptiino
3130 2163 3394 2217 Calendas

1812 2253 2021 2319 Apriles
2053 2253 2139 2304 die
2174 2253 2264 2306 XX
2315 2262 2415 2313 est,
2463 2253 2814 2321 plenilunium
2848 2264 2972 2306 ante
3011 2254 3394 2319 asquinoetiutu

1812 2343 2019 2406 habuit,
2075 2360 2178 2396 non
2228 2345 2350 2396 licet
2403 2345 2522 2396 luna
2555 2345 2820 2396 existente
2869 2344 3115 2397 vici-sima
3169 2346 3394 2411 septima

1812 2424 2080 2487 Calendas
2107 2432 2314 2499 Apriles
2344 2432 2676 2485 Dominicum
2705 2432 2922 2486 Pascha:
2948 2434 3085 2486 diem
3110 2435 3392 2487 celebrari.

1812 2524 1941 2589 Qua:
1968 2539 2096 2576 vero
2122 2524 2171 2576 in
2197 2525 2547 2592 aequinocﬁo,
2581 2525 2661 2575 vtl
2690 2534 2808 2592 post
2835 2526 3213 2590 wquinuctium
3240 2526 3394 2591 plena

1812 2624 1912 2678 est,
1948 2632 2070 2668 mox
2121 2615 2208 2667 ubi
2253 2615 2560 2667 Dominicus
2603 2615 2774 2666 aderit
2819 2613 2950 2674 dies,
2985 2614 3178 2680 pascha
3225 2615 3394 2680 legiti-

1812 2722 1955 2759 mum
1989 2707 2156 2758 dabit.
2192 2706 2334 2758 Idem
2365 2720 2538 2768 error,
2588 2705 2776 2758 eadem
2809 2713 2890 2758 est
2933 2705 3237 2772 responsio,
3270 2719 3392 2756 cum

1813 2796 2092 2849 memorati
2138 2796 2496 2848 calculatotes
2541 2795 2824 2848 undecimo
2866 2794 3125 2848 Calendas
3160 2793 3387 2861 Apriles,

1813 2890 1934 2943 luna
1980 2890 2185 2942 decima
2238 2898 2412 2949 sexta,
2461 2889 2671 2941 decimo
2704 2888 2964 2941 Calendas
3005 2887 3232 2952 Apriles,
3267 2886 3388 2937 luna

1812 2980 2016 3033 decima
2057 2975 2326 3046 septima"
2363 2994 2503 3030 nono
2545 2977 2806 3030 Calenlas
2845 2978 3073 3044 Apriles,
3127 2978 3246 3028 luna
3296 2976 3391 3027 de-

1814 3072 1951 3125 cima
1983 3079 2199 3133 octava,
2227 3077 2417 3121 octavo
2453 3068 2714 3122 Calendas
2760 3067 2987 3136 Aptllt's,
3023 3067 3144 3119 luna
3185 3067 3389 3120 decima

1815 3177 1978 3222 nona,
1997 3162 2231 3230 septimo
2255 3160 2519 3215 Calcndas
2539 3159 2766 3226 Apriles,
2787 3159 2908 3210 luna
2937 3159 3212 3225 vigesima,
3241 3167 3392 3210 sexto

1812 3249 2076 3303 Calendas
2123 3250 2353 3318 Apriles,
2398 3249 2520 3302 luna
2566 3249 2819 3314 vigesima
2849 3249 3037 3316 prima,
3072 3248 3259 3313 quinto
3289 3247 3393 3298 Ca—

1813 3342 1998 3396 lenlas
2049 3342 2281 3409 Apriles,
2331 3342 2451 3392 lnna
2483 3340 2744 3410 vigesima
2785 3338 3044 3404 secunda,
3093 3339 3286 3406 pascha
3322 3337 3393 3390 fa-

1813 3432 2059 3485 ciendum
2094 3431 2410 3484 decernunt.
2459 3427 2709 3493 Quod-eo
2751 3430 2945 3497 Sa'pius
2991 3445 3130 3481 anno
3178 3427 3394 3488 faciunt,

1813 3539 1932 3577 cmn
1982 3525 2032 3576 in
2076 3522 2339 3576 Calendas
2379 3521 2659 3576 Jattttarias
2690 3523 2999 3589 vigesimum
3033 3523 3270 3590 quintam
3313 3522 3408 3572 ha-

1813 3615 2027 3667 buerint
2055 3613 2256 3665 lunam.
2281 3613 2413 3665 Cum
2445 3628 2571 3664 vero
2601 3613 2739 3665 hanc
2771 3614 2838 3665 ibi
2875 3613 3184 3678 vigesimam
3229 3610 3390 3676 septi-

1813 3721 1952 3758 mam
1983 3704 2288 3765 habuerint,
2322 3712 2446 3754 tune
2475 3702 2681 3766 longius
2707 3717 2734 3751 a
2762 3704 2987 3753 veritate
3011 3701 3244 3758 deviant,
3272 3699 3395 3766 quia

1813 3795 2062 3846 nimirum
2093 3793 2266 3860 primo
2316 3792 2513 3843 mensis
2542 3790 2802 3859 deputant
2851 3790 2917 3841 Ιιιι
2946 3806 3028 3841 am
3059 3807 3193 3856 qua»,
3239 3790 3397 3840 tertio

1811 3885 1990 3938 Nonas
2029 3883 2245 3935 Martias
2277 3890 2422 3945 nata,
2472 3881 2647 3935 triduo
2689 3883 2798 3935 fere.
2842 3892 2964 3933 ante
3013 3881 3394 3948 :t-quinoclium

1812 3976 1965 4044 plena
2022 3976 2254 4029 existere
2305 3981 2656 4026 monstratur.
2714 3971 2775 4023 Et
2847 3973 2967 4039 quia
3023 3973 3144 4024 luna
3189 3972 3395 4023 decium

1811 4068 2018 4134 quinta,
2049 4065 2254 4119 decima
2311 4073 2486 4126 sexta,
2519 4071 2572 4116 et
2603 4062 2806 4116 decima
2844 4063 3072 4130 septima
3117 4060 3254 4112 diem
3301 4075 3394 4126 pa-

1811 4158 1953 4212 scha:
1987 4157 2320 4209 Dominicum
2348 4153 2523 4208 facere
2559 4169 2662 4207 non
2691 4152 2853 4217 valet,
2888 4166 2952 4203 eo
2976 4150 3114 4216 quod
3143 4151 3236 4200 has
3265 4157 3395 4199 reta-

1813 4255 1891 4298 tes
1923 4244 2133 4298 decimo
2163 4254 2378 4310 quanto,
2413 4243 2622 4295 decimo
2650 4241 2828 4300 tertio,
2861 4251 2912 4291 et
2947 4237 3266 4291 duodecimo
3297 4237 3397 4289 Ca-

1813 4334 1996 4386 lendas
2027 4332 2236 4401 Apriles
2277 4331 2362 4384 die
2405 4332 2672 4396 tenuerit,
2717 4329 2958 4398 profecto
3013 4344 3111 4382 nee
3165 4329 3400 4396 reliquas

1813 4439 1939 4479 suas
1978 4433 2167 4479 tetates
2206 4424 2451 4494 quamvis
2486 4424 2866 4492 mquinoctium
2915 4433 3222 4491 sequentes,
3259 4424 3398 4488 ejus-

149 4517 294 4573 tionis
319 4519 669 4590 dispendium,
705 4521 796 4576 sed
844 4531 898 4576 et
933 4522 1305 4591 gravissimum
1337 4522 1614 4576 catholicae
1647 4523 1708 4572 li-
1737 4481 1789 4538 Β
1817 4517 1939 4572 dem
1991 4515 2278 4571 Dominica:
2320 4514 2731 4568 resurrectionis
2776 4514 3176 4573 convenientes,
3223 4521 3400 4580 potest

147 4601 221 4655 dei
251 4605 574 4662 iucurramus
606 4609 924 4677 perieulum.

719 4738 948 4792 CAPUT
980 4738 1132 4792 LX”.

638 4836 710 4892 De
737 4840 860 4891 (una
889 4838 1052 4908 ipsius
1082 4839 1202 4890 diei.

210 4945 393 5001 Ultima
444 4964 583 5018 smpe
634 4949 917 5005 memorati
964 4951 1152 5006 circuli
1208 4959 1348 5006 meta
1405 4950 1710 5020 panduntur

152 5036 273 5119 luna?
314 5041 566 5097 Dominici
611 5044 826 5112 paschae
864 5052 1086 5113 prepter
1129 5045 1424 5099 variantem
1471 5045 1709 5113 ejusdem

153 5125 392 5188 Dominici
417 5137 434 5164 ⁶
461 5149 743 5188 oceursum
774 5143 977 5202 septem
1007 5135 1213 5189 dierum
1237 5137 1442 5192 ambitu
1472 5137 1707 5199 inclusze,

152 5217 196 5270 ἱ]
216 5231 309 5285 θυι,
331 5240 359 5277 a
381 5226 590 5282 decimo
611 5228 802 5296 quinto
827 5241 994 5296 usque
1016 5227 1079 5279 ad
1101 5227 1418 5294 vigesimum
1443 5229 1670 5297 primum
1695 5244 1706 5278 :

150 5312 230 5374 qui
254 5327 347 5380 pro
371 5327 518 5373 certo
547 5321 660 5375 dies
683 5320 1010 5375 creberrima
1045 5319 1176 5387 legis
1203 5328 1330 5372 sunt
1360 5321 1712 5373 adnotatione

152 5403 358 5467 ιιιτιξιὶιί,
387 5409 596 5465 dicente
616 5413 846 5467 Domino
870 5431 882 5465 :
918 5411 1094 5466 Prima
1115 5427 1289 5464 mense
1305 5409 1504 5462 decima
1527 5427 1711 5480 quarta

153 5491 226 5544 die
250 5497 426 5548 meum
456 5503 732 5556 contetletis
754 5520 961 5574 azyma,
992 5519 1148 5568 usque
1172 5501 1237 5554 ad
1262 5503 1392 5554 diem
1418 5500 1712 5569 vigesimum

1820 4609 2051 4663 habere“
2076 4608 2351 4663 solenniis.

2380 4735 2607 4790 metu“
2643 4735 2827 4800 L.\'lll.,

2089 4835 2226 4901 Quid
2253 4839 2388 4890 inter
2418 4838 2610 4906 pascha
2639 4847 2683 4890 et
2716 4851 2899 4905 asyma
2940 4836 3110 4888 distet.

1889 4949 2226 5020 thuoniam
2258 4948 2324 5003 de
2338 4949 2553 5019 paschae
2571 4947 2954 5002 observatione
2982 4947 3254 5014 aliquanta
3281 4961 3401 5014 prr-

1818 5043 2155 5109 strinximus,
2187 5042 2348 5095 etiam
2397 5042 2499 5096 hoc
2535 5041 2782 5095 intimare
2811 5039 3040 5109 placuit,
3069 5037 3210 5104 quod
3246 5037 3396 5103 juxta

1821 5134 1952 5201 legis
1972 5134 2293 5201 scripturam
2323 5131 2425 5183 alia
2455 5130 2685 5199 paschae,
2715 5129 2818 5180 alia
2847 5127 3140 5180 solennitas
3171 5132 3251 5176 est
3273 5137 3399 5191 azy-

1818 5237 2052 5276 morum.
2082 5224 2193 5275 L‘na
2233 5221 2431 5288 quippe
2486 5219 2599 5272 dies
2633 5217 2877 5286 paschm,
2929 5217 2978 5268 id
3010 5224 3111 5277 est,
3142 5214 3400 5267 transitus

1818 5323 1921 5379 est,
1946 5322 2136 5380 quarta
2168 5313 2376 5366 decima
2431 5310 2682 5363 videlicet
2729 5309 2884 5378 primi
2919 5308 3140 5374 mensis,
3185 5308 3246 5360 ‘in
3293 5323 3396 5375 qua

1819 5415 2232 5476 vesperascente
2259 5419 2426 5473 agnus
2472 5404 2739 5458 immolari
2787 5403 2966 5470 jussus
3004 5410 3117 5465 est;
3167 5411 3218 5454 et
3275 5415 3393 5450 uno:

1822 5500 2069 5568 sequenti
2101 5507 2261 5554 nocte
2318 5498 2565 5551 transivit
2595 5495 2852 5549 Dominus
2889 5494 3261 5565 Egyptiorem
3293 5510 3384 5560 pri-

1302 5613 1599 5669 VARIANT
1610 5613 1692 5668 ES
1733 5613 2132 5668 LECTIUNES.
2174 5639 2176 5641 ν

895 5711 916 5737 ³
954 5707 1090 5760 Add.
1115 5707 1167 5761 in
1192 5707 1254 5762 C.

894 5775 914 5805 ⁸
951 5773 1017 5848 C,
1053 5778 1354 5832 secundum.

215 5701 232 5732 ³
269 5701 324 5760 ιτ,
349 5705 744 5758 constructione.

217 5762 235 5792 '
271 5772 341 5846 ε,
357 5776 552 5836 positis.

1539 5706 1558 5736 '
1600 5703 1659 5768 (ἶ,
1696 5713 1901 5757 cuncta.

1541 5777 1562 5808 '
1599 5778 1660 5844 C,
1689 5791 1911 5830 rursum.

2087 5707 2102 5734 ⁷
2146 5705 2184 5755 (2
2208 5702 2399 5755 omittit
2431 5718 2458 5755 a
2485 5703 2647 5757 verbo
2679 5719 2809 5757 nono
2849 5703 2911 5756 ad
2948 5701 3139 5755 decima
3174 5711 3371 5755 oclat'a.

2087 5776 2108 5806 ⁸
2149 5777 2210 5841 C,
2244 5775 2496 5841 sulennes.
