3842 6242
126 276 197 327 Tui

124 360 209 436 uim
232 382 478 451 mysterio
507 394 668 435 sacro
701 376 928 432 redolet.
964 374 1018 428 in
1043 374 1228 443 primis
1252 388 1479 439 namque
1499 372 1657 438 :cqui-
1692 376 1737 432 Α

124 474 322 528 noctium
353 469 653 537 transgredi
681 470 736 522 in
767 467 1041 522 dominicae
1068 464 1279 533 pascha:
1303 462 1665 516 celebratione

126 567 243 630 juxta
268 564 389 628 legis
415 561 635 613 decreta
666 570 935 618 curamus,
972 564 1027 607 ut
1078 552 1329 606 videlicet
1370 551 1666 605 solennitas

127 658 165 706 iu
208 671 300 720 qua
330 652 595 705 mediator
627 649 724 703 Dei
758 657 813 702 et
842 647 1139 710 hominum,
1172 644 1444 698 destructa
1505 653 1664 710 pote-

127 750 237 795 state
283 742 644 803 tenebrarum,
674 737 873 791 mundo
903 735 1036 790 lucis
1059 736 1162 788 iter
1217 734 1459 801 aperuit,
1506 732 1665 785 etiam

128 831 352 899 temporis
371 828 560 883 ordine
584 826 718 881 furis
743 826 870 895 quid
902 825 1044 878 intus
1072 822 1269 877 habeat
1304 820 1573 875 ostendat.
1606 818 1668 873 Et

128 933 220 987 qua:
246 918 391 972 nobis
408 926 623 970 atteram
646 914 993 969 beatitudinis
1018 913 1196 967 lumen
1228 912 1508 981 promittit,
1541 920 1666 963 tunc

129 1010 331 1063 maxime
354 1008 680 1071 celebretur,
711 1021 832 1061 cum
884 1005 1013 1059 solis
1053 1004 1237 1058 iumen
1280 1019 1461 1057 annuo
1506 1001 1669 1072 proli-

127 1098 248 1151 ciens
300 1098 649 1161 incremento,
681 1094 907 1162 primam
961 1092 1123 1147 sumit
1154 1092 1220 1145 de
1263 1093 1433 1146 noetis
1480 1091 1666 1143 umbra

128 1188 391 1240 victoriam.
418 1183 621 1238 Deinde
652 1198 891 1237 mensem
919 1184 1145 1252 primum
1172 1182 1298 1234 anni
1348 1182 1437 1243 qui
1468 1188 1521 1233 et
1554 1179 1663 1232 No-

130 1293 289 1330 Vul’llm
315 1286 549 1340 vocatur,
582 1276 635 1326 in
666 1288 774 1342 quo
801 1274 997 1342 pascha
1048 1272 1382 1326 celebremus
1437 1268 1666 1321 attendi-

132 1379 243 1416 mus.
270 1363 381 1431 lpse
403 1372 584 1417 autem
613 1370 697 1417 est
728 1361 925 1415 mensis
952 1361 1003 1413 in
1046 1375 1154 1429 quo
1183 1359 1407 1412 mundus
1431 1358 1529 1410 iste
1563 1356 1668 1409 for-

130 1464 297 1517 matus,
320 1454 555 1507 ethomo
588 1460 671 1506 est
702 1451 902 1519 primus
933 1451 985 1503 in
1022 1448 1252 1517 paradisi
1282 1448 1411 1501 sede
1440 1448 1665 1501 locatus.

130 1541 239 1604 Quia
287 1556 377 1609 per
403 1540 560 1607 hujus
590 1538 843 1608 mysteria
898 1536 1237 1591 solennitatis
1282 1536 1509 1603 primam
1571 1549 1669 1587 nos

128 1630 292 1683 stulam
330 1638 658 1697 recepturos,
695 1628 922 1696 primum
946 1640 1193 1693 superna:
1223 1625 1567 1678 beatitudinis
1594 1640 1671 1678 re-

1289 265 1372 318 ΜΞ
1414 265 1791 319 ἰἰελλιιιυιιωι
1836 265 2151 321 ΚΔΪΙΟᾸΕ.

3234 272 3339 325 MS

1768 371 1953 437 cmlos,
2002 374 2409 428 resurrectionis
2450 376 2888 444 aSCCilSiOﬂiStlllC
2929 377 3069 431 illius
3114 378 3338 445 gloriam

1770 460 2036 529 designet,
2068 475 2184 529 qua:
2215 463 2263 515 in
2296 478 2352 517 se
2382 465 2593 530 quidem
2630 466 2740 533 ipsa
2785 466 3183 539 ittux_perfecta
3218 483 3341 534 pro-

1769 549 1932 613 venit,
1979 552 2067 603 sed
2118 551 2169 603 in
2215 552 2390 604 animo
2423 552 2658 606 fidelium
2700 555 3016 621 quihusdam
3062 556 3194 610 lucis
3231 572 3341 610 suae

1770 638 2096 706 profectibus
2124 654 2289 708 usque
2318 641 2385 693 ad
2417 640 2574 695 linem
2620 643 2785 696 seculi
2825 658 3071 697 crescere
3114 660 3219 697 non
3248 645 3341 699 de-

1767 729 1913 781 si..it.
1949 727 2249 796 Resurgens
2276 730 2416 783 enim
2445 731 2701 785 Dominus
2727 747 2757 784 a
2788 733 3013 787 mortuis
3037 735 3210 801 primo
3231 736 3341 787 siu-

1767 819 1903 884 gulis
1950 832 2011 872 ac
2058 818 2212 883 binis,
2256 834 2317 873 ac
2354 820 2545 873 deinde
2590 822 2852 890 pluribus,
2899 824 3339 891 modoscptem.

1769 907 1929 960 modo
1961 907 2228 971 undecim,
2280 907 2441 962 modo
2471 909 2774 973 duodecim,
2825 910 2985 965 modo
3032 912 3148 979 plus
3177 928 3339 979 quam

1767 995 2071 1062 quingentis
2096 996 2346 1049 fratribus
2369 996 2545 1059 simul,
2570 997 2633 1049 ad
2662 999 2902 1050 ultimum
2932 1000 3204 1067 discipulis
3227 1018 3341 1051 otti-

1770 1086 1924 1139 nibus
1950 1088 2228 1154 apparuit;
2260 1088 2450 1156 quibus
2478 1089 2780 1142 videntibus
2810 1105 3129 1143 asceusurus
3159 1092 3210 1144 iu
3232 1107 3340 1144 ca:-

1770 1176 1897 1240 lum,
1932 1178 2180 1243 praecepit
2209 1192 2303 1249 eos
2334 1178 2886 1245 sum-dispensationis
2932 1196 3050 1233 esse
3093 1190 3255 1235 testes
3289 1184 3339 1234 ia

1768 1262 2117 1329 Hierusalem,
2142 1274 2195 1317 et
2227 1266 2275 1318 in
2308 1268 2449 1318 omni
2477 1265 2681 1331 Judcea,
2713 1280 2763 1321 et
2794 1270 3061 1333 Samaria,
3094 1280 3143 1323 et
3175 1288 3341 1340 usq-is

1768 1352 1832 1406 ad
1865 1352 2103 1405 ultimum
2136 1362 2309 1408 teme.
2347 1354 2411 1407 Et
2442 1356 2575 1408 bene
2606 1358 2727 1410 luna
2760 1375 2880 1410 cum
2908 1371 3121 1412 nostros
3149 1376 3342 1414 cresc-t

1767 1442 1832 1495 ad
1861 1442 2065 1506 oculos,
2094 1443 2345 1510 paulatim
2370 1459 2397 1496 a
2429 1445 2543 1498 sole
2572 1446 2801 1507 recedit;
2834 1462 2954 1501 cum
2988 1463 3115 1501 vero
3146 1449 3210 1501 ad
3233 1466 3339 1501 cu:—

1769 1535 1872 1600 los,
1901 1534 2116 1602 paribus
2143 1535 2208 1587 ad
2239 1549 2359 1587 eum
2392 1537 2586 1602 spaeiis
2614 1538 2767 1589 redit.
2797 1537 2909 1592 lioc
2932 1540 3073 1591 enim
3097 1541 3341 1607 estquod

1771 1622 1882 1691 ipse
1912 1624 2041 1676 dixit
2071 1642 2081 1675 :
2116 1622 2269 1677 Exivi
2297 1641 2326 1675 α
2354 1623 2531 1688 Patre,
2563 1636 2609 1679 et
2634 1628 2742 1678 vcni
2772 1629 2823 1679 iu
2847 1629 3126 1694 mundum;
3158 1635 3341 1681 iterum

128 1734 291 1785 gnum,
322 1733 349 1770 a
390 1733 491 1784 quo
523 1718 576 1770 in
637 1716 979 1783 longinquam
1021 1716 1293 1781 regionem
1318 1714 1664 1768 discessimus
1699 1703 1738 1759 Β
1768 1715 1995 1782 relinquo
2026 1714 2289 1779 mundum,
2315 1726 2362 1767 et
2390 1716 2519 1769 vado
2550 1718 2615 1767 ad
2636 1716 2863 1771 Putrem.
2888 1718 2954 1770 Et
2972 1720 3114 1786 quod
3139 1721 3203 1773 de
3227 1720 3341 1789 ipso

130 1824 211 1861 nos
237 1809 546 1875 repetituros
566 1820 687 1859 esse
709 1820 1005 1873 speramus.
1044 1803 1116 1856 De
1146 1804 1297 1871 cujus
1326 1805 1493 1872 gloria
1519 1804 1665 1870 regni

129 1898 287 1948 beatus
313 1896 580 1963 apostolus
603 1894 792 1948 Petrus
825 1911 836 1944 ;
871 1892 1032 1946 Cretas
1063 1903 1229 1943 autent
1260 1910 1439 1957 novos,
1474 1893 1662 1960 inquit,

126 1994 165 2033 et
185 1993 354 2035 terram
382 2000 582 2047 noram,
631 1992 679 2035 et
706 1983 962 2049 promissa
1012 1982 1172 2049 ipsius
1215 1991 1560 2048 expectamus,
1613 1982 1663 2032 iu

126 2073 279 2139 quibus
301 2075 497 2142 justitia
550 2074 769 2125 habitat.
810 2071 914 2126 Sed
947 2079 999 2125 et
1026 2069 1300 2124 Johanncs
1350 2070 1401 2123 in
1463 2071 1666 2138 Apoca-

127 2162 240 2227 lypsi
259 2176 348 2214 sua
373 2178 384 2213 :
411 2159 476 2213 Et
496 2161 631 2213 dixit
660 2162 743 2230 qui
784 2157 989 2212 sedebat
1015 2159 1063 2209 in
1091 2158 1271 2211 Νίνοηο
1306 2171 1322 2206 .·
1356 2154 1484 2208 Ecce
1532 2172 1664 2209 nova

124 2253 243 2315 {ario
266 2255 450 2306 omnia.
475 2252 679 2307 Deinde
706 2251 869 2305 etiam
926 2250 1139 2303 tertiam
1170 2250 1370 2303 mensis
1425 2247 1664 2315 ejusdem

122 2340 446 2407 septimanam
484 2341 535 2394 in
566 2340 764 2409 pascha
816 2338 1189 2405 observamus,
1244 2336 1387 2406 quod
1434 2352 1665 2391 resurre-

120 2430 290 2485 ctionis
310 2430 583 2485 dominica:
611 2429 822 2498 gaudiis
850 2429 1128 2498 aptissime
1148 2429 1413 2497 congruit.
1447 2428 1578 2494 Quia
1611 2440 1665 2483 et

120 2518 285 2573 cadem
314 2528 656 2574 sacrosancta
700 2520 817 2588 ejus
863 2518 1187 2574 resurrectio
1218 2519 1373 2571 tertia
1412 2518 1499 2572 die
1529 2516 1664 2572 facta

119 2615 205 2669 est,
261 2598 311 2661 et
341 2607 494 2662 tertio
551 2615 797 2677 tempore
830 2608 1018 2673 seculi,
1060 2607 1112 2661 id
1159 2615 1259 2671 est,
1306 2622 1426 2661 cum
1483 2608 1665 2674 gratiae

119 2697 327 2751 cmlestis
352 2696 583 2751 adventu
618 2704 729 2751 tota
758 2696 874 2763 ejus
904 2697 955 2750 in
978 2712 1142 2751 carne
1170 2697 1523 2765 dispensatio,
1544 2710 1663 2765 qua:

118 2800 199 2851 per
217 2787 614 2841 resurrectionis
667 2795 1039 2842 consummata
1067 2795 1149 2840 est
1167 2786 1414 2854 gloriam,
1460 2785 1660 2839 mundo

119 2880 362 2946 apparuit.
398 2878 572 2933 Prima
600 2880 767 2933 seculi
812 2893 1040 2947 namque
1064 2887 1304 2947 tempora
1349 2878 1468 2947 lege
1508 2889 1660 2931 natu-

120 2968 201 3020 rali
222 2984 309 3035 per
328 2979 523 3039 patres,
549 2970 727 3023 media
745 2970 863 3039 lege
883 2970 1104 3025 litterali
1123 2985 1218 3038 per
1235 2971 1540 3039 prophetas,
1566 2982 1660 3022 ex-
1689 3032 1723 3049 Α

118 3064 267 3110 trema
292 3038 607 3113 charismate
635 3038 897 3126 spirituali
937 3073 1034 3126 per
1071 3058 1305 3127 seipsum
1342 3058 1563 3111 veniens
1596 3056 1659 3110 il-
1687 3038 1727 3088 (λ

118 3145 319 3199 lustrare
346 3146 587 3213 dignatus
616 3156 720 3200 est.
739 3145 845 3200 Sed
865 3154 919 3200 et
940 3147 1053 3213 ipsa
1079 3155 1205 3201 tunc
1223 3146 1359 3200 luna:
1378 3147 1658 3201 conversio

115 3235 502 3300 pulcherrimum
526 3236 682 3290 nobis
701 3236 1021 3290 sacramenti
1044 3237 1274 3291 cmlestis
1293 3236 1657 3305 spectaculum

118 3324 325 3389 pratbct;
357 3340 586 3392 namque
617 3325 765 3391 luna,
789 3339 905 3392 quin
927 3324 1146 3378 rotundi
1176 3324 1314 3377 facta
1344 3324 1656 3389 schematis,

117 3411 263 3466 asole
306 3413 502 3476 lumen,
559 3422 618 3467 ut
646 3428 806 3480 supra
865 3413 1118 3477 diximus,
1169 3412 1379 3481 accipit,
1431 3413 1659 3479 ideoque

116 3513 305 3569 semper
325 3517 390 3556 ex
416 3502 638 3556 dimidio
668 3502 820 3566 orbe,
847 3515 1006 3571 quem
1060 3502 1124 3554 ad
1154 3502 1325 3556 solem
1354 3503 1536 3565 habet,
1572 3503 1654 3555 lu-

113 3589 215 3643 cida
258 3599 358 3658 est,
379 3605 449 3645 ex
486 3591 657 3646 altero
684 3602 865 3646 autem
897 3591 1120 3645 dimidio
1147 3606 1361 3661 semper
1398 3592 1654 3658 obscura,

114 3694 134 3725 1
163 3680 321 3747 prima
364 3698 527 3753 usque
579 3683 647 3737 ad
683 3682 771 3737 XV
802 3682 937 3738 lucis
988 3693 1319 3738 crementum
1363 3683 1428 3738 ad
1460 3694 1651 3749 terras,

112 3767 350 3825 defectum
376 3788 500 3827 vero
528 3772 697 3826 habet
720 3772 784 3825 ad
827 3772 1014 3826 caelos.
1067 3773 1111 3824 A
1157 3772 1247 3825 XV
1278 3780 1454 3826 autem
1487 3786 1657 3841 usque

114 3858 167 3910 ad
190 3861 515 3914 novissimam
546 3870 878 3916 crementum
918 3860 1157 3930 ejusdem
1195 3876 1302 3915 suae
1332 3861 1465 3916 lucis
1490 3876 1517 3914 a
1552 3871 1655 3913 ter—

114 3945 239 3999 renis
296 3961 581 4013 aversum,
629 3947 887 4018 paulatim
944 3947 1011 4001 ad
1059 3948 1294 4003 celestis
1346 3948 1651 4000 revertitur.

113 4030 228 4095 Quia
249 4035 487 4088 nimirum
520 4033 639 4103 ejus
662 4034 943 4091 conversio
965 4044 1116 4091 recte
1164 4034 1430 4103 paschalis
1477 4034 1654 4102 gaudii

114 4124 337 4189 mysteria
365 4126 555 4191 signat,
585 4126 781 4193 quibus
822 4141 1034 4179 omnem
1082 4126 1274 4179 ruentis
1298 4133 1496 4179 nostra)
1539 4126 1653 4192 glo-

113 4210 226 4260 riam
255 4226 282 4262 a
311 4213 603 4268 visibilibus
626 4224 873 4269 avertere
901 4215 1121 4278 deliciis,
1151 4213 1476 4283 caducisque
1504 4213 1654 4267 lavo-

113 4297 258 4364 ribus,
284 4308 437 4369 atque
464 4302 533 4356 ad
558 4303 729 4357 solam
754 4302 986 4358 cmlestis
1016 4304 1201 4370 gratiae
1228 4302 1397 4356 lucem
1421 4318 1646 4371 suspen—

110 4386 221 4440 dere
242 4392 647 4461 contemplanlo
672 4392 947 4447 docemur.
980 4391 1074 4445 Vel
1114 4393 1158 4447 si
1207 4400 1489 4462 utramque
1535 4394 1650 4461 ejus

112 4478 507 4535 'conversionem
532 4481 584 4536 in
604 4481 806 4536 bonum
829 4482 1062 4537 delectat
1082 4481 1442 4551 interpretari,
1461 4500 1649 4553 possu-

108 4578 209 4618 mus
246 4566 553 4637 intelligere,
583 4572 726 4640 quod
774 4586 1019 4625 crescens
1048 4571 1114 4625 ad
1157 4572 1343 4626 oculos
1385 4574 1648 4629 humanos

110 4652 266 4708 lumen
293 4656 426 4710 luna:
471 4660 726 4711 virtutum
771 4658 1013 4725 gratiam,
1063 4660 1255 4726 quibus
1300 4674 1564 4729 apparens
1593 4663 1645 4716 in
1709 4684 1715 4690 θ

106 4750 247 4792 carne
290 4741 538 4798 Dominus
585 4744 784 4797 mundo
823 4744 1013 4807 illuxit,
1047 4745 1298 4807 insinuet,
1346 4747 1413 4799 de
1455 4748 1647 4815 quibus

107 4824 320 4880 dicitur:
363 4828 430 4883 Et
461 4830 611 4885 Iesus
656 4832 956 4901 pro/Sciebat
998 4833 1250 4902 sapientia
1290 4843 1336 4886 et
1380 4846 1550 4901 celate,
1597 4852 1643 4888 et

107 4916 252 4975 gratia
280 4922 413 4985 apud
463 4922 625 4974 Deum
652 4933 701 4975 et
746 4923 997 4975 homines.
1044 4921 1371 4979 Recrescens
1403 4942 1530 4980 vero
1577 4928 1643 4979 ad

1771 1801 2048 1871 psalmus:
2082 1804 2122 1853 Α
2164 1818 2359 1855 summa
2407 1805 2532 1857 coelo
2570 1808 2792 1875 egressio
2836 1809 2965 1877 ejus,
3012 1819 3058 1860 et
3102 1825 3340 1863 occursus

1768 1891 1875 1957 eﬁrs
1904 1906 2059 1958 usque
2090 1891 2156 1941 ad
2194 1908 2442 1943 sumntum
2472 1895 2605 1961 ejus.
2636 1894 2771 1958 Quia
2802 1911 2929 1962 ergo
2971 1899 3091 1950 luna
3138 1915 3203 1951 eo
3234 1915 3341 1951 sua:

1769 1978 1900 2031 lucis
1930 1979 2279 2045 incremento,
2310 1980 2450 2047 quod
2480 1984 2665 2035 exiens
2708 1999 2734 2035 a
2767 1985 2881 2039 sole
2911 1986 2975 2038 ad
3006 2000 3217 2041 nosnos
3256 2004 3341 2041 re-

1769 2067 1931 2121 volvit
1959 2067 2195 2129 obtutus,
2226 2069 2438 2122 Domini
2466 2070 2749 2127 salvatoris
2780 2074 2827 2125 in
2854 2090 3042 2141 carne,
3076 2092 3244 2143 ‘llSqltC
3275 2078 3339 2129 ad

1768 2166 2004 2225 tempora
2036 2158 2293 2226 passionis
2339 2158 2635 2213 doctrinam
2668 2162 3003 2233 virtutesque
3050 2167 3337 2233 signiﬁcat,

1767 2261 1833 2300 eo
1857 2236 2034 2301 autem
2066 2253 2205 2313 quod
2233 2248 2297 2299 ad
2326 2248 2495 2301 solem
2526 2251 2743 2305 rediens
2773 2254 3029 2320 paulatim
3059 2256 3124 2308 ad
3158 2257 3340 2311 invisi—

1768 2336 1925 2389 bilem
1953 2335 2105 2390 nobis
2135 2336 2255 2389 εαξη
2285 2334 2473 2390 faciem
2502 2341 2789 2408 recolligit,
2822 2346 3233 2399 resurrectiotis
3278 2346 3339 2397 il-

1768 2423 1869 2475 lius
1898 2437 1960 2475 ac
1990 2424 2301 2491 posterioris
2329 2424 2509 2491 glorim
2548 2428 2803 2481 miracula
2849 2430 3202 2496 demonstrat,
3236 2449 3343 2487 me-

1769 2511 1869 2563 rito
1899 2526 1928 2564 a
1958 2511 2160 2565 decima
2193 2514 2373 2579 quinta
2399 2516 2662 2583 paschalis
2684 2523 2793 2571 voti
2821 2520 3028 2586 gaudiis
3058 2531 3179 2591 apta
3207 2538 3338 2591 pm»

1766 2602 2000 2655 dicatur.
2036 2601 2126 2655 llis
2171 2602 2382 2669 quidem
2420 2606 2687 2673 paschalis
2721 2611 2977 2675 temporis
3006 2626 3037 2663 a
3084 2611 3213 2679 lrgis
3240 2614 3338 2666 ob-

1766 2690 2067 2743 servatione
2088 2691 2311 2758 sumptis
2336 2691 2564 2757 indiciis,
2589 2692 2831 2749 hmredes
2854 2696 2986 2751 Novi
3011 2699 3337 2753 Testamenti

1766 2779 1924 2833 etiam
1955 2780 2092 2834 diem
2140 2780 2488 2846 Dominicam,
2528 2799 2686 2852 quam
2727 2786 3004 2853 Scriptura
3038 2807 3194 2844 unam
3230 2794 3339 2846 sive

1763 2869 1986 2938 primam
2016 2869 2232 2924 Sabbati
2265 2874 2626 2939 cognominat,
2678 2876 3051 2941 adnectimus;
3097 2895 3193 2931 nec
3236 2868 3338 2931 itu-

1765 2959 1974 3022 merito,
2007 2974 2124 3026 quae
2152 2968 2205 3011 et
2234 2960 2541 3013 conditione
2572 2963 2853 3029 primitivae
2887 2965 3018 3018 lucis
3046 2969 3337 3033 excellens,

1764 3059 1818 3102 et
1848 3048 2116 3118 triumpho
2143 3049 2424 3103 dominica:
2450 3054 2859 3107 resurrectionis
2890 3056 3131 3123 insignis,
3164 3067 3217 3110 rt
3242 3076 3338 3111 Ili)-

1764 3146 1871 3192 stra
1900 3153 2113 3206 quoque
2140 3139 2295 3193 nobis
2335 3142 2735 3196 resurrectione
2776 3154 2958 3199 manet
2995 3162 3210 3215 semper
3252 3166 3339 3202 ex-

1762 3228 2029 3296 optabilis.
2055 3228 2269 3296 Septem
2285 3243 2496 3297 quoque
2520 3230 2799 3299 dieslunaa,
2823 3236 2872 3287 id
2889 3245 2990 3302 est,
3014 3252 3042 3289 a
3068 3237 3158 3290 XV
3174 3255 3339 3307 usque

1762 3318 1827 3370 ad
1874 3317 1993 3370 XXI
2042 3333 2137 3387 per
2166 3333 2299 3387 quos
2342 3320 2527 3375 eadem
2562 3322 2837 3379 Dominica
2870 3331 3099 3383 naturali
3149 3333 3337 3386 ordine

1762 3406 2030 3476 discurrit,
2083 3412 2484 3466 universitatem
2526 3405 2801 3479 Ecclesidz,
2852 3433 2971 3486 qua:
3022 3434 3117 3487 per
3165 3429 3334 3475 totum

1761 3498 2013 3549 mundum
2039 3498 2376 3565 paschalibus
2405 3510 2488 3554 est
2514 3502 2789 3572 redempta
2822 3508 3113 3574 mysteriis,
3145 3522 3331 3577 aperte

1761 3586 2093 3641 denuntiant.
2124 3588 2254 3642 Nam
2285 3597 2338 3643 et
2366 3595 2671 3660 septenario
2693 3609 2834 3663 sccpe
2863 3612 3084 3651 numero
3111 3600 3331 3653 univero

1759 3677 1971 3729 sitatem
2000 3670 2275 3744 designare
2295 3678 2565 3748 Scriptura
2589 3686 2885 3738 consuevit.
2916 3684 3066 3740 Unde
3098 3690 3236 3753 quod
3260 3688 3334 3743 ait

1760 3762 2027 3831 Propheta
2055 3782 2069 3817 :
2100 3764 2301 3833 Septies
2332 3768 2385 3820 in
2417 3770 2499 3821 die
2524 3770 2726 3823 laudem
2756 3772 2868 3823 dixi
2895 3771 3002 3835 (ibi,
3037 3774 3109 3825 nil
3142 3775 3335 3828 melius

1758 3849 2073 3916 intelligitur
2111 3864 2269 3916 quam
2313 3853 2451 3919 quod
2483 3854 2607 3907 alibi
2651 3858 2761 3908 ait:
2801 3856 3019 3926 Semper
3063 3860 3176 3913 laus
3221 3862 3332 3929 ejus

1754 3938 1810 3991 in
1842 3953 1927 3991 ore
1958 3954 2086 3991 meo.
2120 3937 2186 3990 Et
2215 3942 2523 4007 specialiter
2566 3950 2730 3996 totam
2763 3946 3042 4000 catholicae
3074 3945 3331 4003 Ecclesia:

1756 4027 2142 4099 perfectionem
2174 4046 2239 4085 eo
2266 4029 2483 4099 figurari
2527 4032 2800 4091 Johannes
2844 4046 3091 4104 testatur,
3130 4040 3224 4109 qui
3261 4042 3330 4095 ad

1754 4127 1961 4187 septem
1991 4120 2129 4175 Asim
2155 4121 2397 4174 scribens
2442 4124 2716 4187 ecclesias,
2766 4128 3209 4198 universalis-per
3238 4145 3328 4182 or-

1755 4207 1875 4260 bem
1903 4205 2152 4262 Ecclesiae
2179 4210 2429 4277 mySIeria
2459 4210 2730 4277 patefecit.
2770 4212 2919 4267 Unde
2943 4226 2998 4269 et
3027 4233 3121 4284 per
3149 4218 3329 4271 omnia

1757 4310 1874 4361 qua:
1901 4295 2121 4364 singulis
2149 4304 2352 4364 septem
2383 4298 2567 4349 scribit
2598 4299 2959 4362 hortamenta,
2994 4304 3136 4356 hunc
3164 4306 3333 4358 versi-

1756 4386 1934 4440 culum
1963 4387 2202 4440 intexere
2228 4386 2433 4440 curavit
2464 4405 2476 4438 :
2513 4384 2611 4449 Qui
2641 4389 2789 4442 liabet
2821 4408 2969 4445 aures
3001 4395 3178 4447 audiat
3208 4398 3330 4465 quid

1754 4478 1962 4547 spiritus
1992 4477 2129 4529 dicat
2157 4476 2426 4543 Ecclesiis,
2454 4479 2596 4547 quod
2625 4481 2935 4535 unicuilibet
2964 4484 3195 4552 dixerat,
3228 4488 3328 4539 hoc

1755 4568 2001 4624 omnibus
2028 4581 2087 4621 se
2116 4566 2317 4621 dixisse
2342 4566 2513 4634 palam
2544 4570 2779 4635 probans
2803 4569 3073 4625 Eccleins.
3100 4574 3207 4627 Nec
3231 4575 3328 4625 mi-

1750 4673 1849 4711 nus
1868 4658 2030 4711 etiam
2050 4655 2305 4708 moralem
2326 4654 2479 4707 nobis
2498 4657 2878 4709 commendant
2904 4659 3175 4726 paschalia
3202 4670 3328 4713 tem-

1748 4760 1877 4815 pora
1903 4756 2137 4798 sensum.
2170 4742 2224 4794 ln
2254 4742 2466 4795 nomine
2495 4743 2709 4809 quidem
2743 4746 2972 4813 pascha},
3005 4755 3061 4799 ut
3084 4747 3152 4799 de
3184 4748 3324 4801 vitiis

1747 4834 1812 4888 ad
1842 4834 2067 4887 virtutes
2098 4830 2374 4885 transitum
2404 4832 2643 4898 quotidie
2684 4834 2941 4889 faciamus
2972 4836 3321 4904 Spiritnalem.

1746 4925 1806 4978 ln
1844 4935 2029 4975 mense
2053 4927 2232 4973 autem
2260 4917 2546 4985 Novorum,
2582 4921 2633 4974 in
2664 4938 2770 4990 quo
2802 4925 2968 4978 adulti
3000 4924 3201 4979 fruetus
3229 4925 3324 4977 ad-

1312 5034 1693 5091 VABIANTES
1736 5031 2140 5115 LECTIONES.

168 5118 182 5147 '
215 5116 274 5183 C,
297 5123 750 5176 conuersationem-

1308 5211 1593 5268 GLOSSJS
1638 5215 1720 5269 ΕΤ

106 5315 267 5382 tertio,
292 5329 351 5373 ut
388 5323 711 5376 resurrectio
740 5322 827 5376 die
864 5322 1021 5374 tertio
1052 5320 1207 5386 facta,
1240 5332 1297 5375 et
1327 5326 1482 5379 tertio
1514 5335 1644 5377 tem-

106 5400 222 5449 pore
239 5388 437 5458 saeculi,
462 5390 516 5443 id
544 5399 647 5455 est,
674 5391 774 5444 sub
798 5390 968 5458 gratia
997 5391 1497 5455 manifestatucum
1532 5394 1642 5458 jam

106 5462 217 5506 ante
239 5454 404 5528 legem
426 5469 487 5511 .et
532 5454 638 5511 sub
675 5454 883 5524 lege—in
934 5461 1246 5528 prophetico
1286 5454 1475 5514 lateret
1502 5454 1644 5515 mni-

108 5530 285 5587 ginate,
322 5526 373 5577 in
403 5529 556 5581 tertia
605 5528 742 5579 luna:
771 5526 1064 5594 septimana
1088 5539 1405 5593 veneretur;
1431 5536 1551 5583 etim
1595 5541 1650 5584 et

110 5596 208 5659 ipsa
233 5599 349 5648 tunc
381 5598 515 5649 lunae
544 5597 824 5652 conversio
855 5600 1045 5661 metuis
1072 5598 1293 5667 gloriam
1325 5598 1390 5651 de
1421 5600 1650 5654 terrenis

1761 5212 2072 5269 SCIIOLIA.

1754 5326 1816 5378 ad
1847 5324 2119 5380 ctelestem
2161 5325 2351 5378 doceat
2382 5328 2571 5380 mutari
2613 5328 2929 5387 contuitum,
2964 5334 3123 5393 atque
3153 5327 3218 5380 ad
3253 5326 3325 5380 ul-

1755 5398 1959 5457 timum,
1992 5402 2047 5446 ut
2075 5394 2188 5463 dies
2211 5394 2481 5447 Dominica
2506 5396 2815 5449 conditimie
2843 5395 2975 5447 lucis
3002 5397 3239 5463 insigni-3
3270 5404 3319 5449 et

1756 5474 1805 5516 tr
1829 5463 2029 5529 umpho
2072 5461 2268 5531 Christi
2299 5464 2618 5520 veneranda,
2654 5470 2837 5514 nostra
2884 5461 3325 5531 QIIOQUCVI‘CSIIT-

1755 5532 1991 5586 rectione
2023 5530 2172 5584 nobis
2201 5531 2522 5597 exoptabilis
2553 5532 2602 5583 in
2637 5530 2951 5584 memoriam
2987 5530 3285 5586 revocetur.
