3842 6242
511 389 612 443 519

969 382 1170 438 ΒΕΒίΕ
1213 376 1662 436 VENEliABILlS
1699 371 1975 430 OPERUM
2019 375 2088 428 ΡΑ

2234 375 2271 428 Ι.
2305 403 2369 412 -
2399 367 2844 428 DIDASCALICA
2884 367 3205 424 CENUINA.
3625 366 3706 423 531

513 501 670 545 vrn'u
724 505 820 544 suo
875 491 1231 560 pronunciant
1282 497 1521 541 veterum
1579 487 1932 540 cessatio-tem
1955 525 1968 545 ,
2020 493 2074 534 ut
2109 487 2149 544 Α
2180 497 2275 550 per
2305 483 2530 535 invicem
2561 481 2720 535 solari
2752 496 2815 534 ac
2841 480 3012 532 lunari
3042 479 3216 548 cyclo,
3250 475 3488 531 DXXXll
3515 474 3705 529 counci-

513 590 768 633 exuentes
795 590 1029 633 veterem
1061 579 1328 632 hominem
1359 592 1478 630 cum
1509 577 1717 628 actibus
1745 575 1881 641 ejus,
1914 589 2073 625 reno-

515 683 698 720 ventur
719 668 904 736 spiritu
927 668 1120 721 mentis
1141 676 1358 731 nostra»,
1382 674 1435 717 et
1462 665 1740 717 induamus
1763 679 1954 716 novum
1982 663 2080 715 Ιιοη

515 758 711 808 minem
737 757 848 822 qui,
879 764 932 808 et
957 765 1167 808 ctetera.
1202 753 1265 805 Et
1293 762 1347 804 ut
1376 753 1605 819 vegetati
1629 751 1952 804 diversarum
1982 765 2076 801 va-

511 848 704 900 rietate
733 847 1008 909 virtutum,
1053 859 1344 912 earumque
1385 843 1522 896 foliis
1551 843 1713 895 veluti
1745 856 1963 896 amoena:
1993 857 2078 893 ar-

515 935 656 987 boris
687 935 1092 998 adttmbratione
1120 933 1305 996 velati,
1337 941 1587 1000 tanquam
1621 931 1753 983 lmta:
1782 937 1942 996 atque
1969 927 1994 980 l‘
2018 943 2080 981 u-

513 1023 711 1077 ctifcra:
732 1031 941 1090 segetes
965 1022 1285 1091 pullulemus
1308 1021 1360 1074 in
1386 1020 1700 1089 plenilttnio,
1717 1025 1772 1071 ut
1788 1018 2078 1088 perfectum

514 1112 851 1179 splendorem
882 1110 1001 1163 ﬁdei
1031 1118 1087 1164 et
1113 1124 1300 1164 sensus
1323 1120 1586 1178 gerentes,
1619 1127 1647 1164 a
1688 1110 1890 1179 peccati
1927 1118 2077 1162 tene-

517 1201 627 1253 bris
662 1212 1023 1267 segregemur.
1062 1198 1118 1251 In
1165 1213 1376 1252 reversa
1420 1199 1607 1252 eadem
1649 1200 1768 1253 luce
1814 1199 1982 1251 lunari
2014 1199 2078 1250 ad

521 1288 713 1354 cmlos,
749 1287 891 1356 quod
923 1302 953 1340 a
996 1287 1180 1355 quinta
1221 1287 1424 1341 decima
1466 1287 1590 1340 luna
1629 1286 1744 1340 ﬁeri
1792 1287 1997 1355 incipit,
2028 1295 2082 1337 nt

521 1391 722 1447 quanto
752 1378 928 1445 magni
958 1392 1140 1431 sumus
1162 1376 1575 1430 humiliemurin
1604 1377 1868 1438 omnibus,
1901 1375 2083 1430 dicen-

519 1479 600 1521 tes
627 1483 745 1521 cum
791 1467 1047 1536 Apostolo
1078 1467 1270 1534 singuli
1302 1484 1315 1517 :
1349 1466 1532 1520 Gratia
1561 1475 1733 1518 autem
1769 1464 1862 1519 Dei
1893 1483 2002 1518 sum
2029 1466 2084 1517 id

517 1559 649 1628 quod
679 1571 807 1610 sum.
835 1556 964 1622 Quae
988 1556 1228 1624 profecto
1250 1558 1419 1624 gratia
1443 1557 1677 1609 muneris
1699 1556 1935 1625 superni,
1959 1556 2082 1622 quia

520 1648 678 1700 tertio
704 1657 947 1716 tempore
975 1646 1141 1701 seculi
1167 1646 1494 1700 manifestius
1515 1645 1678 1700 ell'usa
1700 1654 1800 1709 est,
1834 1646 2083 1714 pulcher-

520 1739 652 1790 rima
680 1738 963 1806 ﬁgurarum
992 1736 1376 1803 consequentia
1396 1736 1552 1788 tertia
1574 1736 1712 1788 luna:
1734 1735 2082 1798 hebdomade,

527 1827 704 1877 lumen
754 1825 916 1894 ipsius
957 1824 1101 1892 quod
1146 1832 1369 1877 eatenus
1416 1823 1482 1876 ad
1520 1830 1687 1876 terras
1725 1831 1984 1884 creverat,
2021 1823 2086 1874 ad
2117 1806 2160 1864 Β

519 1915 758 1967 cmlestia
790 1915 896 1978 jam
938 1928 1183 1966 crescere
1214 1913 1446 1976 inchoat,
1481 1913 1701 1981 pulchre
1731 1913 1868 1965 hanc
1907 1914 1959 1965 in
1985 1927 2089 1979 pa~

521 2003 646 2054 selia
681 2002 965 2053 observare
993 2001 1350 2068 prmeipimur,
1383 2009 1444 2052 ut
1487 2000 1670 2065 gratia:
1698 2013 1859 2066 quam
1893 2015 1934 2051 at
1957 1999 2088 2066 cipi-

522 2105 639 2140 tnns
671 2103 939 2154 nunquam
970 2088 1144 2151 obliti,
1177 2103 1271 2155 per
1299 2087 1534 2152 singdos
1576 2085 1769 2153 gradus
1797 2087 2087 2154 Spiritualis

521 2178 775 2231 transitus
809 2176 1045 2243 largitori
1088 2176 1228 2229 illius
1259 2175 1556 2228 obediendo
1591 2175 1759 2227 vicem
1795 2173 2089 2241 rependere

525 2267 961 2330 meminerimus;
1010 2265 1095 2318 vel
1143 2273 1306 2327 certe,
1359 2265 1690 2317 increscente
1738 2261 1805 2315 ad
1849 2263 2090 2316 homines

523 2357 666 2416 luna,
706 2355 827 2406 vitae
859 2354 1010 2406 nobis
1050 2353 1254 2416 activae,
1289 2353 1341 2405 in
1378 2367 1590 2405 reversa
1638 2367 1766 2405 vero
1809 2352 1875 2404 ad
1925 2352 2090 2406 caelos

522 2445 864 2509 specu'ativa:
895 2452 1049 2511 typus
1079 2441 1397 2496 ostenditur.
1430 2440 1522 2494 Vel
1555 2443 1609 2494 in
1641 2441 1740 2495 hac
1782 2441 1936 2495 nobis
1959 2457 2090 2496 eon-

529 2533 774 2585 versione
803 2531 1019 2584 dilectio
1053 2530 1304 2598 proximi,
1336 2530 1386 2582 in
1415 2530 1504 2582 illa
1532 2529 1696 2584 nostri
1725 2529 1967 2597 signatur
1992 2545 2090 2583 au-

524 2625 705 2678 ctoris.
745 2624 849 2675 Aut
886 2624 990 2676 huc
1032 2636 1322 2676 conversus
1371 2620 1500 2674 lucis
1545 2619 1658 2687 ejus
1703 2619 1992 2690 profectus,
2034 2630 2093 2674 ut

528 2715 666 2766 bona
700 2713 826 2767 foris
852 2727 1136 2782 operemur
1160 2711 1432 2773 admonet,
1463 2725 1623 2778 porro
1651 2710 1797 2777 illuc,
1827 2719 1884 2764 ut
1906 2710 2090 2764 eadem

526 2805 666 2856 bona
697 2818 861 2870 opera
893 2801 1010 2855 solo
1039 2816 1282 2870 supernae
1313 2800 1572 2854 mercedis
1601 2801 1790 2854 intuitu
1820 2814 2087 2868 geramus.

527 2890 662 2952 lluc,
697 2901 748 2942 ut
783 2891 962 2944 luceat
991 2891 1080 2942 lux
1119 2898 1297 2944 nostra
1345 2903 1526 2943 coram
1565 2890 1884 2954 hominibus,
1931 2898 1986 2943 et
2015 2892 2092 2944 vi-

527 2985 690 3036 deant
730 2984 869 3036 bona
916 2991 1096 3035 nostra
1147 2997 1332 3050 opera,
1366 2982 1510 3043 illuc,
1543 2990 1603 3035 ut
1646 2982 1943 3049 gloriﬁcent
1985 2981 2091 3036 Pa-

525 3083 661 3126 trem
696 3082 935 3126 nostrum
966 3075 1054 3138 qui
1087 3073 1136 3125 in
1170 3073 1318 3126 cmlis
1346 3081 1444 3127 est.
1475 3072 1532 3125 ltt
1576 3087 1678 3125 una
1707 3071 1945 3140 Sabbati,
1973 3089 2091 3142 quae

2178 579 2262 622 tur
2290 570 2461 622 annis.
2495 570 2618 623 Sive
2649 570 2789 622 enim
2828 569 3010 622 de.ies
3038 569 3222 622 novies
3257 566 3430 620 viceni
3457 575 3510 620 et
3537 566 3706 628 octoni,

2177 675 2272 713 seu
2299 661 2462 714 vicies
2504 669 2557 713 et
2597 661 2765 713 octies
2794 659 2918 712 deni
2957 672 3021 712 ac
3063 657 3256 712 noveni
3305 655 3708 723 multiplicemur,

2177 750 2414 805 DXXXII
2440 765 2714 803 numerum
2741 748 3027 818 complent.
3059 746 3209 801 Unde
3237 747 3296 798 lit
3317 753 3374 797 ut
3403 744 3535 797 idem
3562 744 3710 796 circu-

2179 841 2259 895 lus
2301 855 2526 908 magnus
2571 839 3035 905 decennovenalis,
3066 838 3203 910 luue
3239 835 3466 890 circulos
3508 832 3712 896 XXVI",

2177 931 2305 982 solis
2335 937 2534 991 autem,
2562 929 2651 996 qui
2679 928 2879 981 vicenis
2906 927 3222 993 octonisque
3265 924 3616 978 consummari
3642 936 3714 974 so-

2180 1019 2290 1073 lent
2319 1021 2490 1081 anuis,
2527 1020 2567 1073 X
2598 1027 2654 1074 et
2680 1019 2752 1072 1x
2781 1017 2977 1071 habeat
3003 1015 3252 1076 circulos,
3284 1015 3542 1068 bissextos
3565 1011 3714 1063 decies

2181 1113 2363 1165 novies
2391 1120 2664 1179 septenos,
2688 1109 2738 1163 id
2759 1119 2862 1175 εει,
2891 1105 3170 1169 CXXXIII,
3192 1103 3531 1157 embolismos
3558 1096 3710 1154 CXCV

2182 1218 2390 1256 nienses
2435 1201 2679 1262 solares.
2731 1199 2899 1252 vicies
2943 1197 3110 1251 octies
3161 1191 3494 1257 CCXXVlll,
3543 1190 3592 1243 id
3631 1198 3713 1252 est,

2183 1286 2774 1352 VIM,CCCLXX.\'IIII,
2832 1299 3041 1339 menses
3094 1291 3273 1336 autem
3317 1283 3543 1344 lunares,
3579 1278 3717 1331 vicies

2183 1383 2347 1436 octies
2369 1379 2667 1444 CCXXXV,
2702 1377 2753 1432 id
2779 1387 2879 1439 est,
2914 1375 3050 1441 νηί,
3077 1375 3312 1428 DLXXX
3342 1373 3475 1435 dies,
3505 1370 3718 1437 exceptis

2184 1469 2448 1539 bissext'gs,
2483 1468 2648 1522 vicies
2687 1467 2853 1520 octies
2885 1464 3024 1528 V131,
3072 1459 3504 1524 DCCCCXXXV,
3546 1458 3593 1512 id
3633 1466 3717 1516 esi.

2185 1559 2503 1621 CXCIIIIM,
2571 1557 2856 1620 CLXXX,
2923 1555 3180 1623 appositis
3250 1561 3430 1605 autem
3502 1548 3719 1602 hissextis

2185 1647 2362 1701 CXClI
2395 1648 2484 1710 lM,
2520 1645 2788 1701 (iiICXlll.
2818 1644 2917 1709 Qui
2949 1645 3036 1698 ubi
3076 1649 3427 1696 memoratam
3457 1654 3519 1692 ex
3561 1637 3720 1692 ordine

2187 1737 2445 1790 mensium
2476 1737 2786 1804 dierumque
2813 1745 3073 1790 summam
3120 1731 3488 1802 compleverit,
3533 1743 3644 1781 mox
3680 1727 3719 1777 in

2189 1827 2422 1893 seipsum
2469 1827 2761 1889 revolutus,
2811 1834 3003 1877 cuncta
3050 1837 3166 1884 qua:
3213 1820 3278 1872 ad
3328 1820 3455 1873 solis
3489 1818 3571 1871 vel
3609 1817 3719 1870 luna:

2187 1929 2400 1966 cursum
2439 1914 2728 1981 pertinent,
2758 1912 2947 1966 eodem
2976 1925 3083 1978 quo
3127 1909 3497 1976 prmterierant
3541 1920 3720 1972 semper

2190 2013 2378 2059 tenore
2408 2014 2672 2058 restanrat
2703 2021 2716 2056 :
2747 2013 2950 2056 tantum
2973 2002 3094 2055 anni
3120 2000 3402 2054 dominica:
3431 1997 3721 2051 lnearnatio-

2188 2095 2272 2148 nis
2313 2109 2412 2147 suo
2455 2103 2606 2147 certo
2654 2095 2865 2147 tramite
2890 2092 3178 2161 proliciunt
3206 2091 3259 2144 in
3291 2089 3480 2159 majus,
3523 2096 3574 2141 et
3616 2087 3722 2139 indi-

2189 2184 2414 2247 ctiones,
2442 2197 2657 2252 quoquo
2689 2179 2928 2235 ferantur
2957 2182 3008 2234 in
3040 2181 3244 2244 ordine,
3272 2179 3348 2232 nil
3378 2179 3600 2232 siderum
3624 2192 3719 2230 cur-

2189 2289 2328 2338 sum,
2363 2281 2523 2342 atque
2552 2273 2671 2326 ideo
2702 2271 2833 2325 nihil
2864 2270 3131 2339 paschalis
3160 2269 3352 2324 calculi
3383 2268 3612 2322 ordinem
3634 2280 3721 2318 mo-

2190 2369 2334 2416 vent.
2381 2361 2531 2427 Quod
2577 2369 2634 2414 ut
2681 2359 2914 2429 apertius
2960 2358 3239 2425 clarescat,
3289 2357 3488 2427 placuit
3530 2354 3722 2408 eundem

2191 2448 2431 2518 plenario
2461 2447 2646 2501 ordine
2674 2446 2932 2500 circulttm
2960 2444 3210 2522 prmsenti
3249 2442 3512 2514 opusculo
3549 2456 3722 2510 prapo-

2192 2554 2340 2604 nere,
2371 2546 2588 2608 sumpto
2617 2537 2843 2592 exordio
2867 2552 2896 2591 a
2925 2536 3352 2604 quingentesimo
3383 2535 3636 2589 tricesimo
3661 2547 3724 2585 se-

2193 2627 2368 2682 cundo
2422 2626 2700 2681 dominica!
2749 2625 3136 2681 lncarnationis
3183 2639 3345 2686 anno,
3390 2623 3480 2676 ubi
3527 2622 3722 2692 primum

2194 2716 2476 2786 Dionysius
2505 2715 2764 2769 circulum
2810 2715 2991 2782 cmpit,
3025 2721 3079 2767 et
3108 2714 3370 2782 perducto
3399 2726 3559 2780 Opere
3586 2723 3723 2777 usque

2194 2804 2259 2857 ad
2289 2803 2628 2859 millesimum
2674 2803 3061 2870 sexagesimum
3090 2805 3102 2832 ¹
3137 2803 3354 2855 tertium
3392 2800 3626 2868 ejusdem
3658 2813 3722 2848 sa-

2193 2905 2487 2950 crosancta:
2525 2894 2914 2948 lncarnationis
2958 2908 3176 2958 annum,
3217 2903 3481 2960 quatenus
3525 2891 3724 2956 legentes

2195 2987 2392 3054 quique
2413 2999 2516 3038 non
2538 2983 2710 3038 solum
2731 2990 3047 3051 praesentem
3069 2984 3151 3035 vel
3174 2981 3408 3034 futu:utn
3431 2980 3722 3054 prospicere,

2196 3075 2288 3128 sed
2318 3082 2373 3128 et
2401 3073 2723 3143 praeteritum
2747 3084 2958 3126 omnem
2988 3069 3249 3137 paschalis
3277 3077 3476 3122 statum
3507 3063 3724 3135 temporis

529 3169 656 3221 Novi
688 3168 1012 3221 Testamenti
1047 3168 1260 3235 propria
1291 3167 1582 3220 solennitas
1609 3173 1712 3232 est,
1757 3137 2088 3229 instrui-mur,
2119 3137 2163 3198 (ἶ
2196 3137 2537 3216 inenarrabili
2582 3168 2803 3229 possent
2847 3158 3039 3212 intuitu
3080 3159 3367 3227 respicere,
3404 3167 3562 3224 atque
3587 3156 3644 3207 ad
3667 3152 3726 3203 di-

526 3268 584 3310 ιιι
614 3275 706 3326 spe
739 3259 926 3311 futurae
978 3266 1174 3311 nostra:
1223 3257 1272 3310 in
1303 3256 1512 3310 Christo
1559 3255 1962 3310 resurrectionis
1997 3269 2094 3324 pa-

529 3350 722 3401 tienter
771 3349 821 3401 in
868 3349 1118 3418 prmsenti
1163 3347 1337 3399 omnia
1370 3347 1587 3399 adversa
1635 3361 1731 3414 pro
1761 3344 1991 3408 Christo,
2039 3353 2095 3399 et

534 3440 700 3506 ipsam
731 3440 919 3491 mortis
953 3440 1239 3522 toleremus
1270 3437 1533 3503 injuriam,
1557 3436 1831 3490 audientes
1858 3437 1924 3489 ab
1951 3437 2098 3506 Apo-

529 3526 666 3578 stolo
701 3545 711 3576 :
750 3526 881 3586 Quia
933 3528 975 3577 si
1015 3527 1223 3592 spiritus
1266 3525 1374 3592 ejus
1405 3525 1487 3592 qui
1536 3526 1794 3576 suscitavit
1840 3523 2016 3577 Jesum
2065 3541 2096 3576 a

529 3612 740 3663 mortuis
781 3612 975 3662 habitat
1007 3613 1055 3661 in
1087 3609 1249 3670 nobis,
1291 3611 1372 3679 qni
1403 3612 1659 3662 suscitavit
1688 3609 1860 3663 Iesum
1895 3629 1925 3662 τι
1954 3629 2093 3665 mor-

536 3701 655 3756 tuis,
688 3699 958 3767 riviﬁcnbit
988 3709 1035 3749 et
1064 3699 1302 3749 mortalia
1331 3714 1541 3763 corpora
1579 3707 1772 3763 nostra,
1816 3715 1907 3766 per
1940 3700 2094 3751 inita-

535 3786 778 3838 bitantem
825 3787 1075 3855 Spiritum
1101 3788 1210 3855 ejus
1239 3789 1291 3839 in
1323 3788 1487 3840 nobis.
1531 3783 1693 3854 Cujus
1730 3789 1945 3855 spiritus
1972 3790 2095 3856 quia

535 3875 862 3941 septiformis
891 3883 973 3928 est
1001 3876 1190 3941 gratia,
1239 3883 1414 3943 potest
1452 3875 1634 3927 eadem
1666 3873 1752 3926 Vll
1780 3875 1983 3929 dierum
2014 3876 2095 3930 lu-

539 3964 745 4014 narium
776 3977 1019 4027 numero,
1066 3977 1171 4030 quo
1217 3961 1431 4030 pra-fata
1472 3977 1575 4014 una
1617 3961 1854 4028 Sabbati,
1895 3965 1946 4017 id
1993 3973 2095 4030 est,

533 4053 649 4105 dies
686 4053 957 4107 Dominica
1005 4054 1376 4106 circumfertur
1403 4053 1662 4115 intintata,
1705 4068 1809 4106 non
1846 4054 2097 4107 inconve-

535 4142 742 4198 nicnter
767 4141 1006 4216 intelligi.
1037 4140 1227 4201 Verum
1259 4141 1325 4201 dc
1347 4141 1595 4216 mysterio
1617 4141 1868 4217 temporis
1891 4143 2099 4216 pascha:

533 4238 577 4288 si
607 4237 724 4301 quis
754 4239 821 4302 pla
845 4238 960 4291 nius
992 4239 1129 4291 seire
1161 4239 1294 4301 vult,
1329 4239 1466 4304 legat
1498 4239 1638 4292 beati
1683 4239 1880 4292 Aurelii
1920 4238 2099 4306 Augu-

535 4325 655 4379 stini
688 4326 750 4378 ad
783 4325 1092 4380 Januarnnn
1124 4329 1406 4395 epistolam
1443 4328 1510 4382 de
1540 4330 1746 4384 ratione
1776 4331 2027 4399 paschali.

1112 4436 1334 4492 CAPUT
1375 4437 1530 4491 LXV.

938 4523 1014 4577 De
1039 4527 1228 4579 circulo
1261 4544 1443 4596 magno
1473 4529 1693 4595 pascltw.

605 4634 847 4688 Circulus
899 4635 1108 4703 pascha:
1165 4650 1384 4702 magnus
1430 4645 1528 4697 est,
1581 4637 1692 4704 qni,
1751 4635 2102 4704 multiplicato

2195 3250 2570 3305 lucidationem
2604 3249 2792 3317 prisca:
2831 3246 3075 3300 lcetiouis
3110 3259 3283 3299 annos
3312 3257 3521 3305 omnes,
3548 3241 3628 3309 qui
3651 3238 3726 3298 alio

2194 3338 2408 3407 quando
2437 3339 2488 3392 in
2518 3339 2867 3406 qumstionem
2907 3343 3182 3396 venerant,
3210 3333 3427 3404 quando
3455 3332 3539 3387 vel
3575 3328 3727 3400 quales

2192 3431 2391 3486 fuerint
2416 3430 2713 3484 evidentius
2733 3432 2751 3460 ¹
2781 3437 3054 3496 agnoscat:

2774 3582 2997 3637 CAPUT
3020 3583 3202 3638 LXVI.

2293 3688 2324 3721 ⁸
2354 3684 2641 3740 Chronicon
2689 3687 2792 3739 sive
2812 3686 2876 3738 de
2894 3703 2985 3738 sex
3011 3689 3160 3754 hujus
3199 3686 3374 3738 surculi
3407 3685 3646 3738 (statim.

2268 3835 2344 3888 De
2364 3849 2458 3888 sex
2482 3833 2640 3901 hujus
2661 3831 2844 3886 mundi
2883 3832 3149 3895 aetatibus,
3181 3847 3242 3886 ac
3270 3832 3497 3901 septima
3550 3830 3625 3883 vel
3653 3841 3719 3880 occ

2196 3932 2316 3977 tava
2346 3923 2541 3991 quietis
2593 3923 2824 3991 vittaque
2870 3922 3125 3987 ccelestis,
3155 3932 3206 3974 et
3258 3937 3417 3990 supra
3449 3922 3500 3974 in
3541 3933 3725 3985 compa-

2197 4013 2405 4065 ratione
2433 4011 2615 4080 prima:
2659 4009 3007 4087 hebdomadis
3039 4009 3090 4062 in
3135 4025 3236 4076 qua
3283 4011 3516 4063 mundus
3545 4015 3726 4062 ornatus

2198 4110 2280 4154 est
2303 4101 2570 4166 aliquanta
2589 4098 3022 4167 perstrinximus,
3043 4107 3098 4152 et
3121 4098 3326 4151 nuncin
3359 4097 3727 4166 comparatione

2197 4191 2294 4252 arvi
2326 4193 2482 4252 unius
2508 4191 2763 4254 hominis,
2792 4191 2878 4258 qui
2908 4191 3247 4262 μικρὸκοσμος
3270 4185 3458 4241 Graece
3480 4203 3508 4239 a
3535 4187 3710 4256 philoso

2198 4287 2334 4353 phis,
2359 4287 2462 4340 hnc
2483 4298 2582 4357 est,
2605 4287 2776 4338 minor
2804 4279 3030 4337 mundus
3053 4277 3190 4330 solet
3210 4277 3532 4344 nuncupari,
3579 4273 3636 4326 de
3659 4271 3706 4323 iis

2201 4374 2319 4426 dem
2343 4373 2617 4447 aliquanto
2642 4373 2798 4426 latius
2826 4385 3178 4439 exponemus.

2130 4465 2182 4522 D
2277 4463 2449 4515 Prima
2475 4471 2558 4516 est
2611 4476 2736 4529 ergo
2768 4461 2948 4515 mundi
2977 4460 3133 4528 hujus
3186 4467 3333 4520 κίεις,
3379 4460 3450 4511 ab
3486 4459 3637 4511 Adam
3661 4468 3725 4504 us-

2206 4565 2311 4616 qtte
2348 4551 2412 4602 ad
2444 4551 2575 4615 Noe,
2599 4551 2881 4604 continens
2904 4564 3098 4613 annos,
3122 4549 3274 4615 juxta
3325 4547 3634 4602 llebraicam
3661 4555 3728 4591 γε·
3804 4573 3805 4578 η

2209 4639 2440 4702 ritatem,
2506 4638 2805 4704 M,DCLVI,
2851 4638 3002 4706 juxta
3048 4636 3400 4706 Septuaginta
3461 4636 3731 4700 interpretes
3804 4635 3805 4706 γ

1737 4764 2118 4818 VARI.\NTES
2157 4764 2530 4818 LElLTIONES

612 4883 626 4912 ⁸
665 4879 727 4944 C,
755 4888 1007 4950 quartum.

2275 4875 2296 4904 ’
2337 4873 2393 4941 Β,
2428 4872 2489 4934 C,
2524 4881 2818 4942 agnoscant.

1778 4986 2060 5041 GLOSSE
2102 4985 2189 5039 ET
2228 4983 2538 5039 SCHOLIA.

1158 5087 1324 5126 CAPUT
1356 5088 1476 5127 ιιν.

609 5144 764 5198 ιῐολκ.
803 5144 934 5198 Nov.
966 5142 1126 5197 Scuo:
1149 5159 1217 5194 nt.
1249 5172 1319 5183 —
1348 5143 1548 5194 Placuit
1575 5145 1823 5196 eumdem.
1855 5142 1964 5195 Hos
1992 5144 2098 5195 cir-

541 5217 691 5267 culos
720 5222 984 5279 quotquot
1010 5228 1074 5264 ex
1108 5211 1245 5263 Beda
1277 5221 1330 5263 et
1360 5211 1608 5280 Dionysio
1637 5212 1869 5280 reliquos
1897 5212 2098 5263 inveni-

544 5299 682 5346 mus,
729 5280 1051 5348 subjecimtts
1093 5280 1228 5332 libro
1272 5280 1393 5332 huic
1443 5279 1507 5331 ad
1557 5279 1712 5332 finem
1739 5296 1754 5343 ;
1785 5280 2100 5348 perfecimus

543 5360 720 5403 autem
750 5360 805 5403 ut
832 5347 1028 5402 essent
1072 5349 1137 5399 ab
1179 5349 1328 5401 initio
1372 5348 1754 5401 lncarnationis
1795 5347 2098 5405 Dominicze.

544 5433 711 5485 usque
742 5418 804 5469 ad
839 5433 1031 5470 annum
1058 5415 1178 5478 000,
1209 5430 1315 5482 quo
1337 5424 1527 5468 exacto
1554 5431 1658 5467 non
1684 5417 1907 5468 deerunt
1931 5424 1984 5467 et
2014 5416 2102 5468 alii

543 5486 768 5539 studiosi
807 5488 896 5552 qui
943 5487 1188 5539 eumdem
1235 5485 1298 5537 ad
1340 5499 1491 5538 suum
1534 5499 1749 5552 quoque
1801 5492 2011 5537 :ctatem
2050 5492 2105 5537 et

548 5555 841 5619 longiorem
872 5556 1182 5622 proluunt.

550 5728 706 5782 Eutr.

2817 5085 2986 5126 (ΞΔΡΕτ
3019 5085 3161 5126 LXVI.

2273 5140 2426 5194 loss.
2455 5140 2599 5210 NOV1
2619 5141 2944 5196 Senous.—
2962 5142 3158 5209 Supra.
3193 5140 3254 5210 ις
3276 5150 3380 5210 est,
3411 5156 3531 5210 cap.
3563 5137 3623 5210 i0
3645 5133 3730 5210 libri

2206 5210 2430 5276 majoris
2475 5210 2542 5262 de
2571 5208 2798 5264 Ra'inne
2845 5205 3257 5277 temporum._C
3293 5209 3384 5275 jus
3438 5205 3736 5277 pulcherrimi

2208 5275 2390 5346 operis
2419 5280 2504 5332 hic
2527 5278 2806 5332 Tractatus
2824 5275 3110 5346 iestreaput
3141 5275 3228 5339 66,
3255 5275 3547 5346 coutinuis
3571 5284 3733 5346 pm

2207 5343 2326 5413 qua:
2351 5347 2462 5400 sols
2493 5348 2662 5400 nostri
2711 5355 2791 5401 est
2821 5343 3070 5408 instituti,
3098 5345 3442 5410 historicam;
3475 5343 3736 5413 qum!

2210 5408 2350 5467 mole
2379 5422 2434 5469 et
2463 5423 2778 5481 argumento
2805 5414 2872 5467 ab
2903 5415 3211 5468 Edituribus
3237 5430 3320 5482 ope
3340 5408 3464 5468 rum
3495 5408 3654 5472 Bai.
3674 5408 3733 5461 dt-

2212 5495 2315 5550 gns
2341 5484 2467 5538 olim
2499 5485 2677 5540 habita
2707 5493 2792 5539 est
2817 5497 2939 5552 qua:
2963 5485 3192 5538 seorsitn
3216 5496 3282 5535 ex
3317 5488 3538 5537 untur.

617 5660 646 5694 '
674 5660 742 5713 Ut
767 5676 926 5730 supra
960 5662 1188 5715 diximus
1215 5665 1267 5714 in
1299 5664 1530 5727 monito,
1563 5658 1797 5715 chronici
1842 5667 2070 5725 textum,
2101 5659 2275 5714 varias
2295 5633 2562 5715 lectiones
2591 5667 2646 5714 et
2677 5667 2832 5715 notas
2853 5657 3097 5744 .Smithii
3143 5659 3379 5716 editione
3427 5654 3732 5728 sumpsimus
