3842 6242
507 389 600 444 531

1003 389 1201 445 BEDJS
1247 390 1701 449 VENERABILIS
1741 391 2030 449 OPERUH
2072 386 2249 443 PARS
2288 388 2884 451 l.-—D|DASCALICA
2915 391 3239 448 GENUINA.
3653 394 3730 448 531

507 518 668 571 quam
699 501 786 556 diu
809 463 1092 572 'prmfuerit
1140 503 1359 558 minime
1397 513 1566 573 patet.
1600 504 1681 559 Ab
1710 505 1814 561 hoc
1844 515 2086 574 tempora
2117 499 2167 558 Δ
2195 504 2297 562 Asa
2326 507 2480 563 annis
2511 507 2673 566 XXV.
2706 507 2892 564 Helias
2924 508 3210 564 Thcsbites
3247 516 3359 573 tres
3403 508 3563 564 semis
3598 524 3730 566 annos

510 597 897 665 prophetarum
941 596 1220 664 incipiunt,
1261 595 1575 652 Latinorum
1614 606 1838 667 quartus
1885 598 2088 655 Encas

511 689 723 758 Sylvius
751 689 992 754 regnavit
1020 689 1174 742 annis
1207 688 1395 744 XXXI.
1893 699 1896 704 '

579 779 666 851 [A.
699 779 771 836 Μ.
801 780 967 834 Hebr.
995 778 1152 834 2390.
1185 780 1334 850 Sept.
1364 779 1548 852 4936.]
1576 781 1705 836 SauI
1739 781 1940 850 primus
1979 780 2088 834 lle-

505 869 778 924 brmorum
809 886 901 924 rex
931 872 1085 926 annis
1113 871 1228 926 XX.
1272 871 1338 924 Et
1367 872 1544 941 hujus,
1576 876 1697 942 quia
1745 873 1796 926 in
1827 873 2084 941 canonica

506 958 786 1030 Scriptura
814 977 919 1016 non
952 963 1197 1026 habetur,
1231 963 1301 1018 de
1328 963 1465 1018 libro
1496 963 1885 1031 Antiquitatum
1916 961 2087 1021 Jose-

503 1051 622 1119 phi,
645 1060 857 1122 tempus
885 1054 1034 1122 regni
1058 1056 1381 1109 notavimus.
1405 1056 1459 1109 In
1485 1055 1870 1110 Lacazdemone
1896 1071 2087 1124 regna-

507 1143 584 1194 vit
610 1143 814 1212 primus
843 1144 1157 1200 Euristheus
1203 1147 1356 1202 annis
1386 1146 1557 1212 XLII;
1589 1145 1832 1202 Corinthi
1883 1148 2087 1217 primus

506 1231 709 1288 A'letbis
751 1235 904 1289 annis
928 1232 1142 1288 XXXV.

1089 1342 1296 1389 QUARTA
1335 1342 1502 1383 ΞΤΔΒ.

577 1417 776 1481 Quarta
805 1418 983 1472 mundi
1014 1428 1164 1486 mtas,
1215 1434 1322 1474 non
1353 1416 1524 1474 solum
1552 1432 1673 1474 cum
1713 1417 1965 1482 inchoato
1994 1417 2086 1470 Ju-

509 1505 622 1559 dcrc
651 1508 826 1574 gentis
853 1508 1098 1581 imperio,
1127 1511 1222 1566 sed
1250 1518 1449 1564 etcum
1490 1499 1742 1565 inno'vata
1776 1508 2080 1576 promissio-
2121 1551 2126 1554 .

509 1613 599 1659 ne,
632 1612 750 1665 qum
781 1600 1019 1667 patribus
1067 1600 1196 1655 olim
1242 1599 1364 1655 data
1410 1609 1516 1666 est,
1547 1598 1758 1668 imperii
1795 1596 2086 1652 Christiani

506 1689 670 1741 sumit
711 1689 1014 1754 exordium,
1044 1690 1258 1758 jurante
1288 1689 1514 1745 Domino
1545 1688 1711 1744 David
1740 1689 1987 1753 veritate,
2019 1687 2085 1743 de

505 1778 680 1832 fructu
708 1779 913 1833 ventris
937 1779 1054 1848 ejus
1079 1779 1265 1834 sedere
1287 1794 1450 1848 super
1475 1778 1659 1834 sedem
1689 1778 1825 1844 ejus.

576 1868 662 1938 [Α.
695 1867 764 1921 Μ.
799 1866 960 1922 Hebr.
993 1867 1150 1922 2950.
1183 1868 1333 1938 Sept.
1366 1865 1555 1937 ωειλ]
1583 1866 1750 1920 David
1779 1866 1984 1936 primus
2015 1882 2081 1920 ex
2125 1862 2161 1913 εἴ

506 1960 645 2013 tribu
685 1957 820 2012 Juda
863 1974 976 2024 rex,
1008 1960 1160 2013 annis
1191 1958 1300 2011 XL.
1334 1958 1646 2013 Latinorum
1685 1957 1905 2026 quintus
1934 1956 2083 2010 Lati-

506 2065 607 2104 nus
634 2048 845 2120 Sylvius
866 2050 1018 2103 anuis
1050 2048 1106 2102 L.
1137 2048 1380 2119 Ephesus
1421 2047 1635 2103 condita
1659 2051 1727 2104 ab
1755 2047 2081 2102 Andronico.

508 2139 778 2208 Carthago
810 2140 1024 2193 condita
1071 2147 1170 2202 est,
1198 2147 1256 2192 ut
1280 2137 1496 2207 quidam
1541 2136 1747 2199 volunt,
1789 2150 1819 2189 a
1847 2135 2083 2190 Charce-

507 2231 650 2282 done
681 2228 864 2298 Tyrio,
897 2237 954 2282 ut
998 2244 1129 2283 vero
1153 2229 1264 2296 alii,
1288 2243 1318 2282 a
1359 2227 1564 2283 Didone
1611 2224 1719 2280 lilia
1758 2225 1896 2295 ejus,
1941 2241 2084 2281 anno

507 2317 711 2371 CXLIII
749 2328 869 2389 post
898 2319 1189 2386 Trojanum
1217 2319 1509 2374 excidium.

579 2409 665 2480 [Α.
710 2409 780 2463 Μ.
823 2408 984 2464 Hebr.
1029 2409 1190 2464 2970.
1230 2409 1383 2478 Sept.
1426 2408 1610 2482 4306.]
1648 2407 1903 2463 Solomon
1949 2409 2088 2464 li‘ius

513 2501 682 2556 David
711 2502 863 2557 annis
894 2501 1001 2556 XL.
1038 2501 1136 2568 Qui
1180 2510 1375 2571 quarto
1405 2503 1555 2572 regni
1593 2505 1674 2558 sui
1705 2517 1868 2569 anno,
1901 2517 2088 2557 mense

509 2595 764 2658 secundo,
794 2595 1050 2663 templum
1077 2596 1304 2649 Domino
1331 2595 1596 2649 :ediﬁcare
1623 2595 1784 2664 coepit
1810 2595 1862 2648 in
1894 2593 2086 2648 Hieru-

513 2685 703 2746 salem,
747 2685 986 2739 collectis
1029 2687 1095 2740 ab
1126 2701 1346 2755 egressu
1383 2685 1594 2741 lsraelis
1624 2701 1691 2739 ex
1723 2684 1956 2755 Egypto
1987 2700 2084 2738 an-

515 2777 595 2830 nis
623 2774 1018 2845 CCCCLXXX,
1049 2787 1106 2831 ut
1137 2776 1341 2846 Regum
1373 2791 1588 2846 quoque
1614 2775 1751 2830 liber
1779 2775 2086 2830 testimonio

511 2874 623 2929 est;
659 2866 802 2934 quod
831 2866 882 2918 in
910 2866 1132 2933 ﬁguram
1167 2864 1399 2919 universi
1441 2866 1717 2934 temporis,
1749 2878 1856 2932 quo
1902 2863 1952 2916 in
1984 2863 2088 2916 hoc

507 2957 707 3009 szcculo
730 2956 926 3010 Christi
947 2955 1245 3010 :edilicatur
1269 2954 1526 3019 Ecclesia,
1550 2970 1669 3025 quae
1690 2955 1740 3007 in
1769 2952 1944 3008 futuro
1964 2968 2087 3022 per-

513 3047 709 3112 Iicitur,
745 3044 834 3100 VII
878 3047 1032 3100 annis
1078 3045 1325 3115 perfecit,
1373 3054 1431 3099 et
1473 3046 1700 3114 septimo
1743 3044 1919 3098 octavi
1961 3043 2084 3096 anni

511 3150 695 3190 mense
740 3135 1028 3191 dedicavit.
1083 3134 1394 3190 Latinorum
1444 3143 1630 3188 sextus
1674 3133 1807 3186 Alba
1849 3132 2084 3202 Sylvius,

509 3229 676 3298 Sylvii
708 3227 894 3282 Aloeus
935 3227 1092 3293 ﬁlius,
1125 3227 1371 3295 regnavit
1409 3227 1563 3280 annis
1601 3224 1842 3279 XXXIX.
1883 3224 2085 3293 Regina
2117 3209 2162 3269 Ο

510 3318 650 3372 Saba
681 3319 826 3372 venit
853 3317 1040 3372 audire
1070 3317 1386 3386 sapientiam
1414 3315 1739 3370 Solomonis.

584 3407 668 3478 [A.
703 3405 774 3460 M.
805 3406 964 3460 Hebr.
991 3405 1150 3460 2987.
1176 3406 1327 3476 Sept.
1355 3403 1540 3476 4325.]
1565 3405 1804 3460 Roboam
1832 3405 1969 3461 lilius
1989 3406 2090 3461 So—

516 3495 750 3550 Iomonis
780 3497 934 3550 annis
978 3493 1135 3548 XVII.
1170 3494 1495 3550 Hieroboam
1527 3495 1595 3549 de
1629 3495 1765 3549 tribu
1805 3496 2052 3564 Ephraim
2073 3539 2086 3561 ,

508 3586 780 3655 separavit
826 3587 870 3640 X
916 3587 1086 3642 tribus
1113 3603 1146 3641 a
1178 3589 1341 3643 domo
1377 3587 1539 3642 David
1573 3595 1626 3642 et
1667 3603 1698 3642 a
1743 3588 1987 3653 Domino,
2036 3589 2088 3642 in

512 3676 736 3743 ﬁguram
785 3677 1183 3742 barreticorum,
1215 3679 1306 3745 qui
1338 3693 1467 3733 suos
1520 3693 1780 3748 sequaces
1807 3693 1837 3731 a
1876 3676 2091 3732 Christo

509 3774 566 3819 et
597 3765 834 3821 Ecclesia
867 3776 1170 3834 segregant.
1202 3766 1370 3835 Hujus
1392 3767 1582 3835 quinto
1613 3783 1754 3820 anno
1795 3766 1959 3829 Sesac
1997 3782 2089 3820 rex

513 3855 756 3926 Egypti,
787 3859 1010 3912 veniens
1043 3857 1496 3928 Hierosolymam,
1530 3858 1786 3927 templum
1816 3857 2090 3927 spoliavit.

514 3946 830 4001 Latinorum
863 3947 1121 4014 septimus
1153 3958 1175 3982 υ
1207 3946 1472 4017 IEgyptus
1497 3945 1726 4016 Sylvius,
1760 3946 1907 4000 Albae
1931 3960 2090 4014 supe-

514 4038 676 4092 rioris
719 4039 859 4107 regis
889 4037 1051 4099 ﬁlius,
1079 4038 1320 4105 regnavit
1347 4037 1502 4090 annis
1523 4036 1710 4090 XXIV.
1742 4036 1934 4092 Samus
1956 4051 2090 4091 con-

515 4127 649 4191 dita,
682 4135 736 4181 et
763 4126 991 4197 Smyrna
1025 4126 1076 4179 in
1108 4126 1253 4178 urbis
1281 4125 1495 4179 modum
1525 4126 1798 4194 ampliata.

585 4219 676 4291 [A.
708 4218 779 4272 Μ.
822 4218 984 4272 Hebr.
1017 4215 1177 4271 2990.
1208 4218 1360 4286 Sept.
1387 4216 1573 4286 4526.]
1627 4217 1758 4271 Abin
1802 4217 1943 4272 ﬁlius
1979 4217 2092 4272 R0-

513 4308 673 4361 boam
696 4307 849 4361 annis
872 4305 956 4359 Ill.
989 4305 1085 4359 Hic
1111 4313 1436 4374 pugnantem
1463 4313 1648 4359 contra
1679 4319 1740 4359 se
1765 4303 2090 4360 Hieroboam

523 4398 820 4467 superavit,
845 4397 1037 4452 occisis
1063 4396 1132 4451 de
1153 4396 1392 4450 exercitu
1423 4395 1542 4464 ejus
1573 4394 1688 4459 MD,
1718 4410 1787 4450 eo
1805 4396 1947 4464 quod
1970 4411 2093 4466 spe-

513 4499 686 4544 rasset
715 4488 766 4540 in
798 4487 1046 4541 Domino.

2193 594 2427 664 pluviam
2458 598 2726 651 continuit
2767 606 2989 667 propter
3030 607 3252 667 peccata
3286 598 3471 652 Achab
3507 613 3559 653 et
3585 602 3729 669 populi

2191 685 2372 750 Israel,
2397 695 2453 741 et
2477 687 2618 742 inter
2647 697 2844 743 caetera
2873 689 3134 758 magnalia
3167 687 3457 743 Heliseum
3484 689 3631 743 tilium
3651 690 3728 744 Sa-

2193 760 2510 848 phatb,\qui
2543 789 2660 835 erat
2685 782 2753 837 de
2781 781 3121 848 Abelmaula,
3154 797 3252 852 pro
3272 797 3330 836 se
3359 783 3511 835 unxit
3537 783 3729 852 prophe-

2193 873 2323 922 tam.
2357 867 2670 925 Latinorum
2698 885 2870 925 nonus
2891 868 2918 906 δ
2943 871 3242 940 Carpentus
3269 869 3504 940 Sylvius,
3525 872 3727 939 superio-

2190 956 2263 1009 ris
2292 958 2433 1026 regis
2455 959 2633 1028 Capys
2660 959 2820 1024 (ilius,
2851 960 3100 1026 regnavit
3125 961 3279 1014 annis
3305 958 3440 1014 XIII.
3468 959 3730 1029 Postquein

2191 1048 2328 1102 filius
2373 1047 2492 1119 ejus
2536 1048 2834 1119 Tyberinus
2885 1049 3099 1120 Sylvius
3142 1051 3297 1106 annis
3330 1051 3461 1116 \‘III,
3492 1067 3521 1103 a
3563 1067 3657 1119 quo
3691 1063 3730 1106 et

2191 1133 2383 1192 ﬂuvius
2421 1137 2721 1208 appellatus
2753 1147 2837 1194 est
2879 1139 3124 1209 Tyberis,
3159 1141 3249 1208 qui
3280 1140 3426 1208 prius
3456 1139 3632 1194 Albula
3666 1141 3730 1194 di-

2189 1227 2430 1280 cebatur.
2463 1226 2590 1280 Post
2615 1242 2776 1296 quem
2807 1229 3038 1298 Agrippa
3068 1226 3280 1297 Sylvius
3304 1228 3444 1284 ﬁlius
3471 1229 3584 1298 ejus
3608 1232 3730 1285 anuis

2196 1313 2299 1367 XL.
2324 1313 2585 1385 Josapbat
2613 1317 2736 1372 fecit
2765 1327 2974 1372 rectum
3005 1332 3187 1372 coram
3216 1317 3466 1373 Domino.

2262 1426 2349 1498 [A.
2383 1426 2453 1484 Μ.
2487 1426 2650 1482 Hebr.
2684 1428 2842 1482 5064.
2877 1428 3029 1499 Sept.
3062 1428 3250 1495 μου]
3279 1429 3464 1484 Joram
3500 1430 3626 1485 ﬁlius
3661 1429 3731 1483 Jo-

2189 1517 2384 1585 sapbat
2411 1519 2569 1574 annis
2602 1519 2732 1573 VIII.
2764 1519 2949 1576 Helias
2977 1536 3138 1575 curru
3171 1523 3328 1590 igneo
3370 1521 3573 1588 rapitur
3611 1523 3730 1590 quasi

2189 1620 2358 1675 usque
2383 1608 2434 1660 in
2466 1609 2687 1672 ecelum,
2719 1620 2773 1664 et
2799 1609 3058 1665 Helisans
3086 1611 3258 1666 haeres
3288 1613 3581 1682 prophetis
3605 1613 3730 1666 dere-

2189 1696 2368 1764 lictus,
2399 1697 2572 1766 primo
2600 1700 2864 1769 miraculo.
2890 1715 3062 1768 aquas
3083 1701 3338 1756 Hiericho
3366 1710 3544 1756 sanat.
3567 1701 3620 1756 In
3641 1702 3731 1756 die-

2188 1787 2288 1841 bus
2314 1787 2501 1844 Joram
2537 1791 2761 1845 recessit
2789 1789 2956 1846 Edom
2990 1807 3057 1846 ne
3087 1801 3229 1847 esset
3253 1792 3353 1847 sub
3380 1791 3540 1860 Iuda,
3565 1801 3614 1846 et
3639 1808 3727 1847 con

2189 1883 2362 1940 stituit
2410 1883 2510 1937 sibi
2539 1897 2741 1953 regem.
2789 1883 3097 1938 Ambulavit
3137 1891 3319 1938 autem
3362 1883 3544 1938 Joram
3587 1883 3631 1936 in
3656 1884 3731 1936 viis

2187 1976 2382 2031 domus
2411 1973 2618 2038 Achab,
2654 1973 2758 2028 IiIia
2788 1974 2987 2045 quippe
3015 1975 3198 2029 Achab
3230 1983 3347 2030 erat
3380 1991 3521 2030 uxor
3541 1975 3661 2045 ejus.

2262 2095 2348 2167 [Α.
2379 2093 2450 2148 Μ.
2477 2094 2643 2148 Hebr.
2674 2094 2832 2148 5065.
2864 2093 3014 2164 Sept.
3047 2092 3234 2166 MOI.)
3267 2095 3490 2149 Azarias
3519 2094 3641 2148 [ilius
3658 2091 3728 2149 Jo-

2189 2201 2302 2239 ram
2329 2201 2471 2240 anno
2499 2185 2537 2240 1.
2567 2185 2801 2239 Ionadab
2845 2184 2982 2238 ﬁlius
3029 2182 3248 2238 Rechab
3294 2184 3475 2238 clarus
3521 2183 3725 2236 habetur.

2188 2261 2442 2330 Azariam
2473 2291 2594 2329 cum
2625 2273 2733 2328 lilio
2776 2289 2876 2328 suo
2914 2272 3062 2336 Joas,
3095 2282 3150 2326 et
3196 2281 3400 2342 nepote
3441 2273 3656 2336 Amasis,
3679 2271 3729 2325 ob

2187 2366 2566 2420 enormitatem
2597 2364 2880 2428 scelerum,
2914 2372 2970 2417 et
2997 2362 3116 2432 quia
3160 2379 3260 2417 nec
3295 2373 3508 2432 patrem
3543 2363 3731 2415 ﬁliumve

2187 2456 2451 2526 quispiam
2495 2470 2680 2508 eorum
2712 2455 2914 2508 bonum
2959 2453 3211 2517 habebat,
3257 2453 3586 2520 evangelista
3625 2451 3725 2505 Blat-

2190 2547 2360 2599 thmus
2388 2561 2417 2598 a
2454 2544 2659 2598 Domini
2689 2543 2987 2598 Salvatoris
3014 2543 3331 2612 genealogia
3358 2545 3604 2598 secludit.

2260 2635 2350 2707 [Α.
2383 2633 2453 2687 Μ.
2501 2633 2663 2687 Hebr.
2697 2633 2856 2687 5071.
2909 2633 3062 2702 Sept.
3108 2630 3294 2702 4608.]
3345 2633 3556 2685 Athalia
3599 2640 3730 2684 mater

2191 2725 2395 2779 Azarize
2424 2724 2576 2779 annis
2617 2723 2705 2790 VI,
2759 2740 2875 2794 qua:
2919 2723 3104 2779 videns
3135 2720 3481 2777 interfectum
3529 2723 3590 2776 ab
3630 2720 3729 2773 ll.cu

2190 2830 2316 2884 rege
2347 2816 2509 2871 Israel
2536 2816 2700 2870 lilium
2732 2832 2886 2871 suum
2927 2816 3194 2880 Azariam,
3237 2816 3513 2871 interfecit
3550 2830 3721 2869 omnem

2190 2907 2413 2976 stirpem
2445 2906 2648 2973 regiam
2669 2907 2861 2961 domus
2884 2904 3087 2970 Joram,
3121 2914 3323 2976 praeter
3352 2907 3530 2961 solum
3557 2903 3666 2958 loss
3689 2903 3726 2953 ﬂ-

2190 2995 2321 3049 Iium
2365 2997 2608 3060 Azarim,
2655 3010 2812 3065 quem
2851 2993 3106 3050 Josabeth
3157 2980 3316 3049 soror
3355 2994 3585 3056 Azarize,
3633 3007 3731 3044 uxor

2189 3084 2372 3140 Joadaa
2405 3085 2696 3155 pontiﬁcis,
2738 3083 2911 3138 furata
2959 3092 3042 3138 est
3086 3084 3155 3140 de
3202 3083 3384 3139 medio
3426 3084 3641 3139 ﬁliorum
3665 3094 3729 3134 re-

2193 3175 2304 3241 gis,
2347 3190 2468 3229 cum
2517 3174 2964 3230 interﬁcerentur.
3016 3172 3075 3227 In
3125 3168 3484 3242 Septuaginta
3513 3174 3725 3240 interpre-
3806 3243 3807 3246 η

2196 3267 2338 3322 tibus
2371 3277 2395 3304 °
2420 3266 2509 3320 VII
2533 3264 2686 3320 annis
2713 3277 2967 3334 regnasse
2997 3263 3204 3318 Athalia
3225 3272 3499 3318 narratur.
3805 3267 3807 3371 l

2266 3379 2354 3447 [Α.
2382 3376 2453 3430 Μ.
2485 3376 2649 3431 Hebr.
2695 3375 2857 3430 3H1.
2885 3375 3037 3446 Sept.
3081 3374 3268 3445 HIS]
3310 3373 3444 3432 Joas
3474 3374 3602 3429 (ilius
3627 3373 3726 3425 Aza-

2195 3468 2284 3521 ri.e
2313 3468 2469 3521 annis
2503 3467 2614 3524 XL.
2648 3467 2750 3522 Iste
2778 3467 2921 3522 bono
2952 3465 3219 3535 principio
3253 3474 3310 3519 et
3363 3466 3470 3519 nne
3499 3479 3616 3519 usus
3639 3475 3726 3531 ρος-
3804 3523 3805 3538 ἢ

2193 3558 2350 3624 simo,
2385 3559 2437 3611 in
2465 3558 2742 3627 principiis
2761 3557 2841 3611 sui
2872 3556 3023 3624 regni
3055 3555 3315 3626 templum
3345 3555 3582 3617 innovat,
3605 3554 3646 3606 in
3665 3566 3727 3636 ex-
3803 3539 3805 3641 4

2196 3650 2397 3714 tremis,
2427 3649 2566 3702 inter
2595 3657 2792 3703 czetera
2820 3646 3086 3715 facinora,
3111 3645 3438 3700 Zachariam
3464 3657 3658 3715 quoque
3684 3639 3724 3691 l1-

2195 3740 2322 3793 Iium
2352 3739 2554 3803 Joadzc,
2610 3738 2804 3794 tutoris
2831 3737 3103 3808 quondam
3135 3752 3204 3792 ac
3233 3734 3618 3806 regnilicatoris
3653 3732 3726 3788 sui.

2195 3830 2335 3884 inter
2361 3829 2616 3898 templum
2647 3837 2704 3884 et
2731 3829 2904 3882 altare
2937 3827 3162 3897 lapidari
3197 3827 3490 3895 pracepit;
3522 3837 3658 3894 quem
3680 3821 3725 3873 ob

2195 3922 2509 3975 meritorum
2539 3919 2768 3987 gratiam
2798 3919 3062 3972 Dominus
3092 3919 3144 3972 in
3176 3915 3470 3984 Evangelia
3499 3917 3642 3969 tilium
3660 3910 3728 3963 Ba.

2194 4012 2418 4078 rachim,
2448 4010 2500 4064 id
2530 4018 2633 4073 est,
2665 4009 2934 4064 benedicti
2979 4008 3192 4062 Domini
3235 4007 3598 4075 cognominat.
3626 3999 3727 4054 ιλιι·
3800 4067 3801 4082 χ

2198 4115 2387 4156 norum
2417 4099 2765 4153 duodecimus
2791 4098 3078 4153 Aremulus
3128 4097 3366 4168 Sylvius,
3404 4096 3634 4166 Agrippa:
3665 4105 3726 4185 διι-

2197 4191 2424 4261 perioris
2453 4190 2599 4258 regis
2638 4190 2800 4256 Iilius,
2831 4189 3075 4256 regnavit
3105 4189 3262 4243 annis
3302 4187 3447 4254 XIX,
3482 4187 3566 4256 qui
3591 4181 3727 4253 prasi-

2195 4283 2339 4337 dium
2387 4279 2717 4334 Albanorum
2760 4280 2901 4332 inter
2941 4288 3153 4334 montes
3179 4280 3269 4334 ubi
3313 4294 3462 4334 nunc
3498 4277 3727 4331 Romaest

2199 4373 2398 4442 posuit.
2449 4370 2617 4457 Hujus
2646 4369 2787 4424 ﬁlius
2819 4370 2918 4422 fuit
2961 4368 3154 4435 Julius,
3194 4386 3436 4440 proavus
3480 4368 3595 4423 Julii
3797 4353 3799 4457 4

2201 4463 2330 4526 culi,
2359 4454 2598 4529 quicum
2628 4459 2861 4514 Romqu
2889 4459 3117 4514 Romam
3149 4460 3519 4530 commigrans
3542 4451 3728 4512 {midavii

589 4577 674 4648 [Α.
708 4577 778 4631 u.
827 4577 986 4630 Hebr.
1036 4576 1194 4630 sust.
1229 4576 1378 4644 Sept.
1414 4574 1599 4645 4567.]
1651 4577 1755 4629 Asa
1795 4576 1934 4629 [ilius
1961 4577 2093 4632 Abia
2123 4553 2174 4612 ῐ)
2202 4550 2394 4606 Julii!“
2422 4544 2658 4643 89mm-

519 4668 674 4720 annis
717 4665 856 4719 XLI-
898 4665 976 4718 Ab
1019 4666 1124 4720 hoc
1170 4664 1463 4720 conductus
1507 4663 1759 4718 Benedab
1803 4677 1899 4718 rex
1929 4666 2096 4736 Syria:

525 4756 772 4810 Damasci
801 4765 988 4808 contra
1021 4755 1204 4820 Israel,
1230 4755 1496 4823 percussit
1526 4768 1741 4808 omnem
1771 4763 1968 4808 terram
1995 4755 2098 4810 Ne-

522 4846 728 4914 ptalim.
779 4843 1092 4897 Latinorum
1140 4852 1365 4896 octavus
1405 4842 1582 4912 Capys
1619 4843 1833 4914 Sylvius
1876 4842 2097 4915 Egypti

518 4935 815 5002 superioris
862 4934 1004 5000 regis
1053 4932 1210 4993 ﬁlius,
1259 4941 1449 4999 regnat
1499 4934 1654 4988 annis
1706 4931 1943 4988 XXVIII.
1993 4935 2099 4988 Asa

524 5022 666 5076 idola
697 5021 942 5086 destruit,
985 5021 1242 5089 templum
1282 5021 1522 5085 mundat,
1568 5022 1930 5089 egredientem
1962 5037 2095 5077 con-

524 5118 606 5163 tra
653 5124 712 5163 se
759 5109 891 5163 Zara
942 5110 1251 5180 Ethiopem
1299 5125 1422 5164 cum
1471 5127 1571 5166 suo
1616 5114 1806 5166 sternit
1832 5114 2093 5167 exercitu.

531 5199 714 5253 Ambri
739 5214 832 5252 rex
854 5198 1014 5252 Israel
1041 5199 1170 5252 emit
1190 5207 1400 5255 montes
1423 5199 1677 5253 Samaria:
1703 5215 1732 5253 a
1750 5199 1946 5255 Somer
1967 5202 2100 5257 duo-

526 5295 626 5348 bus
657 5293 873 5348 talentis
901 5295 1129 5363 argenti,
1162 5304 1217 5348 et
1244 5292 1473 5349 aediﬁcat
1503 5311 1641 5350 eam.
1686 5296 1841 5350 AhieI
1881 5297 1953 5352 de
1993 5297 2098 5351 Be-

527 5382 634 5437 tbel
664 5382 915 5439 Hiericho
940 5384 1216 5437 instaurat.

599 5474 688 5547 [A.
741 5473 812 5527 Μ.
857 5473 1019 5530 Hebr.
1062 5475 1218 5530 5056.
1259 5476 1408 5546 Sept.
1451 5475 1634 5545 43%.]
1663 5477 1923 5547 Josaphst
1963 5480 2104 5537 ﬁlius
2217 5477 2391 5545 Ozias,
2423 5476 2559 5530 [ilius
2591 5475 2849 5542 Αωλδίω,
2883 5477 3036 5532 annis
3062 5473 3170 5530 UL
3206 5477 3548 5549 Assyriorum
3573 5469 3728 5526 πω

1826 5567 2078 5623 8ΜΠΙΙΙΙ
2118 5567 2346 5626 NOTAE.
3099 5608 3102 5611 .

608 5669 627 5690 ἐ
673 5655 950 5726 ιεωίριιη.
984 5657 1176 5710 Euseb.
1208 5657 1451 5725 1Egytus.
1487 5622 1598 5717 Liv.
1631 5657 1873 5726 Capetus.

603 5728 629 5764 δ
669 5725 1100 5796 Carpentus.'|ta
1147 5744 1195 5778 0.
1254 5727 1378 5778 Mss.
1429 5727 1618 5788 Beda},
1663 5737 1716 5780 et
1759 5730 1930 5795 prima
1976 5744 2102 5796 pars

537 5799 731 5854 Euseb.
782 5795 925 5862 ιλιι,
967 5796 1112 5862 alibi,
1161 5796 1402 5865 Calpetus
1442 5806 1495 5850 et
1534 5796 1854 5851 (Sarmentus.
1903 5796 2018 5850 Liv.
2049 5805 2102 5851 et

2272 4661 2358 4732 [A.
2389 4638 2667 4718 uuam.
2708 4661 2872 4718 suo.
2919 4662 3074 4731 Sept.
3118 4659 3305 4732 4477.]
3351 4661 3592 4718 Amasias
3628 4655 3728 4709 illa
3795 4609 3797 4729 λ

2200 4753 2327 4806 Joas
2355 4753 2512 4809 annis
2545 4753 2733 4808 XXIX.
2777 4752 3038 4809 Helisaeus
3067 4753 3332 4822 propheta
3376 4752 3641 4808 defunctus
3664 4758 3727 4800 ιε’

2204 4843 2402 4910 pelitnr
2428 4843 2480 4897 iu
2508 4843 2772 4898 Samaria.
2803 4843 3006 4898 Arabe!
3046 4859 3140 4899 rex
3165 4843 3338 4915 Syriae
3379 4844 3563 4914 amkit
3592 4836 3724 4896 incl
3794 4851 3795 4915 ι

2206 4930 2518 4987 Latinorum
2550 4933 2793 4988 decimus
2821 4934 3012 4988 tertius
3044 4934 3342 4988 Aventinus
3371 4933 3599 5006 Sylvius.
3632 4929 3726 4982 Arb

2206 5021 2337 5075 muli
2367 5023 2660 5091 superioris
2707 5023 2850 5091 regis
2900 5023 3075 5091 major
3120 5021 3284 5090 ﬁlius,
3341 5020 3582 5093 regnavit
3617 5011 3727 5071 annis

2208 5111 2475 5177 XXXVII,
2508 5113 2750 5181 atquein
2783 5127 2849 5168 eo
2873 5123 3059 5168 monte
3079 5113 3172 5182 qui
3199 5127 3338 5166 nunc
3369 5108 3724 5186 parentibus

2209 5211 2452 5258 mortuus
2498 5210 2553 5256 et
2582 5201 2825 5273 sepultus
2867 5210 3130 5257 aeternum
3179 5202 3302 5257 loco
3328 5198 3636 5278 vocabulum
3664 5189 3728 5246 ὰ·

2208 5293 2302 5347 dit.

2281 5384 2369 5453 |A.
2401 5381 2471 5436 Μ.
2502 5381 2664 5438 Hebr.
2695 5382 2854 5438 3I92.
2883 5383 3036 5453 Sept.
3077 5381 3266 5455 £529.]
3316 5383 3555 5448 Auris,
3577 5373 3654 5448 qi
3684 5375 3728 5424 ει

2206 5656 2384 5720 Ovid.,
2415 5654 2654 5722 Capetus.

2285 5707 2602 5777 57"”qu
2651 5722 2870 5790 Euseb.,
2917 5723 3012 5780 sed
3053 5733 3240 5780 contra
3281 5723 3408 5778 Mss.
3439 5707 3726 5790 Sept-HI"

2211 5813 2317 5852 non
2344 5795 2571 5850 advertit
2601 5793 2764 5850 Deda.

3791 5119 3793 5271 ι

3759 5903 3787 6123 l
