3842 6242
454 381 558 438 ἔδό

955 379 1161 438 υΕῡιΕ
1201 379 1662 438 VENERABILIS
1702 376 1985 471 OPEBUM
2026 374 2205 431 PARS
2247 374 2285 431 Ι.
2312 402 2380 414 -
2412 372 2864 429 DIDASCALICA
2906 371 3231 430 GENUINA.
3625 364 3703 424 135

456 513 685 571 regnare
729 497 992 567 cmpisse;
1040 512 1185 554 nono
1228 496 1443 553 decimo
1498 505 1683 551 autent
1732 492 1885 563 regni
1934 490 2051 561 ejus
2078 492 2125 549 Δ
2154 506 2355 545 servum
2382 500 2653 557 meum,et
2700 490 2957 544 adducam
2999 508 3087 565 eos
3134 507 3293 561 super
3339 499 3532 544 terram
3565 498 3705 551 istum,

458 607 602 647 anno
628 589 1052 659 Hierosolymam
1083 587 1249 643 fuisse
1274 587 1630 642 destructum.

528 683 617 757 [Α.
651 680 723 736 Μ.
788 680 949 736 Ilebr.
991 678 1153 734 5552.
1202 680 1354 749 Sept.
1377 677 1567 751 4700.]
1613 677 1859 733 Joachim
1918 676 1949 727 Ii
1976 676 2057 729 ius

458 773 616 830 Jusize
640 775 796 828 armis
829 774 918 827 XI.
953 771 1083 828 Post
1104 770 1308 827 .losiam
1337 780 1582 840 regnavt
1623 768 1863 824 Joachaz
1918 767 2060 821 ﬁlius

460 869 576 938 ejus
605 877 625 921 t
658 868 775 922 ibus
798 867 1073 922 mensibus
1104 886 1115 919 :
1144 880 1306 935 quem
1341 866 1560 920 Nechao
1592 865 1832 920 vinctum
1857 863 2061 918 ducens

463 960 515 1015 in
550 957 858 1028 A‘Sgyp'um,
882 954 1131 1012 lout-him
1163 957 1446 1012 constituit
1480 972 1686 1025 regem.
1723 954 1894 1025 Hujus
1916 969 2061 1007 anno

466 1048 626 1104 tertio
650 1048 1170 1113 NabudiOdODOSttr,
1205 1057 1362 1119 capta
1398 1048 1733 1105 Hierusalem
1755 1089 1770 1113 ,
1796 1056 1854 1102 et
1891 1046 2060 1116 pluri-

465 1139 566 1195 mis
590 1139 895 1209 captivatis.
921 1139 972 1193 in
1001 1140 1197 1207 quibus
1219 1148 1378 1194 erant
1409 1137 1619 1203 Daniel,
1649 1137 1907 1203 Ananias,
1926 1136 2063 1189 Aza-

466 1231 593 1296 rias,
626 1238 681 1284 ct
743 1228 962 1294 Misael,
1021 1238 1231 1299 partem
1288 1243 1547 1283 vasorum
1597 1225 1785 1297 templi
1831 1224 2065 1295 Babylo-

469 1319 915 1376 niamtransl'ert.
968 1319 1007 1372 A
1039 1328 1234 1389 quarto
1282 1315 1531 1373 Joachim
1578 1331 1724 1372 anno
1783 1316 2063 1385 Scriptan

469 1429 690 1484 regnum
721 1413 1225 1469 Nabuchodonosor
1246 1420 1550 1483 computat,
1583 1411 1709 1480 quia
1753 1426 1821 1466 ex
1867 1426 1933 1465 eo
1960 1427 2065 1463 nun

469 1506 643 1560 solum
673 1505 941 1560 Chaldaeis
961 1513 1015 1558 et
1040 1502 1259 1571 Judazis,
1284 1503 1378 1559 sed
1409 1512 1464 1559 et
1493 1502 1748 1574 Assyriis,
1775 1501 2066 1572 Egyptiis,

472 1594 738 1661 Moabitis,
764 1594 993 1663 aliisque
1018 1593 1316 1648 innumeris
1334 1592 1585 1663 gentibus
1604 1592 1796 1663 incipit
1818 1605 1948 1659 regn
1984 1606 2065 1645 re.

469 1685 737 1751 Joacltim,
763 1685 856 1754 qui
892 1694 946 1740 et
974 1683 1286 1753 Jechoni.s,
1319 1684 1463 1741 Iilius
1494 1682 1745 1739 Joachim
1791 1682 2071 1737 mensibus

472 1777 537 1833 III
569 1786 624 1832 et
647 1776 838 1831 diebus
867 1775 932 1830 X.
968 1775 1067 1830 llic
1107 1774 1446 1830 circumdata
1490 1790 1519 1827 a
1547 1773 1814 1829 Chaldaeis
1872 1771 2065 1827 Hieru-

2157 594 2204 637 et
2231 601 2387 646 super
2407 584 2721 638 habitamres
2745 585 2874 648 eius,
2904 594 2953 637 et
2982 601 3136 652 super
3162 599 3342 637 omnes
3367 584 3599 636 nationes
3625 597 3709 649 qm

2157 676 2212 729 in
2240 674 2459 730 circuitu
2505 674 2648 729 illius
2695 684 2840 739 sunt,
2880 682 2930 727 et
2977 673 3287 742 interﬁciam
3312 689 3423 736 eos,
3473 680 3520 723 et
3557 685 3711 740 parum

2159 784 2246 822 eos
2293 768 2348 828 in
2401 775 2679 835 stuporem.
2738 773 2787 817 et
2828 761 2883 816 in
2941 762 3187 829 sibilum,
3236 772 3287 817 et
3338 764 3394 815 in
3450 757 3713 814 solitudines

2136 857 2500 925 'sempiternas
2517 897 2533 921 ,
2572 864 2622 909 et
2649 854 2866 907 servient
2892 870 3066 907 omnes
3093 860 3265 923 gentes
3294 854 3414 906 istce
3442 852 3544 920 regi
3572 846 3713 913 Baby-

2166 947 2297 999 lonis
2321 943 2469 998 LXX
2493 948 2666 998 annis.
2699 941 2925 1012 Cumque
2956 942 3153 1011 impleti
3181 942 3374 1012 fuerint
3413 940 3538 994 anni
3576 935 3715 1002 LXX,

2164 1035 2380 1091 visitabo
2404 1053 2557 1104 super
2578 1044 2748 1105 regem"
2776 1032 3076 1103 Babylonis,
3109 1040 3158 1086 et
3179 1024 3334 1101 super
3353 1037 3552 1101 gentem
3579 1028 3715 1087 illam,

2167 1126 2294 1182 dicit
2326 1126 2608 1191 Dominus,
2656 1125 2980 1195 iniquitatem
3025 1136 3231 1185 eorum,
3282 1128 3330 1174 et
3369 1136 3526 1185 super
3563 1129 3719 1171 terreat

2168 1217 2531 1274 Chaldatorum
2550 1256 2564 1281 ,
2596 1227 2647 1270 et
2682 1216 2875 1285 ponaln
2898 1215 3042 1269 illam
3073 1216 3127 1268 in
3155 1212 3464 1266 solitudines
3493 1211 3724 1278 sempiter-

2170 1330 2284 1368 nas.
2330 1311 2393 1365 Et
2430 1324 2451 1349 ε
2485 1310 2611 1364 alibi
2641 1310 2883 1364 scribens
2927 1306 2994 1362 ad
3040 1304 3565 1372 transmigrationcm
3591 1316 3722 1368 quam

2173 1404 2548 1461 transduxerat
2577 1380 3077 1455 Nabuihodonosor
3105 1395 3175 1449 de
3202 1392 3541 1448 Hierusalem
3572 1389 3619 1442 in
3646 1387 3724 1440 Ba-

2173 1496 2423 1567 bylonem
2450 1508 2573 1550 cum
2608 1490 2864 1547 Jecbonia
2895 1504 3021 1558 rege
3046 1504 3059 1544 :
3080 1473 3218 1541 Cum
3257 1485 3536 1555 «περιτῖλαι,
3569 1480 3725 1549 inquit,

2172 1592 2377 1660 impleri
2404 1591 2458 1643 in
2490 1587 2756 1657 Babylone
2785 1583 2932 1639 LXX
2963 1584 3112 1646 anni,
3148 1580 3366 1636 visitabo
3394 1595 3505 1643 vos,
3532 1585 3579 1630 et
3598 1574 3726 1629 susci-

2176 1684 2293 1739 tabo
2316 1697 2470 1752 super
2498 1696 2586 1735 vos
2613 1678 2819 1734 verbum
2846 1691 3016 1730 meum
3041 1674 3227 1729 bonum
3246 1715 3261 1740 ,
3307 1680 3358 1726 et
3400 1670 3633 1724 educant
3664 1680 3729 1719 ros

2175 1774 2246 1828 ad
2270 1776 2439 1828 locum
2465 1773 2643 1835 istum,
2674 1769 2748 1822 ait
2772 1766 3045 1822 Dominus.
3074 1761 3099 1801 δ
3132 1764 3335 1818 Rursus
3364 1759 3602 1829 ejusdem
3622 1766 3717 1808 tem-

471 1869 640 1924 salem
677 1870 809 1941 exiit
836 1868 902 1924 ad
952 1882 1139 1937 regem
1187 1866 1479 1939 Babylonis
1526 1873 1583 1920 et
1610 1874 1787 1920 mater
1831 1865 1969 1933 ejus,
2013 1873 2068 1918 et
2106 1877 2148 1936 Β
2178 1864 2325 1937 poris
2365 1863 2475 1933 jam
2505 1859 2765 1932 prteteriti
2804 1857 2981 1913 Verba
3012 1856 3229 1910 Dierum
3270 1855 3345 1908 ita
3375 1848 3726 1906 recordamur:

471 1962 667 2017 ductus
696 1970 780 2015 est
810 1961 861 2014 in
884 1959 1214 2029 Babylonem
1236 1974 1361 2014 cum
1410 1958 1615 2030 popqu
1652 1972 1755 2013 suo
1801 1970 1947 2011 anno
1978 1971 2076 2011 oc-

476 2065 601 2109 tavo
628 2054 780 2125 regni
805 2052 1325 2109 Nabuchodonosor.

548 2148 637 2221 [Α.
665 2146 734 2199 Μ.
762 2145 925 2201 Ilebr.
956 2144 1121 2199 5563.
1157 2144 1311 2214 Sept.
1344 2142 1536 2214 47Il.]
1570 2142 1863 2199 Sedechias
1891 2141 1983 2209 qui
2022 2151 2077 2195 et

482 2238 730 2302 Matbias,
751 2236 892 2290 titius
907 2234 1069 2291 Josiae
1098 2236 1253 2289 annis
1277 2235 1370 2289 XI.
1403 2234 1576 2303 llujus
1597 2248 1740 2288 anno
1764 2232 2074 2297 undecimo,

487 2330 626 2397 regis
649 2337 835 2383 autem
864 2327 1156 2400 Babylonis
1177 2326 1388 2382 decimo
1408 2340 1576 2386 nono,
1598 2323 1779 2379 Judma
1807 2324 1974 2394 capti'.
1991 2332 2076 2377 ata

486 2423 538 2474 in
571 2419 944 2492 Babyloniam,
998 2426 1057 2475 ct
1099 2418 1358 2489 templum
1400 2415 1617 2471 Domini
1663 2415 1940 2471 incensum
1971 2423 2076 2475 est.

486 2526 629 2565 anno
651 2526 716 2565 ex
740 2525 849 2579 quo
881 2508 1091 2565 fundari
1124 2509 1288 2580 coepit
1319 2517 1343 2544 α
1372 2506 1717 2563 CCCCXXX.
1759 2503 1862 2572 Qui
1896 2513 2077 2559 autem

489 2603 677 2671 reliqui
723 2602 937 2657 fuerant
965 2602 1137 2657 Julzei
1192 2601 1598 2669 transfugerunt
1654 2600 1705 2652 in
1757 2597 2076 2667 Aigyptum,

484 2710 588 2762 qua
612 2702 735 2764 post
761 2708 935 2764 annos
976 2692 1012 2747 V
1062 2706 1321 2763 percussa
1348 2706 1379 2745 a
1408 2688 1694 2756 Chaldmis,
1746 2688 1799 2742 in
1844 2686 2078 2758 Babylo-

484 2761 628 2840 niam
659 2792 782 2838 sunt
803 2792 858 2838 et
882 2761 981 2852 ipsi
1007 2761 1391 2851 transmigrati.

1083 2887 1281 2934 QUINTA
1307 2885 1479 2925 HAS.

554 2964 751 3032 Quinta
782 2962 967 3019 mundi
998 2971 1131 3017 tetas
1159 2961 1226 3016 ab
1249 2960 1573 3016 exterminio
1595 2959 1759 3029 coepit
1788 2956 1940 3026 regni
1981 2956 2078 3011 Ju-

488 3058 645 3123 tlaici,
668 3057 815 3126 quod
840 3056 995 3126 juxta
1027 3052 1311 3127 prophetia
1337 3072 1366 3105 ιι
1396 3051 1684 3108 Hieremias
1726 3048 1871 3105 LXX
1923 3048 2078 3103 annis

484 3147 800 3219 permansit.

2050 2845 2076 2859 ,1-

2180 1956 2372 2028 Siquis
2392 1962 2625 2011 evaserat
2648 1951 2902 2025 gladium,
2934 1950 3117 2002 ductus
3142 1949 3197 2002 in
3228 1945 3548 2017 Babylonem
3566 1941 3728 1995 senisu

2179 2050 2286 2119 regi
2315 2055 2365 2102 et
2392 2046 2514 2116 [iliis
2550 2045 2681 2115 ejus,
2715 2042 2877 2096 donec
2912 2041 3192 2108 imperaret
3231 2052 3325 2090 rex
3369 2034 3661 2087 Persarum.
3696 2036 3729 2078 tt

2180 2117 2519 2209 complentur
2544 2149 2712 2189 sermo
2742 2129 2952 2184 Domini
2992 2144 3057 2182 ea:
3101 2143 3189 2181 ore
3220 2123 3528 2184 Hieremiar,
3565 2128 3610 2173 et
3632 2117 3731 2169 cclc-

2182 2207 2354 2283 braret
2385 2236 2520 2280 terra
2557 2222 2787 2280 Sabbata
2812 2236 2927 2275 sua.
2961 2217 3170 2272 Cunctis
3196 2216 3334 2270 enim
3361 2212 3541 2267 diebus
3568 2207 3731 2261 desola.

2180 2322 2336 2375 tionis
2365 2319 2465 2389 egit
2493 2314 2777 2372 Sabbatum
2796 2316 2819 2380 ,‘
2857 2328 3018 2382 usque
3056 2309 3177 2363 dum
3213 2306 3591 2376 complerentur
3617 2295 3729 2352 ιΠ

2182 2411 2327 2464 anni.
2364 2413 2512 2462 Anno
2542 2415 2711 2460 autem
2741 2405 2906 2475 primo
2934 2400 3057 2472 Cyri
3086 2400 3223 2469 regis
3254 2394 3571 2455 Persarum,
3597 2389 3654 2442 ad
3671 2403 3731 2439 (τε

2181 2503 2429 2573 piendum
2449 2514 2735 2555 sermonem
2768 2495 2976 2550 Domini
3005 2509 3153 2564 quem
3182 2491 3383 2544 locutus
3410 2489 3577 2558 [uerat
3600 2496 3733 2552 perc:

2184 2570 2485 2657 llicremiw,
2514 2589 2778 2644 suscitavit
2804 2585 3059 2640 Dominus
3086 2583 3327 2653 spiritum
3354 2578 3483 2648 Cyri
3502 2575 3627 2646 regis
3643 2570 3733 2624 I’cr-

2182 2699 2381 2749 sarum,
2428 2689 2536 2736 etc.
2568 2677 2773 2745 Quibus
2802 2674 2986 2740 verbis
3030 2670 3352 2733 ostenditur,
3406 2666 3532 2737 quia
3570 2668 3733 2718 vastata

2183 2772 2416 2830 Chaldmi
2444 2768 2662 2834 Iudaea,
2704 2782 2813 2823 non
2852 2774 2911 2821 ut
2949 2762 3153 2835 Assyrii
3200 2760 3257 2815 in
3294 2757 3595 2814 Samariam
3634 2751 3734 2805 alios

2183 2866 2380 2921 misere
2407 2862 2661 2925 colonos,
2690 2857 2786 2913 sed
2812 2856 3083 2911 desertam
3111 2851 3383 2919 reliquere
3414 2857 3638 2907 terram,
3660 2838 3732 2895 do-

2186 2970 2286 3012 nec
2312 2954 2412 3025 ipsi
2443 2959 2565 3024 post
2592 2964 2764 3005 annos
2782 2945 2926 3001 LXX
2955 2945 3008 3001 in
3030 2958 3151 2999 eam
3182 2940 3398 2997 rediere
3426 2936 3609 2992 Judzei.
3633 2931 3733 3025 Coa

2183 3024 2348 3104 sentit
2384 3045 2469 3099 his
2501 3039 2829 3112 e.Iosephus‘,
2860 3038 2914 3093 in
2956 3035 3169 3092 decimo
3192 3030 3593 3102 Antiquitatum
3611 3024 3731 3081 libra.

2184 3140 2425 3195 scribens
2451 3134 2710 3205 templum
2741 3140 2800 3187 et
2826 3126 3181 3192 Hierusalem,
3222 3133 3280 3180 et
3300 3135 3524 3179 omnem
3543 3116 3732 3172 lotium

552 3237 639 3312 [Α.
677 3237 749 3291 Μ.
784 3236 947 3292 lleor.
1009 3235 1170 3289 3577.
1205 3235 1356 3306 Sept.
1412 3232 1601 3304 4725.]
1659 3236 1815 3289 Anno
1863 3231 2075 3287 decimo
2105 3234 2152 3297 C
2186 3229 2325 3285 LXX
2351 3228 2503 3283 annis
2532 3222 2894 3312 permansisse
2917 3218 3240 3312 desolatam.
3263 3213 3367 3280 Qui
3393 3222 3611 3312 rursum
3631 3216 3734 3306 catt-

482 3339 675 3401 quarto
703 3337 989 3401 postquam
1020 3340 1273 3399 percussa
1305 3335 1387 3380 est
1417 3324 1632 3389 civitas,
1663 3323 1859 3392 quiest
1887 3321 2076 3377 vicesi-

486 3435 604 3473 mus
632 3420 852 3490 quintus
881 3432 1055 3474 annus
1109 3414 1599 3485 transm‘grationis
1637 3412 1780 3483 regis
1809 3411 2073 3478 Joat-him,

382 3548 385 3553 ς
486 3525 609 3563 cum
635 3524 745 3577 quo
772 3516 827 3563 et
854 3507 1097 3563 Ezechiel
1129 3506 1432 3576 captivatus
1452 3513 1556 3570 est,
1583 3505 1703 3575 ipse
1730 3503 1983 3559 Ezechiel
2024 3502 2076 3556 in

488 3599 786 3653 visionibus
810 3597 905 3652 Dei
936 3596 1197 3651 adductus
1219 3598 1271 3649 in
1302 3607 1499 3648 terram
1526 3596 1723 3660 Israel,.
1743 3595 1873 3648 vi-Jit
1914 3609 2076 3647 reno-

486 3692 758 3747 vationem
790 3689 1024 3745 civitatis
1052 3703 1115 3744 ac
1137 3686 1347 3759 templi,
1377 3688 1919 3755 ceremoniarumque
1941 3685 2075 3754 ejus.

488 3784 853 3839 [tertianorum
882 3798 909 3837 s
944 3792 1072 3838 xtus
1100 3781 1321 3838 Servius
1352 3781 1603 3849 regnavit
1643 3780 1799 3834 annis
1833 3777 2076 3840 XXXIV,

483 3876 572 3946 qui
602 3883 711 3929 tres
740 3882 956 3929 montes
985 3871 1116 3927 Urbi
1139 3871 1362 3938 addidit,
1395 3871 1731 3937 Quirimlem
1753 3909 1767 3936 ,
1818 3869 2077 3939 ιτεᾳυίιί-

488 3985 637 4035 num,
668 3967 1017 4035 Viminalem,
1042 3965 1238 4021 Fossas
1262 3965 1467 4021 circum
1509 3980 1696 4019 muros
1724 3964 1897 4031 duxit,
1952 3978 2081 4020 cen-

484 4076 576 4114 sus
600 4060 969 4113 Romanorum
990 4057 1187 4112 civium
1212 4057 1414 4125 primus
1446 4056 1702 4110 instituit.

560 4152 648 4222 [Α.
681 4149 751 4202 Μ.
782 4150 946 4204 llebr.
981 4148 1143 4204 3589.
1184 4150 1335 4219 Sept.
1376 4146 1565 4218 4757.]
1613 4154 1770 4203 Anno
1820 4149 2082 4202 vicesimo

485 4252 639 4298 sexto
689 4250 813 4311 post
864 4242 1202 4295 eversionem
1255 4241 1787 4313 Hierosolymorum,
1839 4241 1933 4311 qui
1998 4247 2085 4295 est

489 4350 661 4391 annus
721 4332 1024 4387 tricesimus
1080 4332 1343 4399 septimus
1400 4332 1892 4399 t'ansm'grationis
1936 4330 2078 4398 regis

431 4414 435 4417 ’
485 4422 1074 4491 Juachim,sublevavit
1090 4420 1499 4475 Evilmerodach
1525 4437 1621 4473 rex
1636 4420 1923 4490 Babylonis
1942 4436 2084 4473 anno

484 4530 592 4585 quo
609 4528 837 4582 regnare
849 4519 1109 4581 cmperat,
1126 4518 1291 4580 caput
1308 4508 1551 4564 Joachim
1568 4508 1785 4575 regisJu
1809 4511 1871 4562 ’ω
1885 4507 1951 4563 de
1972 4524 2087 4562 car-

2184 3320 2446 3376 merando
2482 3294 2639 3387 reges
2676 3311 2966 3385 Babylonis
3007 3306 3067 3381 (ί
3092 3307 3139 3362 si
3169 3314 3353 3360 tamen
3392 3306 3512 3373 ἱρεε
3539 3299 3609 3354 δῖε

2181 3414 2307 3486 psit,
2340 3419 2394 3466 et
2420 3425 2529 3465 non
2553 3384 2751 3462 Codex
2789 3402 2924 3458 fallit
2950 3398 3266 3463 mendosus)
3296 3394 3339 3450 C
3374 3394 3492 3451 fere
3517 3404 3667 3486 annos
3687 3384 3735 3486 alt

2180 3475 2367 3562 eversa
2400 3498 2736 3557 Hierusalem
2763 3510 2933 3566 usque
2963 3492 3032 3548 ad
3059 3490 3408 3548 eversionem
3439 3484 3585 3554 regni
3609 3475 3733 3535 Chal-

2182 3600 2420 3654 dzeorum
2461 3594 2587 3649 facit
2614 3590 2811 3658 colligi.
2846 3586 3045 3643 Scribit
3064 3584 3235 3650 enim,
3262 3588 3394 3652 post
3423 3568 3737 3633 Nabuchodo-

2184 3704 2365 3752 nosor,
2393 3684 2509 3754 qui,
2538 3689 2677 3737 teste
2703 3679 2983 3747 Scriptura
3006 3688 3185 3739 sacra,
3215 3670 3366 3726 XXV
3395 3677 3522 3739 post
3541 3674 3735 3720 eversam

2185 3753 2519 3831 Hierusalem
2545 3771 2677 3825 vixit
2700 3768 2875 3833 annis,
2908 3761 3318 3820 Evilmerodach
3350 3758 3523 3814 lilium
3548 3753 3650 3822 ejus
3672 3762 3735 3801 re-

2184 3883 2378 3940 gnasse
2404 3867 2560 3920 annis
2592 3860 2785 3925 XVIII;
2841 3858 2966 3930 post
3008 3871 3170 3927 quem
3216 3853 3429 3923 Egesar
3474 3840 3738 3940 liliumejtts

2186 3930 2310 4024 XL;
2357 3957 2445 4013 cui
2474 3952 2799 4009 successisse
2829 3947 2997 4003 tilium
3027 3946 3147 4016 ejus
3177 3938 3563 3999 Labosoi'docb
3583 3930 3737 3990 mensis

2185 4053 2283 4108 bus
2329 4048 2423 4104 IX.
2473 4045 2588 4101 Hoc
2617 4042 2909 4107 defuncto,
2962 4037 3033 4093 ad
3076 4035 3381 4099 Balthasar,
3431 4024 3736 4102 qni'Nabm

2186 4150 2556 4213 nuncupatur,
2602 4136 2863 4193 transisse
2910 4130 3216 4203 imperium.
3266 4125 3411 4193 Qui,
3459 4138 3577 4180 cum
3614 4114 3733 4189 ἕλω·

2186 4236 2325 4291 XVII
2366 4230 2674 4303 regnaverit
2718 4227 2903 4289 annis,
2936 4234 3151 4295 captam
3181 4237 3211 4276 a
3241 4220 3388 4291 Cyro
3420 4212 3740 4272 Persamcl

2188 4331 2348 4386 Dario
2378 4327 2657 4382 Medorum
2698 4336 2827 4391 rege
2855 4318 3208 4390 Babyloniam
3237 4313 3551 4384 exequitur.
3591 4303 3739 4362 Darius

2188 4434 2368 4479 autem
2415 4419 2664 4491 Astyagis
2703 4417 2869 4479 Illius,
2919 4413 3010 4481 qui
3054 4409 3483 4480 Babyloniorum
3526 4392 3740 4458 destrui“

2192 4511 2507 4580 imperium,
2558 4522 2679 4561 cum
2725 4503 2870 4573 Cyro
2899 4508 3131 4567 cognato
3175 4513 3305 4561 suo,
3355 4494 3555 4580 agebat
3585 4495 3739 4580 aoutlﬂ

485 4570 628 4671 cere,
654 4602 1169 4675 etpo.-uittltrouum
1192 4600 1310 4670 ejus
1330 4614 1491 4669 super
1514 4599 1767 4652 thronum
1782 4611 1966 4666 regum
1995 4600 2084 4665 qui
2118 4606 2166 4665 ο
2194 4570 2586 4669 εθέθεεςὶηιιιητ
2619 4603 2674 4649 et
2701 4570 2997 4648 secundum
3017 4630 3031 4654 ,
3062 4603 3184 4643 cum
3215 4585 3465 4655 Babylon
3495 4570 3740 4675 luis-seti!-

486 4708 777 4754 erantcnm
800 4711 865 4751 eo
882 4696 934 4750 in
960 4694 1253 4766 Balylone.
1272 4692 1511 4746 Meminit
1534 4689 1691 4759 hujus
1719 4690 1977 4759 temporis
2000 4690 2091 4742 ad-

489 4789 591 4843 huc
614 4789 775 4843 futuri
800 4786 1102 4860 praphetab
1132 4787 1428 4843 Hieremias
1454 4786 1525 4839 ita
1551 4784 1792 4840 scribens
1813 4801 1825 4835 :
1848 4781 1982 4837 Ecce
1995 4800 2088 4854 ego

413 4926 423 4937 .
491 4881 692 4933 mittam
722 4891 770 4935 et
798 4882 1071 4937 adsumam
1103 4883 1364 4934 universas
1413 4880 1748 4951 cognationes
1788 4879 2083 4949 Aquilonis,

490 4972 564 5023 nit
600 4969 872 5034 Dominus,
932 4981 981 5024 et
1042 4968 1526 5024 Nabuchodonosor
1572 4987 1741 5024 reaem
1798 4968 2083 5040 Babylonis

2196 4710 2362 4755 vasa,
2401 4688 2493 4760 qui
2533 4697 2708 4741 tamen
2748 4683 2856 4738 alio
2900 4679 3119 4738 nomine
3158 4676 3463 4733 vocabatur
3505 4687 3534 4726 a
3568 4660 3741 4760 (inicit.

2198 4786 2395 4856 quique
2418 4754 2695 4836 Danielem
2719 4774 3038 4847 prophetam
3060 4784 3279 4826 sumens
3297 4767 3365 4822 ad
3383 4781 3469 4831 se,
3495 4764 3547 4819 in
3564 4754 3740 4856 ΙΨ

2195 4840 2377 4941 duxit,
2409 4880 2463 4929 et
2489 4870 2637 4927 omni
2682 4840 2804 4923 eum
2823 4840 3055 4922 'honorc
3084 4860 3402 4918 celebravit.
3456 4856 3614 4927 Hujus
3796 4856 3797 4859 ‘

2198 4932 2221 5009 i5
2252 4932 2436 5022 Daniel
2477 4965 2592 5034 ipse
2622 4961 2693 5015 ita
2729 4957 3015 5013 meminit:
3055 4953 3121 5009 In
3149 4970 3291 5007 anno
3316 4951 3491 5021 primo
3522 4942 3652 5001 Darii
3672 4932 3741 5001 μθ

1729 5078 2118 5133 VABIANTES
2158 5074 2539 5133 LECTIONES

564 5202 575 5229 ‘
613 5198 745 5254 εδδ.
794 5195 1026 5257 .l'l’lll,
1060 5203 1248 5250 contra
1297 5191 1390 5245 Ed.
1427 5190 1548 5248 Par.
1599 5173 1644 5253 ιζ
1676 5187 2070 5258 etJosephum,
2102 5188 2211 5242 imo
2238 5198 2293 5242 et
2319 5194 2507 5242 contra
2533 5184 2678 5253 ipsos
2700 5178 2860 5233 Beda:
2889 5178 3009 5234 Μης.

1875 5298 2130 5355 SMI'I‘IIII
2170 5296 2399 5352 ΝΟΤτΕ.

564 5442 587 5468 ⁸
622 5428 975 5486 CCCCXXX.
1024 5428 1103 5483 Ah
1134 5441 1278 5481 anno
1322 5428 1518 5491 quarto
1568 5415 1880 5471 Salomonis
1908 5414 2077 5491 inclu-

491 5484 910 5559 siveiEusebius
926 5499 1011 5553 hic
1034 5484 1381 5565 ponitaunos
1431 5503 1703 5568 CCCC_XL_I_I,
1742 5501 1941 5568 annum
1980 5484 2077 5566 Ss-

496 5555 726 5628 lmnnnis
749 5582 999 5639 quartum
1032 5555 1345 5639 excludens,
1374 5573 1429 5619 et
1485 5559 1721 5639 ﬁth‘alire.
1745 5555 1806 5621 1,
1854 5556 2079 5639 Apionis

498 5645 586 5709 t0,
611 5628 779 5698 Ius‘ae'
804 5642 853 5703 1,
886 5650 942 5695 et
969 5641 1109 5693 inter
1134 5628 1377 5709 .loachim
1406 5642 1461 5689 et
1490 5629 1817 5709 Zedecltiam
1848 5628 2076 5709 alterum

496 5697 804 5769 admittens.
834 5697 1103 5777 losephus
1130 5718 1311 5773 autem
1335 5707 1616 5761 incensum
1655 5700 1913 5770 templum
1952 5697 2081 5753 disit

499 5800 638 5838 anno
671 5782 882 5835 fabricae
914 5776 1038 5838 470.
1065 5795 1135 5833 m.
1171 5778 1221 5837 6,
1247 5779 1300 5832 d.
1336 5776 1421 5829 ID.

570 5854 591 5889 l‘
627 5851 938 5906 Hieremias.
964 5854 1097 5919 Cap.
1135 5866 1258 5913 xxv,
1294 5849 1326 5900 υ
1349 5862 1461 5917 seq.

2262 5425 2282 5449 ε
2320 5409 2473 5464 Alibi.
2504 5409 2635 5473 Cap.
2668 5422 2817 5469 nix,
2854 5401 2937 5455 I0.

2258 5483 2282 5519 ά
2322 5482 2536 5536 Rursus.
2569 5465 2629 5533 Ῐι
2663 5465 2862 5530 Chron.
2896 5470 3081 5535 xx'avt,
3109 5465 3202 5520 ΞΟ.

2262 5564 2285 5590 ο
2313 5552 2590 5621 Iosephus.
2913 5539 3005 5621 te“.
3030 5609 3063 5620 ..
3125 5608 3138 5621 .
3161 5608 3174 5621 .
3217 5616 3229 5621 _
3482 5609 3495 5621 .
3562 5604 3577 5621 ι
3618 5594 3677 5621 ,L;

2264 5625 2281 5663 ί
2316 5604 2605 5677 Sillim...
2636 5604 2779 5670 nunt
2804 5604 2889 5683 hic
2918 5609 3065 5683 dubii
3088 5608 3306 5683 videtur
3334 5623 3461 5667 esse
3481 5609 3535 5665 in

2189 5695 2447 5751 Codicum
2474 5689 2564 5755 qui
2595 5692 2813 5740 exstant
2842 5680 3083 5749 Iosephi,
3127 5679 3329 5755 eadem
3352 5684 3499 5736 enim

2190 5742 2579 5835 qumwiniliedae
2610 5766 2876 5821 tempore,
2907 5742 3109 5822 et'cjus
3136 5752 3363 5809 calculis
3392 5742 3661 5823 comanti.»
3708 5760 3711 5763 ‘
3764 5776 3765 5803 ί

2206 5862 2214 5869 -
2265 5845 2286 5881 s
2322 5831 2529 5884 Daniel.
2562 5828 2693 5884 Cap.
2722 5841 2793 5884 ιι.
2828 5824 2873 5878 I.

2206 5862 2214 5869 -
2265 5845 2286 5881 ε
2322 5841 2529 5884 υηηιιιι.
2562 5841 2693 5898 Cap.
2722 5841 2793 5890 ix,
2828 5841 2873 5878 ι.
