3842 6242
116 393 202 450 557

1269 387 1355 443 DE
1391 385 1684 442 TEHI’ORI

1817 383 2139 440 numne.
3253 366 3360 422 538

117 503 272 557 Asueri
297 513 354 555 ae
371 501 563 554 semine
586 481 879 563 Medorum,
905 498 991 564 qui
1010 498 1271 566 imperavit
1292 513 1444 564 super
1459 512 1670 566 regnum
1700 499 1744 554 Α
1776 493 1948 563 pheta:
1977 491 2298 546 clarescunt.
2345 486 2677 559 Pythagoras
2716 487 2978 558 Physicus
3011 485 3358 558 philosophus

115 593 472 653 Chaldteorum,
519 608 612 660 ego
647 589 836 641 Daniel
863 588 1095 641 intellexi
1135 588 1186 640 in
1230 586 1373 639 libris
1403 603 1668 640 numerum

116 701 362 747 annorum,
394 683 457 735 de
497 699 596 751 quo
637 683 804 750 factus
835 689 911 732 est
951 695 1118 732 sermo
1149 678 1357 733 Domini
1386 680 1453 729 ad
1482 679 1670 730 (liere-

116 775 255 825 miant
273 772 591 840 prophetam,
627 777 682 820 ut
713 769 1091 835 complerentur
1121 767 1454 820 desoldtionis
1482 765 1644 818 Hiera
1662 796 1676 806 -

115 864 256 916 salem
281 859 424 914 LXX
448 861 593 913 anni.
616 859 894 920 Eusebius,
923 859 974 912 in
997 859 1320 926 Temporum
1348 857 1502 922 libro,
1530 855 1675 908 XXX

117 971 270 1010 siinos
288 955 352 1008 sb
374 955 654 1007 eversione
681 951 1012 1006 Hierusalem
1039 965 1208 1017 u~que
1229 950 1292 1002 ad
1319 950 1525 1001 initium
1551 949 1675 1018 Cyri

115 1047 239 1116 regis
263 1044 564 1108 Persarum,
597 1039 770 1096 Julius
800 1052 978 1096 autem
1004 1050 1025 1076 ³
1055 1038 1336 1094 Africanus
1368 1038 1505 1092 LXX
1531 1055 1679 1093 com-

114 1150 268 1213 putat.
296 1138 461 1195 Porro
491 1137 517 1176 δ
545 1136 924 1206 Hieronymus,
958 1135 1010 1188 in
1040 1133 1377 1202 expositione
1407 1131 1680 1203 prophetae

117 1233 369 1294 Danielis,
418 1230 490 1284 ita
520 1229 649 1283 dicit
685 1245 697 1280 :
737 1247 754 1278 ι
785 1225 1027 1280 Tradunt
1069 1224 1278 1278 Ilehrzei
1318 1221 1680 1290 hujuscemodi

114 1323 365 1377 fabulam:
397 1335 567 1388 usque
596 1319 662 1372 ad
691 1317 1147 1388 septuagesimum
1178 1329 1398 1378 annum,
1431 1328 1535 1381 quo
1558 1312 1683 1366 Ilie-
1729 1373 1743 1392 ἱ

113 1413 295 1468 remias
340 1410 709 1479 captivitatem
751 1407 932 1477 populi
969 1405 1275 1459 Jodmorum
1321 1404 1532 1458 dixerat
1568 1417 1684 1456 esse

110 1503 425 1564 solvendam,
458 1500 524 1554 de
551 1516 658 1569 quo
684 1509 740 1553 et
770 1497 1057 1552 Zacharias
1088 1497 1138 1549 in
1164 1497 1429 1565 principio
1459 1495 1685 1547 volumi-

109 1595 185 1647 nis
211 1595 290 1646 sui
321 1592 555 1659 loquitur
588 1607 601 1642 :
645 1588 858 1642 Irritam
891 1598 1076 1658 putans
1120 1586 1218 1640 Dei
1265 1587 1683 1655 pollicitationem

109 1683 393 1744 Dalthasar,
427 1684 712 1752 falsumque
749 1681 1058 1749 promissum
1079 1720 1094 1744 ,
1142 1694 1315 1730 versus
1354 1679 1407 1730 in
1441 1676 1685 1745 gaudium

107 1776 222 1845 fecit
267 1774 460 1844 grande
512 1773 818 1834 convivium,
868 1771 1127 1824 insultans
1168 1767 1540 1838 quodammodo
1579 1768 1685 1836 spei

104 1844 416 1928 Iudaeorum,
449 1875 498 1916 et
521 1864 653 1916 vasis
682 1862 851 1930 templi
883 1860 996 1926 Dei,
1029 1861 1118 1914 sed
1145 1863 1316 1914 statim
1346 1863 1472 1916 ultio
1505 1877 1679 1914 conse—
1717 1844 1755 1898 Β

103 1963 216 2008 tuta
239 1964 329 2007 est.

173 2049 256 2119 μ.
286 2046 355 2100 Μ.
385 2043 541 2100 Hebr.
574 2043 735 2098 3423.
766 2043 914 2112 Sept.
950 2043 1134 2115 4771.]
1167 2042 1448 2097 Persarum
1481 2041 1684 2112 primos

102 2140 267 2210 Cyrus
298 2138 541 2206 regnavit
559 2136 714 2189 annis
739 2135 899 2189 XXX.
925 2134 1022 2189 Ilic
1046 2145 1101 2188 ut
1121 2134 1436 2203 impleretur
1461 2134 1682 2188 verbum

105 2229 307 2284 Domini
332 2243 396 2281 ex
421 2242 515 2280 ore
539 2225 844 2291 Hieremize,
869 2225 1037 2292 primo
1056 2226 1137 2280 sui
1161 2225 1313 2293 regni
1342 2240 1482 2278 anno
1505 2225 1681 2278 laxata

103 2320 445 2375 Hebraeorum
469 2318 803 2387 captivitate,
838 2315 877 2370 L
907 2316 1072 2371 ferme
1099 2317 1374 2370 hominum
1405 2315 1567 2368 millia
1596 2331 1684 2369 re-

100 2410 246 2478 gredi
272 2410 398 2463 fecit
420 2410 472 2463 in
500 2408 762 2476 Iudaeam,
788 2408 1076 2462 restituens
1105 2407 1182 2462 eis
1204 2423 1332 2460 vasa
1363 2405 1543 2474 templi
1577 2405 1684 2458 Do—

104 2501 229 2554 mini
260 2515 421 2574 aurea
451 2509 507 2554 et
536 2507 789 2566 argentea
820 2496 1129 2561 VM,CCCC.
1172 2497 1272 2563 Qui
1299 2495 1604 2565 congregati
1634 2495 1687 2550 in

103 2587 433 2642 Ilierusalem
466 2601 651 2641 mense
671 2586 903 2655 septimo
929 2584 1330 2640 :edilicaverunt
1358 2585 1544 2650 altare,
1575 2592 1630 2639 et
1657 2599 1687 2638 a

99 2678 272 2745 primo
297 2676 386 2730 die
417 2676 617 2730 mensis
639 2675 878 2744 ejusdem
909 2687 1184 2745 cmperunt
1214 2675 1406 2730 oﬂ'crre
1434 2676 1689 2730 holocau-

96 2777 238 2820 stum
267 2766 514 2820 Domino.
567 2768 724 2819 Anno
773 2773 954 2820 autem
1008 2766 1242 2820 secundo
1286 2766 1545 2819 adventus
1585 2765 1687 2830 sui,

99 2859 286 2912 messe
306 2856 566 2921 secundo,
589 2855 772 2924 templi
795 2855 1137 2910 fundamenta
1157 2856 1419 2922 iecerunt,
1444 2871 1585 2909 anno
1606 2857 1656 2910 in
1671 2887 1686 2897 -

95 2948 369 3004 ceasionis
399 2947 536 3013 ejus,
562 2948 716 3016 juxta
757 2947 1062 3003 Africanum
1100 2946 1307 3011 LXXII,
1339 2947 1487 3016 juxta
1514 2960 1690 3002 autem

97 3035 373 3093 Chronica
405 3036 624 3092 Eusebii
654 3036 847 3091 XXXII
881 3055 893 3089 :
924 3037 1018 3091 sed
1064 3038 1475 3106 impedientibus
1503 3037 1691 3093 Sama-

97 3129 253 3190 ritis,
304 3128 669 3183 intermissum
713 3135 794 3182 est
837 3143 973 3198 opus
1010 3144 1178 3198 usque
1223 3129 1290 3183 ad
1320 3145 1517 3184 annum
1549 3130 1688 3186 Darii

1773 585 1947 639 clarus
1983 583 2224 636 habetur.

1846 677 1944 749 [Α.
2000 676 2070 730 Μ.
2120 674 2280 729 Ilebr.
2334 672 2491 728 5468.
2543 672 2693 740 Sept.
2736 671 2925 741 I8I6.]
2981 669 3170 723 Darius
3207 671 3360 724 anuis

1779 767 2012 821 XXXVI.
2069 767 2210 819 Inter
2257 764 2471 817 Darium
2503 772 2556 816 et
2584 761 2882 832 Cambysen
2923 775 3179 828 regnasse
3225 760 3360 814 duos

1778 858 1968 911 fratres
2000 857 2180 924 Magos
2209 856 2262 910 in
2293 855 2443 908 libris
2479 853 2870 908 Chronicorum
2902 852 3114 908 Eusebii
3161 853 3360 922 reperi-

1779 966 1915 1004 mus.
1966 949 2156 1002 \‘erum
2186 946 2562 1016 Hieronymus,
2611 947 2663 999 in
2712 945 3051 1013 expositione
3099 946 3358 1010 Dauielis,

1777 1041 1965 1096 scribit
1993 1048 2109 1110 post
2135 1037 2434 1107 Cambysen
2461 1037 2741 1091 Smerdem
2764 1039 2778 1067 ¹
2808 1036 3014 1104 Magum
3041 1050 3063 1076 ε
3089 1051 3361 1104 regnasse,

1779 1131 1870 1200 qui
1901 1129 2085 1195 Panta;
2109 1129 2256 1192 then,
2299 1127 2493 1196 inquit,
2538 1127 2700 1179 filiam
2731 1125 3009 1195 Cambysis
3037 1125 3186 1179 duxit
3220 1141 3358 1178 uxo-

1781 1238 1924 1286 rein,
1965 1221 2053 1289 qui
2083 1235 2202 1274 cum
2234 1234 2263 1271 a
2292 1227 2500 1286 septem
2534 1217 2703 1283 magis
2730 1215 2918 1270 fuisset
2948 1218 3185 1282 occisus,
3226 1227 3282 1270 et
3310 1217 3363 1270 in
3450 1242 3454 1246 -

1783 1311 1956 1364 locum
1981 1308 2095 1377 ejus
2117 1308 2304 1362 Darius
2323 1308 2650 1378 suscepisset
2677 1308 2979 1375 imperium,
3009 1308 3198 1362 eadem
3226 1309 3365 1360 Pan-

1787 1401 1996 1470 tapthes
2033 1399 2212 1468 nupsit
2252 1398 2432 1462 Dario,
2460 1407 2514 1452 et
2542 1413 2606 1451 ex
2635 1413 2702 1452 eo
2725 1397 2940 1451 Xerxen
2973 1398 3136 1450 lilium
3159 1399 3362 1467 genuit.

1786 1492 2032 1547 Secundo
2059 1505 2199 1545 anno
2217 1491 2358 1544 Darii
2381 1491 2807 1560 septuagesimus
2831 1491 3158 1558 captivitatis
3177 1493 3369 1546 llieru-

1786 1582 1948 1637 salem
1979 1596 2147 1635 annus
2186 1581 2467 1650 impletur,
2499 1591 2557 1634 ut
2586 1582 2695 1634 vult
2728 1580 3014 1644 Eusebius,
3061 1591 3251 1635 testem
3277 1583 3371 1636 ad-

1788 1676 1976 1730 hibens
2021 1675 2332 1730 Zachariam
2374 1675 2727 1744 prophetam,
2771 1675 2908 1745 apud
2947 1692 3106 1746 quem
3136 1678 3372 1732 secundo

1790 1765 1931 1819 Darii
1963 1780 2104 1819 anno
2147 1763 2382 1832 loquitur
2423 1765 2643 1830 angelus
2676 1782 2690 1818 :
2722 1765 2746 1801 ἀ
2775 1765 2996 1819 Domine
3035 1769 3368 1832 exercituum,

1784 1871 2037 1925 usquequo
2099 1864 2148 1907 tu
2191 1871 2294 1908 non
2345 1856 2664 1908 misereberis
2715 1853 3041 1910 Hierusalem
3085 1869 3135 1911 et
3170 1860 3370 1912 urbium

1785 1945 1924 1998 Juda
1957 1945 2136 2016 quibus
2176 1947 2334 1998 iratus
2365 1947 2454 2007 es?
2486 1944 2593 1998 Iste
2633 1952 3037 2016 septuagesimus
3080 1966 3245 2002 annus
3273 1959 3367 2002 est.

1789 2039 1918 2092 Item
1948 2045 2140 2106 quarto
2172 2035 2312 2090 Darii
2357 2037 2498 2104 regis
2537 2053 2678 2091 anno
2719 2038 2848 2092 dicit
2875 2039 3014 2093 item
3058 2041 3318 2108 propheta
3351 2059 3362 2092 :

1792 2141 1812 2167 ο
1848 2130 1971 2183 Cum
2001 2130 2311 2199 jejunaretis
2343 2140 2392 2183 et
2416 2131 2728 2199 plangeretis
2755 2147 2847 2197 per
2874 2131 2964 2184 hos
3001 2131 3145 2184 LXX
3180 2149 3370 2200 annos,

1791 2223 2020 2293 nunquid
2040 2223 2297 2291 jejunium
2335 2222 2610 2292 jejunastis
2659 2224 2822 2275 mihi?
2850 2222 3016 2278 Sexto
3061 2224 3198 2277 Darii
3230 2240 3372 2279 auito

1790 2314 1972 2381 templi
2003 2314 2289 2367 mditicatio
2319 2313 2643 2382 completur,
2675 2314 2761 2367 die
2791 2316 2948 2367 tertia
2981 2316 3179 2369 mensis
3208 2315 3372 2380 Adar,

1789 2407 1877 2475 qui
1904 2413 1984 2458 est
2014 2403 2453 2471 quadragesimus
2483 2412 2664 2458 sextus
2689 2420 2881 2470 annus,
2908 2420 2974 2459 ex
3003 2421 3109 2473 quo
3136 2406 3377 2473 ejussub

1787 2498 1927 2566 Cyro
1969 2494 2314 2548 fundamenta
2368 2503 2495 2548 sunt
2534 2495 2700 2562 jacta.
2760 2493 2909 2550 Unde
2944 2495 2997 2548 in
3044 2495 3380 2564 ‘Evangelin

1789 2585 1972 2638 dicunt
2015 2583 2183 2638 Judaei
2213 2601 2225 2635 :
2267 2581 2627 2653 Quadraginta
2662 2591 2710 2636 et
2746 2600 2838 2636 sea:
2867 2584 3024 2655 annis
3065 2584 3378 2652 ludiﬁcatum

1789 2685 1866 2730 est
1890 2675 2133 2745 templum
2163 2675 2276 2728 hoc.
2310 2674 2603 2742 Coeperunt
2632 2683 2808 2727 autem
2837 2673 3099 2728 :editicare
3129 2689 3270 2727 anno
3290 2689 3378 2729 se-

1790 2765 1964 2819 cundo
1994 2764 2168 2829 Darii,
2203 2778 2386 2816 mense
2414 2771 2568 2816 sexto
2592 2803 2606 2828 ,
2657 2762 2745 2816 die
2784 2763 3036 2816 vicesima
3077 2773 3300 2831 quarta,
3325 2772 3383 2818 et

1792 2869 1930 2908 anno
1979 2862 2159 2917 sexto,
2211 2861 2270 2906 ut
2299 2852 2500 2908 dictum
2532 2861 2645 2920 est,
2691 2868 2876 2908 mense
2904 2853 3245 2921 duodecimo,
3293 2853 3383 2908 die

1792 2947 1948 3001 tertia
1974 2946 2396 3016 compleverunt.
2447 2944 2526 3000 Ex
2551 2960 2659 3014 quo
2689 2955 2911 3014 apparet
2940 2963 3075 3015 opus
3106 2948 3286 3016 templi
3315 2957 3372 3001 et

1794 3049 1948 3094 antea
1980 3056 2085 3094 non
2119 3053 2277 3108 parva
2317 3053 2380 3092 ex
2427 3047 2576 3104 parte
2621 3046 2929 3107 peractum,
2980 3052 3150 3091 annos
3199 3045 3378 3090 autem

1798 3130 1932 3183 LXX
1959 3144 1988 3182 a
2011 3128 2375 3182 destructione
2399 3127 2538 3181 illius
2561 3141 2728 3194 usque
2753 3126 2818 3179 ad
2847 3126 3138 3195 perfectam
3170 3135 3382 3181 restauo

95 3219 424 3284 seminium,
454 3219 549 3288 qui
580 3219 745 3274 etiam
787 3219 840 3273 in
870 3232 1035 3288 regno
1078 3221 1266 3274 Asueri
1297 3229 1349 3276 et
1378 3219 1692 3276 Artaxerxis
1720 3207 1763 3266 C
1799 3221 1946 3274 randi
1991 3220 2258 3274 licentiam
2281 3235 2401 3275 esse
2424 3220 2832 3290 computandas.
2883 3218 3057 3275 Pulsis
3087 3219 3218 3274 urbe
3243 3219 3387 3288 regi-

92 3310 430 3378 scripserunt
471 3310 873 3364 accusationem
917 3309 1199 3363 adversum
1228 3308 1470 3372 Judmos;
1511 3321 1565 3363 et
1604 3324 1689 3363 re-

91 3399 312 3466 scripsit
335 3399 664 3453 Artaxerxes
705 3414 772 3453 ne
801 3398 1159 3452 azdiIicaretur
1190 3397 1541 3454 Hierusalem.
1575 3399 1688 3454 Ito-

94 3502 388 3541 mauorum
412 3489 674 3556 septimus
699 3487 1017 3556 Tarquinius
1038 3490 1280 3557 regnavit
1299 3491 1452 3544 annis
1473 3491 1688 3559 XXXV,

91 3577 182 3646 qui
209 3592 380 3631 causa
412 3576 685 3647 Tarquinii
713 3577 942 3646 junioris
975 3578 1066 3633 filii
1097 3580 1211 3644 sui,
1259 3582 1348 3650 qui
1393 3581 1688 3637 Lucretiam

94 3681 445 3742 corruperat,
476 3688 508 3726 a
538 3687 706 3743 regno
735 3675 990 3743 expulsus
1017 3683 1119 3730 est.

165 3763 271 3835 [Α.
295 3761 374 3816 Μ.
424 3763 586 3818 Hebr.
621 3763 783 3818 5431.
817 3765 964 3830 Sept.
1009 3764 1196 3834 4779.]
1245 3763 1536 3834 Cambyses
1567 3763 1690 3835 Cyri

93 3853 241 3907 titius
271 3853 428 3906 annis
460 3853 592 3906 VIII.
629 3853 744 3918 llic,
777 3853 986 3908 devicta
1015 3853 1271 3923 ASgypto,
1302 3860 1549 3907 cunctam
1579 3853 1693 3922 ejus

89 3946 418 4016 nligionem
459 3947 831 4011 abominatus,
880 3946 1217 4000 ceremonias
1259 3944 1376 4014 ejus
1413 3956 1468 4001 et
1497 3949 1690 4016 templa

85 4029 397 4108 deposuit:
439 4036 768 4108 Babylonem
819 4037 871 4090 in
915 4037 1150 4108 [Egypto
1198 4035 1498 4090 aediﬁcavit.
1543 4035 1691 4086 Hunc

88 4129 252 4183 aiunt
298 4128 368 4182 ab
416 4127 652 4182 llebrazis
703 4127 1006 4183 Secundum
1053 4127 1533 4181 Nabuchodonoso.
1631 4141 1690 4178 οη

88 4221 231 4284 cari,
265 4224 368 4273 sub
393 4234 502 4286 quo
530 4219 712 4273 Iudith
742 4220 961 4272 historia
993 4217 1365 4271 conscribitur.

163 4306 258 4380 [A.
291 4307 360 4359 Μ.
387 4308 548 4360 Hebr.
578 4307 737 4360 5452.
762 4307 910 4374 Sept.
943 4305 1126 4376 4780.]
1149 4305 1364 4360 Fratres
1385 4305 1522 4377 Magi
1549 4323 1696 4361 men-

84 4399 248 4452 sibus
287 4393 393 4449 VII.
425 4394 582 4452 Iesus
607 4396 860 4452 sacerdos
888 4410 1132 4464 magnus,
1163 4405 1218 4451 et
1244 4397 1492 4467 princeps
1520 4398 1693 4466 gentis

82 4487 431 4544 Zorobabel.
480 4487 718 4558 Aggeus,
775 4486 1088 4552 Zacharias,
1137 4495 1193 4541 et
1231 4487 1522 4542 Malacltias
1566 4503 1691 4556 pro-

1791 3311 1906 3372 bus,
1937 3310 2026 3378 qui
2051 3310 2449 3379 imperaverunt
2476 3311 2630 3365 annis
2658 3312 2682 3350 ³
2703 3310 2972 3375 CCXLIII,
3008 3310 3093 3363 vix
3116 3325 3285 3378 usque
3316 3310 3382 3362 ait

1791 3400 2057 3455 decimum
2090 3402 2332 3473 quintum
2360 3401 2590 3470 lapidem
2621 3401 2787 3454 Roma
2817 3401 3033 3454 tenebat
3071 3400 3378 3468 imperium.

1795 3473 1977 3547 Itoma:
2006 3500 2130 3561 post
2157 3501 2378 3546 exactos
2409 3505 2580 3558 reges,
2617 3492 2845 3560 primum
2875 3491 3126 3546 consules
3153 3506 3183 3544 a
3216 3490 3393 3567 Bruto”

1794 3599 1913 3638 esse
1943 3590 2244 3650 coaperunt,
2274 3581 2468 3636 deinde
2498 3582 2695 3635 tribuni
2737 3582 2928 3651 plebis,
2962 3598 3026 3638 ac
3056 3582 3379 3646 dictatores;

1791 3681 1846 3726 et
1897 3688 2108 3726 rursum
2155 3673 2403 3727 consoles
2459 3674 2843 3742 rempublicam
2895 3673 3244 3727 obtinuerunt
3288 3686 3384 3740 per

1795 3778 1967 3819 annos
2005 3763 2172 3818 ferme
2202 3762 2531 3819 CCCCLXIV
2562 3780 2731 3833 usque
2760 3765 2825 3817 ad
2857 3765 3054 3817 Iulium
3095 3763 3382 3827 Caesarem,

1795 3858 1883 3924 qui
1918 3857 2119 3924 primus
2148 3857 2414 3924 singulare
2445 3856 2666 3924 arripuit
2712 3855 3026 3924 imperium,
3061 3852 3381 3923 Olympiade.
3431 3859 3434 3864 λ

1795 3946 2136 3998 ‘CLXXXIII
2159 3944 2206 3998 δ.

1867 4035 1958 4106 [Α.
2012 4034 2080 4088 Μ.
2127 4035 2288 4089 Ilebr.
2331 4033 2490 4088 7.488.
2541 4034 2690 4105 Sept.
2743 4033 2928 4105 4836.]
2988 4037 3193 4091 Xerxes
3249 4035 3386 4088 Illius

1796 4126 1940 4179 Darii
1966 4127 2118 4180 annis
2150 4127 2266 4180 XX.
2294 4127 2389 4180 llic
2411 4126 2718 4197 IEgyptum,
2744 4143 2864 4196 qua:
2886 4145 2914 4182 a
2942 4129 3097 4182 Dario
3123 4129 3383 4181 discesse.

1797 4225 1896 4276 rat,
1950 4217 2122 4285 capit,
2153 4227 2206 4270 et
2235 4219 2490 4272 advorsus
2519 4220 2774 4272 Cncciam
2807 4233 3153 4287 pugnaturus,
3201 4219 3375 4271 DCCX

1795 4307 1956 4360 millia
1988 4319 2315 4360 armatorum
2347 4307 2412 4359 de
2441 4323 2637 4375 regno,
2670 4316 2724 4360 et
2753 4309 2876 4361 CCC
2905 4307 2969 4362 de
3000 4311 3211 4362 auxiliis
3231 4351 3244 4374 ,
3286 4325 3374 4361 ro-

1795 4404 1990 4450 stratas
2016 4397 2177 4449 etiam
2207 4413 2369 4450 naves
2400 4395 2554 4462 MCC,
2589 4398 2864 4452 onerarias
2893 4408 3072 4453 autem
3095 4399 3249 4453 ΜΜΜ
3284 4417 3381 4454 nu-

1798 4503 1948 4542 mero
1979 4487 2228 4543 habuisse
2259 4497 2536 4555 narratur;
2568 4499 2803 4544 attamen
2836 4491 3008 4546 victus
3039 4491 3264 4561 patriam
3297 4506 3354 4544 re

1340 4601 1727 4658 VARIANTES
1769 4601 2166 4656 LI'ICTIONES.

159 4702 176 4728 ³
209 4693 422 4750 Omnes
445 4693 575 4748 Edd.
618 4702 674 4747 et
701 4692 827 4750 Mss.
872 4692 1026 4786 Bedre
1054 4690 1331 4763 Magnum,
1371 4693 1466 4748 sed
1495 4710 1679 4749 crasso
1725 4699 1736 4706 ‘

76 4780 305 4822 ert-om.

1860 4697 1880 4726 ’
1911 4695 2068 4762 Edd.,
2102 4695 2153 4748 in
2185 4711 2374 4764 marg.,
2405 4695 2588 4759 IV,‘c.
2623 4695 2742 4750 Mss.
2772 4703 2827 4748 et
2857 4695 3051 4748 Euseb.

1419 4829 1672 4884 SMITIIII
1706 4833 1934 4887 NOTAE.

155 4936 183 4964 ⁸
216 4925 527 4995 Africanus
574 4922 729 4977 LXX.
777 4923 927 4995 Apud
956 4923 1147 4979 Euseb.
1180 4922 1378 4993 (Prwp.
1428 4921 1682 4994 Evangel.
1720 4931 1768 4988 ι)
1794 4927 2045 4994 assignet,
2080 4927 2216 4981 Beda
2246 4938 2421 4979 autem
2455 4943 2557 4980 xu.
2611 4927 2722 4980 Iloc
2752 4942 2818 4980 eo
2858 4929 3167 4982 accuratius
3197 4941 3380 4984 uolan-

157 5014 213 5060 ι,
252 5014 312 5064 ρ.
340 5014 489 5063 ιω).
793 5014 795 5017 ·

155 5068 184 5108 δ
222 5067 602 5135 Hieronymus.
640 5063 693 5116 In
725 5063 958 5117 Dabielis
978 5073 1141 5135 caput
1170 5064 1437 5133 quintum.

155 5150 183 5180 ι
218 5133 467 5206 Iugum.
503 5137 879 5206 Hieronymus,
909 5135 959 5206 in
985 5133 1216 5206 Danielis
1244 5150 1364 5204 cap.
1393 5151 1467 5198 XI,
1492 5133 1544 5188 2.

152 5209 180 5247 δ
216 5202 451 5260 Domine
478 5202 811 5259 exercitati-ii.
837 5203 1002 5256 Zach.
1034 5219 1069 5266 ι,
1105 5202 1190 5256 12.

154 5290 178 5314 τ
216 5278 358 5330 Cum
382 5277 710 5345 jejunaretis.
755 5274 914 5345 Zacit.
949 5289 1040 5338 vn,
1072 5273 1124 5326 5.

157 5345 177 5383 ι
220 5343 541 5402 Evangelia.
571 5350 726 5399 .Ioan.
757 5361 814 5409 It,
845 5343 932 5397 20.

153 5424 182 5458 ιι
216 5414 540 5469 CCXLI”.
573 5419 832 5471 Eusebius
860 5415 988 5470 dicit
1017 5412 1376 5468 Romanorum
1404 5429 1557 5483 reges
1586 5419 1685 5471 im-

69 5498 321 5550 per-asse
344 5487 501 5538 annis
519 5502 678 5550 cch,
707 5489 831 5554 sive,
859 5483 1230 5557 utquibusaam
1254 5483 1440 5557 placet,
1473 5502 1686 5543 ccxuu.

71 5557 179 5609 llic
211 5569 484 5608 numerus
511 5571 706 5608 ccxun
736 5557 788 5609 in
819 5553 1079 5610 omnibus
1107 5555 1263 5608 Beda:
1291 5553 1574 5612 Codicibus
1602 5560 1685 5614 iu-

67 5623 332 5685 vessitur,
358 5623 454 5676 sed
484 5639 691 5684 errore,
726 5634 784 5678 ut
812 5627 1038 5690 videtur,
1075 5626 1391 5680 scribarum.
1439 5625 1570 5680 Nam
1603 5645 1686 5682 re—

67 5709 210 5748 vera
244 5691 550 5748 secundum
594 5695 768 5762 ipsum
801 5699 924 5749 anni
966 5711 1148 5765 regum
1195 5695 1555 5751 Romanoium
1590 5701 1684 5752 im-

67 5766 240 5834 plent
271 5772 484 5816 tantum
527 5779 700 5817 annos
725 5779 907 5824 ccxu.
955 5776 1008 5819 et
1047 5766 1262 5822 Eusebii
1304 5765 1538 5821 calculus
1561 5770 1682 5824 ideo

69 5848 197 5889 uno
236 5849 390 5890 anno
420 5834 597 5889 minor
625 5842 708 5888 est
729 5874 741 5898 ,
790 5836 930 5902 quod
971 5852 1036 5890 xi.
1065 5845 1268 5893 tantum
1300 5851 1468 5893 annos
1498 5838 1681 5894 Nonne

1795 4996 1919 5048 dum
1951 4998 2092 5065 quod
2147 4998 2270 5051 hinc
2304 4997 2537 5066 pendeat
2587 4999 2873 5066 applicatio
2912 5014 3172 5051 annorum
3228 5002 3381 5055 Urbis

1795 5067 2025 5121 conditze
2055 5068 2118 5119 ad
2146 5084 2305 5120 :cram
2337 5068 2713 5121 Christianam.
2749 5068 2866 5121 Vid.
2898 5069 3051 5130 infra,
3084 5068 3241 5122 5952.

1869 5137 1891 5172 δ
1924 5137 2293 5196 CLXXXIII.
2327 5137 2468 5192 Beda
2507 5140 2666 5190 etiam
2699 5138 2784 5191 hic
2827 5139 3111 5192 Eusebium
3143 5147 3374 5202 secutus,

1795 5224 1823 5260 a
1858 5210 2024 5277 prima
2055 5208 2367 5279 Olympiade
2399 5209 2462 5260 ad
2493 5209 2692 5260 Iulium
2723 5210 2996 5279 Caesarem
3015 5209 3165 5274 ponit
3192 5207 3377 5278 Olym-

1797 5275 1982 5346 piades
2020 5275 2253 5334 ccxxxut
2297 5297 2309 5331 :
2363 5280 2641 5331 immemor
2688 5277 2767 5328 sui
2811 5275 3034 5346 calculi,
3084 5275 3378 5332 secundum

1795 5345 1951 5415 quem
1984 5366 2088 5401 non
2118 5352 2313 5401 dantur
2353 5349 2420 5399 ibi
2454 5355 2531 5396 tot
2567 5345 2906 5414 Olympiades
2937 5362 3006 5399 xx
3059 5348 3232 5401 annis.
3286 5349 3380 5404 Ille

1797 5418 1939 5469 enim
1967 5417 2308 5486 Olympiades
2335 5416 2542 5486 orditur
2570 5418 2635 5486 ab
2664 5430 2711 5466 a.
2749 5430 2822 5467 ιη.
2853 5415 3012 5479 5198,
3044 5419 3249 5485 primus
3284 5434 3380 5473 su-

1798 5497 1904 5541 teni
1932 5484 2103 5540 annos
2125 5487 2243 5538 .lolii
2271 5486 2493 5538 Cmsaris
2523 5484 2616 5536 fuit
2645 5500 2786 5537 anno
2814 5486 2974 5552 3906,
3007 5484 3261 5542 distantia
3293 5497 3377 5542 est

1796 5571 2056 5608 annorum
2099 5571 2284 5618 DCCIX;
2326 5556 2418 5608 sed
2459 5571 2546 5608 cut
2587 5555 2928 5625 ()lympiades
2960 5558 3182 5625 implent
3207 5573 3377 5611 annos

1794 5641 2047 5688 Dccxxtx,
2079 5641 2243 5692 quare
2273 5627 2466 5678 desunt
2505 5629 2628 5679 anui
2670 5643 2758 5678 xx.
2795 5628 2889 5679 llic
2921 5637 3147 5680 recurrit
3187 5627 3374 5680 eadem

1789 5713 1908 5764 quae
1938 5696 2084 5763 prius
2110 5696 2424 5749 dillerentim
2471 5698 2606 5748 ratio
2653 5714 2664 5746 :
2717 5697 2971 5748 Eusebius
3009 5708 3255 5750 numerat
3285 5714 3375 5752 νιιι

1791 5763 1960 5819 annos
1985 5765 2051 5818 de
2076 5767 2270 5832 quibus
2293 5766 2522 5819 disintus
2547 5765 2610 5817 ad
2641 5782 2688 5816 a.
2723 5763 2881 5825 5208,
2924 5775 2977 5816 et
3008 5782 3077 5819 xu
3110 5781 3278 5822 annos
3309 5770 3375 5824 de

1787 5838 1976 5907 quibus
1999 5837 2062 5890 ad
2093 5853 2140 5889 a.
2173 5836 2330 5898 5363,
2361 5851 2495 5903 quos
2518 5851 2686 5889 annos
2715 5835 2854 5888 Beda
2876 5839 3073 5890 omittit
