3842 6242
506 396 612 450 5ῑὸ

509 596 678 652 tiochi
706 596 869 651 duces
896 596 963 649 de
982 594 1162 650 Judtna
1191 596 1487 673 expellens,
1516 604 1573 650 et
1592 593 1849 663 templum
1881 593 1949 646 ab
1972 591 2091 646 ido-

512 687 685 740 lorum
715 686 1034 755 imaginibus
1055 686 1370 750 emundans,
1402 687 1603 755 patrias
1627 686 1770 753 leges
1791 693 1912 753 post
1933 684 2097 737 trien-

512 778 659 830 nium
680 777 790 831 snis
818 776 1023 831 civibus
1048 775 1300 831 reddidit.
1329 776 1479 831 Unde
1502 782 1627 845 post
1646 789 1923 830 secessum
1949 770 2097 827 Oniae

510 866 809 921 sacerdotis
838 865 887 918 in
916 850 1205 936 Egyptbm
1234 907 1249 931 ,
1293 866 1362 919 dc
1412 881 1521 933 quo
1565 879 1726 935 supra
1750 858 2013 927 diximus,
2045 871 2099 917 et

513 968 745 1012 mortem
793 958 1045 1023 Alcltimi,
1098 959 1209 1026 qui,
1249 958 1486 1027 ell’ugato
1515 957 1669 1022 Onia,
1725 956 2095 1025 pontiﬁcatum

519 1050 765 1118 indignus
819 1049 1071 1104 invadere
1140 1051 1412 1113 tentabat,
1470 1049 1711 1103 omnium
1764 1047 1947 1102 favore
2001 1045 2097 1100 Ju-

516 1140 752 1203 timorum
810 1138 1118 1193 Machame
1170 1138 1535 1194 sacerdotium
1586 1138 1911 1201 decernitur,
1956 1136 2100 1206 quod

518 1238 640 1298 post
690 1216 923 1284 mortem
968 1229 1085 1297 ejus
1142 1228 1309 1283 frater
1362 1229 1622 1285 Jonathas
1671 1228 1934 1294 sortitus,
1979 1226 2101 1281 XIX

516 1333 688 1372 annos
715 1334 917 1372 summa
941 1318 1263 1371 ministravit
1286 1318 1568 1372 industria.

585 1430 671 1501 [Α.
703 1430 772 1484 ιι.
807 1431 970 1485 Ilebr.
1002 1429 1161 1485 3838.
1193 1431 1345 1501 Sept.
1379 1429 1566 1502 5l86.]
1594 1430 1913 1510 Ptolemaeus
1935 1394 2104 1481 me...

516 1535 666 1590 getes
691 1524 845 1576 annis
875 1522 1067 1589 XXIX.
1102 1523 1361 1577 Jonatbas
1387 1524 1495 1576 dux
1538 1516 1842 1577 Iudaeorum
1875 1532 1925 1575 et
1969 1534 2104 1588 pon-
2148 1554 2151 1557 -

497 1614 647 1668 'tifex
674 1629 794 1669 cum
817 1614 1073 1669 Romanis
1095 1623 1149 1669 et
1167 1614 1454 1684 Spartiatis
1475 1614 1740 1669 amicitias
1767 1612 1893 1667 facit
1913 1630 1927 1678 ;
1946 1627 2053 1681 quo
2074 1626 2104 1665 a

518 1706 788 1772 Tripltone
842 1707 1145 1771 interfecto,
1200 1708 1255 1761 in
1303 1696 1889 1762 sacerdotium'frater
1918 1704 2104 1760 Simon

519 1766 827 1867 assumitur,
852 1814 991 1853 anno
1033 1766 1181 1867 regni
1204 1797 1483 1867 Evergetis
1511 1799 1765 1868 septimo,
1808 1796 1952 1865 quod
1993 1794 2103 1849 VIII
2142 1769 2369 1871 ntali"
2395 1766 2658 1871 “ﬁnem:
2683 1766 3031 1871 52231.83)?‘
3074 1766 3279 1871 5275'],

2142 1852 2184 1910 B
2215 1858 2485 1913 Ptolemaei
2533 1858 2688 1912 annis
2727 1855 2892 1911 XXII.
2921 1854 3052 1913 Orto
3092 1858 3235 1911 enim
3264 1857 3409 1912 bello
3466 1858 3606 1912 civili
3650 1858 3753 1912 inter

519 1888 674 1942 armis
702 1888 1072 1943 strenuissime
1098 1902 1291 1957 gerens
1319 1888 1429 1943 lilio
1476 1889 1672 1943 Joanni
1703 1887 1940 1955 reliquit.
1980 1886 2102 1950 llic,

522 1979 778 2033 adversus
828 1980 1088 2035 llircanus
1126 1980 1322 2035 bellum
1353 1993 1587 2048 gerens,
1646 1979 1860 2035 llircani
1911 1993 2106 2033 nomen

523 2070 751 2138 accepit,
781 2080 882 2124 eta
906 2070 1161 2125 Romanis
1173 2076 1262 2139 jus
1286 2071 1531 2125 amicitia:
1562 2071 1862 2140 postulans,
1889 2070 2109 2124 decreto

522 2167 741 2213 senatus
771 2159 909 2212 inter
934 2160 1135 2213 amicos
1156 2160 1357 2215 relatus
1385 2168 1487 2215 est.
1518 2159 1842 2226 Samariam,
1872 2173 1990 2227 quae
2016 2174 2109 2211 no-

525 2258 637 2301 stro
659 2257 902 2317 tempore
930 2247 1156 2303 Sebaste
1180 2257 1422 2315 vocatur,
1454 2250 1739 2303 obsidione
1761 2257 1974 2317 captam
1995 2247 2111 2302 solo

526 2340 844 2409 coaequavit,
873 2355 1031 2408 quam
1058 2349 1242 2409 postea
1268 2340 1507 2395 llerodes
1526 2343 1831 2395 instaurans
1851 2338 2110 2395 Sebasten

527 2430 577 2482 iu
608 2430 867 2486 honorem
896 2430 1119 2501 Augusti
1146 2432 1403 2501 appellari
1426 2433 1618 2487 voluit.

600 2540 687 2612 [A.
721 2540 793 2595 ιι.
825 2522 989 2597 llebr.
1022 2540 1183 2596 2855.
1203 2543 1353 2612 Sept.
1387 2541 1573 2613 5205.]
1606 2543 1929 2598 Ptolemmus
1954 2522 2113 2616 Phy-

531 2645 662 2684 scon
689 2632 857 2699 quiet
936 2632 1115 2695 Soter,
1150 2629 1304 2687 a'nnis
1341 2633 1502 2687 XVI.
1535 2636 1726 2690 Cicero
1757 2635 1944 2704 Arpini
1992 2651 2115 2689 nas-

532 2723 675 2777 citur
697 2733 866 2778 matre
897 2723 1104 2792 IIeria,
1131 2734 1283 2792 patre
1312 2728 1574 2795 equestris
1604 2727 1809 2781 ordinis
1851 2743 1917 2782 ex
1969 2729 2115 2797 regio

539 2812 841 2866 Voscorum
873 2826 1088 2880 genere.
1136 2814 1365 2869 llircano
1411 2816 1461 2869 in
1512 2816 1903 2886 pontificatum,
1957 2833 2115 2889 quem

532 2902 653 2969 ipse
686 2901 848 2955 XXVI
880 2903 1033 2957 annis
1066 2905 1258 2968 tenuit,
1291 2904 1633 2959 Aristobul.:s
1654 2908 1891 2961 succedit
1919 2922 2117 2960 annum

536 3008 718 3057 unum,
750 2996 840 3062 qui
872 3008 964 3047 rex
1019 2994 1224 3063 pariter
1251 3004 1306 3049 et
1336 2993 1575 3064 pentifex
1625 2997 1828 3065 primus
1849 2998 1987 3065 apud
2021 2995 2118 3051 Ju-

534 3085 679 3139 dteos
694 3085 1009 3140 diadematis
1020 3088 1248 3157 sumpsit
1269 3087 1403 3156 insig
1444 3087 1662 3158 c,postb
1682 3087 2117 3144 CCCCLXXXIV

535 3193 705 3231 annos
732 3178 1070 3250 Baby'onie-e
1098 3181 1460 3249 captivitatis;
1517 3189 1639 3251 post
1676 3182 2121 3251 quemtregnavit
2149 3200 2195 3265 ρ

534 3270 784 3324 Jannrcus
812 3280 1172 3340 cognomento
1222 3271 1529 3327 Alexander
1554 3273 1709 3327 annis
1765 3270 1978 3336 XXVII,
2029 3273 2122 3341 qui

543 3358 915 3427 pontificatum
937 3374 1153 3430 quoque
1183 3359 1565 3415 administrans
1595 3359 1963 3416 crudelissime
1986 3360 2121 3416 civi-

540 3449 636 3501 bus
658 3450 888 3518 prmfuit.
941 3464 949 3478 ‘

610 3558 697 3630 [Α.
734 3559 804 3612 Μ.
842 3560 1000 3614 Hebr.
1034 3561 1194 3615 3863.
1228 3562 1377 3629 Sept.
1411 3562 1595 3634 5215.]
1643 3563 1986 3628 Ptolemmus,
2034 3565 2124 3633 qui

536 3660 591 3703 et
621 3652 944 3717 Alexander,
979 3655 1134 3708 annis
1166 3654 1229 3709 X.
1266 3654 1433 3723 Hujus
1464 3669 1605 3709 anno
1634 3656 1862 3725 septimo
1889 3657 2041 3726 Syria
2072 3657 2124 3711 in

542 3740 839 3795 Romanam
872 3742 1127 3798 ditionem
1157 3746 1338 3805 cessit,
1369 3754 1529 3813 capto
1554 3745 1797 3815 Philippo
1822 3762 1851 3799 a
1873 3745 2120 3803 Gabinio.

539 3828 803 3898 Eapulsus
826 3832 893 3886 de
919 3845 1085 3899 regno
1120 3832 1437 3887 Ptoletttmus
1470 3833 1715 3904 Pityscon
1757 3851 1852 3905 per
1896 3845 2123 3893 matrem

537 3914 903 3986 Cleopatram,
927 3921 979 3973 in
1003 3920 1235 3989 Cyprum
1257 3922 1482 3977 secedit.

616 4005 702 4077 [A.
727 4006 796 4059 III.
829 4008 990 4062 llebr.
1024 4009 1186 4063 3873.
1212 4012 1360 4079 Sept.
1394 4009 1576 4081 ΜΞΝ
1605 4011 1944 4077 Ptolemaeus,
1976 4014 2063 4082 qui
2094 4030 2124 4069 a

541 4105 717 4151 matre
750 4096 919 4151 fuerat
967 4099 1169 4167 ejectus
1200 4103 1354 4156 annis
1402 4102 1534 4169 VIII,
1570 4118 1845 4172 regressus
1887 4104 1954 4159 de
2002 4105 2122 4174 fuga

540 4201 761 4252 regnum
792 4188 1044 4255 obtinuit,
1100 4192 1226 4260 quia
1280 4193 1637 4251 Alexandrum
1693 4196 1782 4264 qui
1840 4205 1963 4252 ante
2002 4212 2124 4250 eum

540 4278 733 4341 fuerat,
784 4279 854 4332 ob
886 4279 1313 4336 interfectionem
1371 4284 1556 4337 matris
1596 4285 1743 4340 cives
1787 4286 2122 4355 pepulerant.

541 4367 688 4437 Sylla
720 4368 1071 4425 Athenienses
1096 4380 1291 4427 vastat.

609 4477 695 4547 [Α.
720 4478 788 4532 M.
817 4480 979 4535 Hebr.
1005 4480 1164 4537 5905.
1198 4482 1347 4553 Sept.
1368 4483 1554 4553 523M
1584 4484 1900 4541 Ptolemmus
1923 4487 2121 4559 Diony-

538 4568 647 4621 sius
677 4569 831 4622 annis
860 4570 1026 4624 XXX.
1062 4572 1142 4625 Ab
1200 4572 1357 4641 hujus
1387 4590 1530 4628 anno
1578 4576 1765 4644 quinto
1816 4576 2121 4631 Alexandra
2155 4570 2200 4628 D
2228 4570 2598 4649 deficientibus
2622 4571 3004 4641 probamentis,
3028 4582 3084 4625 et
3110 4570 3227 4640 ipse
3247 4569 3317 4625 ad
3359 4570 3507 4625 banc
3546 4565 3761 4636 pertinet!

541 4672 679 4709 uxor
711 4657 995 4712 Alexandri
1020 4659 1287 4727 pontificis
1326 4672 1446 4729 post
1486 4673 1713 4717 mortem
1742 4664 1857 4733 ejus
1880 4666 2120 4734 regnavit

539 4744 737 4800 ludatis
761 4749 914 4803 annis
944 4747 1033 4816 IX,
1062 4765 1129 4804 ex
1157 4765 1262 4818 quo
1282 4760 1523 4819 tempore
1545 4753 1758 4808 Judmos
1781 4771 1959 4809 rerum
1990 4772 2122 4811 con-

540 4832 677 4887 fusio
705 4844 759 4887 et
780 4837 939 4891 varia:
958 4837 1138 4893 clades
1156 4851 1557 4909 Oppresserunt.
1582 4841 1707 4898 Post
1724 4845 1873 4913 cujus
1895 4855 2122 4901 mortem

541 4921 878 4981 Aristobulus
899 4935 953 4980 et
977 4927 1241 4983 llircanus
1259 4929 1349 4983 ﬁlii
1380 4930 1495 4998 ejus
1514 4942 1699 4986 mntra
1722 4950 1780 4989 se
1807 4936 1873 4990 de
1895 4936 2124 5005 imperio

543 5012 881 5084 dimicantes,
931 5020 1269 5075 occasionem
1321 5021 1599 5091 praebuere
1641 5022 1898 5081 Romanis
1946 5035 2003 5080 ut
2030 5026 2118 5081 .Iu-

1754 5137 2147 5197 VARIANTES
2186 5140 2587 5197 LECTIONES.

610 5220 810 5311 illam!"
854 5223 1068 5311 ρανίαιιὶΔ
1100 5227 1229 5311 ipa'er,
1270 5227 1431 5311 male.

658 5289 815 5359 Edd.,
857 5294 910 5348 in
961 5289 1130 5359 textu,
1174 5294 1233 5360 γ,
1264 5296 1358 5350 sed
1380 5306 1566 5352 contra
1605 5296 1744 5364 Mss,
1769 5312 1936 5367 quare
1956 5300 2117 5355 etiam

1916 5392 2167 5447 SMITIIII
2208 5392 2433 5454 NUT/E.

585 5480 639 5552 η·
673 5471 845 5552 δοξες.
876 5472 992 5529 lloe
1014 5475 1325 5552 cognomen
1352 5480 1527 5552 etiam
1562 5480 1848 5536 Ptolemaeo
1880 5481 2007 5552 Lagi
2035 5484 2117 5537 in-

546 5539 1275 5618 ﬁgitfigit,testejoseplto
1307 5550 1444 5613 (Ant.
1480 5564 1557 5618 Ill)
1586 5560 1640 5603 et
1662 5552 1799 5604 aliis.

616 5606 641 5692 ξ
672 5606 1445 5692 ςϐςϐιΧΧΧίνμοβςιρΙιυε
1472 5606 1764 5692 CCCCLXX.“
1805 5622 2116 5692 (Antiqmn,

548 5675 785 5759 I9I.S€:d
814 5695 844 5759 ρ
873 5694 1030 5759 capto
1053 5675 1347 5759 Zedecbia',
1374 5692 1513 5742 unde
1542 5690 1593 5742 lii
1636 5692 1758 5742 anni
1800 5675 2118 5759 cmnp'utan;

547 5746 752 5869 212.36
804 5746 1087 5808 Aristobuli
1137 5746 1353 5821 annum,
1403 5760 1731 5815 intercedunt
1764 5746 1945 5815 revera
1996 5762 2118 5817 anni

640 5832 885 5869 thxva

640 5832 885 5874 (LXXXVI.

1012 392 1213 449 BEDJ‘Z
1256 393 1711 449 VENERABILIS
1748 388 2027 447 υιιειιυιι
2073 387 2252 444 PARS
2294 387 2338 443 Ι.
2378 417 2448 429 -
2487 385 2933 443 DIDASCALICA
2973 383 3303 442 CENUNA.
3661 390 3734 445 ILll

507 522 595 562 mo
622 514 801 561 autem
824 505 1097 560 Ptolemmi
1149 467 1464 578 Olympiade
1489 503 1643 560 CLV.
1676 502 1778 570 Qui
1822 517 1945 556 mox
1988 500 2095 555 An-
2128 506 2170 562 Α
2203 498 2375 553 άωειιιι
2424 497 2760 553 invaderent.
2799 496 2981 567 Itaque
3030 493 3323 566 Pompeius
3365 496 3737 571 Hierosolymam

2199 588 2441 655 veniens,
2471 597 2628 656 capta
2660 588 2811 653 urbe,
2862 585 3158 656 etlemplo
3180 597 3449 652 reserato,
3502 602 3651 656 usque
3693 590 3740 640 ad

2199 691 2383 736 sancta
2444 667 2754 775 sanctorum
2806 678 3053 745 accedit,
3113 678 3486 733 Aristobulum
3552 679 3743 734 vinctum

2200 786 2381 825 secum
2431 764 2690 833 abducit,
2742 767 3113 839 Pontiﬁcatum
3176 764 3467 823 continuat
3519 768 3744 831 Himno,

2202 861 2401 915 deinde
2432 859 2768 929 Antipatrum
2804 858 3027 914 llerodis
3049 858 3375 913 Ascalonita:
3397 858 3561 913 ﬁlium
3590 874 3744 928 procu-

2202 948 2438 1005 ratorem
2478 948 2773 1004 Palaestinae
2813 948 2979 1014 facit,
3012 950 3314 1016 mansitque
3372 949 3427 1002 in
3483 950 3748 1018 pontiﬁcatu

2206 1041 2464 1094 llircanus
2493 1040 2648 1093 annis
2675 1037 2913 1092 XXXIV.
2956 1037 3203 1105 Virgil'us
3224 1037 3376 1092 Maro
3428 1038 3481 1092 in
3519 1054 3646 1109 pago
3680 1042 3747 1106 qui

2207 1132 2387 1188 Andes
2412 1132 2630 1196 dicitur,
2663 1129 2804 1184 haud
2834 1128 3075 1199 procula
3103 1128 3318 1183 Mantua
3342 1130 3597 1193 nascitur,
3624 1129 3748 1183 Pom-

2207 1215 2327 1294 peio
2354 1232 2409 1279 et
2433 1223 2631 1278 Crasso
2662 1221 2993 1277 consulibus.
3034 1219 3342 1292 Pompeius,
3383 1224 3557 1292 captis
3598 1224 3747 1277 lliero-

2205 1314 2446 1387 solymis,
2481 1314 2789 1368 tributarios
2810 1312 3023 1367 Judzeos
3052 1311 3199 1367 facit.
3235 1312 3496 1381 Virgilius
3514 1314 3750 1367 Cremona:

2206 1404 2395 1459 studiis
2423 1388 2689 1458 eruditur.
2722 1401 2903 1457 Caesar
2930 1398 3232 1457 Germanos
3259 1411 3314 1456 et
3336 1401 3524 1458 Gallos
3554 1403 3750 1473 capit,et

2210 1504 2233 1532 ο
2270 1493 2554 1547 Britannos
2573 1506 2809 1561 quoque,
2839 1491 3030 1559 quibus
3058 1500 3184 1547 ante
3212 1507 3336 1546 eum
3358 1508 3428 1547 ne
3455 1507 3643 1549 nomen
3661 1493 3751 1562 qui-

2208 1584 2329 1640 dem
2360 1585 2725 1639 Romanorum
2767 1584 3039 1649 cognitum
3072 1581 3266 1651 fuerat,
3299 1586 3477 1640 victos
3525 1585 3753 1640 obsidibus

2210 1679 2446 1748 acceptis
2473 1676 2850 1746 stipendiarios
2874 1673 3017 1731 facit.

2884 1767 3031 1835 Sept.
3074 1765 3260 1838 5275.]
3309 1766 3595 1840 Cleopatra
3636 1783 3753 1823 soror

2211 1951 2477 2005 Cmsarem
2528 1957 2585 2003 et
2633 1948 2975 2018 Pompeium,
3025 1949 3197 2003 victus
3229 1948 3521 2018 Pompeius
3564 1950 3753 2005 Alexan-

2211 2041 2380 2095 driam
2405 2040 2555 2112 petit,
2579 2040 2759 2109 ibique
2782 2042 2847 2094 ab
2870 2040 2986 2110 ipso
3007 2056 3036 2095 a
3055 2056 3162 2109 quo
3184 2043 3444 2112 sperabat
3463 2043 3648 2097 auxilia
3666 2042 3755 2095 Pto-

2215 2132 2401 2183 Ietnzeo
2430 2144 2708 2199 percussus
2730 2129 2962 2195 interiit;
2995 2144 3118 2183 mox
3164 2133 3180 2161 ⁸
3211 2129 3395 2185 ϐεεπ
3424 2131 3517 2185 ubi
3572 2132 3756 2186 Alexan-

2220 2221 2392 2275 driam
2427 2222 2594 2288 venit,
2628 2221 2725 2289 ipsi
2754 2236 2967 2291 quoque
3019 2221 3344 2276 Ptolemazus
3398 2235 3590 2291 parare
3629 2219 3757 2274 voluit

2218 2311 2461 2376 insidias,
2502 2311 2645 2367 unde
2696 2310 2849 2365 belld‘
2867 2312 2916 2365 ei
2946 2312 3132 2375 inlato,
3162 2311 3343 2366 victus
3402 2311 3459 2366 in
3490 2312 3580 2365 illo
3620 2310 3755 2380 periit.

2217 2403 2410 2466 Caesar,
2435 2399 2757 2455 Alexandria
2798 2400 3023 2470 potitus,
3058 2412 3280 2468 regnum
3302 2402 3605 2471 Cleopatra:
3628 2398 3753 2457 dedit.

2217 2504 2340 2544 cum
2370 2503 2476 2559 qua
2509 2487 2949 2544 consuetudinem
2991 2489 3161 2558 stupri
3187 2488 3491 2556 habuerat;
3522 2489 3659 2559 cujus
3681 2498 3757 2542 ter-

2220 2579 2293 2633 tio
2324 2578 2475 2648 regni
2504 2593 2649 2633 anno
2700 2578 2817 2647 ipse
2869 2579 3073 2648 primus
3114 2578 3493 2635 Romanorum
3539 2576 3757 2655 singulare

2219 2672 2450 2727 obtinuit
2477 2671 2779 2741 imperium,
2804 2685 2833 2723 a
2864 2684 2971 2739 quo
2994 2670 3232 2726 Caesares
3261 2671 3626 2727 Romanorum
3649 2669 3756 2738 pria-

2220 2767 2368 2835 cipes
2428 2763 2707 2834 appellati.
2753 2761 3041 2833 Cleopatra
3095 2763 3247 2833 regio
3302 2763 3567 2819 comitatu
3617 2761 3757 2815 urbem

2222 2856 2474 2924 ingressa.

2293 2947 2382 3018 [Α.
2414 2946 2485 3001 Μ.
2512 2945 2671 3001 Hebr.
2702 2944 2858 3011 '59IO.
2892 2945 3041 3015 Sept.
3074 2943 3260 3016 5258.]
3290 2945 3499 3014 Caesar,
3548 2946 3613 3000 ob
3654 2944 3755 2998 iaso-

2224 3036 2441 3090 Icntiam
2458 3051 2690 3101 morum,
2721 3035 3125 3105 conjurantibus
3176 3036 3231 3089 in
3284 3050 3414 3091 eum
3448 3035 3537 3091 LX
3581 3033 3656 3090 vel
3678 3047 3757 3087 ant-

2224 3128 2366 3198 pIius
2393 3128 2735 3183 senatoribus
2784 3127 3159 3197 equitibusque
3207 3126 3509 3193 Romanis,
3562 3127 3609 3180 in
3653 3122 3757 3178 curia

2225 3218 2507 3273 confossus
2533 3219 2756 3287 interiit,
2777 3226 2898 3289 post
2917 3233 3087 3273 annos
3107 3217 3203 3272 ’lV
3231 3227 3286 3271 et
3306 3217 3379 3271 Vl
3410 3233 3617 3273 menses
3639 3227 3757 3284 quan

2224 3321 2450 3375 regnare
2500 3315 2757 3378 coeperat.
2810 3308 3039 3374 Cassius,
3086 3305 3272 3362 Judtea
3316 3316 3503 3378 capta,
3556 3304 3758 3375 templum

2223 3397 2437 3467 spoliat.
2699 3454 2711 3462 ,

2302 3485 2389 3558 [Α.
2422 3485 2493 3540 Μ.
2522 3486 2681 3542 llebr.
2714 3486 2870 3542 5966.
2896 3487 3045 3557 Sept.
3080 3484 3266 3558 531L]
3291 3487 3701 3543 Octaviannslia:
3722 3498 3759 3536 at

2228 3578 2492 3643 Augustus
2521 3576 2882 3632 Romanorum
2901 3576 3190 3641 secundus,
3236 3578 3492 3646 regnavit
3524 3578 3662 3631 annis
3682 3570 3758 3648 LVI

2226 3675 2283 3717 et
2310 3665 2583 3720 mensibus
2616 3667 2701 3732 VI,
2728 3682 2757 3720 a
2778 3682 2883 3735 quo
2902 3668 3122 3735 Augusti
3152 3666 3411 3735 appellati
3442 3681 3597 3737 rcges
3614 3666 3759 3721 Rom-

2226 3772 2438 3823 norum,
2467 3773 2695 3828 quorum
2724 3757 2815 3811 XV
2842 3759 3057 3813 vivente
3083 3756 3394 3827 Cleopatra,
3430 3759 3523 3813 XL
3552 3767 3606 3812 et
3636 3769 3755 3811 nun

2225 3861 2412 3918 postea
2431 3851 2565 3905 vixit
2587 3866 2777 3907 annos.
2805 3850 3097 3906 Undecimo
3119 3849 3345 3919 Augusti
3367 3864 3514 3905 anno
3534 3848 3760 3905 deﬁciente

2227 3942 2280 3995 in
2310 3940 2490 3996 Iudaea
2522 3942 2832 4010 pontiﬁcum
2878 3941 3198 4012 principatu,
3256 3938 3283 3978 ιι
3347 3940 3590 3996 Herodes
3636 3932 3759 3993 nihil

2226 4051 2347 4089 cum
2374 4035 2665 4105 pertinens,
2696 4045 2752 4089 ut
2775 4045 2898 4104 pote
2922 4033 3186 4104 Antipatri
3210 4032 3541 4088 Ascalonita
3558 4028 3763 4087 simul

2225 4126 2468 4195 Cypridis
2491 4125 2730 4181 Arabica:
2758 4124 2914 4191 filius,
2939 4140 2967 4177 a
2993 4123 3251 4178 Romanis
3287 4122 3597 4177 Iudaeorum
3620 4127 3757 4171 susce-

2227 4217 2304 4285 pit
2332 4216 2709 4286 principatum,
2752 4230 2910 4286 quem
2933 4214 3105 4277 tenuit
3132 4229 3303 4269 annos
3335 4211 3557 4268 XXXVI
3578 4206 3689 4279 ςιιηί
3712 4214 3760 4259 ιθ

2227 4306 2471 4373 ignobilis
2517 4306 2675 4371 forte,
2725 4314 2780 4360 et
2808 4321 2837 4360 a
2888 4305 3197 4361 Iudaeorum
3235 4304 3453 4360 semine
3501 4307 3760 4373 arguatur

2226 4404 2533 4462 extraneos,
2562 4393 2854 4449 combussit
2892 4393 3059 4451 libros
3082 4406 3273 4447 omnes
3324 4390 3529 4460 quibus
3562 4386 3761 4443 nobilita

2226 4484 2398 4549 gentis
2426 4467 2621 4537 Judtea'e
2646 4482 2699 4536 in
2738 4482 2938 4553 templo
2987 4483 3306 4537 servabatur
3354 4480 3620 4551 adscripta
3642 4515 3659 4543 .
3695 4480 3760 4533 ul.

2227 4674 2525 4737 putaretur.
2559 4667 2779 4735 Insuper
2799 4665 2959 4721 etiam
2992 4672 3049 4718 ut
3071 4679 3224 4718 suam
3250 4663 3504 4719 sobolem
3524 4659 3658 4730 regio
3674 4655 3763 4710 illo-

2225 4771 2342 4811 rum
2385 4755 2564 4825 generi
2614 4754 3028 4819 commisceret,
3076 4753 3317 4824 projecta
3376 4753 3572 4811 Donido
3611 4748 3761 4805 lentia:

2229 4847 2729 4917 llieroSulymitana,
2756 4860 2916 4914 quam
2942 4845 3176 4914 privatus
3213 4851 3511 4914 acceperat
3546 4850 3757 4897 uxorein.

2226 4947 2281 4992 et
2308 4946 2438 4992 nato
2458 4951 2526 4991 ex
2553 4950 2616 4989 ea
2645 4933 2753 4988 lilio
2786 4934 3088 5002 Antipatro,
3107 4934 3285 4989 sociat
3328 4934 3438 4990 sibi
3465 4930 3759 4987 larium

2231 5031 2390 5084 filiam
2416 5027 2729 5093 Alexandri,
2763 5034 2977 5096 neptem
3008 5024 3303 5081 Aristobuli
3329 5024 3523 5087 fratris
3543 5012 3759 5097 apud.

3767 5139 3804 5627 ι

3748 5627 3804 6110 ἲ

3748 5828 3755 5849 t

3748 5856 3765 5877 μ,

2228 5231 2367 5287 Editi
2398 5230 2425 5286 1
2444 5232 2481 5285 γ
2512 5234 2563 5287 in
2596 5229 2835 5297 margine
2863 5238 3181 5299 posuerunt.

2301 5494 2322 5522 θ
2358 5483 2638 5556 Britannos
2667 5500 2880 5556 quoque.
2912 5484 3045 5539 Vide
3073 5482 3300 5547 Bedam,
3338 5483 3394 5539 in
3422 5497 3523 5539 sua

2224 5553 2612 5677 dedslllergdes.
2648 5625 2700 5678 In
2723 5623 2881 5692 hujus
2910 5631 2964 5678 et
2990 5622 3218 5678 aliorum
3250 5621 3355 5677 sub

2224 5692 2400 5764 gjpatu
2430 5692 2707 5764 pontiﬁces
2728 5692 2924 5764 Judtcis
2944 5709 3043 5764 pro
3069 5692 3296 5747 arbitrio
3320 5692 3583 5764 impositi:

2225 5758 2511 5817 Historiam
2542 5764 2607 5815 ab
2625 5762 2872 5833 llircano,
2900 5758 2966 5818 de
2988 5778 3103 5833 quo
3119 5777 3306 5829 supra,
3329 5758 3729 5833 ιωξ,

2225 5812 2338 5886 sua
2352 5812 2639 5903 “ipsum;
2652 5812 3390 5906 ’1ὸὲἒῆᾗῖιέἰτεῖιὶἷάἷιῖιιῖιὶῑᾷξ
