3842 6242
471 330 563 383 331

950 325 1155 382 ΒΕιυΕ
1203 324 1659 381 \‘ENERHHIJS
1698 324 1979 381 Ol’El’lUM
2023 324 2199 381 PARS
2238 326 2275 380 Ι.
2319 355 2383 366 -
2425 326 2881 383 DIDASCALICA
2924 326 3250 383 GENUINA.

3625 327 3713 380 532

465 443 712 497 coronati
745 449 886 495 sunt.
911 440 1103 493 tllodio
1138 439 1348 505 Albino,
1381 439 1472 507 qui
1500 453 1558 491 sc
1586 438 1638 491 in
1659 435 1832 491 Gallia
1862 435 2039 490 Cmsa-
2077 443 2127 499 Λ
2153 436 2405 491 doctores
2428 477 2443 501 ,
2496 438 2921 507 persecutionem
2961 447 3199 504 exercet,
3234 439 3471 493 maxime
3518 449 3713 509 propter

469 550 581 589 rem
614 535 833 597 fecerat,
862 534 1003 601 apud
1035 532 1350 599 Lugdunum
1384 528 1693 590 interfecto.
1739 528 1972 583 Severus
2002 528 2053 581 in

469 624 775 677 Britannias
804 623 1003 677 bellum
1036 621 1310 683 transfert,
1344 621 1433 674 ubi
1462 628 1520 673 ut
1558 628 1803 688 receptas
1831 616 2054 687 provin-

467 711 580 765 cias
609 712 678 763 ab
709 710 1017 765 incursione
1039 708 1320 764 barbarica
1352 706 1550 761 faceret
1576 706 1903 772 securiores,
1935 719 2054 758 ma-

467 813 625 866 gnam
642 800 858 865 fossam,
876 800 1350 866 ﬁrmissimumque
1368 806 1389 833 ⁸
1410 797 1604 868 vallum
1620 796 1823 851 crebris
1840 796 2057 863 insuper

469 889 706 941 turribus
744 888 1136 942 commnnitmn
1176 902 1275 955 per
1312 884 1550 939 CXXXII
1586 884 1751 937 millia
1800 897 2054 953 passuum

468 993 499 1030 a
522 978 654 1031 mari
683 993 851 1047 usque
884 977 1127 1031 adamare
1156 977 1331 1040 duxit,
1390 984 1445 1029 et
1477 975 1710 1029 Eburaci
1734 975 1889 1029 obiit.
1923 973 2055 1027 Per-

466 1054 627 1135 petua
656 1076 710 1121 et
734 1067 983 1122 Felicitas
1007 1067 1150 1135 apud
1181 1066 1568 1134 Carthaginem
1618 1065 1811 1119 Alrica:
1862 1064 1914 1117 in
1938 1078 2055 1118 cas-

468 1160 582 1220 tris,
608 1158 795 1212 bestiis
825 1158 1097 1225 deputatae
1129 1173 1227 1225 pro
1254 1156 1469 1211 Christo
1492 1156 1659 1211 Nonis
1685 1154 1911 1207 Martiis.

538 1249 623 1318 [7A.
650 1246 718 1299 Μ.
738 1246 798 1298 41
814 1246 899 1300 70.
930 1248 1059 1300 Chr.
1082 1244 1232 1316 2l9.]
1252 1248 1551 1300 Antoninus
1572 1253 1933 1313 cognomento
1955 1243 2056 1298 Ca-

465 1338 662 1393 racalla
695 1337 880 1393 Severi
910 1338 1080 1404 ﬁlius,
1104 1353 1275 1391 annos
1319 1336 1429 1390 Vll.
1486 1336 1792 1391 Alexander
1843 1335 2052 1403 episco-

465 1446 564 1499 pus
585 1429 959 1498 Cappadoci-.12,
989 1445 1135 1493 cum,
1166 1428 1433 1483 desiderio
1461 1428 1701 1481 locorum
1716 1433 2053 1490 sanctorum,

466 1520 893 1591 Hierosolymam
953 1522 1225 1585 venisset,
1284 1521 1497 1574 vivente
1552 1519 1730 1573 adhuc
1805 1517 2053 1571 Narcisso

464 1612 703 1681 ejusdem
760 1613 906 1666 urbis
936 1612 1216 1681 episcopo,
1249 1611 1532 1680 persenilis
1586 1609 1761 1664 aetatis
1809 1609 1956 1672 viro,
2000 1618 2053 1661 et

465 1705 578 1773 ipse
610 1703 681 1757 ibi
712 1704 996 1757 ordinatur
1024 1705 1332 1774 episc0pus,
1370 1702 1630 1765 Domino,
1658 1710 1714 1754 ut
1741 1700 1788 1753 id
1826 1698 1937 1753 ﬁeri
1960 1700 2053 1753 de-

2154 527 2511 581 Christianam
2540 529 2828 583 Alexandri
2870 531 2953 585 cui
2984 539 3342 593 successerat,
3388 539 3442 583 et
3464 531 3717 586 Mammea:

2156 617 2341 672 matris
2374 618 2491 687 ejus
2536 618 2815 685 familiam,
2861 620 2941 673 vel
2990 622 3257 689 prcccipue
3290 631 3506 690 proptrr
3545 623 3715 690 Orige-

2157 720 2277 759 nem
2311 708 2700 778 presbyterum.
2752 707 3049 762 Pontianus
3077 718 3132 763 et
3180 709 3453 763 Antherus
3482 709 3719 764 Romana:

2157 796 2304 850 urbis
2349 796 2587 865 episc0pi
2634 800 2893 868 martyrio
2942 799 3211 863 coronati,
3249 809 3304 854 et
3334 801 3387 854 in
3431 804 3720 855 cremeterio

2156 882 2349 937 Calixti
2378 893 2502 937 sunt
2530 886 2743 954 sepulti.

2230 974 2315 1043 [Α.
2343 973 2412 1026 Μ.
2447 974 2605 1032 4197.
2639 975 2768 1031 Chr.
2798 974 2949 1048 256.]
2998 976 3304 1032 Gordianus
3343 980 3494 1036 annis
3539 979 3725 1034 VlJu-

2157 1062 2260 1117 lius
2288 1062 2574 1119 Africanus
2619 1065 2759 1120 inter
2788 1068 3085 1136 scriptores
3115 1066 3516 1124 Ecclesiasticos
3548 1071 3726 1125 nobilis

2158 1152 2384 1207 habetur
2411 1171 2423 1206 :
2457 1155 2547 1223 qni
2583 1156 2635 1208 in
2684 1155 2709 1193 δ
2741 1155 3028 1211 Cbronicis
3054 1173 3173 1225 qua:
3211 1161 3549 1229 conscripsit,
3581 1161 3726 1215 refert

2156 1256 2214 1295 se
2238 1240 2615 1297 Alexandriam
2645 1259 2962 1314 properare,
3000 1251 3015 1278 ι
3044 1238 3288 1302 lleraclm
3316 1250 3571 1318 opinione
3600 1253 3724 1305 δειρ-

2157 1332 2387 1387 berrima
2421 1344 2794 1401 provo;_-atum,
2827 1350 2987 1403 quem
3019 1344 3074 1390 et
3102 1340 3154 1390 in
3184 1338 3380 1393 divinis
3408 1348 3461 1392 et
3492 1341 3542 1393 in
3575 1340 3726 1409 philo-

2156 1426 2393 1495 sophicis
2422 1426 2615 1479 studiis
2644 1427 2807 1494 atque
2836 1428 2984 1481 omni
3023 1426 3336 1483 Grzccorum
3375 1431 3613 1485 doc-trina
3656 1431 3725 1483 in.

2155 1519 2571 1571 structissimum
2605 1516 2741 1571 fama
2768 1518 3097 1587 loqueretur.
3129 1520 3390 1589 Origenes
3420 1522 3469 1575 in
3499 1522 3724 1576 Caesarea

2160 1606 2455 1662 Palastina:
2500 1607 2844 1663 Theodorum
2889 1619 3250 1676 cognomento
3300 1608 3640 1680 Gregorium,
3680 1620 3723 1662 et

2157 1700 2563 1753 Athenodorum
2614 1699 3042 1755 adolescentulos
3086 1701 3303 1766 fratres,
3352 1700 3506 1755 Ponti
3555 1711 3723 1771 postea

463 1796 634 1858 heret,
670 1812 768 1865 per
791 1796 1183 1851 revelationem
1214 1803 1492 1848 monente.
1526 1792 1891 1847 Tcrtullianus
1922 1792 2050 1846 Afer
2087 1796 2126 1854 Β
2158 1790 2527 1843 nobilissimos
2558 1790 2839 1859 episcopos
2866 1792 3043 1844 divina
3072 1792 3411 1862 philosophia
3446 1794 3647 1847 imbuit.

462 1886 797 1938 centurionis
824 1886 1227 1953 proconsularis
1259 1885 1395 1937 lilius
1419 1883 1657 1937 omnium
1686 1882 2044 1937 Ecclesiarum

462 1992 712 2029 sermone
733 1978 1053 2030 celebratur.

535 2069 619 2141 [Δ.
655 2069 725 2121 Μ.
759 2068 920 2122 4171.
944 2069 1075 2122 Chr.
1108 2068 1254 2138 220.]
1288 2068 1558 2123 Macrinus
1609 2084 1810 2122 annum
1858 2068 1896 2123 Ι.
1945 2070 2053 2123 Ab-

462 2170 623 2223 garus
652 2158 733 2209 vir
758 2168 978 2210 sanctus
1001 2158 1243 2222 regnavit
1263 2155 1496 2217 Edessze,
1526 2166 1582 2210 ut
1614 2158 1725 2210 vult
1747 2158 2049 2212 Africanus.

465 2248 734 2303 Macrinus
764 2264 886 2303 cum
922 2250 1030 2304 tilio
1070 2250 1400 2305 Diadumeno
1454 2266 1576 2305 cum
1611 2266 1718 2320 quo
1769 2252 2052 2321 imperium

464 2339 674 2406 invasit,
732 2342 872 2412 apud
924 2340 1287 2396 Archilaidem
1335 2342 1551 2396 militari
1609 2344 1841 2399 tumultu
1899 2344 2047 2399 occi-

462 2428 607 2482 ditur

534 2520 621 2589 ἶΑ.
649 2518 911 2574 Μ.ἰ175.
946 2522 1074 2574 Chr.
1105 2520 1256 2591 22L]
1315 2521 1387 2575 Μ.
1414 2522 1695 2576 ‘Aurelius
1744 2522 2047 2575 Antoninus

464 2626 634 2664 annos
663 2610 753 2664 IV.
780 2611 833 2665 ln
861 2609 1143 2666 Palzestina
1168 2611 1459 2683 Nicopolis,
1484 2628 1602 2681 qua:
1626 2614 1773 2682 prius
1804 2612 2055 2669 Emmaus

463 2702 775 2762 vocabatur,
801 2701 926 2755 urbs
949 2702 1166 2757 condita
1192 2713 1294 2768 est,
1322 2702 1930 2771 legationisindustriam
1956 2720 2053 2773 pro

462 2802 526 2842 ea
553 2789 887 2857 suscipiente
937 2791 1079 2845 Julio
1112 2792 1363 2845 Africano
1410 2794 1673 2863 scriptore
1720 2804 2047 2864 temporum.

462 2881 585 2935 llaec
610 2890 694 2935 est
744 2878 995 2937 Emmaus
1023 2899 1184 2951 quam
1216 2882 1475 2938 Dominus
1525 2894 1647 2954 post
1694 2886 2053 2940 resurrectio-

462 2989 582 3028 nem
626 2990 727 3030 suo
755 2975 1018 3043 ingressu,
1048 2977 1188 3032 sicut
1235 2976 1408 3033 Lucas
1459 2986 1664 3043 narrat,
1718 2976 2053 3034 sanctiﬁcare

461 3069 711 3137 dignatus
735 3078 839 3125 est.
874 3070 1521 3142 llippolytusepiscopus,
1548 3072 1837 3126 multorum
1867 3072 2051 3126 condi-

463 3168 548 3213 tor
573 3161 979 3228 opusculorum,
1011 3172 1313 3232 temporum
1346 3178 1611 3217 canonem
1642 3179 1801 3232 quem
1835 3164 2053 3233 scripsit
2083 3144 2127 3205 (ἶ

464 3254 742 3321 hucusque
773 3252 1051 3319 perduxit;
1084 3255 1174 3323 qui
1202 3254 1364 3308 etiam
1394 3254 1810 3310 sedecennalem
1836 3255 2051 3325 pascha:

462 3342 721 3397 circulum
772 3344 1069 3411 reperiens,
1106 3342 1339 3397 Eusebio
1368 3345 1457 3411 qui
1508 3358 1671 3412 super
1712 3343 1906 3399 eodem
1958 3359 2055 3413 pa-

464 3434 591 3488 scha
619 3435 1114 3493 decenmvenalem
1146 3434 1403 3489 circulum
1459 3442 1762 3504 composut
1813 3435 2051 3489 occasio-

467 3539 587 3576 nem
612 3512 783 3580 dedit.
1114 3578 1125 3587 ,

542 3612 630 3683 [Α.
665 3612 736 3665 Μ.
769 3613 933 3667 4ἓ58.
971 3614 1099 3667 Chr.
1130 3614 1282 3684 2.37.]
1311 3615 1559 3671 Aurelius
1576 3614 1881 3669 Alexander
1902 3616 2055 3669 annis

466 3706 511 3760 X
546 3707 603 3759 ll.
641 3705 735 3761 llic
768 3706 819 3759 in
839 3706 1159 3760 Mammeam
1182 3716 1410 3758 matrem
1439 3722 1592 3759 suam
1616 3707 1769 3760 unice
1793 3708 1912 3775 pius
1938 3706 2052 3772 fuit,

468 3809 521 3852 et
546 3799 614 3853 ob
644 3798 694 3852 id
723 3796 973 3852 Omnibus
1002 3796 1265 3850 amabilis.
1285 3794 1531 3849 Urbanus
1548 3796 1732 3849 Romte
1771 3799 2057 3863 episcopus

470 3891 663 3943 inultos
695 3890 954 3944 nobilium
987 3890 1053 3943 ad
1086 3888 1242 3941 liletn
1274 3886 1471 3941 Christi
1500 3893 1553 3940 et
1584 3894 1897 3956 martyrium
1936 3899 2054 3952 per-

470 3980 639 4033 d-xit.
669 3977 928 4049 Origenes
975 3979 1346 4045 Alexandriae,
1400 3979 1506 4032 imo
1537 3985 1653 4033 toto
1709 3977 1840 4031 orbe
1881 3975 2059 4030 clarus

470 4069 718 4124 habetur.
778 4068 1020 4138 Denique
1069 4070 1329 4123 Mammea
1381 4078 1553 4124 mater
1603 4067 1892 4123 Alexandri
1936 4083 2057 4121 eum

472 4162 656 4215 audire
680 4162 911 4227 curavit,
962 4169 1015 4216 et
1050 4162 1390 4215 Antiochiam
1441 4162 1672 4216 accitum
1728 4177 1939 4216 summo
1965 4163 2061 4216 ho-

474 4268 605 4305 nore
635 4254 841 4305 habuit.

544 4343 629 4415 [A.
660 4342 731 4397 Μ.
762 4342 921 4397 4191.
946 4341 1073 4395 Chr.
1100 4339 1250 4411 210.]
1296 4339 1615 4395 Maximinus
1643 4342 1796 4395 annis
1839 4340 1925 4395 ΙΙΙ.
1966 4341 2063 4395 Hic

475 4438 728 4489 adversus
760 4433 1119 4489 Ecclesiarum
1149 4432 1457 4487 sacerdotes
1496 4439 1551 4484 et
1585 4429 1829 4495 clericos,
1863 4431 1913 4484 id
1957 4439 2059 4495 est,

2230 1883 2315 1953 [Α.
2351 1881 2421 1935 Μ.
2448 1881 2608 1935 4204.
2637 1880 2766 1936 Chr.
2799 1880 2949 1954 255.]
2999 1882 3281 1953 Philippus
3329 1903 3450 1940 cum
3500 1886 3723 1955 Philippo

2158 1972 2267 2027 lilio
2314 1974 2469 2029 annis
2517 1973 2627 2028 VII.
2680 1972 2778 2027 llic
2825 1975 3026 2043 primus
3072 1974 3457 2043 imperatorum
3507 1978 3722 2029 omnium

2155 2064 2490 2118 Christianus
2524 2061 2654 2127 fuit;
2688 2078 2751 2117 ac
2775 2074 2895 2132 post
2920 2065 3134 2118 tertium
3163 2066 3375 2133 imperii
3405 2066 3519 2133 c-jus
3548 2081 3722 2120 annum

2158 2155 2472 2209 millesimus
2499 2169 2529 2208 a
2559 2154 2870 2208 conditione
2914 2153 3099 2208 Romae
3140 2170 3315 2208 annus
3353 2157 3599 2224 expletus
3624 2168 3722 2217 est;

2159 2248 2229 2301 ita
2259 2244 2555 2314 magniﬁcis
2586 2244 2726 2299 ludis
2756 2246 3166 2313 augustissimus
3191 2247 3433 2301 omnium
3460 2248 3721 2316 prteterito-

2160 2353 2276 2393 rum
2310 2338 2398 2393 hic
2428 2337 2626 2392 natalis
2654 2352 2828 2391 annus
2852 2353 2881 2391 a
2910 2338 3212 2394 Christiano
3240 2340 3569 2410 imperatore
3607 2341 3721 2395 cele-

2158 2430 2342 2482 bratus
2365 2436 2466 2481 est.
2491 2424 2752 2496 Origenes
2782 2426 3042 2481 adversus
3071 2428 3357 2497 quemdam
3383 2429 3595 2484 Celsum
3620 2427 3721 2499 Epi-

2158 2535 2374 2575 cureum
2423 2520 2804 2588 philosophum
2830 2522 2920 2587 qui
2951 2529 3138 2575 contra
3171 2537 3271 2575 nos
3311 2521 3481 2575 libros
3508 2521 3723 2576 conscri-

2157 2620 2358 2682 pscrat,
2390 2620 2515 2666 octo
2546 2611 2911 2666 voluminibus
2939 2613 3216 2681 respondit
3241 2630 3255 2677 ;
3286 2615 3402 2683 qui,
3430 2622 3487 2667 ut
3516 2613 3723 2668 breviter

2156 2706 2354 2771 dicam,
2391 2716 2499 2759 tam
2541 2705 2809 2760 scribendi
2840 2705 3056 2759 sedulus
3095 2705 3213 2772 fuit,
3242 2716 3300 2760 ut
3338 2706 3719 2779 Hieronynius'

2156 2796 2393 2865 quodam
2438 2797 2562 2852 loco
2607 2798 2627 2827 ²
2657 2796 2719 2851 Vl
2769 2796 3026 2850 librorum
3077 2795 3193 2865 ejus
3239 2798 3409 2852 millia
3457 2814 3516 2853 se
3557 2798 3721 2868 legisse

2157 2889 2487 2943 meminerit.
2726 2878 2735 2887 “

2230 2978 2316 3047 [Α.
2346 2976 2417 3030 Μ.
2448 2976 2607 3031 4205.
2636 2976 2765 3031 Chr.
2803 2976 2956 3048 ἢδη
2996 2978 3189 3032 Decius
3216 2994 3362 3033 anno
3395 2978 3441 3042 l,
3478 2979 3720 3034 mensibus

2160 3067 2246 3123 lll.
2282 3068 2380 3122 llic
2412 3082 2533 3121 cum
2565 3066 2843 3137 Philippos
2867 3077 3071 3137 patrem
3101 3077 3156 3121 et
3179 3068 3347 3122 tilium
3372 3069 3718 3129 interfecisset.

2160 3160 2229 3215 ob
2258 3159 2441 3215 odium
2472 3174 2660 3213 eorum
2708 3159 2761 3213 in
2792 3158 3128 3213 Christianos
3158 3160 3593 3230 persecutionem
3628 3172 3719 3211 mo-

2161 3260 2271 3316 vet,
2306 3253 2358 3307 in
2390 3268 2494 3323 qua
2528 3251 2817 3316 Fabianus,
2848 3251 2899 3305 in
2931 3252 3061 3306 urbe
3091 3251 3261 3306 Roma
3290 3252 3551 3321 martyrio
3593 3262 3720 3304 certe

2159 3352 2339 3409 natus,
2385 3344 2567 3399 sedem
2615 3344 2698 3397 sui
2748 3344 3090 3413 episcopatus
3136 3342 3394 3397 Cornelio
3442 3340 3719 3409 dereliquit,

2159 3436 2250 3504 qui
2281 3444 2334 3489 et
2366 3436 2480 3505 ipse
2510 3435 2769 3503 martyrio
2809 3442 3099 3488 coronatus
3140 3440 3243 3486 est.
3285 3432 3593 3487 Alexander
3628 3430 3721 3484 llic-

2160 3528 2554 3597 rosolymormn
2601 3526 2886 3594 episcopus
2916 3524 3056 3593 apud
3087 3522 3391 3579 Caesaream
3434 3523 3721 3581 Palaestini.

2162 3628 2217 3673 et
2246 3617 2543 3673 Antiochiae
2570 3614 2797 3685 Babylas
2839 3615 3253 3669 interﬁciuntur.
3283 3616 3414 3671 Haec
3434 3626 3612 3671 autem
3630 3627 3721 3684 per-

2162 3707 2394 3773 secutio,
2441 3714 2499 3761 ut
2530 3706 2815 3776 Dionysius
2842 3705 3180 3760 Alexandria:
3224 3706 3517 3775 episcopus
3554 3704 3720 3763 refert.

2164 3815 2273 3852 non
2303 3814 2369 3851 ex
2402 3805 2673 3867 praecepto
2701 3796 3043 3866 imperatoris
3060 3797 3291 3863 sumpsit
3317 3796 3623 3861 exordium,
3645 3792 3720 3847 sed

2164 3902 2329 3951 anno,
2360 3886 2384 3921 ά
2412 3887 2607 3953 inquit,
2658 3887 2865 3953 integro
2920 3885 3236 3953 principalia
3270 3887 3537 3954 pun-venit
3577 3884 3719 3939 edicta

2166 3977 2411 4031 minister
2442 3977 2741 4029 daemonum
2788 3976 2880 4043 qui
2918 3976 3199 4030 dicebatur
3238 3978 3290 4031 in
3319 3978 3545 4033 civitate
3570 3988 3719 4032 nosu'a

2166 4065 2409 4131 Divinus,
2442 4065 2876 4133 superstitiosqu
2908 4074 3095 4119 contra
3123 4082 3222 4121 nos
3242 4067 3527 4136 exagitans
3544 4068 3719 4135 vulgus.

2236 4156 2325 4230 [A.
2356 4154 2425 4209 Μ.
2460 4154 2621 4209 4207.
2646 4156 2772 4210 Cbr.
2795 4153 2945 4226 236.]
2970 4156 3156 4213 Gallus
3176 4173 3300 4214 cum
3329 4160 3615 4214 Volusiano
3636 4154 3724 4211 lilio

2167 4249 2322 4300 annis
2352 4245 2414 4311 ll,
2445 4246 2717 4301 mensibus
2748 4246 2836 4299 ιν.
2869 4246 3038 4315 Hujus
3077 4248 3288 4317 imperii
3322 4248 3608 4321 Dionysius
3633 4242 3722 4301 Alc-

2168 4340 2404 4392 xandrize
2434 4338 2659 4394 antistes
2700 4339 2773 4391 ita
2812 4348 2832 4375 ε
2863 4340 3107 4393 meminit
3136 4359 3147 4392 :
3187 4360 3206 4391 ι
3246 4345 3314 4395 At
3344 4357 3413 4397 ne
3438 4340 3618 4396 Gallus
3640 4337 3721 4405 qui

2167 4430 2289 4484 dem
2321 4429 2521 4481 malum
2554 4428 2700 4481 Decii
2727 4438 2819 4481 aut
2848 4429 3029 4483 videre
3057 4432 3253 4499 potuit,
3287 4443 3384 4487 aut
3426 4446 3629 4495 cavere,
3650 4426 3723 4483 sed

1625 4538 2019 4599 VARIANTES
2058 4539 2462 4597 LECTIONES.

3742 122 3820 269 1

602 4662 675 4714 lla
710 4660 905 4712 Ilierou
937 4655 1037 4727 (De
1067 4652 1409 4727 Scr.iEccl.),

1445 4667 1549 4703 non
1585 4650 1860 4705 Heraclim.
2052 4680 2059 4687 -
2174 4649 2424 4717 llieron.,
2452 4650 2573 4706 loco
2601 4651 2735 4705 inira
2766 4652 2950 4717 citato,
2994 4652 3082 4707 ιἸ.

546 4736 567 4764 ³
606 4732 834 4785 Codices
880 4719 1115 4798 plurimi,
1172 4726 1205 4776 ι’
1285 4719 1377 4777 sed
1434 4722 1528 4774 Ms.
1584 4721 1806 4777 Westm.
1858 4732 1913 4776 et
1954 4723 2066 4792 ipse
2156 4719 2163 4729 ’

1434 4722 1528 4774 Ms.
1584 4721 1806 4777 Wcstm.
1858 4732 1913 4776 ct
1954 4723 2066 4792 ipse

1835 4812 2089 4866 SMITHII
2128 4812 2356 4867 ΝυΤᾹΞ.

560 4938 582 4963 ⁸
637 4927 841 4979 Vallum
872 4944 961 4993 per
982 4944 1161 4979 cxxxlt
1186 4946 1254 4980 m.
1282 4947 1330 4995 ρ.
1370 4926 1600 4995 Necesse
1624 4932 1705 4977 est
1726 4924 2060 4977 erratumhic

482 5016 602 5055 esse
653 4998 705 5051 in
749 5011 999 5049 mensura
1037 4996 1199 5056 valli;
1256 4994 1479 5047 latitudo
1526 4996 1669 5046 enim
1730 4995 1913 5045 insulae
1972 4995 2058 5046 ubi

479 5071 618 5125 valla
657 5066 831 5136 posita
872 5063 1212 5136 fuerunt__tot
1260 5064 1427 5136 mille
1460 5076 1647 5136 passus
1684 5062 2058 5136 _neutrobique

480 5129 732 5194 admittit.
769 5138 823 5190 Id
850 5135 990 5189 Beda
1031 5133 1155 5186 valli
1191 5129 1665 5187 interiorisaccola
1684 5129 1931 5199 ignorare
1954 5147 2059 5183 non

481 5212 653 5278 potuit
676 5228 690 5274 ;
710 5208 800 5264 sed
820 5207 907 5261 ille
925 5206 1214 5271 Eusebium
1231 5204 1320 5278 hic
1334 5203 1543 5278 scripsit
1563 5200 2056 5278 llieronymianum,

483 5270 535 5333 in
566 5270 687 5348 quo'
713 5280 837 5333 valli
870 5270 1129 5331 mensura
1173 5272 1513 5348 redditaAl’uit
1561 5286 1657 5348 per
1684 5270 1828 5323 mille
1872 5285 2060 5348 passus

481 5341 812 5410 cxx'xnmam
842 5348 1029 5402 Greca
1056 5349 1251 5403 habent
1278 5344 1504 5404 σταὸίτις
1536 5344 1751 5413 χιλίαις,
1790 5341 1933 5409 quod
1964 5356 2059 5410 per

484 5418 620 5471 alios
650 5434 900 5489 numeros
922 5431 1117 5485 nempe
1139 5432 1321 5489 Lxxxtt
1353 5416 1437 5470 vel
1470 5412 1614 5468 xxxu
1647 5412 1930 5489 teddiJnon
1963 5426 2055 5479 po-

485 5489 607 5541 tuit.
654 5486 812 5540 Error
838 5502 967 5555 ergo
999 5482 1110 5550 est,
1140 5487 1233 5540 sed
1267 5495 1569 5548 auctorum,
1621 5499 1726 5543 non
1777 5482 2053 5555 Codicum,

484 5568 543 5611 ut
573 5557 732 5622 vulgo
761 5552 1061 5623 conjicitur.
1094 5560 1305 5611 Littera:
1337 5557 1638 5607 unmerales
1665 5568 1693 5606 c
1731 5552 1810 5623 vi-l
1839 5570 1868 5605 ι
1892 5554 2053 5605 omit-

484 5636 671 5680 tuntur
725 5626 823 5678 nec
866 5622 1167 5691 intutantur,
1190 5628 1284 5680 sed
1323 5626 1566 5677 homines
1622 5623 1716 5689 ipsi
1772 5622 1945 5675 (ΞΓωεί
1978 5623 2061 5675 vel

486 5697 712 5750 Romani
743 5695 809 5748 de
838 5710 897 5748 re
916 5696 1095 5760 ignota
1158 5697 1503 5765 scripserunt,
1551 5703 1604 5747 ct
1654 5692 1793 5747 Beda
1832 5705 1928 5745 eos
1966 5691 2059 5742 im-

489 5768 671 5831 plicite
699 5767 853 5819 nimis
884 5774 1099 5816 secutus
1129 5776 1229 5818 est.

2238 4922 2261 4958 δ
2308 4926 2597 5001 (.Iironfcis.
2633 4926 2835 5001 Horum
2874 4926 3283 5001 Chronicorum
3331 4928 3723 5001 prmripuarfrao

2164 5004 2380 5068 gmenta
2415 4994 2520 5068 vid.
2556 4994 2696 5062 apud
2728 4994 2954 5068 Euseb,
3002 4997 3054 5068 i_n
3084 4997 3163 5051 Ch
3198 4994 3383 5063 onico,
3426 5019 3457 5055 a
3488 4994 3725 5068 Sedit!!!
3790 5030 3799 5068 Α

2164 5061 2388 5150 confuse
2436 5064 2600 5150 edita,
2656 5063 2759 5150 sed
2798 5061 2949 5136 :tpud'
2991 5065 3284 5150 Georgium
3337 5061 3648 5150 syncellmn;
3682 5068 3725 5124 il

2166 5129 2627 5207 Chronographia,
2656 5148 2684 5185 a
2722 5129 2922 5207 Coa-ro,
2955 5140 3117 5207 paulo
3142 5129 3478 5193 distinctius.

2240 5214 2260 5238 ο
2299 5201 2391 5275 (λιιἐ
2418 5203 2536 5255 dum
2562 5205 2693 5257 loco.
2719 5201 2969 5267 Hieron.,
2999 5208 3153 5275 Apol.
3189 5207 3455 5264 adversus
3486 5210 3721 5273 Rom.
3780 5201 3783 5259 ἶ

2166 5268 2355 5349 ἰι,Δ
2379 5271 2493 5349 haec
2523 5275 2681 5349 habet
2728 5276 2888 5349 verba
2923 5296 2935 5328 :
2975 5268 3111 5328 Νᾱιο
3143 5277 3291 5349 diras
3320 5295 3438 5349 qua
3477 5268 3721 5349 deeiin
3780 5308 3781 5343 1

2163 5339 2310 5394 libris
2340 5343 2394 5395 in
2422 5347 2538 5398 aliis
2570 5347 2694 5421 loris
2724 5347 2949 5421 ejusdem
2980 5347 3215 5421 auctoris
3239 5339 3501 5421 catholirc
3522 5346 3729 5407 αξη-’δι
3766 5400 3769 5421 ,

2166 5428 2363 5496 gerent.
2383 5430 2458 5496 Ine
2488 5434 2567 5468 me
2593 5417 2767 5468 mittas
2792 5417 2864 5496 ag
2889 5430 2980 5496 sea;
3002 5417 3165 5494 millia
3196 5416 3215 5467 ι
3239 5418 3451 5496 brorum
3481 5424 3609 5496 ejus,
3626 5430 3725 5493 μ

2164 5483 2349 5548 legisse
2378 5485 2575 5537 beatum
2605 5499 2788 5549 rapam
2818 5482 3168 5551 Ep'phauium
3203 5482 3545 5549 criminaris...
3594 5482 3619 5497 2

2168 5550 2265 5673 “4
2300 5554 2494 5624 lnquit.
2529 5554 2659 5607 Vide
2693 5553 2807 5606 haec
2832 5550 2993 5607 verba
3018 5568 3120 5625 artu
3145 5557 3155 5607 l
3177 5554 3332 5627 Eos,
3353 5561 3494 5619 Hist.
3518 5558 3649 5627 Εεεῖ-
3668 5568 3711 5613 *⁸

2204 5664 2496 5746 υἶυριηίηει.
2530 5690 2655 5746 Vide
2689 5690 2821 5747 una.

3770 5184 3799 5462 l
