3842 6242
552 419 651 475 571

1042 412 1262 475 ΒΕΟΑΞ
1304 421 1758 480 VENEllABlLIS
1797 424 2078 479 OPEllUM
2126 422 2301 475 PARS
2341 422 2382 475 I.
2415 453 2483 463 —
2527 423 2977 477 DIDASCALICA
3026 424 3358 481 GENUINA.

3689 436 3759 486 Si?

547 535 659 587 cias
682 534 749 586 ad
773 534 1088 587 canonicam
1115 534 1380 602 paschalis
1420 536 1681 604 temporis
1732 534 2131 589 'observantimr
2173 546 2205 588 it
2243 534 2342 587 rati
2378 542 2436 587 ut
2480 544 2620 588 sicut
2671 536 2845 589 Graeci
2872 536 3219 603 Septuaginta
3279 544 3648 596 translaturum
3673 543 3761 597 Edi-

547 636 703 689 aqua
754 620 954 675 dutius
1005 624 1415 689 aberraret-ant,
1466 624 1551 693 pia
1604 625 1985 692 pmdicatiuue
2010 642 2139 679 (Jon-

548 713 715 767 vertit
738 727 884 766 anno
914 713 982 767 ab
1011 712 1389 767 lncarnatione
1417 714 1628 768 Domini
1655 714 1922 767 DCCXVI.

617 804 708 879 [Α.
740 805 812 859 Il.
837 806 995 860 ‘6'".
1023 806 1151 861 Chr.
1184 804 1335 878 720.]
1367 816 1391 842 ι
1416 804 1754 860 Theodosius
1783 822 1924 859 anno
1951 808 1987 859 l.
2043 807 2137 861 llic

544 898 752 953 electus
779 899 831 952 in
863 899 1249 967 imperatorem
1272 898 1611 952 Anastasium
1634 898 1775 963 apud
1810 899 2037 951 Nirmam
2067 900 2135 953 ci-

542 988 766 1041 vitatein
795 988 943 1055 gravi
968 1004 1062 1057 pra
1082 988 1154 1041 lio
1177 989 1326 1052 vicit,
1354 989 1590 1056 datoque
1618 990 1719 1041 sibi
1770 998 2130 1052 sacramento,

541 1076 796 1132 clericum
838 1076 957 1131 lleri
979 1092 1042 1132 ac
1090 1078 1464 1148 presbyterum
1523 1078 1649 1131 fecit
1700 1078 1959 1131 ordinari.
2018 1080 2131 1146 Ipse

539 1181 672 1221 vero
699 1175 759 1221 ut
785 1180 1009 1234 regnum
1058 1167 1291 1236 accepit,
1322 1183 1444 1221 cum
1472 1177 1614 1222 esset
1637 1168 1959 1230 catholicus,
2005 1186 2126 1222 mox

541 1257 761 1327 inoregia
795 1258 928 1312 urbe
978 1258 1267 1327 imaginem
1316 1258 1464 1312 illam
1507 1259 1889 1323 venerandam,
1939 1262 2126 1327 inqua

539 1357 741 1403 sancta:
774 1348 834 1401 Vl
863 1348 1056 1420 synodi
1089 1357 1245 1407 erant
1270 1349 1495 1419 depicta:
1525 1358 1579 1402 et
1613 1365 1643 1403 a
1688 1348 1985 1419 Philippico
2016 1349 2127 1405 fue-

539 1450 664 1495 rant
690 1442 935 1509 deiecta,
967 1441 1199 1511 pristino
1230 1440 1435 1496 in‘loeo
1466 1443 1658 1495 erexit.
1694 1440 1905 1497 Tiberis
1935 1442 2126 1496 ﬂuvius

538 1532 752 1587 alveum
800 1548 956 1587 suum
1008 1548 1254 1601 egressus
1287 1532 1452 1587 multa
1496 1533 1749 1587 ltomame
1793 1532 1817 1585 Γ
1845 1535 1913 1587 cit
1960 1534 2123 1588 exitia

537 1623 761 1690 civitati,
790 1624 860 1678 ita
893 1632 951 1678 ut
982 1624 1033 1678 in
1056 1623 1141 1679 via
1170 1623 1275 1677 lata
1299 1622 1365 1677 a‘d
1393 1638 1556 1677 unam
1588 1627 1643 1677 et
1671 1626 1835 1680 semis
1863 1634 2123 1681 staturam

534 1724 901 1779 excresceret,
924 1725 1090 1784 atque
1111 1730 1142 1769 ιι
1156 1724 1313 1786 porta
1343 1717 1513 1770 sancti
1545 1715 1686 1769 Petri
1714 1732 1882 1785 usque
1897 1718 1961 1770 ad
1984 1734 2119 1785 pono

533 1816 641 1858 tem
692 1804 931 1860 Milvium
986 1822 1143 1878 aque
1182 1823 1244 1862 se
1291 1807 1682 1863 descendentes
1710 1808 2117 1876 conjuttgerrnt.

534 1896 726 1950 Mansit
756 1907 937 1951 autem
962 1898 1154 1953 diebus
1184 1897 1274 1952 VII
1295 1939 1309 1963 ,
1342 1898 1535 1962 donec,
1586 1899 1866 1965 agentibus
1895 1900 2121 1952 letanias

532 1986 752 2041 crebras
779 1987 1020 2052 civibus,
1072 1998 1267 2043 octavo
1318 1988 1536 2042 demum
1589 1989 1675 2043 die
1727 1991 1968 2041 revertit.
2031 1988 2123 2042 llis

534 2076 870 2146 trntporilius
897 2078 1049 2133 multi
1075 2078 1368 2146 Anglorum
1400 2079 1595 2150 gentis,
1642 2081 1851 2133 nobiles
1882 2090 1939 2133 et
1967 2080 2119 2146 igno-

530 2166 687 2233 bifes,
741 2167 838 2221 viri
898 2177 954 2222 et
1004 2168 1240 2236 feminm,
1287 2170 1455 2223 duces
1524 2180 1579 2223 et
1649 2170 1878 2240 privati,
1952 2170 2120 2224 divini

531 2258 732 2311 amoris
763 2258 816 2311 in
852 2258 1044 2327 tinctu,
1088 2259 1156 2313 de
1200 2259 1461 2315 Brittania
1495 2261 1718 2314 nontam
1769 2262 1953 2316 venire
1993 2278 2122 2315 cou-

469 2405 473 2413 ,
530 2359 842 2413 sueverant,
872 2349 1011 2403 inter
1040 2365 1179 2418 quos
1218 2351 1383 2406 etiam
1443 2351 1913 2405 reverentissimus
1952 2352 2121 2405 abbas

530 2458 682 2496 meus
711 2441 1014 2496 Ceolfridus
1060 2459 1233 2497 annos
1289 2452 1449 2497 natus
1508 2442 1753 2505 LXXV,
1804 2460 1926 2496 eum
1978 2452 2120 2498 es:et

530 2534 813 2604 p.e.~liyter
841 2533 1022 2589 annis.
1051 2531 1261 2601 XLVII,
1316 2536 1484 2589 abbas
1532 2543 1710 2589 autem
1761 2534 1979 2596 XXXV,
2030 2535 2119 2587 ubi

533 2625 802 2691 Lingonas
833 2626 1099 2693 pervenit,
1129 2625 1200 2679 ibi
1244 2625 1533 2679 defunctus
1574 2635 1736 2694 atque
1784 2626 1835 2678 in
1891 2626 2119 2680 ecclesia

530 2714 811 2769 beatorum
835 2714 1187 2771 Geminorum
1238 2726 1533 2788 martyrum
1575 2717 1817 2787 sepultus
1862 2728 1982 2773 est:
2028 2719 2116 2789 qui

529 2807 672 2861 inter
718 2807 825 2860 alia
881 2808 1107 2863 donaria
1142 2824 1262 2878 qua:
1309 2809 1521 2864 adlerre
1574 2810 1935 2881 disposuerat,
1976 2813 2120 2869 misit

528 2898 777 2954 ecclesiae
804 2898 978 2954 sancti
1006 2900 1148 2957 Petri
1178 2898 1502 2955 Pandectem
1528 2916 1559 2954 a
1602 2901 1762 2955 beato
1794 2902 2119 2973 llieronymo

527 2992 583 3045 in
645 2991 891 3047 Latinum
970 3006 1039 3046 ει
1100 2991 1325 3046 ιιειιιτεο
1355 2992 1439 3045 vel
1490 2992 1679 3048 Grzcco
1737 2993 1885 3049 fonte
1938 3005 2116 3050 trans-

525 3082 716 3135 latum.
1951 3120 1970 3127 _

600 3172 685 3243 [Α.
714 3171 785 3225 Μ.
814 3171 976 3226 ιοιεο.
1005 3172 1135 3228 Chr.
1170 3173 1317 3247 723).]
1349 3173 1375 3214 δ
1402 3173 1513 3230 Leo
1538 3176 1693 3231 annis
1720 3176 1810 3230 IX.
1842 3176 2116 3242 Saraceni,

528 3277 651 3315 cum
684 3261 953 3315 inunenso
1005 3262 1251 3315 exercitu
1300 3263 1828 3332 Constantinopolim
1897 3267 2115 3318 venit-n-

529 3364 629 3419 tes,
663 3354 898 3409 triennio
919 3353 1196 3407 civitatem
1225 3355 1496 3422 obsident,
1517 3356 1692 3411 donec
1714 3358 1795 3411 civ
1823 3357 1921 3412 bus
1948 3358 2117 3411 multa

528 3448 784 3500 instantia
814 3446 879 3500 ad
897 3444 1067 3500 Deum
1097 3446 1475 3511 clamantibus,
1507 3448 1719 3515 plurimi
1739 3464 1927 3503 eorum
1950 3447 2117 3513 fame,

530 3537 747 3603 frigore,
782 3536 1088 3606 pestilentia
1122 3537 1381 3605 perirent,
1414 3552 1479 3591 ac
1514 3539 1591 3592 sic
1639 3539 1851 3604 pertesi
1881 3538 2116 3592 obsitio-

534 3630 615 3682 nis
645 3628 1015 3683 abscederent.
1046 3629 1149 3694 Qui
1180 3629 1303 3681 inde
1335 3629 1565 3695 regressi
1604 3628 1959 3695 Vulgaiorum
1983 3645 2117 3697 gen-

529 3729 637 3775 tem
669 3735 790 3790 quae
812 3729 893 3773 est
921 3736 1085 3789 super
1117 3719 1417 3773 Danubium
1451 3721 1593 3774 bello
1615 3720 2001 3787 aggrediuntur
2021 3762 2035 3785 ,
2064 3728 2120 3774 et

522 3813 593 3868 ab
628 3812 728 3867 hac
757 3827 979 3881 quoque
1030 3812 1155 3866 victi
1207 3810 1499 3879 refugiunt,
1530 3827 1595 3865 ac
1648 3827 1813 3866 naves
1861 3820 2116 3879 repetunt

523 3919 671 3957 suas.
698 3901 903 3970 Quibus
927 3917 1050 3955 cmn
1079 3901 1246 3954 altum
1297 3909 1561 3969 peterent,
1610 3901 1891 3968 ingruente
1938 3903 2113 3955 subita

520 4000 870 4061 tempestate,
904 3990 1121 4061 plurimi
1152 3990 1314 4045 etiam
1341 3991 1525 4055 mersi,
1551 3990 1687 4050 sive;
1710 3988 1997 4061 confractis
2020 4006 2117 4055 per

521 4082 704 4137 litora
738 4081 985 4144 navibus,
1016 4089 1141 4134 sunt
1171 4080 1369 4134 necati.
1422 4064 1838 4143 Liutbhrandu=,
1892 4078 2116 4132 audiens

518 4176 669 4244 quod
725 4173 1010 4239 Saraceni,
1060 4172 1388 4241 delopulata
1454 4171 1724 4235 Sardinia,
1776 4172 1937 4225 etiam
1996 4172 2112 4223 loca

522 4264 795 4318 ledarent
852 4263 941 4316 illa
999 4264 1089 4317 ubi
1145 4279 1266 4317 ossa
1316 4264 1486 4317 sancti
1536 4262 1817 4331 Augustini
1874 4262 2112 4330 episcopi

526 4360 747 4421 propter
776 4351 1136 4405 vastationem
1188 4350 1549 4407 Barbarorum
1600 4353 1728 4406 olim
1780 4353 2034 4406 translata
2061 4360 2116 4405 et

525 4442 830 4500 honoriﬁce
858 4437 1075 4499 fuerant
1120 4440 1363 4508 condita,
1413 4440 1581 4507 misit,
1608 4451 1683 4504 et,
1741 4442 1870 4493 dato
1917 4456 2112 4507 magno

520 4532 723 4605 pretio,
751 4533 985 4601 accepit,
1036 4540 1091 4586 et
1140 4531 1413 4585 transtulit
1458 4548 1523 4587 ea
1580 4528 1879 4593 inTicinis.
1928 4530 2109 4597 ibique

517 4642 641 4683 ruta
682 4622 872 4679 debito
903 4630 1055 4676 tanto
1087 4620 1231 4675 Patri
1262 4621 1470 4676 honore
1500 4620 1820 4677 recondidit.

1090 4720 1319 4778 CAPUT
1349 4719 1550 4777 LXVII.
1645 4698 1652 4707 ’

2149 3228 2196 3289 C

2138 4591 2191 4647 D

983 4794 1237 4865 Reliquit:
1259 4806 1421 4847 sextae
1448 4795 1641 4848 aetatis.
2040 4851 2048 4854 ,

597 4892 723 4943 llaec
762 4888 830 4943 de
857 4903 1017 4942 cursu
1043 4886 1300 4956 praeteriti
1347 4886 1529 4941 seculi
1574 4902 1657 4940 ex.
1682 4885 1941 4942 llebraiea
1964 4887 2108 4942 veri-

529 4989 639 5034 tate
669 4987 831 5045 prout
857 4977 1133 5045 potuimus
1161 4976 1481 5031 elucubrare
1525 4977 1864 5043 curavimus,
1895 4990 2109 5045 :eq‘uunt

2244 628 2390 675 tione
2422 632 2653 686 utentes,
2682 624 2747 679 de
2776 640 2840 677 ea
2893 625 2993 678 sibi
3024 629 3242 693 suisque
3302 637 3594 696 temporum
3643 632 3762 685 “)de

2238 713 2549 777 condidere,
2580 716 2647 766 ita
2676 724 2731 768 et
2756 730 2875 777 nos,
2899 717 2989 783 qui
3022 731 3118 783 per
3148 718 3290 770 beati
3334 717 3632 787 interpretis
3670 724 3760 776 Ilie-

2240 803 2449 872 ronymi
2500 804 2814 857 industriam
2858 820 2994 871 puro
3057 804 3339 861 Hebraiere
3376 809 3609 865 veritatis
3658 811 3761 865 inata

2238 902 2510 959 putamur,
2568 900 2870 961 temporum
2902 910 3116 962 quoque
3160 898 3428 950 rationem
3473 898 3619 965 juxta
3660 902 3763 955 hanc

2235 982 2376 1034 scire
2398 997 2680 1049 queamus.
2714 984 2867 1048 Quod
2897 985 2941 1037 si
2966 987 3056 1051 qui
3109 987 3349 1040 laborem
3380 987 3523 1042 hunc
3570 1001 3759 1044 nostrum

2233 1073 2569 1139 culpaverint
2599 1089 2718 1126 esse
2748 1074 3097 1145 superﬂuum,
3130 1079 3398 1144 accipiant
3429 1079 3481 1131 lii
3511 1084 3760 1149 quicunque

2234 1174 2355 1215 sunt
2372 1162 2598 1231 justum,
2631 1164 2775 1216 salva
2800 1166 3084 1231 cltaritate,
3119 1183 3463 1234 responsum.
3496 1170 3626 1237 quod
3659 1187 3758 1237 pra-

2233 1256 2373 1304 tatus
2408 1251 2767 1321 Hieronymus
2808 1254 2998 1321 prisca:
3046 1256 3475 1325 cosmograpltia:
3518 1257 3757 1311 calumia-

2233 1343 2442 1397 toribus
2472 1344 2673 1407 I'Cddil,
2704 1345 2828 1396 utsi
2878 1345 3125 1412 diSplicet
3148 1364 3255 1399 non
3300 1347 3502 1416 legant.
3547 1348 3763 1403 Caeterum

2229 1434 2435 1487 cunctis
2458 1433 2508 1486 in
2541 1450 2824 1495 commune
2852 1435 3161 1499 suademus,
3210 1445 3268 1489 ut
3313 1440 3429 1491 sive
3457 1437 3572 1504 quis
3606 1453 3662 1490 ει
3687 1438 3763 1490 lle-

2232 1524 2412 1579 braica
2438 1528 2665 1579 veritate
2694 1514 2818 1594 quae
2838 1528 2903 1579 ad
2929 1543 3029 1582 nos
3084 1543 3181 1597 per
3229 1537 3582 1582 memoratum
3636 1530 3763 1583 inter.

2228 1627 2436 1685 pretem
2469 1634 2601 1686 pura
2657 1618 2969 1685 pervenisse
2994 1618 3160 1673 etiam
3217 1618 3464 1672 hostibus
3516 1618 3688 1675 Iudicis
3726 1620 3761 1670 in

2230 1708 2473 1775 professo
2504 1716 2608 1772 est,
2640 1710 2753 1761 sive
2785 1725 2852 1761 ex
2874 1707 3228 1777 Septuaginta
3260 1710 3608 1779 interpretum
3626 1723 3762 1763 trans-

2228 1800 2445 1863 latione,
2474 1815 2594 1868 qua:
2623 1801 2702 1854 vel
2736 1801 2910 1856 minus
2937 1801 3176 1856 sollicite
3205 1803 3382 1870 primo
3435 1802 3573 1855 edita
3608 1810 3703 1862 est,
3724 1808 3761 1851 ut

2158 1882 2201 1940 Β
2231 1891 2379 1945 multi
2410 1874 2723 1957 adstruunt:
2758 1892 2840 1947 vv]
2873 1899 2997 1961 post
3044 1907 3075 1946 λ
3116 1893 3411 1961 gentilibus
3438 1903 3691 1955 corrupta,
3717 1900 3759 1943 ιιι

2226 1986 2384 2039 beato
2416 1984 2717 2050 Augustino
2736 1985 2969 2052 videtur,
3002 1998 3099 2039 seu
3130 1994 3277 2039 certe
3306 2000 3373 2038 ex
3396 1988 3626 2054 utrisque
3644 1999 3759 2037 eom-

2235 2076 2405 2130 mixto
2435 2090 2602 2143 opt-re
2626 2075 2912 2130 Codicibus
2954 2084 3013 2129 ιιι
3040 2076 3139 2129 sibi
3174 2076 3345 2130 visum
3380 2076 3557 2135 fuerit,
3597 2084 3760 2141 lea-p0.—

2226 2180 2339 2219 rum
2378 2179 2589 2219 cursum
2641 2166 2927 2233 notaverit,
2952 2175 3008 2220 et
3029 2167 3145 2222 sive
3200 2168 3497 2237 prolixiora
3545 2184 3630 2222 seu
3671 2169 3760 2219 bre-

2228 2256 2398 2321 viora,
2414 2256 2668 2310 transacti
2697 2256 2876 2310 surculi
2900 2264 3144 2326 tempora
3166 2247 3482 2324 signaverit,
3502 2260 3763 2323 autsigmta

2229 2354 2514 2414 repererit,
2538 2348 2845 2400 nul‘atenus
2872 2359 3051 2402 tamen
3069 2365 3133 2402 ex
3164 2350 3265 2403 hoc
3304 2351 3545 2417 longiora
3574 2350 3646 2402 vel
3673 2351 3764 2399 lue.

2226 2436 2375 2489 viora
2396 2450 2514 2500 qute
2530 2444 2735 2489 restant
2755 2436 2934 2490 sicculi
2958 2446 3199 2506 tempora
3217 2448 3391 2507 putet,
3428 2455 3627 2493 metunt-
3659 2453 3764 2490 sem-

2227 2539 2324 2591 per
2344 2524 2627 2576 domintezn
2657 2524 2938 2577 sententie
2963 2542 2976 2577 :
3012 2523 3145 2588 Quia
3166 2527 3231 2578 de
3255 2528 3340 2578 die
3358 2528 3545 2580 ultima
3593 2535 3637 2579 et
3671 2526 3765 2575 tum

2226 2628 2376 2666 nemo
2416 2614 2720 2683 scit,neque
2768 2614 2943 2684 angeli
2990 2616 3230 2669 calorum
3273 2617 3378 2668 nisi
3434 2615 3592 2668 Pater
3641 2615 3761 2668 ιιιίιι.

2227 2705 2411 2773 Neque
2437 2707 2579 2759 enim
2615 2708 2882 2761 ullatenus
2921 2717 3047 2761 sunt
3072 2706 3321 2761 audiendi
3349 2708 3443 2775 qui
3473 2705 3766 2776 suspicantur

2228 2795 2385 2865 hujus
2408 2811 2463 2851 sa
2482 2796 2587 2850 culi
2619 2805 2815 2852 statum
2839 2812 2935 2852 sex
2984 2797 3221 2851 millibus
3250 2813 3521 2851 annorum
3561 2797 3624 2848 ab
3648 2794 3764 2848 initio

2228 2886 2390 2938 fuisse
2427 2884 2729 2949 deﬁnitum.
2772 2896 2846 2949 et,
2895 2901 2965 2940 ne
2987 2894 3177 2939 contra
3215 2886 3544 2939 sententiam
3597 2881 3763 2939 Domini

2226 2990 2278 3027 Υι
2295 2975 2413 3028 nire
2436 2975 2741 3041 videantur,
2781 2975 2988 3029 addunt
3017 2975 3277 3031 incertum
3312 2992 3424 3031 mor
3437 2975 3765 3043 talihusquoto

2228 3081 2372 3120 attno
2426 3075 2593 3119 serta:
2619 3066 2933 3120 millenarize
2962 3066 3133 3137 partis
3179 3074 3445 3121 venturus
3485 3066 3556 3121 sit
3588 3062 3765 3129 dicti!-

2227 3157 2373 3224 d‘eii,
2394 3157 2549 3227 cujus
2581 3166 2759 3212 tamen
2791 3159 3053 3212 adventus
3084 3160 3322 3213 maxime
3350 3160 3495 3214 circa
3526 3157 3763 3213 terminum

2226 3250 2365 3301 sex'i
2396 3250 2679 3302 millenarii
2706 3250 2900 3303 debeat
2920 3249 3147 3318 sperari.
3182 3247 3227 3300 Α
3281 3248 3481 3316 quibus
3524 3247 3569 3301 si
3616 3241 3766 3313 quartis

2227 3337 2314 3391 ubi
2342 3338 2459 3393 bzec
2492 3354 2565 3407 pu
2595 3339 2735 3391 anda
2765 3338 2848 3392 vel
2877 3338 3018 3393 credi
3040 3338 3140 3391 nda
3172 3336 3420 3405 legerint,
3448 3352 3571 3391 mox
3612 3344 3767 3389 stoma-

2232 3429 2487 3493 chantes,
2518 3430 2645 3498 quia
2677 3430 2821 3485 aliud
2855 3429 2986 3499 quid
3037 3429 3371 3495 res,oudere
3416 3444 3527 3482 non
3570 3426 3763 3480 habent:

2221 3520 2417 3575 Annon
2444 3519 2638 3588 legisti,
2667 3520 2681 3573 i
2709 3520 2937 3589 'quiunt,
2973 3520 3025 3573 in
3056 3518 3255 3574 Genesi
3293 3519 3422 3588 quia
3481 3534 3577 3573 sex
3622 3514 3766 3571 (Βάκι

2223 3610 2481 3663 mundum
2544 3606 2734 3664 fec'erit
2788 3609 2969 3663 Deus?
3026 3610 3168 3664 unde
3219 3610 3417 3664 merito
3468 3608 3610 3665 credi
3645 3606 3765 3658 debet

2222 3716 2343 3755 eum
2374 3701 2493 3769 plus
2516 3701 2694 3753 minus
2708 3714 2800 3755 εει
2824 3701 3061 3755 millibus
3082 3684 3352 3755 annorum
3377 3714 3504 3757 esse
3516 3708 3762 3753 staturum.

2223 3791 2287 3845 Et
2313 3791 2456 3860 quod
2510 3800 2592 3847 est
2631 3792 2870 3859 gravius,
2902 3789 3055 3845 fuere
3099 3792 3191 3859 qui
3244 3802 3475 3861 propter
3522 3788 3764 3858 septimum

2218 3887 2359 3939 diem
2390 3885 2440 3937 iu
2472 3899 2579 3951 quo
2614 3883 2873 3952 requievit
2907 3882 3046 3936 Deus
3097 3882 3165 3935 ab
3194 3883 3457 3953 Operith
3493 3880 3635 3945 suis,
3674 3890 3767 3944 spe

2220 3985 2400 4033 rareut
2424 3983 2545 4046 post
2573 3990 2664 4028 sex
2696 3988 2959 4027 annorum
2990 3972 3155 4025 miltia
3184 3968 3502 4049 sanctorum
3528 3966 3703 4024 laboris
3728 3964 3764 4015 il

2219 4068 2320 4123 liae
2344 4068 2449 4121 vita
2475 4065 2711 4128 mortali,
2758 4063 2993 4133 septimo
3029 4062 3176 4117 mille
3217 4077 3490 4116 annorum
3538 4056 3764 4116 curriculo

2217 4174 2311 4213 eos
2339 4167 2457 4228 post
2485 4156 2939 4211 resurrectionem
2963 4154 3015 4208 in
3038 4154 3139 4208 hac
3162 4153 3276 4222 ipsa
3308 4152 3419 4205 vita
3472 4148 3764 4207 immortales

2219 4249 2269 4302 in
2293 4248 2501 4302 deliciis
2529 4256 2582 4300 et
2615 4248 2780 4300 multa
2812 4244 3147 4299 beatitudine
3174 4252 3503 4311 regnaturus
3548 4250 3764 4298 essequ

2216 4340 2447 4395 Christo.
2477 4339 2675 4394 Verum
2709 4338 2790 4392 his
2830 4337 2958 4407 quia
3005 4336 3261 4391 literelica
3311 4342 3446 4391 sunt
3494 4342 3553 4389 et
3597 4331 3764 4385 frivola.

2218 4430 2453 4484 futtditus
2484 4429 2733 4508 omissis,
2765 4428 3133 4495 intelligamus
3182 4428 3398 4481 sincere
3449 4433 3507 4480 et
3542 4418 3763 4476 eatholict

2216 4534 2308 4571 sex
2335 4519 2455 4571 illos
2479 4505 2593 4571 cies
2622 4519 2673 4570 in
2695 4518 2891 4586 quibus
2920 4513 3105 4569 mundi
3137 4514 3298 4583 hujus
3348 4522 3601 4569 ornatum
3625 4505 3765 4580 ναίει

2217 4612 2285 4665 cit
2321 4610 2460 4665 Deus
2483 4619 2533 4663 et
2566 4611 2855 4679 septimum
2885 4608 2940 4661 in
2962 4620 3071 4675 quo
3094 4606 3163 4661 ab
3184 4606 3331 4661 omni
3358 4620 3533 4675 opere
3575 4615 3667 4657 suo
3704 4611 3767 4651 ηδ

2219 4703 2439 4773 quievit,
2466 4718 2624 4769 quem
2655 4701 2726 4755 ob
2766 4698 2819 4753 id
2862 4705 3138 4770 perpeture
3189 4696 3388 4768 quietis
3435 4690 3768 4751 benede

2218 4795 2595 4859 sanctdicavit,
2654 4811 2759 4849 non
2787 4810 2879 4849 sex
2921 4809 3188 4849 annorum
3238 4794 3406 4849 millia
3435 4792 3616 4851 muli
3651 4787 3766 4844 labo-

2218 4888 2387 4941 rantis
2416 4896 2471 4942 et
2498 4886 2786 4955 septimum
2845 4884 2995 4954 regni
3054 4883 3342 4940 beatorum
3392 4885 3447 4939 in
3500 4895 3636 4940 terra
3673 4889 3767 4935 αιι

2220 4980 2451 5044 Christo,
2476 4979 2568 5034 sed
2598 4994 2688 5033 se:
2725 4979 2903 5048 potius
2929 4989 3124 5032 aetates
3172 4977 3489 5047 signiﬁcare
3520 4971 3686 5033 mulli
3710 4969 3747 5019 ¹³

1915 5094 2167 5148 SMITHII
2208 5094 2435 5149 ΝΟΤΑΞ.

598 5231 623 5259 ι
650 5210 989 5268 Theodosius.
1025 5205 1462 5276 Adramyttenus.

597 5295 625 5333 ι»
656 5284 781 5338 Leo.
811 5282 911 5335 Cui
945 5294 1143 5333 nomen
1168 5294 1197 5329 a
1226 5273 1395 5346 patria
1434 5273 1730 5337 Isauricus,
1777 5291 1804 5327 a
1838 5274 2106 5344 baptismo

528 5358 708 5412 Conon
752 5353 866 5405 fuit.
900 5350 1053 5403 Hunc
1074 5350 1231 5404 annis
1260 5361 1311 5399 ιι
1346 5359 1597 5409 regnasse
1627 5346 1750 5397 dicit
1777 5346 1914 5398 Beda
1934 5387 1949 5411 ,
2002 5348 2109 5399 sei-

534 5428 657 5480 Iieet
683 5438 805 5476 cmn
825 5422 917 5473 ille
942 5426 1055 5473 haec
1084 5422 1369 5471 scriberet.
1399 5416 1660 5481 Regnavit
1683 5417 1824 5469 enim
1851 5416 1959 5468 Leo
1984 5429 2107 5468 ιιιν

529 5510 721 5555 annos,
742 5491 835 5544 sed
870 5489 1008 5541 Beda
1040 5489 1090 5541 in
1124 5504 1265 5540 nono
1291 5486 1409 5553 ejus
1431 5500 1573 5538 anno
1613 5485 1915 5539 Cltronicon
1961 5487 2112 5537 clau-

532 5570 667 5617 dens
688 5560 913 5616 ulterius
952 5573 1057 5609 non
1100 5568 1367 5610 numerat.
1396 5558 1490 5609 Vix
1541 5555 1799 5608 credibile
1850 5566 1930 5609 est
1972 5556 2109 5607 lianc

532 5630 966 5688 obseratinnam
996 5628 1186 5676 doctos
1220 5628 1387 5689 viros,
1414 5628 1521 5679 imo
1553 5625 1793 5676 Adonem
1838 5626 2007 5691 ipsum
2055 5634 2109 5673 et

536 5706 897 5758 llennauuutu
933 5697 1172 5747 latuisse.
1208 5693 1278 5745 Ea
1322 5704 1498 5747 tamen
1533 5695 1628 5745 fuit
1669 5694 1877 5745 illorum
1902 5704 2109 5757 tempo-

535 5787 651 5825 rum
686 5773 735 5820 in
768 5765 1054 5832 sequendis
1089 5775 1367 5814 motorum
1394 5766 1567 5815 verbis
1588 5764 2103 5827 secttrit;ts,iitqitoul

538 5842 675 5896 beda
735 5837 978 5892 consulto
1011 5835 1187 5903 posuit
1221 5852 1269 5887 in
1327 5837 1429 5885 line
1458 5832 1728 5897 Cluonici,
1789 5834 1860 5887 illi
1905 5834 2105 5899 δὺριιιιιξ

2210 5208 2319 5259 ullo
2346 5207 2575 5261 consilio
2599 5206 2651 5260 in
2684 5208 2864 5262 medio
2888 5218 3130 5263 ‘snorum
3183 5213 3513 5274 posuerunt.
3556 5204 3767 5276 νενικι

2210 5292 2315 5345 que
2337 5278 2651 5331 calculanda
2674 5294 2738 5333 ac
2759 5280 2803 5332 si
2835 5279 2944 5331 Leo
2963 5293 3019 5331 ιι
3041 5280 3463 5345 tantuma‘nnos
3508 5278 3767 5342 regnasset.

2212 5342 2392 5399 Nonus
2423 5355 2599 5401 autent
2628 5349 2822 5403 Leonis
2851 5362 3025 5401 annus
3055 5355 3141 5398 est
3165 5359 3193 5396 a
3212 5342 3435 5397 Christo
3462 5352 3592 5400 nato
3615 5355 3771 5400 secer

2214 5415 2339 5487 dum
2365 5428 2674 5487 computum
2708 5419 2983 5487 vulgarem
3008 5412 3148 5479 ἠις
3174 5412 3270 5466 Sed
3319 5414 3615 5487 secundum
3638 5408 3771 5487 ιιμιτι

2216 5480 2381 5553 ipsius
2411 5480 2720 5541 tLbi-ouicon
2752 5480 3031 5539 et'seriem
3056 5494 3327 5537 annorum
3358 5498 3387 5537 a
3424 5499 3485 5539 se
3512 5483 3610 5538 sub
3636 5483 3769 5549 impt-

2217 5558 2486 5610 ratoribus
2541 5558 2917 5624 digestarum)
2967 5553 3227 5624 pertinggt
3266 5568 3486 5624 annum
3541 5553 3767 5624 Ἱίθςροε

2223 5627 2445 5678 multum
2478 5620 2630 5678 abest
2662 5620 2982 5689 Palmerius,
3012 5621 3238 5692 aliique,
3263 5623 3390 5679 licet
3408 5628 3475 5680 de
3503 5620 3767 5681 imminut

2214 5708 2547 5761 pri-utuntur,
2572 5693 2709 5747 sicut
2730 5702 2783 5745 et
2804 5692 2873 5763 de
2898 5693 3139 5748 omnium
3164 5691 3278 5750 fere
3300 5696 3537 5751 aliorum
3555 5737 3571 5763 ,
3601 5703 3763 5761 teut»

2212 5768 2358 5819 illius
2394 5767 2534 5821 Vtit'ie
2574 5761 2908 5833 scripserint.
