1921 3121
629 196 675 225 οε
693 194 847 224 RATIONE
868 191 1032 221 COMPUTI.

1609 185 1660 211 εῖξσ

24 257 111 285 mntiri
123 257 206 289 solet.
225 255 395 290 iuterealent,
411 255 511 284 chorus
526 257 553 281 et
564 256 727 290 praetentus
741 251 811 278 hanc
826 252 849 280 Α
863 247 950 281 seplin
964 254 1018 277 um,
1035 251 1128 272 verum
1144 240 1307 290 habentibus
1320 240 1466 290 qui‘ntanas
1480 238 1514 290 ad
1525 238 1662 290 det-inium

23 310 80 331 esse
90 309 194 330 causam
207 301 344 329 dixerunt.

107 398 168 422 Car.
191 395 246 421 \'.l.
268 411 301 416 —-
322 395 360 421 De
385 395 514 421 mensibus
537 393 720 420 Romanorum.

60 464 185 499 interrog.
206 463 247 496 Qu
267 470 296 490 re
310 468 366 490 tam
380 463 494 490 diversae
508 461 683 496 longitudinis
695 460 813 487 habean-

27 511 83 537 lur?
102 525 138 531 ——
154 510 230 543 Resp.
249 509 379 536 Romulus
390 516 454 535 cum
470 507 577 542 ingenio
586 506 641 534 seri
656 505 704 533 sed
716 504 816 539 εει-θεῖε

28 561 122 582 statum
136 555 245 590 proprie
259 556 399 582 ordinaret
418 553 533 588 imperii,
549 553 654 581 initium
669 551 769 579 mensis
783 558 817 577 ex

28 600 68 627 illo
79 600 203 627 sumebat
211 599 256 628 die
269 607 323 634 quo
338 607 436 626 novam
449 599 540 626 lunam
550 598 709 633 contigisset
722 596 816 624 videri.

28 645 90 678 Quia
106 652 160 672 non
172 645 300 672 continuo
310 645 404 672 evenit
418 649 447 671 ut
458 652 494 672 eo
505 644 549 672 die
558 651 667 678 semper
678 646 819 677 appareat,

28 692 69 718 sed
91 691 173 718 modo
189 690 294 718 tardius
305 711 314 723 ,
325 690 406 718 modo
420 690 550 723 celerius,
565 697 599 717 ex
623 689 706 717 certis
733 688 820 715 causis

30 737 109 764 videri
122 737 205 770 solet,
215 737 331 770 conligit
341 741 374 763 ut
386 744 449 763 cum
464 736 566 763 tardius
576 735 821 770 apparuit,pr.ncc-

28 782 99 809 denti
121 782 208 809 mensi
230 781 321 815 plures
340 781 415 814 dies,
430 785 460 808 at
478 788 540 808 cum
552 774 669 808 celerius
682 778 823 813 pauciores

31 827 169 858 darentur.
184 831 211 853 οι
221 834 236 854 s
247 834 300 861 ngu
313 826 335 854 is
348 827 499 861 quibusque
515 825 652 853 men-ibus
667 827 823 858 perpetuam

32 871 228 907 numerilegem
241 873 319 907 primi
331 879 410 898 casus
420 871 454 899 ad
465 870 540 903 luxit.
557 871 648 904 sicque
664 869 764 897 factum
783 872 826 894 est

30 924 55 944 ut
67 918 113 944 alii
126 918 246 952 triginta,
260 917 305 944 a'ii
321 917 428 951 triginta
443 925 479 943 un
492 925 536 948 nn,
548 916 709 943 sortirentur
719 914 787 942 dict.

62 962 193 997 (stormy.
210 963 354 995 Quomodo
369 970 476 989 men-es
488 970 552 989 suos
564 965 681 988 vocavit.
702 976 733 982 —-
747 961 824 994 liesp.

28 1009 147 1035 Primum
159 1016 279 1035 mensem
293 1008 424 1035 Romulus
437 1007 526 1040 Marti,
541 1007 618 1041 cujus
628 1014 657 1033 se
671 1005 755 1033 ﬁlium
766 1013 827 1033 esse

28 1054 125 1086 soluit,
141 1053 260 1086 dicavit,
280 1061 314 1081 eo
327 1053 400 1087 quod
413 1060 447 1080 eo
462 1059 556 1080 mense
571 1055 678 1079 constet
692 1051 826 1078 Junonem

28 1100 140 1127 llartem
155 1099 296 1134 peperisse
321 1099 347 1125 in
371 1098 497 1133 Phrygia.
521 1097 606 1131 Quem
626 1104 746 1124 mensem
764 1096 827 1123 anni

28 1145 192 1182 principium
203 1145 349 1180 aliquando
361 1144 454 1178 fuisse.
467 1144 511 1171 vel
523 1151 557 1171 ex
567 1144 620 1171 hoc
634 1142 751 1175 maxime
766 1150 830 1177 pro-

28 1193 117 1224 batur.
132 1194 199 1227 quia
213 1199 248 1219 ex
262 1198 297 1218 e-i
310 1191 453 1225 septimus,
472 1194 597 1219 octavus.
612 1196 699 1216 nonus
712 1192 740 1215 et
754 1187 828 1215 deci-

27 1244 87 1264 mus
99 1235 218 1263 inditum
229 1235 380 1270 antiquitus
388 1242 404 1261 a
417 1241 531 1261 numero
542 1241 641 1260 nomen
654 1240 738 1267 usque
749 1231 830 1259 hodie

24 1283 181 1319 appellant.
207 1281 364 1310 Secundum
391 1288 513 1308 mensem
541 1280 686 1316 appellavit
710 1278 830 1313 Aprilem

24 1327 263 1363 quasiaperilem.
286 1326 315 1353 lu
330 1334 364 1354 eo
378 1326 451 1360 quod
471 1326 498 1353 in
513 1326 559 1353 illo
578 1325 690 1353 remotis
706 1325 830 1357 nubibu4,

24 1373 135 1408 pniin
155 1380 189 1400 ac
209 1371 417 1407 tempestatibus
438 1370 568 1402 hibernis,
589 1370 699 1402 ccelum,
720 1375 791 1397 terra
806 1374 833 1396 et

25 1426 117 1451 mare,
139 1417 242 1449 nautis,
261 1411 387 1450 agricolis
401 1421 429 1443 et
446 1416 544 1442 liorosc
563 1415 604 1449 pis
618 1415 766 1449 aperiatur.
783 1414 833 1441 Ar-

24 1464 113 1492 bores
126 1469 238 1497 quoque
257 1467 285 1489 et
300 1461 388 1489 herba:
403 1462 428 1488 in
446 1468 569 1496 germen.
585 1460 632 1488 sed
647 1465 674 1487 et
686 1460 833 1487 animantia

21 1515 142 1543 quoque
161 1508 189 1534 in
209 1506 314 1542 prolem
331 1514 361 1534 se
374 1510 480 1541 aperire
499 1506 638 1540 incipiant.
659 1504 757 1532 Maium
780 1508 835 1531 ter-

23 1553 109 1585 tium,
125 1557 254 1587 quartum
269 1551 378 1579 .lunium
391 1551 480 1586 posuit
496 1551 628 1584 majorum
643 1558 675 1577 ac
686 1549 834 1584 iuniorum.

21 1597 51 1624 in
67 1605 145 1632 quos
158 1596 214 1623 divi
231 1597 252 1623 it
263 1596 402 1630 populum,
419 1600 450 1623 ut
464 1595 548 1622 altrra
565 1603 626 1629 pars
641 1594 732 1627 armis,
748 1595 833 1622 altera
847 1597 873 1630 ε

20 1642 149 1670 consilio
157 1640 353 1675 rempublicam
362 1646 396 1668 tu.
408 1646 492 1668 re:ur.
503 1640 676 1668 Contendant
684 1640 728 1667 alii
737 1639 835 1667 Maium

20 1687 162 1715 Mercurii
178 1691 294 1714 matrem
309 1686 379 1713 Maio
391 1694 490 1714 nomen
505 1686 620 1717 dedisse,
644 1685 706 1713 hinc
722 1687 839 1712 maxime

20 1733 187 1768 probantes
206 1733 272 1767 quia
293 1731 346 1759 hoc
367 1738 460 1759 mense
474 1735 640 1758 mercatores
652 1737 747 1758 omnes
763 1729 838 1756 Haic

19 1779 229 1812 Mercurioque
242 1778 342 1812 pariter
354 1772 554 1816 sacriﬁcabant.
567 1776 662 1804 Junius
676 1777 775 1804 mensis
793 1781 840 1804 aut

17 1831 53 1852 ut
78 1833 120 1853 ex
147 1829 224 1860 parte
244 1824 336 1859 populi
352 1824 393 1858 (ut
411 1823 539 1857 diximus)
562 1823 726 1857 nominatur,
738 1827 795 1857 aut,
812 1827 841 1850 ut

16 1871 39 1898 C
55 1871 152 1904 ngius
166 1870 328 1901 arbitratur.
343 1869 477 1908 Junonius
490 1869 560 1904 apud
573 1867 684 1895 Latinus
698 1871 778 1895 antra
794 1876 840 1895 vo-

16 1920 126 1946 cabat.
141 1926 165 1949 ι’,
186 1922 215 1945 et
236 1918 294 1946 haec
307 1918 453 1953 appellatio
467 1917 567 1945 mensis
579 1916 649 1952 apud
664 1916 782 1951 majores
794 1916 840 1942 diu

13 1964 204 1998 permansit.
218 1962 267 1990 sed
280 1962 386 1990 detritis
401 1962 559 1997 quibusdam
574 1968 666 1996 postea
681 1961 788 1992 litteris.
807 1968 841 1987 ex

13 2009 163 2036 Junanio
182 2009 272 2036 dictus
286 2013 329 2035 est
341 2008 446 2037 Junius.
466 2007 532 2035 Nam
547 2011 573 2035 et
587 2008 659 2035 mdes
671 2007 770 2035 Junoni
787 2007 842 2033 Ho-

12 2060 100 2083 ιιριε
114 2053 253 2082 Kalendis
265 2054 353 2082 Juniis
363 2054 458 2081 dicata:
468 2057 539 2081 sunt.
552 2053 639 2081 Julius
649 2053 749 2080 mensis
759 2051 842 2084 Quin-

12 2102 92 2131 trlis,
118 2099 204 2134 quod
220 2106 235 2126 ι
256 2106 370 2125 numero
382 2102 548 2133 sumpserat,
568 2098 649 2125 etiam
663 2101 724 2132 post
737 2104 844 2132 ιιι-ιι·ρο-

9 2147 95 2173 sitos
127 2143 234 2172 lanio
248 2143 318 2171 duos
332 2151 439 2171 menses
452 2143 581 2170 servavit.
602 2141 656 2170 Sed
676 2145 738 2177 post
752 2142 778 2169 in
795 2142 844 2169 ho—

11 2198 133 2219 norem
168 2188 232 2217 Julii
258 2188 375 2217 Ctesaris
400 2188 488 2216 Julius
514 2192 628 2215 vocatus
655 2192 696 2214 est
723 2187 842 2219 mensis,

863 297 989 320 octavum
1003 290 1142 318 remeabat
1154 287 1257 316 initium
1269 286 1461 314 Kalendarum.
1479 285 1531 313 Sel
1545 292 1606 312 cum
1621 285 1665 312 hic

864 345 1001 370 numerus,
1019 343 1107 371 neque
1120 335 1186 363 solis
1200 334 1303 367 cursui,
1329 340 1417 366 neque
1431 332 1580 359 rationibus
1596 331 1666 359 luna:

864 383 1033 414 conveniret,
1049 387 1243 414 nonnunquam
1259 387 1308 406 usu
1324 378 1450 405 vcn'ebat
1463 381 1493 404 ut
1505 377 1588 411 frigus
1601 377 1665 403 anni

865 428 966 456 aestivis
978 427 1125 458 mensibus,
1137 429 1164 452 et
1173 424 1232 459 ejus
1245 424 1321 451 calor
1329 423 1492 451 hiemalims
1501 422 1666 457 proveniret.

867 473 944 508 Quod
959 473 1003 501 ubi
1018 472 1175 506 contigisset
1192 474 1295 497 tantum
1306 469 1412 497 dierum
1427 469 1485 495 s‘nc
1501 468 1555 495 ullo
1568 468 1669 495 mensis

868 523 978 549 nomine
998 520 1172 555 patiebantur
1196 517 1319 547 absumi.
1344 520 1474 551 quantum
1499 515 1532 542 ad
1557 515 1582 542 id
1606 515 1669 541 anni

870 573 977 602 tempus
998 565 1145 593 adduceret
1166 562 1212 598 qui
1236 563 1297 591 cmli
1321 562 1429 589 habitus
1451 561 1479 587 in
1495 560 1562 588 tanti
1578 567 1670 587 mense

870 616 949 647 aptus
964 611 1138 639 inveniretur.

908 656 1040 689 lnterrog.
1060 654 1126 687 Quis
1147 658 1242 689 postea
1263 655 1436 686 augmentum
1457 650 1520 677 anni
1542 650 1672 677 addidit?

872 717 907 723 —
922 701 1001 737 Resp.
1014 700 1100 727 Numa
1113 703 1223 727 secutus
1233 697 1430 734 quinquaginta
1442 697 1500 724 dies
1513 695 1624 728 addidit,
1642 700 1673 722 ut

874 749 902 776 in
914 747 1043 775 trecentis
1068 745 1265 781 quinquaginta
1293 748 1412 778 qustuor
1443 743 1550 775 diebus,
1576 743 1673 777 quibus

875 793 1018 821 duodecim
1033 799 1140 819 menses
1156 791 1226 818 luna:
1253 797 1348 817 cursus
1368 787 1467 817 conﬁci
1486 788 1611 823 credidit,
1627 796 1674 816 an-

876 847 926 867 nus
940 837 1153 868 extenderctur;
1177 840 1259 870 atque
1279 835 1472 870 quinquaginta
1496 835 1592 862 diebus
1606 842 1621 861 a
1646 842 1676 862 se

878 884 986 915 additis.
998 883 1068 911 alios
1087 889 1136 910 sex
1162 886 1298 909 retractos
1322 881 1373 908 illis
1398 888 1446 908 sex
1463 880 1611 913 mensibus,
1627 880 1674 914 qui

842 927 866 955 Β
878 929 988 964 triginta
1004 928 1141 957 habebant
1161 927 1232 961 dies,
1256 926 1282 954 id
1296 930 1339 954 est
1354 926 1387 953 de
1413 925 1525 960 singulis
1546 925 1676 960 singulos.

878 975 1019 1010 factusque
1042 973 1248 1009 quinquaginta,
1274 979 1302 999 et
1316 980 1364 1000 se:
1381 972 1439 1000 dies
1462 972 1491 1005 in_
1509 972 1578 999 duos
1592 978 1679 998 novos

879 1028 987 1048 menses
1010 1019 1070 1055 pari
1097 1018 1206 1046 ratione
1225 1017 1337 1045 divisit:
1365 1016 1399 1044 de
1424 1016 1532 1044 duobus
1561 1016 1679 1051 priorem

878 1065 1034 1093 Ianuarium
1051 1064 1228 1099 nuncupavit,
1243 1063 1416 1099 primumque
1427 1063 1490 1089 anni
1506 1070 1567 1090 esse
1583 1062 1679 1093 voluit,

880 1116 1008 1146 tanquam
1023 1109 1142 1144 bicipitis
1163 1108 1237 1137 diem
1252 1116 1374 1136 mensem
1387 1108 1578 1143 respicientem
1594 1112 1681 1136 trans-

881 1158 947 1185 acti'
962 1156 1042 1184 tinem
1070 1155 1207 1190 futurique
1231 1155 1374 1190 principia.
1401 1154 1517 1187 Quidam
1541 1159 1680 1182 aulumam

881 1201 1040 1230 Ianuarium
1063 1204 1250 1235 nuncupatum
1272 1207 1355 1227 exeo
1368 1198 1442 1233 quod
1470 1199 1548 1226 limes
1561 1198 1681 1233 etjanua

882 1248 918 1275 sit
931 1248 1005 1274 anni.
1021 1245 1178 1273 Secundum
1193 1252 1317 1272 mensem
1333 1243 1419 1271 Numa
1440 1243 1545 1271 dicavit
1563 1243 1682 1278 Februo,

884 1293 910 1320 id
925 1296 967 1320 est
992 1291 1112 1326 Plutoni,
1127 1291 1174 1326 qui
1194 1290 1385 1319 lustrationum
1401 1297 1500 1325 parens
1514 1297 1575 1318 esse
1589 1290 1683 1318 crede-

884 1339 972 1365 batur.
988 1336 1167 1371 [maturique
1180 1343 1214 1364 eo
1228 1343 1323 1364 mense
1334 1336 1470 1363 civitatem
1486 1343 1597 1364 necesse
1612 1342 1681 1364 erat.

884 1382 971 1415 Quam
994 1380 1234 1415 consuetudinem,
1249 1380 1331 1408 modo
1357 1388 1435 1408 versa
1451 1381 1510 1408 vice
1534 1382 1560 1408 in
1576 1382 1683 1414 melius.

885 1426 1037 1455 Christiana
1050 1426 1146 1461 religio
1157 1426 1255 1453 eodem
1264 1426 1365 1453 mensis
1376 1425 1421 1453 die
1441 1429 1544 1453 servat.
1552 1425 1684 1454 .Universa

886 1472 963 1508 plebs
974 1479 1050 1499 sacra
1058 1471 1208 1499 ministeria
1217 1472 1303 1499 beata:
1310 1471 1400 1498 Maria:
1406 1470 1553 1498 oil’erentes
1564 1471 1685 1504 modula,

887 1525 949 1545 cum
965 1517 1121 1544 sacerdotes
1145 1516 1318 1550 ministrique
1346 1522 1441 1543 cereos
1455 1514 1481 1542 in
1506 1515 1629 1543 manibus
1643 1523 1674 1542 ar

887 1561 982 1588 dentes
992 1564 1108 1596 gestant.
1125 1559 1211 1587 Paulo
1225 1563 1288 1594 post
1296 1558 1382 1586 Numa
1397 1559 1424 1585 in
1437 1559 1569 1586 honorem
1579 1559 1686 1594 imparis

888 1606 993 1634 numeri
1003 1613 1085 1633 unum
1100 1605 1200 1640 adjecit
1214 1604 1296 1637 diem,
1316 1612 1396 1640 quem
1417 1603 1546 1631 Januario
1561 1603 1644 1635 ded.t.
1660 1609 1687 1631 ut

890 1659 944 1680 tam
960 1652 986 1679 in
1006 1659 1079 1678 anno
1099 1658 1182 1685 quam
1211 1650 1239 1677 in
1268 1650 1407 1687 mensibus
1434 1650 1567 1684 singulis,
1592 1655 1688 1686 praeui:

890 1706 973 1725 unum
989 1698 1166 1725 Februarium
1180 1697 1268 1732 impar
1282 1704 1411 1724 numerus
1434 1701 1599 1728 servaretur,
1611 1698 1688 1731 quasi

891 1744 992 1771 inferos
1005 1748 1034 1772 et
1044 1743 1218 1771 diminutioni
1233 1738 1322 1778 impar
1336 1750 1465 1770 numerus
1479 1743 1647 1770 conveniret.

928 1789 1060 1824 Interrog.
1082 1790 1148 1822 Quis
1171 1789 1274 1823 primus
1301 1788 1459 1814 Latinorum
1484 1788 1518 1814 ad
1545 1795 1686 1814 numerum

892 1835 956 1862 solis
970 1842 1071 1861 annum
1093 1834 1231 1860 instituit?
1242 1847 1278 1853 ——
1294 1832 1373 1867 Resp.
1389 1832 1470 1859 Caius
1483 1833 1568 1859 Julius
1587 1832 1689 1865 Cicsar,

893 1879 1013 1905 imitatus
1028 1877 1173 1914 Egy’ptios
1186 1877 1221 1905 ad
1248 1885 1390 1904 numerum
1411 1877 1477 1904 solis
1493 1885 1604 1909 annum,
1620 1878 1691 1904 sient

893 1924 974 1951 hodie
984 1928 1122 1955 servatur,
1138 1923 1271 1955 instituit;
1283 1924 1378 1950 decem
1391 1922 1519 1950 videlicet
1529 1923 1586 1950 dies
1598 1923 1692 1950 obser-

893 1972 997 1996 vauoni
1021 1970 1109 1996 veteri
1142 1967 1368 2003 superadjiciens,
1394 1972 1424 1995 ut
1445 1975 1548 1995 annum
1577 1969 1691 1996 trecenti

893 2010 1039 2050 sexaginta
1062 2007 1184 2049 quinque
1206 2013 1275 2044 dies.
1291 2013 1390 2047 quibus
1412 2013 1469 2047 ipse
1494 2013 1634 2041 zodiacum
1652 2014 1693 2040 Ιιι-

894 2064 973 2092 strat,
987 2059 1143 2087 efﬁcerent.

932 2105 1063 2140 lulerrog.
1089 2104 1157 2137 Quis
1171 2104 1275 2138 primus
1299 2111 1394 2131 eorum
1414 2103 1593 2139 quadrantem
1619 2111 1691 2131 anim

897 2150 1035 2185 imposuit,
1065 2149 1106 2184 vel
1125 2149 1171 2187 qui
1194 2149 1306 2177 bissexti
1328 2156 1427 2176 nomen
1451 2149 1596 2176 dedit?—
1610 2149 1690 2184 Resp.

896 2196 957 2230 ipse
971 2195 1114 2230 pnudictus
1129 2195 1232 2226 Cmsar,
1244 2201 1278 2221 ne
1302 2193 1441 2228 quadrans
1461 2193 1578 2224 deesset.
1596 2195 1694 2222 statuit

8 2239 174 2272 quartum
203 2233 268 2262 ldus
293 2234 420 2267 Quintilis
447 2238 604 2268 procreatus
636 2233 679 2260 sit.
711 2236 817 2266 Augusti

902 2246 928 2269 ιιι
937 2245 1035 2275 quarto
1046 2248 1117 2268 anno
1128 2240 1286 2268 sacerdotes
1297 2239 1343 2273 qui
1354 2239 1491 2266 curabant
1507 2240 1645 2267 mensibus
1660 2248 1692 2267 ac

8 2282 139 2310 metuis
156 2279 273 2309 Sextilis
281 2285 360 2307 antea
370 2281 528 2312 vocabatur.
541 2280 628 2308 donec
637 2280 723 2307 honor
733 2282 817 2314 Augus

902 2286 993 2314 diebus
1013 2293 1095 2312 unum
1122 2284 1316 2312 intercalarent
1330 2283 1412 2311 diem.
1427 2282 1467 2310 Eo
1479 2284 1582 2311 scilicet
1599 2291 1694 2311 mensa

8 2329 50 2368 da
55 2331 156 2354 retur
172 2332 209 2352 ex
223 2325 469 2352 senatusconsulto.
485 2324 525 2352 Eo
538 2326 611 2360 quod
630 2326 687 2360 ipse
701 2325 717 2352 d
730 2332 745 2352 θ
758 2326 817 2359 prin

902 2338 931 2358 ac
944 2331 1005 2357 loco
1019 2336 1074 2364 quo
1097 2333 1126 2356 et
1144 2328 1216 2363 apud
1233 2334 1339 2355 veteres
1354 2327 1454 2354 mensis
1470 2327 1694 2359 intercalabatnr,

8 2374 107 2407 hujus
123 2369 253 2404 mensis,
269 2369 416 2397 Antonium
433 2375 461 2397 et
474 2371 646 2405 Cleopatram
660 2378 817 2404 super-aven

902 2376 925 2403 id
939 2379 982 2403 est
996 2379 1060 2402 ante
1084 2374 1203 2409 quinque
1217 2373 1327 2400 ultimos
1353 2371 1455 2399 mensis
1472 2371 1611 2399 Februarii
1625 2373 1693 2405 dies.

8 2425 38 2444 ει
62 2416 242 2452 imperium
261 2414 354 2450 populi
374 2415 487 2442 Romani
509 2414 671 2442 ﬁrmaverat.
687 2415 817 2450 Septemb

902 2421 981 2454 idque
995 2420 1144 2447 bissextum
1159 2418 1269 2446 censuit
1284 2417 1489 2445 nominandum.
1509 2419 1587 2445 Omni
1602 2423 1694 2447 autem

8 2462 156 2493 πυραμὶς,
177 2460 313 2492 October.
328 2460 480 2488 Hovember
498 2465 525 2488 et
539 2461 696 2493 December,
713 2461 848 2496 principa-
901 2463 1102 2492 intercalatiOni
1117 2462 1218 2490 mensis
1232 2462 1374 2490 Februarii
1389 2462 1536 2497 deputatus
1560 2468 1610 2496 est.
1626 2472 1696 2499 quo-

8 2510 71 2536 lem
90 2506 148 2535 sui
168 2504 295 2532 retinent
308 2505 528 2540 appellationem,
544 2505 726 2541 signiﬁcantes
741 2511 849 2534 nomine

8 2553 100 2589 quod
119 2559 143 2579 ι
162 2557 257 2578 verno
271 2556 375 2582 mense,
395 2548 420 2577 id
432 2554 475 2578 est
490 2551 596 2584 Martio,
616 2551 659 2578 vel
673 2551 735 2585 quis
751 2551 851 2579 inbres

8 2610 34 2627 ιη
54 2600 110 2628 ei
139 2597 325 2626 inuocauit.
340 2595 405 2623 ΗΜ
418 2594 526 2624 Romuli
547 2595 596 2623 t‘uit
616 2603 704 2624 annua
726 2597 850 2625 ordinata

8 2642 196 2675 “mg-ia,
215 2640 261 2675 qui
274 2647 374 2668 unum
392 2640 485 2668 decem
508 2641 651 2673 mensium,
665 2641 769 2669 dierum
784 2649 851 2669 vero

8 2688 240 2716 ,τω-
261 2689 290 2711 et
311 2689 440 2719 quatuor,
458 2684 610 2712 habendum
625 2691 685 2712 esse
698 2686 850 2718 constituit.

8 2737 217 2767 tum
237 2730 274 2758 ita
287 2730 420 2765 disposuit
434 2736 464 2758 ut
477 2736 594 2765 quatuor
607 2738 641 2759 ex
660 2730 712 2762 bis.
727 2730 850 2765 Martius.

8 2781 126 2810 καί..
137 2774 302 2812 Quintilis,
315 2774 442 2806 October,
456 2777 573 2803 tricenos
582 2775 712 2810 singulos,
726 2783 772 2803 sex
786 2783 851 2804 vero

8 2825 130 2862 mimi
154 2821 294 2851 trior-us
315 2821 416 2848 habent
436 2821 512 2854 dies,
536 2823 582 2857 qui
608 2821 687 2849 hodie
708 2822 852 2856 quintana!

8 2874 131 2902 ηδε-ι
147 2872 271 2900 nona,
294 2867 386 2894 ceteri
401 2867 565 2902 septimanos
578 2871 670 2894 autem
691 2866 853 2895 habentibus

8 2922 44 2976 ᾖ
56 2916 187 2949 β
206 2911 560 2976 mutii-Edenda
571 2910 605 2940 ad
617 2910 690 2941 diem
704 2911 852 2942 decimum-

14 2957 44 2976 ⁷³⁵
239 2957 378 2993 Panos.
391 2959 418 2990 Χ
424 2960 446 2991 C
455 2983 458 2986 .

900 2508 983 2535 modo
997 2507 1019 2534 si
1043 2507 1155 2534 ultimus
1181 2507 1329 2538 annierat.
1345 2507 1417 2540 quol
1442 2507 1526 2534 etiam
1554 2508 1640 2541 ipsum
1664 2508 1698 2536 de

898 2552 1058 2580 Graecorum
1087 2550 1240 2579 imitatione
1267 2550 1413 2578 faciebant.
1442 2550 1509 2577 Nam
1540 2551 1577 2578 illi
1603 2552 1697 2578 ultimo

901 2599 965 2625 anni
977 2598 1020 2625 sui
1034 2603 1128 2624 mense
1138 2595 1293 2630 superﬂuos
1307 2595 1508 2624 interserebant
1521 2597 1589 2623 dies.
1600 2596 1696 2624 Verum

901 2649 956 2669 una
964 2648 994 2669 re
1005 2648 1021 2668 a
1034 2640 1313 2668 Gmeiadillerebant.
1327 2639 1395 2668 Nam
1409 2641 1448 2668 lHl
1460 2642 1588 2668 confecto
1600 2642 1694 2669 ultimo

901 2694 1007 2721 mense,
1024 2686 1139 2714 Romani
1153 2686 1181 2713 in
1194 2686 1321 2714 confecto
1335 2685 1487 2715 Februarii.
1500 2686 1547 2713 sed
1564 2693 1613 2721 per
1623 2688 1697 2722 vige-

902 2734 1001 2761 simum
1014 2737 1043 2759 et
1059 2732 1168 2759 tertium
1185 2732 1257 2758 diem
1267 2730 1327 2764 ejus
1342 2730 1556 2763 intercalabant,
1574 2733 1693 2760 tormina

904 2779 975 2806 libus
990 2777 1095 2805 scilicet
1106 2778 1162 2811 jam
1178 2775 1307 2810 peractis,
1316 2774 1415 2803 deinde
1427 2775 1547 2809 reliquos
1558 2776 1697 2805 Februarii

904 2823 1016 2855 mensis,
1030 2822 1076 2856 qui
1097 2824 1156 2849 erat
1168 2819 1280 2854 quintus
1301 2823 1363 2853 post
1381 2818 1615 2848 intercalatioaem
1632 2822 1697 2849 sub-

903 2868 1063 2904 iungebat.
1089 2864 1179 2893 Credo
1211 2864 1299 2892 veteri
1333 2863 1457 2898 relkioui
1490 2871 1541 2892 suo
1568 2873 1644 2895 more
1668 2870 1698 2895 ut

903 2912 1083 2942 Februarium
1096 2910 1207 2942 omnino
1221 2909 1334 2940 lsrtius
1344 2915 1515 2947 sequeretur.

1522 2958 1558 2988 19
