3842 6242
486 359 583 413 5ὃῖ

983 349 1181 402 ΒΕῐδᾹί
1229 346 1676 401 νιεικιίκλιιιιλε
1716 345 1997 400 OPERUM
2038 344 2102 398 PA

2256 344 2293 399 l.
2336 374 2405 384 -
2448 343 2891 399 DIDASCALICA
2934 341 3259 399 GENUINA.
3648 338 3725 395 538

564 459 1010 532 lnterrog.Quare
1031 470 1180 513 sexto
1204 457 1469 511 Kalendas
1486 457 1659 510 Martii
1686 454 2071 510 inlercalatur?
2106 470 2148 526 Α
2178 453 2286 507 hris
2327 467 2480 507 suum
2531 451 2785 505 inchoant
2826 464 3064 503 annum:
3110 448 3369 503 Kalendae
3429 450 3725 512 vocationes,

510 587 560 597 —
590 554 742 621 llesp.
794 552 872 605 0b
932 552 1035 605 hoc
1090 563 1269 603 autem
1318 548 1544 603 bissexti
1590 548 1733 602 diem
1780 546 1832 600 iu
1888 560 2075 599 mense

490 645 784 701 Februario
816 643 1015 711 placuit
1043 628 1366 695 intercalare
1393 638 1673 701 Romanis,
1696 636 1822 705 quia
1843 634 1931 689 hic
1951 636 2074 689 bre-

497 736 613 788 vior
640 732 868 796 caeteris,
900 740 953 783 et
982 736 1257 784 extremus
1295 728 1421 781 anni
1471 726 1671 781 mensis
1713 732 1851 778 erat.
1878 723 2074 777 Verum

497 826 618 879 ideo
647 822 882 877 nondum
915 820 1131 890 expleto
1153 834 1246 884 eo,
1271 816 1726 887 quemadmodum
1756 813 1995 884 Egyptii
2021 820 2077 865 et

499 916 669 972 Graeci
715 915 781 969 de
808 928 968 969 cursu
1012 912 1178 967 totius
1207 910 1409 965 circulo
1469 908 1650 963 facere
1702 906 1975 968 volebant,
2009 915 2077 955 ne

498 1008 718 1063 omnino
746 1005 924 1059 decisa
958 1019 1051 1057 sua
1085 1004 1202 1072 lege
1228 1002 1421 1065 veteri,
1480 1001 1688 1053 initium
1720 987 2079 1051 Martii-men-

494 1102 569 1154 sis
595 1114 623 1151 a
674 1094 952 1151 Februarii
984 1095 1087 1146 ﬁne
1114 1092 1482 1159 sejungerent.
1540 1090 1666 1144 Ideo
1696 1105 1806 1143 non
1863 1095 2077 1142 sextum

496 1187 849 1241 Kalendarum
882 1184 1191 1237 Martiarum
1220 1182 1385 1247 diem,
1412 1182 1538 1249 quia
1568 1180 1736 1233 Deum
1767 1176 2078 1230 Terminum

496 1277 754 1338 colentes,
802 1272 1131 1327 Terminalia
1190 1285 1343 1324 saera
1408 1284 1527 1337 qua:
1594 1268 1854 1336 vigesimo
1921 1265 2080 1318 tertio

498 1366 697 1419 menSis
719 1363 953 1433 ejusdem
982 1362 1068 1415 die
1109 1360 1275 1413 semei
1308 1359 1640 1422 instituerat,
1669 1358 1722 1410 iu
1754 1356 1916 1408 aliam
1939 1352 2082 1407 diem

500 1464 706 1508 mutare
733 1468 956 1521 prorsus
1015 1466 1121 1503 non
1172 1449 1510 1503 dubitabant.
1543 1447 1655 1521 Sed
1683 1446 1763 1498 his
1804 1447 1906 1498 rite
1942 1442 2083 1497 cele-

501 1545 665 1598 bratis
692 1517 850 1595 unum
880 1538 1200 1609 qua-lrantis
1228 1539 1368 1591 diem
1406 1517 1847 1604 interponebat“.

1133 1696 1263 1750 CAP.
1310 1692 1440 1746 VIII.

2180 542 2345 596 Name
2368 555 2505 596 nova
2533 540 2864 604 observatio,
2892 537 3015 595 Idus
3045 538 3241 595 divisio
3279 540 3675 610 interpretatur.

2358 714 2487 769 Car.
2534 712 2623 767 IX.
2654 711 2815 767 —De
2838 721 3058 784 quatuor
3093 710 3407 782 temporibus
3438 711 3581 765 enni.

2252 825 2515 894 lnterrog.
2536 822 2678 889 Quot
2704 830 2831 878 sunt
2859 832 3107 893 tempora
3135 822 3297 877 anui?
3326 850 3397 863 —
3432 821 3588 891 Resp.
3617 820 3729 887 Qua-

2185 930 2327 987 tuor,
2357 921 2551 992 quibus
2582 920 2663 974 sol
2703 933 2803 989 per
2831 926 3074 987 tempora
3106 916 3255 981 anni,
3284 915 3412 971 cmli
3444 913 3611 983 spatia
3645 912 3727 967 di’r

2182 1012 2449 1067 currendo
2472 1010 2773 1080 subjectum
2801 1016 3069 1077 temperat
3088 1006 3297 1061 Orbem.

2257 1104 2514 1168 luterrog.
2578 1097 2858 1167 Quomodo
2906 1097 3096 1152 orbem
3156 1088 3462 1164 temperat.
3496 1121 3565 1133 —
3602 1089 3727 1160 Resp.

2187 1194 2369 1246 Iliems
2390 1192 2531 1245 enim
2554 1199 2615 1245 ut
2658 1198 2785 1259 puta
2816 1190 3027 1258 longius
3054 1187 3171 1243 sole
3198 1195 3410 1241 remoto
3446 1183 3652 1252 frigidus
3671 1191 3732 1236 est

2186 1289 2240 1335 et
2264 1280 2543 1334 humidus.
2571 1279 2676 1332 Ver
2699 1278 2792 1332 illo
2812 1292 2977 1346 super
3001 1285 3176 1331 terras
3202 1277 3470 1331 redeunte
3497 1273 3731 1327 humidum

2186 1382 2239 1426 et
2280 1372 2536 1426 calidum.
2580 1369 2767 1424 Estas
2816 1370 2907 1425 illo
2945 1370 3178 1438 desuper
3225 1367 3475 1422 fervente
3519 1366 3733 1420 calidatt

2186 1463 2353 1517 sicca.
2385 1463 2692 1516 Autumnus
2721 1458 2814 1514 illo
2839 1460 2905 1513 ad
2937 1455 3188 1513 inferiora
3211 1458 3501 1512 decidente
3528 1456 3679 1510 siccus
3694 1464 3733 1506 ct

2191 1551 2431 1620 frigidus.
2468 1549 2563 1604 His
2592 1549 2755 1617 igitur
2784 1548 3217 1618 amplexantibus
3244 1562 3304 1602 se
3332 1546 3592 1613 invicem,
3628 1558 3735 1597 cun-

2190 1651 2276 1696 cta
2308 1642 2455 1696 orbis
2509 1640 2685 1710 spatia
2716 1653 2835 1709 qua:
2859 1638 3003 1693 circa
3026 1652 3087 1691 se
3116 1637 3494 1702 moderantur,
3524 1634 3660 1689 ﬁunt.

2264 1730 2530 1800 lnlerrog.
2544 1728 2688 1795 Quot
2709 1735 2836 1782 sunt
2862 1728 3131 1783 elementa
3153 1726 3479 1797 principalia
3498 1723 3735 1792 I—Resp.

578 1816 834 1887 lnterrog.
882 1814 958 1869 De
1011 1812 1280 1875 Calendis,
1320 1808 1489 1863 Nonis
1535 1814 1591 1861 et
1634 1804 1833 1870 Idibus,
1855 1816 1987 1871 rogo
2030 1808 2088 1854 ut
2119 1818 2164 1879 Β
2195 1819 2461 1885 Quatuor.

506 1909 768 1963 edisseras
793 1906 965 1960 nobis.
988 1937 1063 1953 -
1084 1902 1241 1971 Resp.
1271 1899 1465 1954 Priscis
1489 1898 1824 1967 temporibus
1848 1891 2088 1963 pontifici

508 2000 699 2053 minori
729 1999 841 2053 hrec
868 1995 1198 2068 providentia
1242 1992 1717 2067 delegabatur,1ut
1769 2000 1921 2041 novae
1950 1985 2090 2038 luna:

508 2091 733 2158 primum
759 2088 1072 2143 observaret
1098 2091 1403 2153 aspectum,
1428 2080 1712 2147 visumque
1758 2076 1872 2143 regi
1927 2074 2091 2129 saeti-

510 2183 671 2235 ﬁculo
697 2180 983 2233 nuntiaret.
1016 2176 1204 2243 Itaque
1244 2173 1512 2227 sacriﬁcio
1544 2186 1573 2224 a
1620 2183 1749 2237 rege
1802 2176 1856 2220 et
1886 2166 2093 2219 minore

509 2277 762 2349 pontiﬁce
801 2274 1094 2336 celebrato,
1127 2271 1267 2326 idem
1306 2264 1548 2340 pontifex
1576 2265 1771 2326 calata.
1806 2263 1858 2316 id
1888 2270 1971 2316 est
2000 2274 2094 2314 vo-

509 2378 654 2435 cata,
687 2370 737 2421 iu
779 2365 1102 2434 Capitolium
1134 2362 1292 2431 plebe
1341 2360 1492 2428 juxta
1524 2358 1729 2411 curiam
1784 2351 2095 2415 Calabram,

510 2474 628 2529 qua:
659 2474 795 2513 casa:
828 2453 1037 2509 Romuli
1068 2452 1312 2523 proxima
1343 2456 1449 2515 est,
1479 2455 1613 2518 quot
1664 2458 1891 2498 numero
1920 2442 2034 2495 dies
2064 2457 2095 2494 a

512 2528 764 2603 Kalendis
781 2546 847 2599 ad
866 2528 1054 2599 Nonas
1070 2534 1835 2612 superessentpronuntiabat,
1860 2539 1915 2585 et
1937 2531 2096 2597 quin-

516 2652 669 2695 tauas
698 2638 915 2707 quidem
950 2636 1095 2690 dicto
1144 2631 1430 2702 quinquies
1476 2626 1643 2682 verbo
1675 2624 1811 2689 calo,
1842 2622 2097 2690 septima-

514 2748 613 2786 nas
635 2730 884 2799 repetito,
910 2725 1111 2794 septies
1141 2720 1492 2793 praedicabat.

587 2820 843 2887 Interrog.
865 2816 1099 2871 Verbum
1125 2814 1240 2868 calo
1262 2812 1390 2881 quid
1409 2807 1833 2877 interpretatur?
1849 2813 1917 2847 —‘-
1942 2803 2096 2873 Resp.

515 2910 747 2966 Verbum
806 2907 917 2960 calo
964 2903 1168 2969 Graace,
1228 2902 1285 2956 in
1340 2900 1586 2954 Latinum
1644 2904 1804 2951 sonat
1832 2910 1975 2949 voco.
2037 2892 2105 2945 Et

515 3001 659 3054 hunc
687 2997 826 3051 diem
858 2994 948 3064 qui
996 3008 1064 3048 ex
1089 2992 1173 3045 his
1202 2989 1395 3045 diebus
1426 2988 1518 3057 qui
1545 2987 1858 3042 calarentur
1898 2983 2105 3054 primus

517 3097 680 3151 esset,
706 3086 903 3155 placuit
932 3080 1204 3135 Kalendas
1230 3078 1437 3133 vocari.
1469 3077 1605 3131 llinc
1639 3084 1695 3130 et
1721 3076 1821 3145 ipsi
1850 3075 2012 3129 curiae
2038 3072 2102 3127 ad

517 3192 678 3245 quam
718 3173 1004 3239 vocabant,
1048 3170 1325 3225 calabrum
1366 3180 1563 3221 nomen
1606 3166 1810 3229 datum,
1840 3172 1895 3217 et
1941 3164 2098 3218 classi
2127 3171 2174 3233 ε
2204 3182 2328 3221 vum
2374 3165 2560 3221 Iduum
2607 3168 2915 3235 Novemb.;

520 3265 668 3335 quod
696 3263 871 3319 omnis
901 3262 954 3316 in
985 3276 1105 3316 eam
1148 3267 1439 3314 vocaretur
1464 3255 1718 3326 pepulus.
1746 3253 1875 3307 Ideo
1921 3260 2102 3307 autem

519 3356 695 3411 omnis
724 3353 961 3425 pontifex
995 3365 1273 3407 numerum
1302 3349 1532 3411 dierum,
1569 3347 1658 3416 qui
1693 3344 1760 3398 ad
1813 3343 1993 3397 Nonas
2016 3357 2106 3397 su-

519 3454 797 3517 peressent
818 3443 1046 3499 calando
1075 3440 1361 3510 prodebat.
1389 3435 1524 3502 Quia
1552 3443 1675 3505 post
1704 3448 1902 3489 nonam
1926 3434 2103 3486 lunam

523 3534 808 3602 oportebat
834 3529 1106 3584 Nonarum
1136 3526 1223 3581 die
1250 3524 1539 3595 populares
1559 3522 1651 3592 qui
1683 3524 1733 3576 in
1758 3522 1901 3588 agris
1925 3527 2108 3574 essent

522 3622 797 3679 confluere
844 3622 895 3674 in
926 3620 1134 3684 urbem,
1184 3623 1505 3685 accepturos
1552 3628 1743 3669 causas
1787 3611 2041 3665 feriarum
2073 3626 2103 3663 a

522 3727 650 3781 rege
671 3724 972 3774 sacrorum,
1005 3708 1347 3773 sciturosque
1370 3704 1501 3773 quid
1528 3711 1674 3758 esset
1712 3690 1999 3757 eo'ménse
2028 3700 2110 3754 fa-

526 3802 795 3857 ciendum.
828 3797 982 3853 Unde
1010 3796 1229 3867 quidam
1255 3794 1380 3848 hinc
1409 3794 1724 3848 existimant
1753 3792 1927 3845 dictas
1952 3792 2109 3859 quasi

527 3908 681 3947 novat
704 3892 912 3945 initium
952 3884 1369 3950 observationis,
1399 3885 1485 3939 vel
1509 3884 1631 3954 quia
1662 3884 1730 3938 ab
1758 3898 1825 3939 eo
1854 3884 1942 3938 die
1968 3898 2111 3937 sem-

532 3997 628 4051 per
653 3981 717 4035 ad
742 3980 863 4033 Idus
893 3992 1084 4032 novem
1115 3976 1230 4030 dies
1256 3983 1593 4045 putarentur.

612 4072 868 4141 lnterrog.
899 4068 1024 4123 Idus
1055 4068 1196 4122 unde
1239 4068 1395 4121 dictae
1439 4068 1610 4120 sunt?
1636 4097 1707 4108 -—
1738 4065 1893 4136 Resp.
1940 4066 2111 4120 Porro

534 4166 658 4218 ldus
686 4161 867 4217 vocari
902 4159 1106 4230 placuit
1132 4157 1275 4211 diem
1303 4156 1393 4224 qui
1423 4155 1603 4211 divisit
1632 4170 1893 4209 mensem.
1921 4154 2113 4209 lduare

533 4258 673 4310 enim
705 4263 759 4306 et
781 4251 980 4305 rustica
1009 4249 1189 4317 lingua
1219 4247 1457 4302 dividere
1476 4255 1580 4311 est,
1609 4246 1751 4300 unde
1772 4246 1933 4299 vidua
1962 4246 2115 4315 quasi

533 4346 687 4398 valde
720 4341 908 4395 divisa.
946 4337 1231 4393 Nonnullis
1262 4337 1440 4406 placet
1474 4335 1597 4389 Idus
1640 4334 1813 4387 dictas
1854 4334 2117 4388 vocabulo

534 4437 719 4489 (li-.cco
749 4446 778 4484 a
802 4429 1002 4497 specie,
1033 4428 1158 4495 quia
1198 4426 1337 4494 apud
1373 4426 1495 4479 illos
1536 4425 1653 4478 idea
1680 4433 1935 4489 vocatur,
1972 4423 2119 4493 quod

536 4540 597 4578 ea
628 4522 713 4577 die
742 4520 951 4590 plenam
975 4516 1212 4586 speciem
1239 4515 1595 4569 demonstret.

610 4614 866 4680 lnterrog.
912 4608 1136 4679 Quando
1190 4608 1242 4661 in
1290 4606 1569 4675 Scriptura
1609 4613 1797 4661 sancta
1845 4603 2119 4660 Kalendas

532 4706 782 4772 legimus,
812 4699 1084 4769 quomodo
1110 4696 1515 4763 intelligendum
1533 4697 1660 4751 est?
1682 4727 1754 4737 —
1778 4694 1934 4765 Resp.
1967 4694 2115 4761 Quo-

540 4795 639 4846 ties
661 4794 711 4844 in
737 4790 1008 4858 Scriptura
1037 4801 1187 4841 sacra
1216 4782 1483 4838 Kalendas
1522 4784 1776 4852 legimus,
1813 4782 1943 4838 nihil
1975 4783 2119 4836 aliud

536 4878 938 4946 intelligendum
982 4884 1063 4927 est
1101 4889 1263 4942 quam
1303 4882 1480 4927 ortum
1513 4888 1709 4928 novum
1754 4873 1917 4927 Iunm.
1956 4868 2119 4926 Juxta

2272 1908 2541 1978 Interrog.
2575 1907 2819 1974 Qualiter
2838 1906 3268 1975 distinguuntur?
3289 1935 3361 1948 —
3384 1903 3543 1975 Resp.
3575 1902 3736 1962 Prima.

2197 2010 2344 2056 terra
2374 2014 2610 2069 namque
2652 1998 2795 2053 sicca
2826 2005 2881 2052 et
2911 1995 3122 2065 frigida.
3154 1994 3425 2059 Secunda,
3459 2009 3592 2062 aqua
3619 1993 3733 2059 frigi-

2194 2092 2261 2145 da
2299 2099 2355 2146 et
2379 2088 2621 2144 humida.
2645 2087 2849 2153 Tertia,
2876 2103 2969 2143 aer
2989 2086 3243 2141 humidus
3267 2095 3323 2141 et
3349 2084 3577 2140 calidus.
3602 2084 3739 2149 Quar-

2195 2192 2272 2247 ta,
2305 2182 2445 2251 ignis
2472 2181 2682 2235 calidus
2717 2186 2774 2234 et
2801 2178 2997 2234 siccus.
3045 2177 3284 2248 Ideoque
3331 2177 3455 2232 hac
3498 2184 3737 2231 autumno.

2196 2274 2283 2327 illa
2315 2272 2501 2337 hiemi,
2544 2271 2649 2327 iste
2673 2270 2805 2334 veri,
2841 2269 2933 2324 ille
2960 2276 3308 2339 comparatur
3335 2266 3535 2321 testati.

2273 2363 2537 2434 lnterrag.
2581 2360 2865 2429 Quomodo
2895 2360 3012 2414 hmo
3057 2369 3302 2429 tempora
3360 2357 3742 2412 initiaqu?—

2201 2455 2358 2526 Resp.
2410 2455 2527 2510 Non
2556 2469 2588 2508 α
2641 2453 2921 2523 principiis
2966 2452 3232 2506 mensium
3263 2449 3561 2511 initiantur,
3606 2447 3686 2503 sed
3720 2464 3741 2496 α

2200 2545 2415 2601 mediis.
2449 2544 2559 2598 Sed
2586 2553 2641 2597 et
2675 2544 2872 2598 diversi
2902 2543 3117 2597 diverse
3147 2548 3379 2611 ponunt.
3434 2539 3657 2596 Isidorus
3675 2554 3745 2590 au-

2203 2646 2310 2689 tem
2366 2635 2691 2704 llispalensis
2735 2635 3048 2703 episcopus,
3075 2633 3310 2688 hiemem
3359 2647 3511 2687 nono
3557 2628 3741 2684 Kalend.

2203 2723 2499 2788 Decemb.;
2548 2738 2644 2777 ver
2707 2732 2902 2777 octavo
2950 2721 3179 2778 Kalend.
3235 2721 3468 2777 Martiis.
3518 2718 3746 2775 Esmun

2207 2822 2404 2864 octavo
2432 2808 2660 2863 Kalend.
2718 2809 2900 2875 Junii;
2931 2822 3252 2864 autumnum
3287 2810 3509 2865 decimo
3561 2807 3746 2863 Kalend.

2203 2897 2539 2967 Septembris
2566 2897 2704 2953 dixit
2731 2908 3002 2953 exortum.
3036 2896 3142 2952 C'a
3238 2906 3421 2953 autem
3452 2908 3512 2954 et
3539 2896 3749 2955 Romani.

2205 3002 2437 3056 quorum
2493 2987 2548 3041 in
2600 2986 2969 3055 hujuscemodi
3028 2976 3341 3057 disciplinis'
3392 2989 3576 3057 potius
3621 2999 3749 3055 quam

2207 3078 2563 3148 Hispanorum
2585 3079 2879 3133 auctoritas
2895 3080 3048 3147 sequi
3065 3077 3365 3145 consuevit,
3383 3079 3617 3134 hiemem
3633 3086 3751 3132 neta-

2900 3185 2916 3235 ;
2955 3184 3052 3222 ver
3101 3168 3392 3238 scptimum
3446 3168 3630 3223 Iduum
3675 3165 3753 3220 Fe-

2207 3258 2440 3321 bruarii;
2466 3267 2710 3314 a'statem
2731 3258 3018 3328 septimum
3058 3257 3245 3311 Iduum
3276 3256 3435 3324 Maii;
3479 3266 3753 3311 summm

2207 3351 2497 3417 septimum
2534 3349 2722 3405 Iduum
2765 3352 2990 3420 Augusti
3033 3351 3289 3406 inchoare
3316 3350 3634 3406 decernunt.
3657 3346 3757 3402 Ilie-
3796 3386 3799 3387 ν

2208 3441 2312 3493 mis
2331 3440 2581 3495 videlicet
2595 3450 2650 3494 et
2670 3443 2874 3497 aestatis
2896 3441 3047 3496 initia
3069 3441 3381 3510 vespertino
3400 3442 3487 3496 vel
3510 3438 3756 3499 matutina.

2209 3526 2562 3596 Vergiliarum
2589 3538 2713 3583 ortu
2739 3518 3051 3599 occasuque
3082 3531 3383 3599 signantes.
3414 3527 3549 3584 Item
3578 3527 3760 3583 veriset

2210 3614 2452 3668 autumni
2472 3630 2595 3669 cum
2618 3613 2862 3670 Pleiades
2876 3618 3052 3671 medio
3078 3616 3193 3671 fere
3210 3617 3299 3671 die
3322 3616 3410 3673 vel
3431 3626 3594 3673 nocte
3610 3613 3760 3671 arius-

2214 3711 2298 3757 tur
2321 3711 2377 3757 et
2403 3703 2679 3771 occidunt,
2694 3712 2959 3774 ponentes
2974 3704 3298 3773 ingressum.
3325 3704 3762 3775 Deitiqueinlibris
3786 3718 3797 3723 ·

2213 3790 2780 3864 cosmograpbieorum
2830 3796 3155 3850 authenticis
3199 3810 3264 3851 ac
3311 3796 3674 3859 nobilissimis.
3706 3794 3759 3848 ita

2213 3880 2408 3939 eadem
2426 3893 2669 3955 tempora
2698 3884 2763 3939 ad
2787 3884 2982 3940 lineam
3017 3886 3324 3941 distinctam
3352 3888 3663 3958 reperimus,
3686 3886 3761 3939 sd-

2215 3984 2404 4030 notato
2431 3982 2487 4031 et
2500 3986 2623 4031 ortu
2651 3975 3024 4045 Vergiliarum,
3046 3979 3280 4047 septimo
3309 3978 3503 4033 Iduum
3533 3978 3665 4042 laii,
3690 3990 3761 4030 oe-

2216 4078 2347 4118 casu
2371 4077 2587 4132 quoque
2608 4064 2941 4130 earumdem,
2968 4066 3198 4135 septimo
3226 4064 3419 4120 Iduum
3443 4065 3691 4122 Novemb.
3715 4060 3763 4115 Et

2218 4150 2419 4206 Plinius
2451 4152 2729 4207 Secundus
2768 4153 2821 4208 iu
2876 4153 3015 4209 libro
3063 4169 3165 4209 suo
3218 4154 3497 4211 Naturalis
3560 4153 3763 4210 Historia

2220 4240 2412 4295 eodem
2443 4241 2609 4296 modo
2635 4242 3010 4311 distinguenda
3033 4244 3314 4311 judicavit.

2293 4330 2558 4402 Interrog.
2588 4332 2771 4397 Quare
2814 4334 2898 4387 bis
2922 4335 3234 4390 nominibus
3262 4336 3381 4391 haec
3407 4347 3638 4406 quatuor
3657 4343 3763 4389 ten-

2221 4435 2353 4491 pora
2394 4421 2697 4477 vocitantur
2715 4424 2741 4476 ἲ
2764 4452 2835 4465 -—
2859 4423 3019 4495 Resp.
3051 4424 3161 4481 Ver
3203 4435 3392 4482 autem
3438 4430 3661 4484 vocatur
3690 4420 3763 4483 ἀει

2146 4510 2197 4571 D
2223 4513 2348 4581 quia
2376 4513 2429 4566 in
2458 4527 2525 4567 eo
2545 4522 2741 4569 cuncta
2778 4526 3033 4583 vement,
3062 4518 3115 4571 id
3163 4528 3246 4572 est
3282 4520 3599 4586 virescunt;
3620 4526 3763 4572 nisi.

2219 4605 2289 4657 ab
2330 4610 2489 4669 testu,
2520 4603 2575 4657 in
2596 4618 2665 4659 eo
2704 4607 3039 4662 maturandis
3064 4607 3334 4664 fructibus
3374 4609 3571 4676 datur;
3595 4617 3763 4665 πιαι-

2218 4710 2321 4750 nus
2342 4694 2411 4749 de
2453 4697 2865 4759 autumnatione
2912 4698 3202 4765 fructuum,
3234 4700 3329 4769 qui
3362 4701 3418 4756 in
3447 4715 3522 4759 eo
3542 4698 3769 4767 ωδε-

2221 4793 2340 4929 ἔυη
2369 4799 2535 4854 porro
2556 4785 2731 4841 hiems
2768 4801 2802 4841 a
2844 4787 3161 4845 doctoribus
3200 4788 3374 4858 frigus
3420 4789 3514 4847 vel
3552 4788 3769 4848 ιιιήῶσ

2260 4875 2435 4929 icitur.

2260 4875 2435 4930 icitur.

541 4971 690 5030 illud,
726 4982 1004 5021 numerum
1042 4966 1094 5018 in
1134 4962 1386 5018 Kalenlis
1414 4965 1530 5027 hic,
1562 4963 1616 5017 id
1652 4974 1733 5019 est
1776 4966 1834 5017 in
1857 4965 2119 5018 mensium
2216 5002 2219 5005 ι

542 5056 777 5113 exordiis
802 5052 1037 5108 olTeretis
1076 5056 1389 5107 holocausta
1415 5052 1662 5107 Domino.
1696 5054 1831 5118 Quia
1864 5055 2120 5109 nimirum

543 5146 751 5199 Ilebrtei
782 5161 884 5196 non
930 5142 1035 5196 alia
1084 5144 1341 5197 mensium
1372 5142 1590 5196 exordia
1641 5153 1804 5211 quam
1849 5146 2121 5198 novilunia

545 5243 761 5289 norunt.
785 5233 889 5288 Sed
914 5244 970 5286 et
995 5232 1163 5288 ϐπ·ωεὶ
1187 5241 1241 5286 et
1263 5230 1503 5300 Egyptii
1528 5232 1729 5286 nullam
1753 5233 1806 5286 iu
1831 5234 1943 5287 suis
1966 5249 2120 5287 men-

546 5323 693 5375 sibus
720 5318 1100 5377 Kalendarum,
1146 5321 1435 5382 Nonarum,
1467 5319 1655 5373 Iduum
1707 5320 2122 5376 distinctionem

549 5414 855 5465 observant.
902 5408 1096 5463 Verum
1157 5409 1224 5461 ab
1262 5408 1551 5476 incipiente
1615 5408 1878 5478 cujusque
1924 5413 2126 5466 mensis

550 5502 795 5568 exordio,
824 5515 992 5569 usque
1018 5500 1081 5551 ad
1110 5502 1396 5554 terminum
1423 5500 1563 5569 ejus,
1592 5508 1877 5557 crescente
1919 5503 2125 5571 simpli-

551 5594 686 5647 citer
732 5600 786 5644 et
830 5591 1183 5644 inerrabiliter
1230 5591 1439 5645 dierum
1496 5594 1829 5647 currentium
1889 5593 2122 5659 ordine,

554 5681 910 5750 computando
964 5683 1304 5749 perveniunt,
1356 5696 1586 5750 quorum
1636 5682 1878 5753 Egyptii
1929 5692 2127 5752 quarto

558 5769 818 5825 Kalendas
830 5768 1352 5839 Septembrisﬁrmci
1376 5780 1555 5828 autem
1578 5788 1606 5827 a
1629 5770 1881 5829 Kalcndis
1898 5772 2127 5830 Decem-

2528 5006 2657 5062 Csr.
2700 5006 2847 5065 X.—
2872 5001 2951 5064 De
2979 5012 3289 5082 equinum
3318 5029 3503 5070 uerno.

2300 5139 2557 5214 Interrog.
2592 5143 2666 5198 De
2689 5143 3020 5215 mquiuoctio
3054 5144 3283 5210 vernali,
3310 5145 3465 5215 quod
3490 5152 3652 5219 api
3680 5150 3793 5205 ﬂ:

2225 5246 2458 5301 quatuor
2486 5234 2847 5287 mutationum
2885 5233 3201 5288 annualium
3230 5235 3421 5290 mundi

2227 5331 2289 5376 ut
2332 5324 2570 5379 breviter
2612 5324 2882 5380 edisseras
2919 5318 3077 5393 rogo.
3101 5353 3175 5366 —
3200 5326 3361 5392 Resp.

2228 5414 2610 5471 ecclesiastica:
2663 5417 3079 5486 observationis,
3136 5432 3169 5475 ι
3227 5418 3457 5475 Niceno

2226 5507 2484 5571 concilio,
2515 5516 2575 5561 ut
2594 5506 2814 5564 Pascbae
2839 5510 2954 5564 dies
2975 5511 3047 5564 ab
3069 5510 3365 5565 undecimo
3393 5510 3617 5579 Aprili.
3634 5514 3773 5577 ιφ

2229 5595 2284 5649 in
2314 5596 2603 5663 septimum
2648 5596 2873 5652 Kalend.
2907 5597 3032 5653 Maii
3061 5598 3386 5669 inquiratur.
3416 5600 3557 5656 Item

2232 5684 2346 5740 lica:
2378 5687 2735 5742 institutionis
2776 5688 2961 5756 regula
2992 5689 3243 5760 praecipit
3293 5699 3356 5746 ut
3401 5698 3539 5746 ante

2231 5778 2539 5849 aequinoctii
2590 5748 3009 5850 transgressum
3059 5748 3274 5839 Pascha

3778 5266 3785 5291 i

3778 5784 3785 5823 L
