3842 6242
92 375 179 430 583
1281 375 1366 428 ΜΣ
1410 375 1630 429 ΠΑΤΞΟΣ

1740 378 2065 432 ΓΟΜῘῚΪΪΙ.

3210 387 3312 439 δηδιι

92 499 203 553 ergo
235 482 415 539 octavo
456 484 687 540 Kalend.
728 482 923 553 Aprilis
973 448 1067 536 die
1120 481 1343 551 deputat
1394 484 1635 551 mquino-
1667 488 1711 544 Λ
1743 484 1906 549 horis,
1941 485 1991 537 id
2020 493 2101 538 est
2126 483 2428 552 quadrante
2460 484 2623 537 totius
2656 484 2779 538 diei.
2815 486 2941 551 Qua:
2973 501 3093 556 tars
3123 498 3313 557 quater

93 576 253 637 ctium,
276 585 491 631 necesse
514 585 602 631 est
625 574 764 630 idem
784 582 877 628 aut
891 585 1017 628 ante
1036 572 1413 642 aequinoctium
1436 574 1635 628 Pascha

95 664 324 718 celebrari
379 666 582 720 licitum
652 672 829 735 neget.
903 664 1082 733 Ipsum
1134 679 1351 732 quoque
1434 664 1636 720 Pascha

93 752 320 807 Dominus
346 754 516 822 pridie
537 768 701 823 quam
732 762 1010 823 pateretur
1038 768 1157 807 eum
1188 751 1463 821 discipulis
1493 753 1633 807 fecit.

94 852 389 904 Autoctave
442 850 804 905 Kalendarum
850 850 1140 918 Aprilium,
1177 866 1280 904 non
1334 849 1514 912 fuisse,
1547 860 1639 904 aut

88 948 195 992 ante
225 940 595 1008 aequinoctium
647 938 813 994 fuisse
839 939 1145 994 coulirmet.
1183 939 1298 993 Non
1326 948 1508 1019 autem
1541 956 1637 994 no-

90 1028 167 1078 stri
188 1035 378 1079 tantum
416 1029 695 1096 temporis,
728 1028 822 1081 sed
865 1028 1028 1082 etiam
1073 1028 1260 1096 legalis
1305 1039 1360 1083 et
1403 1028 1634 1087 Mosaica

87 1117 301 1172 decemit
346 1120 633 1175 institutio.
688 1120 805 1174 Non
872 1129 999 1175 ante
1057 1128 1426 1175 transcensum
1476 1120 1637 1188 hujus

86 1208 362 1273 attainoctii
393 1210 535 1263 diem
579 1209 703 1265 festi
734 1207 1012 1264 Paschalis
1063 1224 1180 1264 esse
1231 1210 1633 1276 celebrandum,

84 1300 202 1353 sicut
228 1299 466 1356 Anatolio
498 1311 790 1358 attestante
838 1306 1119 1358 evidenter
1159 1305 1337 1369 docet,
1392 1316 1447 1359 et
1474 1305 1634 1361 Jose-

86 1389 218 1455 phus,
261 1391 399 1444 sicut
451 1401 507 1445 et
556 1407 748 1446 eorum
778 1394 1115 1461 antiquiores
1165 1394 1538 1462 Agatbohulus
1583 1406 1637 1450 et

86 1478 345 1547 Panajada,
375 1483 465 1550 qui
510 1498 649 1535 unus
703 1498 769 1536 ex
810 1483 913 1537 illis
968 1485 1307 1553 septuaginta
1336 1486 1637 1541 senioribus

84 1566 165 1620 fuit
189 1569 268 1637 qui
297 1571 440 1623 missi
498 1570 712 1624 fuerant
741 1588 769 1625 a
802 1571 1149 1641 pont'licibus
1177 1573 1244 1627 ad
1276 1574 1630 1630 Ptolemzeum

81 1671 261 1723 regem,
301 1657 645 1713 llebra'orum
684 1661 850 1716 libros
873 1663 1277 1731 interpretaturi
1308 1664 1360 1717 in
1390 1664 1633 1720 Graecum

78 1762 375 1821 sermonem,
420 1750 621 1820 quique
667 1757 834 1805 multa
890 1768 959 1807 ex
1011 1754 1385 1808 traditionibus
1435 1756 1634 1825 Moysis

79 1840 368 1904 proponenti
417 1841 531 1907 regi
572 1850 737 1911 atque
792 1845 1168 1911 percunctanti
1216 1846 1627 1913 responderunt.
1662 1835 1707 1893 Β

76 1926 163 1995 lpsi
190 1943 311 1997 ergo
351 1945 476 1984 cum
509 1933 837 1999 quaestiones
873 1933 1041 1990 Exodi
1084 1947 1441 2007 exponerent,
1481 1940 1627 1995 dixe-

76 2025 182 2069 runt
208 2018 403 2074 Pascha
439 2036 552 2075 non
608 2023 759 2092 prius
812 2038 934 2079 esse
987 2026 1395 2095 immolandum,
1445 2030 1500 2083 ni
1531 2031 1630 2086 boe

72 2108 431 2175 .rquinoctium
462 2112 682 2168 vernale
706 2114 980 2169 transiret.
1015 2114 1167 2171 Unde
1184 2134 1282 2173 nos
1306 2133 1525 2175 necesse
1552 2130 1637 2176 est

69 2200 437 2258 observandam
488 2205 736 2259 veritatis
784 2206 1025 2275 regulam
1054 2206 1300 2265 dicamus
1339 2220 1549 2281 aperte,
1580 2221 1639 2270 et

68 2287 249 2343 Pascha
284 2296 413 2349 ante
438 2295 828 2362 aequinoctium
868 2298 1231 2375 tenebrasque
1259 2300 1499 2357 devictas
1526 2318 1635 2359 non

69 2380 446 2449 immolandum,
477 2393 535 2439 et
563 2386 668 2440 hoc
712 2388 1095 2457 aequinoctium
1150 2390 1477 2447 duodecimo
1520 2394 1632 2448 Ka-

65 2468 318 2527 lendarum
343 2475 610 2546 Aprilium
634 2477 721 2532 die
740 2479 1142 2536 ascribendum.
1165 2480 1318 2536 Sicut
1340 2500 1445 2539 non
1459 2485 1633 2540 solum

64 2565 364 2621 auctoritate
416 2576 670 2638 paterna,
719 2570 815 2625 sed
858 2578 915 2626 et
969 2572 1283 2641 horologica
1332 2576 1635 2631 considera-

64 2652 193 2709 tione
220 2655 501 2715 docemur.
531 2660 641 2716 Sed
678 2670 734 2717 et
787 2671 982 2717 cratera
1012 2661 1111 2717 tria
1143 2670 1387 2733 tempora
1442 2665 1493 2719 in
1536 2666 1636 2721 bu-

59 2742 271 2805 loemodi
297 2750 557 2815 conﬁnia,
615 2752 779 2807 simili
832 2752 1043 2808 ratione
1071 2754 1281 2824 aliquot
1333 2762 1455 2809 ante
1485 2765 1634 2810 octa-

62 2847 121 2887 ru
141 2850 169 2887 n
191 2834 553 2895 Kalendarum
578 2843 921 2912 sequentium
942 2859 1063 2901 esse
1086 2846 1340 2899 notanda.

496 2991 630 3049 Car.
672 2992 761 3049 XI.
788 3027 863 3040 -—
884 2994 963 3049 De
989 2997 1164 3049 annis.

118 3099 369 3176 lateri-eg.
395 3087 562 3162 Unde
588 3106 767 3163 dictus
796 3109 1135 3166 est.annus?
1167 3138 1235 3148 --
1260 3108 1415 3181 Resp.
1446 3109 1630 3168 Annus

58 3190 117 3242 ab
130 3175 427 3251 innovando
449 3207 651 3254 cuncta
674 3214 796 3269 quas
814 3200 1045 3255 naturali
1072 3200 1261 3256 ordine
1286 3175 1629 3268 transierant,
1659 3175 1708 3239 ο

53 3286 127 3339 vel
152 3301 179 3340 a
216 3288 448 3345 circuitu
472 3292 740 3362 temporis
767 3307 967 3347 nomen
1000 3294 1230 3361 accepit.
1257 3294 1391 3360 Quia
1421 3300 1634 3349 veteres

56 3390 235 3431 annum
263 3393 365 3447 pro
400 3380 616 3436 circum
637 3396 842 3451 ponere
862 3381 1131 3445 solebant,
1163 3391 1217 3435 ut
1255 3382 1391 3437 Cato
1417 3383 1547 3438 dicit
1579 3384 1630 3438 in

53 3462 394 3536 Originalibus
449 3478 758 3527 oratorum.
819 3470 1033 3526 Annum
1093 3473 1405 3540 terminum,
1436 3472 1485 3526 id
1526 3482 1631 3538 est,

55 3555 242 3613 Circum
271 3559 597 3625 terminum,
627 3567 684 3614 et
727 3559 934 3615 ambire
962 3559 1160 3615 dicitur
1196 3576 1294 3630 pro
1322 3562 1627 3617 circumire.

112 3641 365 3720 Interrog.
399 3649 552 3716 Quot
583 3648 755 3705 modis
784 3648 1035 3705 dicuntur
1059 3651 1224 3705 anni?
1250 3678 1322 3690 —
1350 3650 1507 3720 Resp.
1540 3651 1632 3706 Est

52 3743 213 3787 autem
241 3752 419 3792 mnus
447 3739 681 3805 lunaris,
713 3748 797 3793 est
818 3747 874 3794 et
896 3740 1109 3805 solaris,
1142 3750 1225 3795 est
1245 3750 1300 3797 et
1329 3742 1627 3797 errantium

51 3820 294 3881 discretus
318 3828 634 3884 stellarum.
664 3838 749 3881 est
770 3837 826 3883 et
846 3830 1084 3883 omnium
1115 3830 1450 3898 planetarum
1468 3848 1625 3897 unus,

50 3927 196 3981 quem
222 3930 483 3986 magnum
511 3916 831 3988 specialiter
854 3927 1182 3987 nuncupant.
1606 3910 1613 3916 ’

112 4004 367 4081 lateri-ag.
424 4007 663 4064 Lunaris
703 4023 877 4064 annus
920 4016 1054 4079 quot
1101 4010 1275 4067 modis
1318 4009 1627 4081 accipitur?

46 4097 280 4169 —Rrap.
336 4098 711 4165 Quadrilarie.
777 4097 992 4155 Primus
1037 4115 1272 4171 namque
1320 4116 1442 4156 cum
1504 4100 1629 4155 luna

48 4188 215 4256 viginti
266 4200 484 4260 septem
514 4190 711 4245 diebus
737 4199 792 4245 et
836 4200 962 4247 octo
1007 4191 1155 4246 horis
1194 4192 1472 4247 zodiacum
1501 4207 1629 4261 per-

39 4295 265 4346 turrem,
291 4282 363 4335 ad
392 4283 618 4350 signum
664 4296 733 4335 ex
788 4295 897 4349 quo
922 4295 1140 4349 egressa
1172 4289 1256 4336 est
1310 4283 1623 4337 revertitur.

40 4368 329 4437 Secundus,
364 4372 590 4427 duobus
617 4370 808 4427 diebus
833 4378 888 4426 et
916 4380 1149 4440 quatuor
1168 4372 1316 4427 horis
1345 4373 1624 4444 prolixior,

38 4462 117 4527 qui
144 4472 408 4519 consuete
437 4462 651 4519 mensis
691 4462 1015 4534 appellatur,
1068 4479 1190 4519 cum
1236 4464 1407 4521 solem
1455 4480 1484 4519 a
1517 4482 1624 4537 quo

42 4566 165 4605 nova
193 4552 440 4622 digressa
469 4560 553 4607 est
583 4530 779 4622 viginti
816 4568 1011 4609 novem
1056 4554 1268 4621 diebus,
1318 4563 1374 4612 et
1422 4530 1627 4613 duode-
1664 4530 1710 4592 θ

35 4642 127 4695 cini
157 4642 305 4699 boris
333 4644 582 4710 exactis,
621 4643 733 4713 jam
765 4641 977 4699 defecta
1022 4645 1239 4716 repetit.
1272 4644 1484 4702 Tertius
1534 4649 1627 4716 qui

36 4730 306 4789 duodecim
362 4734 655 4790 mensibus
705 4733 1032 4801 huiusmodi,
1091 4734 1145 4789 id
1198 4744 1301 4803 est,
1370 4738 1630 4792 trecentis

32 4824 410 4893 quinquaginta
460 4832 706 4892 quatuor
753 4824 945 4877 diebus
988 4825 1258 4892 expletur,
1290 4834 1347 4881 et
1403 4838 1629 4882 vocatur

34 4914 345 4977 communis,
372 4927 448 4968 eo
476 4911 628 4979 quod
658 4911 766 4966 duo
796 4910 1089 4981 saepissime
1104 4912 1242 4968 tales
1268 4914 1475 4981 pariter
1501 4930 1626 4969 cur-

34 5010 162 5057 rant.
190 5003 456 5071 Quartus,
489 5002 585 5070 qui
612 4982 962 5089 embolismus
987 5000 1177 5089 Graece
1212 5002 1433 5069 dicitur,
1462 5002 1513 5057 id
1541 5012 1627 5058 est

30 5104 568 5167 super-augmentum,
590 5094 656 5148 'et
680 5085 859 5173 diabet
888 5085 1151 5150 tredecim
1193 5108 1425 5159 menses.
1459 5094 1510 5148 id
1543 5102 1627 5149 est

30 5187 139 5243 dies
168 5196 449 5245 "ecutos
501 5183 720 5254 triginta
767 5194 1019 5255 quatuor.
1070 5184 1172 5253 Qui
1206 5193 1432 5256 uterque
1482 5186 1624 5257 apud

30 5276 277 5335 Hebr-ros
303 5292 337 5332 a
388 5273 669 5349 principio
697 5274 896 5328 mensis
939 5271 1219 5329 PaSchalis
1274 5274 1478 5345 incipit,
1522 5276 1622 5330 ibi-

28 5364 255 5436 denique
289 5366 514 5421 ln‘tur.
556 5364 708 5435 Apud
744 5377 874 5419 vero
918 5360 1196 5417 Romanos
1239 5365 1309 5418 ab
1337 5365 1628 5436 incipiente

28 5456 145 5509 luna
194 5460 409 5514 uternis
439 5456 694 5514 Januarii
742 5454 905 5513 sumit
946 5454 1181 5521 initium,
1216 5455 1398 5525 ibique
1440 5462 1625 5515 termi-

30 5556 199 5601 natur.
946 5562 947 5567 “

89 5635 354 5711 Ιιιιιυτος.
390 5639 477 5695 De
507 5639 679 5696 solari
693 5644 849 5699 anno
869 5639 1143 5713 quomodo
1170 5638 1307 5704 dicis
1327 5640 1435 5697 ἵ·-
1465 5641 1614 5713 Resp.

24 5726 219 5786 Solaris
234 5745 423 5786 annus
448 5738 542 5787 est
565 5747 691 5787 cum
710 5733 779 5788 ad
799 5734 990 5791 eadem
1015 5734 1136 5790 loca
1159 5730 1397 5791 siderum
1444 5736 1625 5803 rediit,

22 5824 249 5893 peractis
289 5823 569 5882 trecentis
592 5826 876 5897 sexaginta
921 5825 1165 5899 quinque
1207 5822 1418 5894 diebus,
1449 5833 1504 5881 et
1530 5842 1625 5887 sex

1740 575 1899 629 ducta
1927 575 2069 642 cogit
2093 574 2231 628 inter
2257 590 2422 628 unum
2451 574 2613 635 diem,
2642 590 2801 645 quem
2847 575 3071 632 Romani
3109 578 3311 633 bissex-

1742 672 1851 716 tum
1877 672 2090 727 vocant,
2118 672 2177 716 ut
2206 662 2271 717 ad
2286 663 2532 717 eumdem
2550 684 2563 715 ι
2581 665 2831 718 ircuitum
2858 666 3126 721 redeatur.
3143 659 3311 736 Quar-

1742 763 1826 808 tus
1854 754 2043 808 solaris
2071 754 2185 826 gyri
2226 768 2417 818 annus,
2447 754 2750 818 bissexlilis,
2770 758 2977 811 exteris
3008 759 3175 812 tribus
3206 775 3314 813 uno

1740 844 2018 912 prolixior,
2070 858 2101 897 a
2130 858 2240 913 quo
2269 842 2517 898 confecto
2560 844 2641 916 sol
2691 844 2757 898 ad
2788 856 2983 900 cuncta
3038 847 3310 915 signorum

1740 932 1855 986 loca
1911 932 2112 987 eisdem
2170 933 2379 987 dierum
2421 935 2765 1003 noctiumque
2794 936 2985 1003 quibus
3032 946 3152 990 ante
3180 952 3314 1005 qua-
3349 927 3384 941 ”

1740 1020 2041 1074 (triennium
2073 1023 2361 1075 revertitur
2401 1022 2565 1076 boris.
2598 1021 2786 1079 Annus
2814 1026 3108 1078 errantium
3134 1026 3313 1079 stella-

1740 1126 1857 1163 rum
1886 1118 1988 1174 est,
2013 1112 2155 1179 quod
2179 1112 2391 1165 illarum
2432 1127 2646 1181 quoque
2676 1114 2883 1168 zodiaci
2926 1115 3186 1169 anzbitum
3235 1118 3314 1169 lu-

1739 1207 1896 1253 strat.
1925 1199 2115 1254 Annus
2144 1215 2369 1269 magnus
2414 1210 2518 1266 est,
2548 1217 2669 1256 cum
2696 1196 3059 1259 omniasimul
3082 1207 3314 1260 errantia

1738 1290 1913 1344 sidera
1943 1291 2006 1342 ad
2027 1306 2123 1344 sua
2151 1306 2376 1361 quzrque
2402 1291 2519 1346 loca
2564 1294 2663 1347 sibi
2694 1294 2895 1349 habere
2934 1305 3233 1363 recurrant,
3263 1276 3339 1351 id.

1738 1390 1840 1441 est,
1866 1381 2173 1449 quingentis
2202 1382 2416 1449 triginta
2448 1382 2656 1437 duobus
2692 1387 2846 1438 annis
2872 1386 3118 1455 expletis.

1812 1471 2071 1541 lnterrog.
2130 1472 2341 1527 Annum
2394 1474 2628 1542 rivilem,
2673 1475 2726 1529 id
2782 1485 2884 1541 est,
2916 1477 3171 1545 solarem,
3224 1480 3313 1533 ubi

1737 1560 1967 1627 llebrrei,
1997 1562 2190 1627 Graeci,
2231 1565 2489 1635 Egyptii,
2538 1565 2874 1635 Romanique
2920 1568 3315 1639 incipiunt?—

1740 1652 1892 1721 Resp.
1930 1653 2137 1710 Hebraei
2163 1656 2229 1709 ab
2250 1656 2575 1726 acquinoctio
2598 1673 2783 1722 verno,
2805 1656 2976 1715 Graeci
3008 1676 3037 1714 a
3058 1662 3313 1729 solstitio,

1740 1743 1979 1814 Algyptii
2001 1746 2068 1800 ab
2097 1757 2375 1811 autumno,
2411 1746 2634 1801 Romani
2659 1749 2919 1817 incipiunt
2950 1767 2978 1803 a
3011 1752 3215 1806 bruma.

1916 1899 2043 1953 Car.
2088 1899 2197 1952 Xll.
2222 1929 2285 1941 -
2319 1900 2397 1953 De
2425 1902 2673 1972 signifero
2702 1903 2892 1957 circulo
2921 1914 2968 1956 et
3006 1904 3127 1957 solis

2307 1990 2540 2060 (iuratque
2571 2007 2746 2046 cursu.

1785 2122 2074 2181 .Zodiacus
2102 2125 2333 2181 circulus
2360 2136 2573 2182 constat
2599 2144 2663 2181 ex
2686 2126 2966 2182 duodecim
2998 2128 3183 2197 signis,
3218 2145 3312 2197 per

1738 2230 1899 2285 quem
1920 2224 2133 2287 septem
2189 2218 2366 2274 sidera
2397 2220 2632 2275 errantia
2678 2230 2920 2283 currunt,
2975 2220 3025 2275 id
3066 2231 3149 2277 est
3198 2223 3310 2285 Sol,

1740 2304 1909 2373 Luna,
1959 2307 2123 2374 Mars,
2153 2308 2467 2375 Mercurius,
2520 2312 2746 2381 Jupiter,
2806 2311 3003 2377 Venus,
3032 2313 3313 2371 Saturnus.

1738 2395 1870 2461 Quae
1916 2399 2133 2466 quidem
2187 2400 2339 2468 signa
2370 2401 2528 2456 simul
2576 2402 2775 2456 habent
2804 2412 2986 2471 partes
3045 2414 3314 2460 trecentas

1738 2487 2031 2554 sexaginta,
2074 2490 2383 2557 singulatim
2432 2507 2562 2545 vero
2607 2494 2842 2559 triginta.
2899 2494 3086 2551 Partes
3135 2498 3316 2554 autem

1738 2578 1943 2634 zodiaci
1993 2581 2336 2651 quotidianus
2372 2583 2499 2639 solis
2543 2585 2595 2639 in
2639 2586 2777 2640 cmlo
2817 2590 3075 2645 debemus
3113 2592 3316 2646 sentire

1738 2686 2074 2741 progressus.
2124 2672 2285 2744 Signa
2318 2683 2480 2730 tanta:
2523 2688 2650 2732 sunt
2691 2682 3089 2749 magnitudinis.
3124 2693 3181 2737 ut
3209 2700 3316 2739 non

1738 2754 1949 2820 minore
1976 2779 2138 2834 quam
2163 2766 2387 2821 duarum
2418 2770 2591 2837 spatia
2618 2771 2894 2840 Iro-arum,
2924 2774 3009 2829 vel
3048 2776 3198 2841 oriri,
3228 2778 3314 2832 vel

1737 2853 2006 2918 occidere,
2040 2854 2122 2909 vel
2152 2854 2364 2911 deloco
2392 2858 2603 2925 possint
2633 2863 2860 2917 moveri.
2897 2862 3133 2931 Singulis
3163 2870 3318 2922 trice-

1736 2957 1820 2997 na:
1844 2950 2044 3014 partes,
2072 2944 2142 2999 ob
2163 2946 2401 3003 tricenos
2427 2947 2461 3002 d
2486 2963 2565 3015 es,
2589 2950 2783 3018 quibus
2805 2967 2834 3004 a
2862 2954 2978 3009 sole
3000 2953 3313 3016 lustrantur.

1737 3036 2075 3091 ascribuntur
2102 3036 2289 3092 decem
2321 3047 2377 3092 et
2422 3041 2587 3095 semis
2632 3041 2795 3107 hom,
2834 3046 2953 3113 plus
2994 3053 3120 3099 sunt
3156 3062 3315 3115 quam

1738 3124 1952 3195 plenam
1996 3133 2206 3195 partem
2243 3127 2427 3195 viginti
2467 3138 2701 3197 quatuor
2728 3132 3002 3199 horarum,
3057 3151 3165 3190 non
3197 3139 3310 3192 red-

1739 3213 1873 3267 dunt
1909 3214 2089 3277 simul,
2122 3223 2178 3269 et
2222 3217 2521 3286 computari
2553 3220 2915 3290 negliguntur.
2967 3224 3217 3282 Attamen
3262 3241 3321 3283 et“

1738 3303 1867 3372 ipsa:
1919 3304 2209 3361 duodecies
2263 3306 2623 3374 circumactre,
2667 3313 2756 3367 ubi
2803 3314 2919 3369 dies
2963 3319 3225 3387 quinque,
3263 3328 3319 3373 et

1735 3396 2087 3463 quadrantem
2127 3402 2641 3455 eonsummaverint.
2675 3405 2793 3458 Jam
2830 3416 3087 3475 quantum
3119 3410 3185 3464 ad
3223 3412 3320 3465 tri-

1723 3499 1897 3564 .cenas
1924 3492 2103 3555 partes
2130 3485 2450 3554 addiderint,
2494 3492 2719 3561 patebit,
2749 3496 3157 3568 completusque
3186 3502 3315 3556 solis

1734 3588 1907 3630 annus
1945 3591 2051 3631 non
2105 3578 2359 3633 trecentis
2401 3580 2573 3634 solum
2619 3590 2673 3637 et
2718 3587 3065 3655 quadraginta
3104 3590 3311 3655 diebus,

1735 3666 1829 3721 sed
1852 3667 2047 3723 additis
2084 3668 2329 3737 quinque
2352 3669 2561 3737 diebus,
2605 3681 2664 3727 et
2707 3677 3057 3746 quadraginta
3101 3680 3311 3749 perlici-

1740 3763 1850 3807 tur.
1888 3753 2037 3810 Unde
2067 3756 2288 3826 signifer
2322 3766 2427 3825 est,
2484 3762 2737 3817 trecentis
2774 3765 2989 3833 quidem
3037 3773 3312 3839 sexaginta

1733 3843 1969 3913 quinque
2016 3846 2258 3913 partibus
2286 3846 2445 3901 latus.
2499 3848 2697 3905 llarum
2726 3851 2860 3909 duas
2901 3857 3103 3913 medias
3130 3861 3210 3915 sol
3259 3873 3314 3915 ct

1734 3934 1856 3988 luna
1884 3951 2073 3992 onmes
2096 3942 2378 4009 pervagari
2410 3946 2711 4000 consuevit.
2746 3945 2839 4003 Sol
2872 3955 3120 4007 trccent's
3152 3970 3311 4009 sexa-

1732 4028 1879 4093 ginta
1910 4041 1942 4095 q
1969 4028 2145 4095 linque
2172 4028 2361 4083 diebus
2389 4039 2445 4083 et
2472 4047 2565 4088 sex
2598 4035 2746 4090 horis
2774 4040 2978 4094 zodiaci
3026 4044 3309 4111 ambitum,

1734 4117 1860 4171 luna
1904 4117 2088 4185 viginti
2126 4124 2334 4187 septem
2389 4120 2577 4176 diebus
2628 4135 2678 4176 et
2702 4133 2827 4181 octo
2866 4128 3012 4185 horis
3060 4131 3308 4189 lustrant.

1732 4202 1950 4272 Singula
1982 4214 2163 4260 autem
2214 4207 2367 4275 signa
2416 4210 2498 4264 sol
2546 4212 2762 4281 triginta
2817 4216 3028 4287 diebus,
3056 4231 3111 4276 et
3158 4224 3311 4281 denis

1732 4292 1879 4348 horis
1902 4308 1967 4350 ac
1994 4296 2239 4351 seruisse.
2276 4299 2423 4354 Luna
2455 4311 2637 4357 autem
2672 4305 2722 4359 in
2749 4306 2893 4363 binis
2920 4310 3111 4367 diebus
3138 4325 3194 4368 et
3218 4332 3309 4369 se-

1732 4384 1832 4439 mis
1860 4385 2008 4440 horis
2034 4402 2099 4443 ac
2126 4388 2283 4444 besse
2329 4392 2484 4445 unius
2515 4393 2661 4449 hora:
2689 4396 3004 4465 perlabitur.
3036 4400 3091 4455 Si
3115 4407 3313 4472 quaeris

1731 4473 1859 4543 quid
1889 4473 2046 4531 besse
2073 4476 2355 4549 signiﬁcet,
2383 4488 2537 4534 tanto
2568 4484 2744 4538 minus
2770 4486 2961 4543 abesse
2988 4492 3056 4545 ab
3103 4494 3309 4565 integra

1734 4562 1888 4627 hora,
1918 4574 2120 4632 quanto
2148 4574 2335 4620 octava
2382 4568 2450 4621 ab
2479 4568 2815 4638 duodecima,
2848 4577 3053 4634 decima
3098 4598 3127 4637 a
3158 4562 3310 4641 deci-

1732 4670 1817 4709 ma
1846 4656 2051 4726 quinta,
2087 4658 2341 4725 vigesima
2382 4674 2412 4713 a
2457 4660 2748 4731 trigesima.
2797 4666 2975 4723 Tertia
3009 4682 3162 4740 parte
3183 4678 3310 4730 sub-

1734 4753 1925 4811 tracta,
1948 4749 2158 4816 quoties
2181 4749 2298 4804 duae
2324 4752 2454 4806 solae
2477 4767 2781 4822 remanent,
2813 4759 2940 4826 ipsa:
2978 4762 3098 4816 duce
3123 4776 3307 4834 partes

1730 4837 1909 4903 besse,
1941 4840 2099 4902 tertia
2133 4842 2299 4895 triens
2330 4853 2691 4912 nuncupatur.
2725 4846 2922 4903 Errant
2942 4867 3071 4921 ergo
3096 4858 3188 4926 qui
3229 4861 3310 4915 lu-

1701 4940 1856 4980 nam
1894 4927 2113 5003 tricenis
2157 4929 2347 4986 diebus
2392 4938 2601 4989 tantum
2645 4938 2803 5007 spatii
2834 4940 3090 5007 caelestis,
3139 4962 3311 5016 quan-

1732 5023 1843 5071 tum
1876 5018 2133 5073 trecentis
2187 5022 2470 5093 sexaginta
2525 5025 2697 5081 solem
2737 5043 3053 5097 percurrere
3098 5036 3302 5092 dicunt.

1729 5109 1865 5165 Cum
1895 5112 2177 5169 manifeste
2200 5117 2403 5179 veritas
2432 5117 2625 5187 prodat
2653 5135 2773 5189 qua:
2800 5136 2960 5192 supra
2990 5127 3308 5192 perstrinxi-

1730 5218 1871 5266 mus,
1896 5204 2077 5258 lnnam
2099 5206 2515 5277 vigintiseptem
2546 5208 2751 5274 diebus,
2778 5219 2835 5263 et
2850 5210 3006 5264 tertia
3028 5211 3132 5265 diei
3156 5226 3310 5283 parte

1730 5301 1948 5347 constat
1974 5294 2247 5357 coniicere
2273 5297 2480 5351 solem:
2520 5305 2577 5350 et
2622 5307 2885 5367 quantum
2935 5304 3089 5367 spatii
3121 5306 3172 5359 in
3206 5324 3313 5360 tttm

1728 5395 1831 5435 suo
1859 5395 2046 5437 mense
2091 5382 2294 5446 lunam,
2327 5390 2533 5438 tantum
2564 5384 2617 5439 in
2654 5386 2908 5443 tredecim
2937 5394 3019 5449 sui
3046 5394 3127 5449 sol
3157 5409 3315 5451 exce-

1729 5471 1859 5526 dere
1890 5471 2198 5533 circuitum.

2112 5602 2241 5660 CAP.
2286 5605 2421 5695 XIII.
2445 5637 2516 5649 —
2543 5607 2621 5665 De
2661 5609 2897 5667 Bissezto

1784 5733 2069 5809 Interrog.
2094 5736 2237 5794 Sunt
2264 5739 2511 5797 nonnulli
2530 5742 2622 5814 qui
2669 5738 2929 5798 facilitate
2972 5752 3321 5818 computandi

1732 5828 1937 5902 absque
1963 5827 2151 5887 labore
2181 5831 2647 5904 comprehendant
2678 5839 2879 5903 quanta
2920 5834 3141 5894 bissexti
3166 5854 3317 5896 crcso
