3842 6242
503 419 601 473 5'.”

498 527 666 581 centis
730 523 990 594 particula
1048 538 1145 592 per
1196 522 1435 591 singulos
1486 536 1681 588 annos,
1707 520 1791 578 vel
1842 536 2082 585 menses,
2115 526 2163 583 Α

497 618 577 672 vel
611 617 773 670 etiam
799 616 1134 685 septimanas
1169 625 1225 669 et
1254 614 1394 677 dies.
1426 615 1763 669 incessanter
1784 613 2087 683 adimplea—

494 719 614 773 tur;
669 724 768 763 nec
831 717 1011 762 tamen
1067 707 1251 761 dicere
1306 707 1554 762 neverint
1608 707 1846 775 qualiter
1889 707 2083 760 ea.!em

494 799 753 869 particula
807 799 1027 864 crescit,
1088 799 1172 851 vel
1204 813 1322 867 qum
1358 799 1427 851 sit
1474 813 1659 862 causa,
1704 811 1896 866 qureve
1946 796 2088 851 ratio

456 892 755 979 écreinenti
780 891 972 958 ipsius,
1000 892 1197 959 quidve
1231 900 1551 945 nasceretur
1580 892 1779 945 erroris
1803 890 2014 953 infesti,
2043 890 2088 944 si

493 996 601 1035 non
634 981 754 1048 ipse
783 980 898 1035 dies
917 980 1137 1033 bissexti
1168 996 1270 1033 suo
1293 980 1446 1048 juxta
1477 994 1685 1033 morem
1716 979 2084 1034 necessarium

492 1069 903 1123 intercalaretur
934 1070 987 1122 in
1042 1068 1251 1123 ordine.
1306 1068 1431 1124 l'lmc
1460 1069 1640 1123 omnia
1672 1085 1766 1138 per
1807 1071 2083 1123 rationem

492 1158 723 1213 declara.
762 1186 830 1199 -~
860 1157 1015 1228 Resp.
1069 1158 1344 1215 Bsscxtus
1392 1176 1459 1216 ex
1506 1160 1821 1229 qnadrantis
1873 1163 2086 1215 ratione

493 1264 591 1317 per
635 1249 1044 1317 quadriennium
1089 1248 1393 1305 coniicitur.
1446 1251 1811 1317 Quadrantem
1842 1265 2084 1321 namque

491 1343 669 1396 solent
716 1342 991 1414 appellare
1030 1335 1280 1413 quartam
1340 1352 1550 1414 partem
1599 1342 1751 1412 cujus
1805 1343 1882 1398 rei
1932 1344 2083 1397 libet.

490 1434 653 1490 Verbi
686 1438 853 1505 gratia
884 1436 1155 1506 pecuniae,
1191 1436 1475 1505 temporis,
1514 1436 1640 1501 loci,
1668 1443 1723 1490 et
1760 1435 1881 1489 ideo
1922 1449 2090 1502 quar-

493 1536 544 1579 ta
575 1541 699 1595 pars
725 1526 828 1580 diei
855 1528 945 1596 qui
988 1526 1176 1594 viginti
1222 1535 1451 1595 quatuor
1476 1528 1627 1581 horis
1645 1540 1771 1580 cum
1792 1539 1889 1578 sua
1927 1532 2092 1578 nocte

492 1618 819 1686 completur,
874 1618 927 1669 id
982 1626 1065 1670 est
1119 1617 1268 1671 hora:
1322 1632 1460 1679 sex,
1508 1615 1781 1685 quadrans
1830 1622 2089 1669 consuete

490 1716 739 1761 vocatur.
785 1707 1111 1773 Quadrantis
1166 1714 1346 1761 autem
1427 1706 1607 1776 hujus,
1674 1720 1794 1776 quae
1817 1720 1912 1775 per
1954 1719 2089 1773 qua-

491 1796 796 1849 driennium
826 1797 876 1849 in
908 1796 1049 1851 diem
1081 1796 1351 1863 integrum
1378 1794 1691 1861 colligendi,
1724 1800 1781 1847 et
1827 1808 1932 1848 suo
1963 1792 2090 1847 loco

1032 414 1237 471 ΒΕΒᾹΞ
1280 412 1733 469 ἺΕΝΕΜΒΙΜΞ
1770 409 2051 469 OPERUM
2099 411 2273 466 PARS
2314 413 2446 466 l.—
2471 408 2917 467 DIDASCALICA
2954 406 3288 466 GENUINA.
3667 409 3739 461 398

2393 520 2524 577 Car.
2575 520 2711 575 XIV.
2754 555 2822 564 —
2856 520 2934 576 De
2962 538 3202 576 uicinum
3261 523 3545 575 crementi.

2265 630 2523 705 Interreg.
2558 632 2857 688 Bissextilis
2886 632 3129 688 ediscere
3170 632 3353 700 cupio.
3382 660 3460 672 —
3503 630 3645 700 Resp.
3674 630 3738 686 Di-

2197 728 2372 782 cimus
2414 727 2773 797 quadrantem
2823 727 2965 793 diei,
3008 726 3059 780 id
3085 734 3185 787 est,
3218 740 3310 779 sex
3347 726 3514 780 horas
3560 739 3647 793 per
3672 738 3739 776 an-

2194 835 2329 873 num
2354 831 2669 873 accrescere
2689 818 2905 881 horam,
2928 831 3027 886 per
3054 816 3188 871 duos
3216 831 3439 871 menses
3461 815 3590 871 solis
3620 822 3737 868 natu.

2197 909 2359 974 rales,
2401 906 2453 961 id
2481 917 2565 963 est
2593 908 2710 962 dies
2740 908 2958 976 triginta
2990 915 3044 961 et
3074 907 3240 962 horas
3260 908 3477 969 decem,
3508 905 3739 961 dimidium

2194 999 2341 1053 horse
2362 1015 2459 1070 per
2482 1015 2646 1053 unum
2671 1013 2934 1053 mensem.
2952 997 3121 1054 Porro
3146 1006 3394 1069 quartam
3411 1006 3610 1068 partem
3629 997 3741 1050 hunc

2195 1089 2373 1148 unius,
2408 1089 2460 1143 id
2485 1097 2567 1143 est
2608 1097 2865 1156 punctum
2904 1103 3069 1141 unum
3118 1102 3215 1157 per
3242 1087 3529 1141 dimidium
3558 1086 3737 1141 mensis.

2268 1182 2526 1253 lnterrog.
2594 1179 2693 1235 Ubi
2747 1190 3023 1235 crementa
3052 1180 3138 1236 vel
3183 1180 3511 1234 detrimenta
3557 1178 3669 1232 solis
3703 1187 3741 1230 et

2195 1271 2355 1336 lunte,
2398 1272 2695 1327 sec-:ndum
2746 1272 3010 1325 rationem
3043 1280 3246 1325 natura:
3300 1285 3449 1324 anno
3504 1267 3650 1322 inseri
3672 1268 3740 1320 de-

2191 1362 2451 1417 bent?—
2508 1362 2665 1432 Resp.
2726 1362 2942 1417 Naturae
2983 1363 3124 1415 ratio
3169 1370 3448 1416 crementa
3502 1359 3742 1414 veldetri-

2193 1463 2375 1508 menta
2411 1454 2541 1509 solis
2586 1463 2642 1509 et
2682 1455 2821 1518 hunc
2853 1454 2985 1509 locis
3022 1452 3526 1520 :eqninoctialibus,
3552 1451 3631 1503 ubi
3657 1450 3738 1517 pri-

2194 1560 2282 1599 mo
2328 1557 2509 1600 creata
2565 1554 2691 1602 sunt
2730 1547 2931 1601 initiari
2987 1545 3071 1601 vel
3121 1545 3257 1598 liniri
3310 1544 3600 1609 deposcit,
3641 1541 3741 1596 solis

2191 1636 2409 1705 quidem
2434 1637 2615 1702 verni,
2641 1638 2779 1691 luna:
2803 1653 2934 1692 vero
2966 1638 3018 1690 in
3060 1636 3387 1689 autumnalis
3444 1634 3565 1689 loco
3606 1632 3740 1699 ω(ιυὶ-

2193 1728 2384 1795 noctii,
2413 1728 2507 1783 sed
2558 1728 2757 1782 diversi
2783 1726 2918 1783 locis
2975 1727 3026 1780 in
3068 1726 3300 1780 diversis
3332 1725 3530 1778 saltum
3576 1736 3739 1791 ponere

2193 1819 2574 1890 procurabant.
2593 1818 2724 1873 Nam
2750 1818 3034 1873 Anatolius
3064 1818 3115 1871 in
3132 1816 3464 1883 :cquinoctio
3489 1824 3541 1868 et
3564 1815 3737 1867 decimo

491 1886 843 1941 intercalandi
875 1894 956 1940 est
978 1886 1136 1940 ratio.
1166 1884 1319 1951 Quod
1349 1883 1433 1938 sol
1472 1898 1710 1937 annuum
1756 1882 1879 1938 cmli
1908 1882 2081 1935 ambi-
2116 1881 2163 1941 Β
2195 1881 2390 1979 anno
2425 1910 2507 1963 sui
2534 1908 3043 1964 decemnovenmns
3095 1881 3237 1961 πώ
3298 1906 3486 1961 circuli
3539 1905 3599 1958 de
3638 1912 3737 1956 om

496 1988 628 2041 tum,
663 1978 713 2032 id
743 1987 825 2031 est
853 1977 1138 2032 duodecim
1153 1978 1304 2046 signa
1327 1975 1513 2031 circuli
1541 1976 1751 2031 zodiaci
1780 1975 2085 2043 notissima,

493 2084 599 2122 non
642 2068 693 2121 in
738 2068 997 2122 trecentis
1019 2067 1303 2135 sexaginta
1333 2065 1576 2136 quinque
1626 2064 1838 2130 diebus,
1869 2064 1963 2120 sed
1986 2079 2084 2119 su-

492 2160 785 2231 peradditis
806 2176 902 2215 sex
926 2160 1073 2215 horis
1104 2158 1401 2228 adimplere
1440 2156 1805 2226 cognoscitur.
1830 2154 1983 2211 Unde
2030 2155 2087 2208 tit

491 2253 635 2317 utsi,
665 2252 817 2307 verbi
856 2252 1049 2321 gratia,
1077 2265 1223 2305 nunc.
1254 2249 1687 2319 aequinoctialem
1739 2247 1861 2303 coeli
1908 2246 2083 2301 locum

490 2358 647 2397 mane
678 2343 858 2396 oriens
889 2342 1174 2395 intraverit
1217 2340 1273 2396 in
1293 2340 1467 2401 hunc,
1498 2353 1643 2393 anno
1669 2338 1916 2407 sequenti
1970 2350 2085 2390 me-

488 2436 837 2500 ridic,-tcrtio
858 2449 1105 2504 vespere,
1138 2442 1333 2504 quarto
1389 2430 1569 2487 media
1632 2439 1836 2494 nocte,
1890 2429 2084 2498 quinto

487 2542 676 2581 riu-sus
705 2526 757 2579 in
782 2526 1009 2581 exordio
1038 2524 1167 2587 diei,
1199 2533 1259 2579 ut
1282 2531 1412 2595 puta
1436 2522 1717 2593 completo
1745 2521 1855 2577 diei
1912 2520 2082 2576 totius

485 2614 716 2669 circuitu
765 2622 1033 2668 recurrat.
1083 2613 1287 2682 Sicque
1343 2612 1657 2667 necessario
1701 2611 1847 2666 diem
1890 2624 2083 2680 super-

485 2705 653 2760 ﬂuum
738 2703 1030 2759 admoneat
1073 2702 1306 2758 ubilibet
1357 2700 1837 2770 interponendum,
1915 2715 2080 2770 quem

489 2795 727 2867 Egyptii
758 2811 899 2851 anno
924 2812 1028 2852 suo
1057 2795 1371 2851 solemniter
1389 2778 1642 2865 expleto,
1674 2793 1727 2848 id
1753 2802 1838 2849 est
1885 2801 2081 2865 quarto

485 2888 849 2944 Kalendarum
891 2888 1289 2957 Septembrium
1322 2927 1340 2953 ,
1396 2886 1627 2942 Romani
1687 2896 1871 2942 autem
1922 2896 2081 2942 sexto

484 2981 844 3037 Kalendarum
880 2981 1189 3035 Martiarum
1221 2980 1333 3044 die,
1363 2980 1509 3034 unde
1538 2990 1595 3035 et
1632 2980 1935 3035 bissextum
1983 2994 2081 3034 vo-

481 3083 609 3128 cant
650 3072 975 3128 intcrcalare
1008 3080 1431 3127 consueverunt.
1456 3070 1611 3137 Quod
1667 3072 1711 3127 si
1744 3072 1864 3141 quis
1892 3072 2078 3126 calcu-

484 3163 713 3215 latorum
745 3162 925 3217 facere
954 3162 1213 3217 trecentis
1236 3160 1411 3217 solum
1450 3176 1515 3216 ac
1535 3161 1816 3231 sexaginta
1838 3161 2078 3230 quinque

482 3252 673 3308 diebus
696 3267 887 3307 omnes
914 3268 973 3307 se
1000 3268 1173 3307 annos
1202 3267 1364 3321 agere
1379 3252 1581 3308 debere
1606 3253 1934 3322 putaverint,
1959 3268 2075 3307 ma-

482 3360 645 3414 gnum
674 3344 773 3400 sibi
805 3360 928 3398 mox
974 3342 1211 3398 inveniet
1242 3343 1406 3395 annui
1451 3342 1716 3397 circuitus
1767 3345 2075 3399 occurrisse

480 3434 839 3504 dispendium,
868 3435 941 3488 ita
975 3443 1031 3488 ut
1062 3444 1185 3503 post
1208 3432 1420 3503 aliquot
1442 3447 1711 3488 annorum
1740 3435 2071 3490 vertentium

482 3527 745 3579 curricula
778 3527 980 3579 aestivis
1010 3524 1285 3580 mensibus
1312 3540 1539 3580 vernum
1600 3534 1845 3596 tempus,
1892 3526 2072 3581 vernis

485 3616 748 3679 brumale,
774 3614 1108 3669 brumalibus
1155 3616 1491 3679 autumnale,
1541 3616 1944 3671 autumnalibus
1970 3633 2072 3671 aes-

483 3710 649 3761 tivum
679 3721 736 3759 se
764 3703 1053 3758 oiTendisse
1083 3718 1370 3773 perversus
1396 3713 1741 3772 computatur
1770 3705 2067 3759 horrescat.

478 3800 535 3852 Si
567 3799 651 3852 cui
673 3812 802 3852 sane
823 3797 968 3864 quod
995 3795 1061 3849 de
1080 3794 1338 3865 signifero
1370 3802 1424 3849 et
1447 3795 1570 3850 cmli
1622 3795 1826 3849 ambitu
1883 3798 2069 3865 paucis

478 3892 732 3954 diximus,
765 3888 904 3943 forte
932 3886 1205 3941 habentur
1249 3887 1552 3953 incognita,
1587 3886 1712 3941 huic
1754 3886 1957 3955 vulgari
2016 3895 2070 3941 et

482 3982 725 4039 fortassis
753 3978 1209 4051 eompendiosiori
1238 3987 1294 4033 et
1324 3976 1678 4031 manifestiori
1736 3978 1947 4031 ratione
1973 3992 2068 4030 sa-

482 4073 729 4128 tisfacere
786 4073 1115 4139 curavimus,
1168 4078 1226 4125 ut
1272 4069 1365 4139 qui
1432 4068 1558 4124 cmli
1611 4068 1777 4136 signis
1806 4070 1956 4137 pueri
2012 4069 2065 4122 in

478 4162 662 4217 schola
689 4177 796 4215 non
826 4162 1031 4225 didicit,
1080 4160 1285 4215 saltem"
1315 4158 1587 4226 horologii
1628 4157 1784 4212 lineis
1810 4158 1867 4210 in
1920 4164 2065 4210 terra

478 4268 598 4321 que
648 4254 951 4307 necessaria
1009 4250 1616 4321 quaeritapprehendat.
1678 4248 1745 4303 Et
1784 4249 1873 4303 hic
1928 4262 2065 4317 ergo

475 4346 611 4397 sciat
638 4342 807 4397 solem
838 4341 1067 4395 morulis
1094 4342 1207 4395 suis
1236 4348 1293 4395 et
1308 4340 1562 4393 tarditate
1587 4338 1895 4408 quotidiana
1924 4353 2065 4408 qua-

469 4435 676 4488 drantis
706 4432 862 4501 hujus
893 4432 1045 4495 anni;
1077 4430 1405 4499 disponente
1433 4444 1601 4498 opere
1628 4429 1904 4485 Creatoris
1940 4434 2082 4484 esse‘

471 4527 825 4581 ministrum:
885 4539 1046 4592 quem
1103 4520 1416 4591 diligentior
1468 4520 1749 4590 inquisitio
1798 4521 2060 4587 declarat,

2192 2001 2244 2055 in
2274 2000 2458 2070 viginti
2490 2000 2689 2071 posuit.
2740 2000 2810 2054 At
2837 2013 3025 2056 contra
3082 2000 3393 2063 Victorius,
3448 1997 3604 2051 tertio
3644 2001 3739 2046 ante

2191 2092 2352 2149 finem
2397 2093 2663 2162 ogdoadis
2710 2108 2854 2148 anno
2883 2092 3222 2147 inferendum
3266 2092 3483 2145 censuit
3529 2086 3737 2142 Kalendis
3810 2086 3811 2153 ξ

2187 2182 2480 2249 Januariis,
2509 2183 2577 2237 de
2606 2193 2803 2253 quarto
2833 2184 2886 2238 in
2912 2183 3125 2238 decimo
3156 2190 3337 2245 sexto,
3358 2179 3584 2234 addidit.
3605 2178 3739 2230 Porro

2190 2272 2450 2342 Egyptii,
2476 2273 2527 2327 in
2560 2288 2790 2342 quorum
2826 2274 3093 2327 sententia
3129 2286 3279 2325 nunc
3331 2268 3598 2325 catholica
3637 2281 3739 2319 ωηο

2188 2366 2353 2419 sentit
2378 2364 2643 2429 Ecclesia,
2666 2363 2840 2433 primo
2861 2377 3006 2417 anno
3031 2359 3543 2417 decemnovennalis
3589 2353 3740 2411 Circeii

2187 2455 2434 2525 amgunt,
2493 2456 2547 2510 in
2588 2455 2711 2509 loco
2739 2453 3024 2509 undecimo
3076 2450 3303 2507 Kalend.
3338 2449 3539 2520 Aprilis
3580 2446 3641 2501 de
3672 2459 3739 2499 oc-

2188 2558 2306 2603 tava
2336 2534 2548 2605 decima
2579 2548 2632 2603 in
2676 2546 2875 2602 nullam
2913 2552 3311 2615 computantes.
3358 2539 3641 2597 Sciendum
3678 2547 3742 2590 est

2185 2650 2369 2695 autem
2420 2638 2730 2706 ubicunque
2784 2635 2998 2690 additus
3038 2634 3229 2698 fuerit,
3283 2632 3354 2685 ibi
3406 2640 3518 2683 tres
3576 2626 3739 2697 parite:

2183 2746 2399 2787 menses
2423 2728 2925 2795 undetricentoruin
2945 2723 3249 2793 computari
3272 2721 3511 2776 dierum.

2830 2878 2963 2934 CAP.
2992 2876 3104 2931 XV.

2253 2995 2514 3065 lnierrog.
2550 2992 2625 3047 De
2653 2991 2793 3047 saltu
2818 2991 2958 3044 lunas
2979 2998 3035 3044 et
3064 2988 3276 3058 plenius
3310 2986 3559 3079 ediscere
3585 2982 3737 3050 cupio.

2180 3119 2249 3129 ——
2276 3086 2437 3156 Resp.
2471 3085 2546 3138 De
2568 3084 2709 3137 saltu
2742 3083 2878 3135 luna!
2902 3079 3193 3134 verisimile
3218 3074 3447 3146 apparet
3475 3074 3617 3144 quod
3640 3088 3737 3125 eum

2181 3180 2339 3237 eitior
2364 3191 2525 3247 quam
2582 3175 2741 3243 vulgo
2770 3182 2988 3243 putatur
3032 3171 3236 3225 lunaris
3259 3169 3589 3224 incensicnis
3619 3167 3741 3220 locus

2182 3281 2236 3328 et
2257 3270 2390 3326 hora
2418 3274 2733 3338 przecurret.
2762 3264 2894 3318 Nam
2915 3261 3189 3333 quomodo
3216 3260 3331 3315 ﬁeri
3368 3268 3557 3330 posset
3583 3268 3639 3312 ut
3664 3271 3739 3326 per

2177 3376 2350 3418 annos
2378 3360 2548 3415 denos
2575 3366 2628 3412 et
2659 3370 2922 3417 novenos,
2948 3368 3112 3408 unum
3139 3366 3369 3407 necesse
3415 3358 3563 3406 esset
3603 3347 3740 3403 solito

2176 3454 2381 3509 dierum
2407 3466 2635 3506 numero
2664 3446 2867 3513 aﬂ‘erri,
2894 3446 2941 3501 si
2970 3456 3079 3500 non
3130 3445 3244 3499 haec
3278 3442 3542 3497 velocitas
3586 3437 3739 3503 aliqua

2174 3545 2379 3600 lunaris
2400 3543 2539 3616 gyri,
2565 3541 2827 3612 paulatim
2862 3546 2977 3593 toto
3006 3536 3192 3591 circuli
3248 3526 3742 3588 decemnovcnnalis

2175 3644 2422 3702 tempore
2441 3631 2792 3702 procuraret?
2820 3627 3092 3697 quomodo
3122 3624 3240 3692 ejus
3269 3622 3537 3675 tarditate
3577 3633 3737 3673 cursus

2173 3722 2365 3777 solaris
2396 3721 2482 3788 agi
2504 3720 2790 3789 probatum
2821 3725 2923 3782 est,
2949 3725 3008 3769 ut
3033 3730 3171 3769 unus
3217 3728 3316 3783 per
3349 3708 3739 3782 quadriennium

2173 3812 2288 3881 ejus
2318 3827 2511 3867 cursus
2539 3818 2803 3878 augeatur
2832 3808 2968 3862 dies.
3002 3804 3173 3876 Hujus
3202 3813 3387 3859 autem
3441 3801 3737 3857 velocitatis.

2171 3912 2227 3957 et
2254 3906 2339 3971 (ut
2386 3902 2457 3958 ita
2485 3901 2687 3968 dicam)
2747 3898 3174 3969 anticipationis,
3222 3895 3442 3950 tametsi
3486 3893 3620 3948 ordo
3654 3901 3739 3943 non

2172 3994 2329 4050 facile
2375 4002 2563 4065 patet,
2615 4008 2865 4047 mensura
2920 4004 3263 4058 nequaquam
3316 3988 3478 4042 latet.
3543 3984 3742 4038 Constat

2172 4085 2313 4138 enim
2336 4084 2463 4153 quia
2508 4083 2797 4136 diminutio
2828 4080 2921 4133 illa
2960 4089 3128 4147 atque
3171 4077 3376 4131 ablatio
3426 4075 3539 4130 diei
3585 4071 3739 4133 unita,

2171 4190 2289 4244 qua:
2317 4174 2594 4243 quomodo
2618 4172 2794 4241 agitur
2823 4185 2919 4242 per
2974 4170 3147 4225 denos
3191 4176 3247 4223 ct
3302 4182 3554 4224 novenos
3596 4178 3743 4220 annos

2172 4272 2282 4319 tota
2307 4264 2617 4328 conﬁcitur,
2642 4265 2776 4319 hora
2806 4276 2903 4333 per
2930 4260 3170 4335 singulos
3191 4275 3363 4315 annos
3403 4269 3461 4315 et
3504 4274 3609 4314 uno
3629 4271 3741 4329 pnn-

2171 4364 2287 4421 cto,
2320 4364 2374 4411 et
2404 4356 2617 4411 decima
2641 4372 2783 4411 nona
2834 4364 2990 4425 parte
3039 4353 3198 4409 unius
3226 4355 3492 4409 momenti
3519 4358 3739 4421 augetis.

2171 4448 2295 4502 Dies
2316 4463 2551 4516 namque
2580 4447 2767 4515 viginti
2812 4456 3046 4515 quatuor
3096 4445 3259 4499 horas
3283 4445 3481 4505 habet.
3513 4458 3549 4498 e
3574 4439 3740 4511 quibit!

2169 4553 2290 4591 cum
2348 4537 2742 4599 novemdecim,
2794 4535 3018 4589 totidem
3054 4535 3212 4589 annis
3253 4534 3445 4587 circuli
3477 4533 3742 4589 decenno-

472 4636 580 4673 non
606 4619 671 4673 ad
693 4617 938 4672 eamdem
956 4614 1221 4682 horologii
1254 4614 1451 4666 lineam
1477 4627 1573 4681 per
1595 4620 1868 4667 trecentos
1896 4626 2057 4666 sexa-

2189 4625 2413 4677 rennalis
2439 4597 2841 4687 distribueritis,
2872 4631 3156 4677 remanent
3200 4622 3464 4691 quinque.
3499 4622 3605 4675 llas
3626 4616 3741 4674 Illi-

466 4712 613 4778 ginta
638 4710 879 4781 quinque
900 4708 1015 4762 dies
1038 4720 1198 4777 posse
1227 4703 1413 4759 reduci
1439 4721 1453 4768 ;
1478 4702 1573 4757 sed
1594 4694 1663 4757 si.
1685 4701 1837 4756 verbi
1860 4702 2057 4769 gratia,

467 4802 716 4868 presenti
748 4816 891 4855 anno
946 4798 998 4853 in
1020 4796 1357 4867 aequinoctio
1422 4795 1653 4857 veritati,
1716 4793 1861 4862 quod
1902 4792 2056 4862 juxta

2168 4712 2350 4779 tiplica
2401 4728 2499 4783 per
2536 4720 2809 4781 quatuor,
2852 4712 2978 4781 quia
3031 4711 3288 4767 videlicet
3336 4710 3479 4767 hora
3538 4717 3745 4780 qualum

2166 4806 2380 4877 punctis
2408 4814 2639 4870 constat,
2694 4804 2831 4859 ﬁunt
2861 4804 3071 4873 viginti.
3124 4803 3196 4857 Da
3244 4805 3500 4874 singulos
3544 4796 3743 4870 δίκιῶ

467 4888 753 4959 Διίεγριίοε
776 4892 866 4959 qui
898 4890 1287 4945 calculatorum
1319 4893 1507 4941 tenent
1539 4886 1805 4955 palmam,
1846 4884 2058 4940 duode-

2189 4899 2337 4965 innis,
2370 4908 2427 4953 et
2452 4905 2699 4953 remanet
2724 4912 2885 4953 unus.
2936 4896 3088 4952 Hune
3130 4895 3317 4953 divide
3340 4913 3447 4968 per
3461 4898 3741 4954 decenne

465 4980 610 5033 cinno
640 4977 1004 5034 Kalendarum
1029 4980 1291 5049 Aprilium
1307 4978 1395 5031 die
1411 4977 1554 5032 solet
1578 4976 1797 5031 evenire
1818 4990 1850 5029 a
1871 4974 2057 5031 medio

2189 5006 2304 5056 'em,
2328 5002 2385 5046 et.
2403 4991 2609 5047 videbis
2630 4989 2772 5059 quod
2790 4989 2858 5043 ad
2879 4989 3075 5043 saltum
3094 4989 3233 5044 luna
3256 4989 3670 5059 complendum,
3694 4986 3739 5036 ll
3806 4974 3812 5085 λ

466 5070 710 5133 orientis,
759 5072 1056 5124 surrexerit
1084 5071 1275 5124 eodem
1300 5069 1386 5122 die
1414 5076 1535 5136 past
1556 5083 1758 5121 annum
1778 5068 2059 5136 aliquanto

2189 5084 2413 5145 liximus,
2447 5080 2725 5136 annuatim
2755 5080 2889 5134 hora
2918 5089 2976 5134 et
3016 5088 3273 5150 punctns,
3301 5088 3359 5135 et
3378 5078 3602 5136 decima
3622 5086 3741 5131 non

466 5159 692 5214 inferius
721 5158 874 5222 oriri,
906 5165 963 5211 et
990 5157 1174 5221 tertio,
1197 5164 1418 5224 quarto,
1441 5154 1632 5222 quinto
1654 5170 1798 5208 anno
1810 5154 2059 5209 eamdem
2161 5186 2285 5239 pars
2314 5170 2475 5225 υηίυε
2504 5169 2689 5239 pune”
2716 5170 2999 5224 acerem".
3032 5168 3152 5225 Non
3194 5183 3327 5238 ergo
3363 5170 3499 5225 nni,
3529 5162 3739 5224 ιω.

466 5184 692 5214 ιιηιπιω
721 5184 874 5222 υΠΠ,
906 5184 963 5211 τι
992 5184 1174 5221 ιεηιυ,
1197 5184 1418 5224 quassu,
1441 5184 1632 5222 quuuu
1654 5184 1798 5208 ιιιιηυ
1810 5184 2059 5209 caluucul

462 5252 877 5307 diminutionem
912 5249 969 5304 in
997 5256 1206 5302 tantum
1236 5245 1506 5300 numerati
1533 5246 1616 5299 sui
1652 5260 1844 5300 cursus
1870 5246 2057 5315 augeri

2189 5186 2285 5225 ωε
2314 5186 2475 5225 unius
2504 5184 2689 5239 puncu
2716 5184 2999 5224 accrescit.
3032 5184 3152 5225 non
3194 5184 3327 5238 ergo
3363 5184 3499 5225 nnis
3529 5184 3739 5224 eranu-

2189 5274 2267 5325 |ue
2296 5259 2381 5313 vel
2410 5257 2651 5313 articulis
2677 5266 3006 5328 temporum,
3039 5260 3127 5315 vel
3151 5260 3275 5315 enzii
3296 5252 3743 5315 climatibnm
3802 5184 3812 5328 1

462 5344 841 5411 temperantia,
896 5349 955 5395 ut
975 5339 1077 5395 nisi
1106 5338 1221 5396 dies
1271 5337 1567 5403 bissextus,
1605 5344 1733 5391 ante
1780 5327 2069 5393 trecentos
2159 5350 2464 5405 celebratur
2518 5327 2808 5417 ascensio;
2854 5352 2951 5408 ,αι
2996 5364 3215 5420 semp"
3264 5349 3561 5417 .ﬁqm
3604 5342 3743 5405 ω

459 5431 615 5499 juxta
644 5446 847 5484 morem
878 5430 1313 5496 intercalaretur,
1351 5428 1463 5499 jam
1514 5426 1836 5484 duodecimo
1857 5425 2057 5482 Kalen—
2157 5455 2320 5510 quam
2340 5442 2677 5511 pmcedeme
2704 5460 2891 5500 mense
2912 5441 3431 5515 pmvwmr,mm
3452 5438 3739 5502 ηδε.-
3786 5474 3787 5483 χ

460 5527 650 5576 damni
681 5521 943 5591 Aprilium
974 5522 1062 5575 die
1101 5522 1341 5577 facturus
1368 5520 1755 5592 aequinoctium
1807 5534 1839 5575 a
1870 5518 2058 5576 medio
2158 5546 2301 5588 anno
2338 5532 2551 5590 decimo
2582 5550 2729 5590 ηοηο
2754 5533 3091 5589 ιηικίιίιιιιι·
3108 5530 3247 5586 dies.
3432 5522 3442 5530 ’
3616 5518 3621 5523 ’

456 5623 641 5681 surgat
666 5611 913 5674 orientis,
959 5609 1210 5664 eamdem
1258 5611 1610 5666 nihilominus
1640 5610 1912 5667 tarditatis
1938 5625 2052 5667 sua:

457 5702 840 5766 constantiam,
888 5702 941 5755 in
982 5702 1197 5755 caeteris
1236 5715 1463 5771 quoque
1492 5716 1590 5769 per
1632 5699 1809 5758 totum
1848 5718 2052 5759 annum

458 5802 768 5849 servatuan
792 5808 863 5849 ex
880 5793 1093 5850 ortibus
1118 5790 1280 5847 simul
1306 5798 1364 5846 et
1393 5791 1694 5847 occasibus.

3794 5320 3812 5576 i

3779 5576 3812 5927 1

2368 5684 2497 5742 Car.
2526 5684 2664 5740 XVI.
2696 5711 2767 5724 —
2796 5682 2876 5739 De
2895 5682 3054 5752 Cyria
3081 5683 3579 5745 ﬂammandi.

2225 5795 2447 5866 Cyclum
2479 5794 3033 5851 decemnovennalem
3076 5806 3305 5869 propter
3327 5758 3739 5871 quani“

2157 5884 2313 5941 lunas
2352 5884 2636 5958 paschales
2665 5882 2877 5941 Nicena
2916 5886 3156 5958 synodus
3199 5887 3462 5948 instituit.
3496 5876 3783 5960 εστι-νς

506 5968 555 5977 κ.
