3842 6242
109 420 196 472 5ῗῦ
1308 411 1394 464 DE
1438 409 1626 462 IlATIt

1814 408 2104 463 LOMPUTI.
2438 423 2445 430 ‘
3225 409 3331 466 δυ

107 533 161 582 ad
188 527 409 581 eui-idem
436 525 560 577 anni
588 522 779 576 solaris
805 520 946 575 diem
999 532 1329 586 unaquaeque
1372 519 1497 572 luna
1545 532 1642 586 per
1675 523 1717 577 Α
1750 516 1877 568 mini
1901 516 2204 585 completus
2233 523 2314 568 est
2346 530 2535 568 annus.
2599 521 2714 584 ipse
2761 525 2842 569 est
2885 532 3135 570 nimirum
3179 517 3331 586 ju'xta

108 618 444 670 deceinnovem
508 630 680 667 annos
752 612 1013 666 ducentos
1081 610 1298 678 triginta
1369 610 1640 678 quinque,
1692 661 1698 668 ,
1748 621 2043 660 concursus
2088 605 2344 671 siderum,
2375 605 2464 659 ille
2505 607 2554 658 in
2586 622 2694 674 quo
2743 607 3009 660 iucarnari
3057 607 3326 674 dignatus.

107 709 388 761 circumacta
409 702 898 759 vicibusinerrabili
917 717 1080 756 cursu
1102 698 1482 768 redeat.anus
1504 699 1640 767 cycli
1747 693 1882 759 Quia
1917 694 2002 748 hic
2031 693 2300 748 secundus
2328 709 2500 747 annus
2540 694 2674 762 cycli
2699 694 3209 750 decemnovennalis
3235 698 3331 751 de-

106 797 308 850 ordinem
321 795 538 863 primum
553 791 810 846 Eusebius
819 791 1059 846 Catsaria:
1073 788 1350 842 Palestinte
1362 787 1574 855 episco'p
1585 801 1623 839 ω

1813 797 1862 834 m
1903 792 2028 836 octo
2057 783 2245 837 circuli
2305 782 2507 837 lunaris
2554 783 2801 836 undecim
2838 783 3043 837 habens
3087 793 3324 852 epactas,

109 885 387 951 composuit.
420 883 518 947 Qui
540 881 792 934 dividitur
819 880 871 932 in
909 879 1180 946 ogdoadas
1204 887 1260 932 et
1282 875 1642 942 hendecadas,
1745 875 1982 942 quinque
2009 885 2398 930 concurrentes
2445 878 2760 951 septimana:
2817 877 2952 940 dies,
2989 877 3167 929 lunam
3200 893 3326 946 pas-

108 974 192 1026 boc
215 950 290 1026 est
315 975 363 1024 in
390 982 512 1024 octo
540 980 593 1025 et
623 970 872 1024 undecim
904 983 1092 1022 annos.
1128 966 1262 1022 Octo
1315 968 1456 1020 enim
1514 965 1642 1018 anni
1747 965 1861 1018 clue
1891 966 2407 1033 quatuordecimam,
2453 950 2648 1020 octavo
2700 967 2923 1021 Kalend.
2958 967 3174 1036 Aprilis,
3207 983 3326 1020 om-

108 1061 307 1120 lunares.
364 1060 582 1113 totidem
634 1059 860 1123 solares,
919 1057 1128 1124 duobus
1183 1066 1386 1110 tantum
1448 1054 1642 1108 diebus
1745 1057 1832 1109 nia
1867 1067 1993 1111 tunc
2023 1056 2170 1110 fuere
2199 1058 2413 1110 similia.
2461 1057 2594 1110 Etsi
2635 1060 2891 1127 essetqui
2942 1068 3067 1112 tunc
3094 1059 3329 1124 pascha,

106 1151 464 1205 transcendunt.
510 1151 746 1215 Quorum
777 1150 914 1202 alter
968 1149 1033 1201 ad
1087 1148 1488 1216 explementum
1545 1161 1640 1199 oc-
1744 1160 1896 1198 more
1924 1161 2067 1198 nunc
2096 1146 2338 1200 ecclesiis
2363 1148 2556 1200 usitato
2588 1148 2672 1201 die
2722 1149 3019 1213 Dominica,
3079 1150 3194 1219 ipsa
3247 1149 3327 1202 ni-

105 1240 243 1291 currit
285 1238 614 1302 hendscadis,
661 1238 798 1292 alter
847 1239 1056 1291 ratione
1101 1238 1268 1290 saltus
1319 1235 1636 1288 absumitur.
1744 1236 1936 1289 mirum
1969 1235 2105 1301 dies,
2157 1238 2428 1304 quomodo
2481 1238 2564 1292 hic
2596 1238 2960 1292 adnotandum
3003 1248 3119 1304 est,
3171 1247 3325 1294 sexto

103 1331 314 1397 Alioquin
343 1329 679 1384 hendecades
714 1326 918 1383 solares
965 1343 1072 1380 uno
1104 1327 1190 1381 die
1234 1326 1640 1381 transcenderet
1745 1325 1971 1380 Kalend.
2007 1326 2203 1396 Aprilis
2231 1328 2458 1394 veniret,
2493 1345 2554 1380 ac
2604 1329 2784 1382 lunam
2837 1331 3060 1383 haberet
3109 1338 3320 1383 sextam

104 1419 328 1486 lunarem,
355 1420 474 1474 licet
498 1420 714 1488 quidam
743 1419 1006 1473 violenter
1031 1419 1126 1471 hos
1160 1419 1272 1472 dies
1293 1433 1360 1473 ex
1389 1417 1636 1472 bissexlis
1743 1420 2031 1473 decimam.
2060 1419 2148 1472 llis
2172 1419 2333 1486 igitur
2362 1421 2430 1472 ita
2460 1436 2516 1474 se
2566 1421 2889 1476 habentibus
2945 1436 3142 1474 annum
3197 1435 3323 1488 pas-

103 1520 206 1564 octo
231 1524 474 1563 annorum
497 1510 746 1578 supplere
767 1509 1025 1562 nitantur.
1058 1507 1192 1561 Cum
1243 1509 1510 1563 bissextus
1544 1523 1636 1562 so-
1737 1508 1905 1561 sionis
1962 1505 2243 1561 dominica:
2312 1509 2681 1574 qumrentibns
2753 1520 2877 1562 nota
2940 1510 3022 1562 via
3053 1518 3156 1564 est.
3212 1506 3320 1562 fla-

102 1597 192 1650 lcat
234 1599 280 1651 in
307 1614 483 1654 mense
512 1598 803 1653 Februario
833 1597 932 1652 soli
961 1595 1273 1665 superfusus
1309 1609 1364 1651 et
1389 1598 1527 1652 lunae
1552 1597 1637 1651 fu-
1741 1598 1833 1651 bet
1863 1597 2026 1662 enim,
2065 1597 2113 1650 ni
2167 1595 2345 1661 fallor,
2389 1599 2640 1651 Ecclesiae
2699 1599 2830 1652 lidcs
2878 1600 2930 1652 in
2975 1615 3138 1654 carne
3170 1600 3328 1668 paulo

102 1697 200 1740 Iuro
227 1696 450 1756 tempore
481 1688 609 1742 nihil
639 1687 990 1763 puniudicare
1021 1696 1074 1740 et
1104 1686 1204 1756 ipsi
1251 1687 1453 1740 nullum
1499 1687 1635 1741 hen-
1741 1686 1863 1755 plus
1915 1701 2076 1754 quam
2112 1687 2322 1753 triginta
2378 1697 2432 1740 et
2487 1696 2594 1743 tres
2647 1703 2817 1742 annos
2863 1703 3034 1756 usque
3089 1689 3156 1742 ad
3215 1705 3327 1742 sua:

97 1779 253 1832 decadi
294 1778 579 1832 bissextum
632 1778 851 1831 addant.
880 1776 1094 1845 Utergo
1139 1778 1377 1847 apertius
1437 1777 1632 1841 dicam,
1740 1785 1986 1844 tempora
2019 1779 2290 1846 passionis
2341 1780 2558 1834 vixisse.
2609 1779 2743 1844 Quia
2785 1780 3033 1835 videlicet
3080 1796 3201 1834 cum
3233 1782 3327 1834 tri-

96 1869 196 1921 duaa
221 1868 345 1922 luna:
370 1871 482 1924 dies
511 1869 602 1938 qui
635 1876 917 1938 supersunt
969 1868 1020 1922 in
1073 1868 1312 1937 egdoade
1360 1868 1495 1924 duos
1541 1867 1637 1937 qui
1669 1866 1716 1927 Β
1743 1866 1887 1934 ginta
1913 1881 2174 1920 annorum
2209 1867 2413 1935 fuisset,
2443 1870 2746 1938 baptizatus
2794 1880 2873 1924 est
2915 1870 3053 1923 sicut
3087 1885 3326 1937 evange-

94 1959 257 2012 desuut
280 1961 328 2013 in
357 1960 660 2014 bendecade
681 1959 1043 2027 complebunt.
1744 1956 1866 2010 lista
1898 1957 2069 2012 Lucas
2091 1968 2335 2013 testatur.
2371 1959 2438 2013 Et
2476 1971 2583 2014 tres
2634 1962 2798 2016 semis
2829 1977 3002 2014 annos
3032 1969 3152 2030 post
3194 1961 3327 2030 bap-

155 2046 306 2101 llabet
329 2049 465 2101 enim
508 2057 635 2103 octo
667 2049 936 2103 sssolares
963 2048 1078 2103 dies
1117 2049 1359 2119 exceptis
1389 2049 1638 2104 bissexhs
1742 2047 1954 2101 tismum
2011 2049 2414 2116 przndicaverit,
2458 2051 2598 2104 sicut
2651 2050 2884 2104 Joannes
2934 2051 2985 2104 in
3039 2050 3327 2118 Evangelia

89 2133 179 2188 duo
201 2136 348 2189 millia
374 2138 686 2205 noningenti
715 2137 922 2203 viginti.
1740 2151 1865 2202 suo,
1914 2151 2022 2191 non
2061 2138 2234 2192 solum
2285 2140 2734 2194 commemoratio
2778 2138 3053 2193 redeuntis
3112 2139 3328 2207 pascha:

152 2224 354 2280 Lunaris
403 2242 535 2282 vero
583 2227 700 2281 dies
743 2227 852 2281 duo
906 2226 1070 2280 millia
1102 2229 1395 2297 nonaginta
1443 2227 1633 2297 viginti
1742 2235 1987 2294 tempore
2015 2227 2290 2295 perdocet,
2318 2228 2413 2282 sed
2458 2237 2514 2284 et
2560 2229 2701 2283 idem
2731 2229 2784 2283 in
2831 2228 3152 2298 Apocalypsi
3204 2244 3322 2295 sua,

91 2317 199 2386 duo.
1740 2315 1926 2368 Daniel
1949 2331 2164 2384 quoque
2195 2317 2246 2369 in
2268 2318 2380 2371 suis
2412 2318 2706 2374 visionibus
2723 2318 3038 2387 prophetice
3062 2317 3324 2384 designat,

149 2404 402 2463 lleudccas
471 2407 604 2464 solis
675 2407 838 2461 habet
898 2416 1132 2476 quatuor
1189 2407 1353 2462 millia
1410 2408 1636 2476 quinde-
1737 2413 1922 2457 sancta
1953 2397 2214 2471 siquidem
2237 2404 2480 2460 llomana
2501 2415 2557 2460 et
2577 2405 2874 2475 apostolica
2899 2415 3045 2460 tenet
3067 2404 3325 2460 Ecclesia.

89 2494 193 2550 ciis.
1736 2491 2018 2558 Quomodo
2045 2493 2220 2560 igitur,
2253 2502 2318 2546 ut'
2339 2510 2500 2564 supra
2550 2495 2990 2558 memoravimus,
3020 2494 3328 2564 quingentis

153 2586 296 2640 Luna:
317 2599 516 2657 autem,
548 2597 784 2658 quatuor
803 2588 968 2644 millia
996 2589 1250 2644 tredecim
1277 2589 1412 2644 dies.
1737 2584 1951 2652 triginta
1994 2584 2204 2640 duobus
2231 2587 2386 2641 annis
2420 2587 2685 2656 paschalis
2715 2587 2953 2644 circulus
2999 2587 3320 2655 circumagi-

143 2675 264 2732 Oclo
283 2681 486 2744 assolis,
519 2681 681 2736 habet
707 2695 920 2734 menses
947 2679 1234 2750 nonaginta
1266 2695 1380 2734 sex.
1736 2683 1840 2728 tur.
1861 2675 1950 2729 llis
1971 2673 2109 2731 adde
2130 2676 2343 2744 triginta
2365 2688 2492 2741 tres,
2523 2679 2604 2733 vel
2630 2678 2808 2748 potius
2831 2678 3049 2746 triginta
3069 2681 3323 2747 qu’atnor,

146 2768 293 2826 Luna:
320 2782 497 2827 autem
531 2768 822 2841 nonaginta
854 2787 1069 2828 novem.
1736 2776 1792 2820 ut
1807 2766 1951 2820 illum
1979 2767 2148 2836 ipsum
2166 2783 2274 2837 quo
2298 2784 2486 2838 passus
2502 2779 2584 2824 est
2597 2769 2854 2825 Dominus
2875 2771 3140 2839 attingere
3153 2769 3328 2839 possis

149 2863 404 2920 llendecas
431 2880 561 2920 vero
605 2865 740 2920 solis
785 2865 948 2919 habet
997 2879 1211 2920 menses
1258 2873 1475 2920 centum
1536 2864 1634 2918 tri-
1737 2847 2133 2923 aunum,’liunt
2167 2861 2457 2929 quingenta
2499 2846 2779 2929 sexaginta
2807 2877 2922 2917 sex.
2952 2861 3068 2932 Ipse
3088 2871 3171 2916 est
3198 2875 3328 2929 ergo

85 2951 206 3019 ginta
226 2955 345 3009 duo.
1599 2978 1617 3002 ε
1733 2964 1906 3002 annus
1926 2947 2216 3004 Dominicae
2239 2951 2505 3019 passionis
2523 2960 2576 3006 et
2599 2952 3007 3006 resurrectionis
3022 2967 3050 3004 a
3069 2951 3322 3013 mortuis;

144 3044 290 3099 Luna:
325 3054 505 3102 autem
537 3054 754 3102 centum
777 3046 993 3115 triginta
1023 3055 1138 3100 sex.
1732 3037 1855 3106 quia
1884 3039 2023 3093 sicut
2053 3039 2340 3108 quingenta
2383 3041 2595 3110 triginta
2628 3052 2757 3104 tres,
2804 3041 2995 3110 primo,
3058 3041 3128 3094 ita
3161 3041 3319 3109 quin.

142 3133 199 3188 Et
224 3138 377 3193 habet
405 3140 593 3210 cyclos
610 3139 1153 3205 decemnovennales,
1180 3153 1390 3194 menses
1426 3137 1630 3193 solares

1808 3127 2084 3182 niesimum
2115 3129 2527 3197 sexagesimum,
2574 3138 2630 3183 et
2665 3130 2938 3197 trigesimo
2983 3140 3177 3199 quarto
3225 3144 3325 3198 per

85 3225 315 3283 ducentos
343 3205 529 3298 viginti
563 3238 708 3284 octo.

1805 3219 2018 3274 liversos
2047 3219 2177 3273 solis
2200 3229 2257 3273 et
2280 3220 2417 3274 luna:
2439 3219 2740 3275 concordat
2784 3219 3080 3274 discursus.
3112 3217 3176 3272 Et
3199 3218 3322 3275 ideo

140 3316 362 3375 Lunares
398 3322 663 3375 ducentos
683 3320 901 3388 ιτίεῑηιι
930 3320 1167 3389 quinque
1188 3319 1322 3374 dies,
1736 3307 1948 3362 circulis
1982 3307 2125 3362 beati
2167 3307 2401 3378 Dionysii
2444 3309 2643 3379 apertis
2667 3350 2681 3375 ,
2740 3310 2782 3365 si
2829 3310 3320 3381 quingentesimum

139 3406 372 3480 ειαριίς
402 3411 629 3466 δεηθείη
663 3411 944 3480 "musque
965 3411 1176 3477 δίδαξε,
1207 3426 1300 3465 ge;
1325 3410 1491 3464 mima
1514 3408 1634 3463 mu-
1736 3398 2130 3465 sexagesimum
2151 3408 2360 3453 sextum
2383 3400 2449 3454 ab
2481 3400 2852 3456 incarnatione
2877 3400 3084 3455 Domini
3108 3398 3320 3455 contin-

82 3498 262 3553 ωτίυιη
292 3500 627 3568 “omnem.
668 3499 884 3569 υίείηι,
913 3498 1167 3569 quinque,
1738 3500 1870 3554 gens
1899 3502 2118 3551 annum,
2152 3486 2414 3542 decimam
2442 3497 2688 3556 quartam
2718 3487 2899 3542 lunam
2951 3487 3004 3541 in
3053 3501 3120 3541 eo
3168 3502 3314 3541 nono

1739 3576 1962 3632 Kalend.
1992 3578 2254 3648 Aprilium
2287 3579 2400 3632 lleri
2429 3579 2686 3648 reperies,
2719 3586 2774 3633 et
2799 3579 2943 3632 diem
2973 3576 3188 3632 Pascha:
3215 3577 3313 3633 do-

142 3646 259 3703 Csr.
285 3647 447 3703 XVII.
492 3677 568 3691 —
599 3647 677 3703 De
707 3650 1030 3704 continentia
1059 3649 1558 3704 decemuovennalis.

1804 3668 2017 3733 inicum,
2047 3677 2203 3721 sexto
2230 3665 2454 3727 Kalend,
2489 3667 2685 3736 Aprilis
2734 3667 2912 3721 lunam
2945 3668 3209 3722 decimam
3241 3683 3321 3722 se~

135 3776 312 3846 Cyclas
337 3778 855 3834 decemnovennalis
881 3789 1004 3834 octo
1035 3779 1192 3834 lineis
1214 3787 1300 3834 est
1330 3779 1632 3833 ordinatus.

1802 3763 1984 3815 imam.
2009 3760 2140 3849 Nam
2168 3761 2309 3830 quod
2335 3761 2812 3817 Dominusdecima
2829 3763 3015 3832 quinta
3040 3762 3165 3817 luna
3189 3760 3319 3816 feria

78 3862 230 3921 Prima
250 3869 364 3937 ejus
392 3869 541 3923 linea
579 3879 881 3938 temporum
929 3870 1106 3924 geriem
1151 3870 1414 3924 continet,
1462 3868 1632 3935 Quem
1736 3868 1887 3913 sexta
1919 3873 2133 3913 crucem
2156 3857 2477 3922 ascenderit,
2503 3865 2560 3912 et
2581 3873 2684 3911 una
2731 3857 3103 3920 sabbatorum,
3153 3855 3204 3909 id
3234 3853 3322 3908 ὸει

75 3953 223 4011 Graeci
267 3959 334 4013 ab
376 3961 538 4013 annis
591 3958 884 4015 Diocletian
955 3961 1316 4029 persecutoris
1370 3960 1636 4016 calculare
1737 3950 1824 4004 die
1851 3949 2126 4004 Dominica
2161 3949 2456 4003 resurrexit
2481 3963 2510 4001 a
2543 3947 2788 4011 mortuis,
2829 3945 2956 4000 nulli
2988 3946 3113 4000 licet
3162 3944 3318 3999 dubi-

75 4049 421 4105 decreverunt.
454 4051 568 4108 Sed
597 4051 885 4122 Dionysius
916 4053 1188 4108 secundus
1234 4053 1400 4107 abbas
1431 4053 1592 4106 Roma

1796 4055 1853 4093 re
1879 4039 2170 4108 catholico,
2202 4038 2506 4107 negligique
2535 4051 2729 4105 agnum
2763 4037 3073 4102 paschalem
3098 4035 3313 4090 dei-imo

75 4157 178 4202 om,
205 4144 481 4214 “namque
514 4146 712 4213 ιίηεαω
742 4143 968 4212 perium,
1000 4142 1188 4198 amco
1226 4153 1281 4197 οι
1319 4141 1506 4196 Latin...
1534 4159 1631 4213 cy-
1735 4137 1930 4197 quarto
1985 4127 2074 4181 die
2125 4127 2282 4195 primi
2307 4127 2508 4181 mensis
2563 4127 2631 4181 ad
2682 4143 2961 4196 vesperam
3025 4128 3318 4192 immolari,

73 4231 171 4286 ειοε
195 4232 431 4288 κήδους
490 4232 795 4302 Pascha“,
851 4232 1025 4286 ηοιυίι
1061 4247 1157 4286 eos
1201 4230 1272 4286 ab
1310 4231 1459 4300 impii
1486 4232 1635 4301 ριιίη-
1736 4219 1990 4287 praecepit
2016 4219 2218 4288 pariter
2244 4235 2366 4274 cum
2390 4218 2684 4288 Evangelia
2732 4222 2876 4289 quod
2923 4221 3318 4276 Dominumea-

71 4320 186 4387 cipis
208 4324 356 4376 ιηηίε
383 4331 728 4391 computare,
767 4319 878 4375 sed
900 4320 1069 4389 magis
1095 4319 1304 4388 eligens
1341 4319 1410 4374 ab
1458 4321 1634 4373 incar-
1735 4310 1853 4363 dem
1876 4323 2100 4378 vespera
2130 4319 2337 4364 tantum
2362 4326 2390 4364 a
2441 4309 2665 4377 Jndznis,
2700 4322 2757 4366 et
2783 4327 2936 4365 mane
2986 4322 3136 4365 sexta
3183 4311 3312 4365 feria

73 4411 267 4464 natione
295 4410 510 4466 Domini
543 4411 715 4464 nostri
737 4410 865 4464 Jun
901 4408 1102 4464 Christi
1151 4422 1413 4462 annorum
1438 4409 1632 4462 seriem
1734 4401 2047 4456 crucifixum
2069 4417 2134 4455 ac
2158 4402 2448 4470 sepultum,
2477 4402 2648 4470 prima
2679 4402 2891 4456 sabbati
2934 4401 3315 4465 resurrexisse,

72 4509 367 4563 iui-enotata,
397 4499 562 4554 unius
591 4497 815 4567 singulis
843 4498 998 4552 annis
1019 4505 1308 4566 augmento
1361 4498 1414 4551 in
1463 4498 1634 4565 majus
1657 4541 1711 4600 Β
1737 4494 2019 4563 perhibere
2054 4492 2320 4546 videatur.
2655 4489 2662 4494 ’

74 4589 397 4650 proficientes
427 4598 658 4660 propter
689 4589 934 4644 notitiam
960 4588 1166 4644 exordii
1193 4587 1308 4657 spei
1329 4598 1546 4650 nostrze,
1578 4597 1634 4641 et
1657 4583 1707 4600 ¹¹
1809 4583 2089 4637 Secundus
2135 4585 2270 4637 ordo
2318 4585 2504 4641 circuli
2543 4585 3051 4640 decenmovennans
3079 4584 3323 4652 comple-

70 4697 265 4736 rausam
294 4683 664 4752 reparationis
685 4683 933 4735 humanae
963 4699 975 4732 :
1008 4681 1061 4734 id
1089 4687 1174 4734 est
1212 4689 1271 4734 ut
1317 4681 1494 4748 passio
1538 4695 1633 4734 seu
1738 4676 1899 4729 ctitur
1921 4675 2239 4730 indictiones
2261 4677 2564 4742 quindecim
2589 4691 2853 4727 annorum
2879 4673 3129 4739 circuitu,
3152 4675 3203 4726 in
3226 4687 3323 4726 sua

70 4773 369 4826 resurrectio
427 4772 647 4825 Domini
701 4771 912 4826 facilius
965 4771 1319 4826 inveniretur.
1361 4770 1466 4825 Sed
1508 4772 1634 4839 quia
1737 4781 1955 4834 semper
1975 4765 2196 4832 vestigia
2218 4767 2502 4818 reducens.
2539 4763 2682 4828 Quas
2711 4763 2930 4831 antiqua
2957 4761 3324 4817 Romanorum

69 4859 249 4915 lunaris
274 4861 516 4917 circulus
544 4859 1056 4916 decemnovennalis
1076 4869 1186 4926 est,
1211 4860 1404 4915 solaris
1450 4860 1649 4914 autem
1739 4858 1997 4912 industria
2029 4855 2390 4922 comperimus
2445 4855 2510 4907 ad
2537 4853 2837 4906 cavendum
2866 4867 3105 4907 errorem
3134 4853 3226 4921 qui
3254 4851 3326 4907 de

67 4951 237 5014 viginti
292 4961 427 5006 octo
477 4950 772 5008 conﬁcitur
819 4952 999 5006 annis.
1028 4949 1394 5020 Multiplieatis
1452 4965 1550 5019 per
1578 4966 1636 5005 se
1739 4947 2073 5017 temporibus
2120 4945 2258 4999 forte
2288 4945 2487 4999 oboriri
2539 4952 2782 5014 poterat,
2834 4945 3123 4998 institutas.
3182 4941 3318 4999 Dum

67 5039 274 5095 invicem
327 5042 604 5096 ambobus
651 5057 861 5098 summa
918 5042 1335 5110 quingentorum
1417 5043 1637 5109 triginta
1741 5041 1882 5094 enim
1932 5039 2080 5094 verbi
2112 5039 2308 5106 gratia,
2348 5038 2573 5105 quilibet
2632 5038 2928 5106 imperator
2973 5035 3135 5089 medii
3195 5033 3326 5088 anni

65 5129 273 5184 duom
312 5131 599 5199 colligitur
627 5145 913 5185 annorum.
942 5131 1060 5196 Qua
1111 5129 1327 5201 tandem
1382 5130 1636 5199 replicata
1742 5139 1987 5199 tempore
2005 5131 2111 5182 vita
2135 5129 2220 5182 vel
2244 5141 2412 5194 regno
2441 5129 2750 5192 decederet,
2776 5135 2989 5196 poterat
3031 5126 3246 5180 evenire
3266 5133 3328 5178 ut

68 5223 201 5274 lotus
254 5221 454 5275 solaris
509 5220 826 5287 lunarisque
873 5233 1066 5274 cursus
1111 5219 1246 5274 ordo
1287 5220 1340 5273 in
1393 5233 1490 5272 sua
1547 5233 1639 5271 ve-
1739 5217 2905 5284 eumdemannumunushistoricusejusdem
2930 5216 3070 5281 regis
3090 5213 3326 5266 ascribe-

67 5308 208 5374 tlicia
230 5323 324 5377 per
358 5326 422 5365 se
446 5310 771 5366 revolvitur.
817 5307 1077 5363 Eumdem
1124 5307 1639 5363 decemnovennalis
1741 5319 1824 5364 ret
1850 5307 2215 5377 temporibus,
2237 5323 2302 5362 eo
2329 5309 2472 5374 quod
2501 5308 2617 5374 ejus
2652 5315 2858 5374 partem
2881 5311 3164 5371 regnaret;
3187 5302 3328 5357 alter

67 5395 564 5468 lusarisqnecireuli
593 5399 1050 5465 annum,easdem
1075 5386 1297 5466 epactes
1326 5397 1483 5459 lunae,
1509 5397 1584 5449 sol

1810 5417 1869 5456 ro
1903 5401 2192 5455 historicus
2240 5399 2486 5451 eumdem
2536 5397 2837 5450 successori
2881 5395 3022 5449 illius
3054 5395 3232 5463 potius
3257 5394 3327 5446 ad

65 5491 402 5557 quoq-adies
428 5501 829 5550 concurrentes
867 5488 1114 5546 eamdem
1166 5487 1430 5544 decimam
1474 5502 1638 5556 quar-
1741 5492 2068 5545 titulandnm
2124 5496 2360 5556 putaret,
2409 5502 2474 5540 eo
2514 5487 2655 5555 quod
2687 5495 2741 5540 et
2780 5485 2868 5540 hic
2920 5495 3126 5553 partem
3173 5496 3327 5548 teque

70 5587 168 5634 tam
211 5581 436 5650 lunam,
469 5585 744 5644 eumdem
780 5582 1063 5640 dominica
1112 5579 1331 5638 Pascha:
1368 5581 1532 5642 diem.
1575 5597 1640 5636 ac
1741 5583 1857 5649 ejus
1884 5579 2107 5634 haberet
2176 5577 2229 5630 in
2288 5591 2474 5644 regno.
2517 5578 2716 5630 Verum
2780 5591 2850 5630 ne
2928 5591 3025 5646 per
3075 5573 3322 5640 hujusce-

71 5671 238 5726 lunam
286 5671 461 5743 ἡνία
508 5688 588 5728 ex
611 5673 806 5728 ordine
851 5675 1186 5729 restituens:
1219 5671 1360 5725 unde
1405 5673 1642 5726 secundo
1742 5670 1886 5726 modi
1937 5668 2325 5721 dissonantium
2381 5681 2536 5720 error
2590 5666 2923 5735 temporibus
2984 5662 3325 5722 inolesceret,

67 5773 200 5816 anno
222 5763 436 5829 dedi,
461 5779 633 5837 ιιιριιι
662 5763 1206 5834 prmu‘ﬂiooysius
1224 5760 1458 5831 scripsit,
1484 5759 1643 5829 quin-
1742 5767 1980 5812 statuere
2007 5753 2349 5817 iudictiones,
2401 5757 2597 5824 quibus
2651 5768 2878 5823 uterque
2920 5753 3177 5825 scriptor,
3218 5746 3327 5802 imo

65 5860 378 5918 Mus
423 5858 742 5930 trigesima
787 5853 1083 5914 telliusab
1123 5852 1495 5909 incarnatione
1536 5851 1641 5908 Do-
1745 5847 1908 5903 etiam
1936 5843 2124 5911 vulgus
2160 5843 2589 5914 omnitempore
2632 5856 2844 5900 cursura
2909 5840 3137 5894 acilliine
3192 5853 3318 5892 cou-
