3842 6242
493 378 598 435 595

989 377 1191 433 ΒΕυᾹΞ
1234 377 1685 434 VENERAIHLIS
1720 376 1997 433 UI’ERUM
2036 372 2211 430 PARS
2250 372 2291 427 Ι.
2332 404 2399 418 --
2443 370 2881 431 DlDASCALlCA
2922 373 3247 430 GENUINA.

3644 376 3723 433 596

489 498 745 547 servaret.
778 490 910 553 Quia
942 504 1038 556 pro
1070 490 1323 543 facditate
1343 503 1558 559 quoque
1580 488 1882 544 calculandi
1909 490 2065 556 quin-

2184 484 2297 547 rinl,
2328 492 2383 536 et
2414 489 2537 552 post
2562 480 2595 534 5
2618 490 2989 537 revertantur.-
3014 481 3084 535 Et
3117 481 3280 550 hujus
3309 482 3450 536 ordo
3478 482 3721 539 discretio-

489 580 661 633 decim
691 594 808 633 esse
834 580 1133 643 voluerunt,
1157 588 1235 647 ,ιιι
1280 579 1593 648 planissimo
1624 595 1869 648 numero,
1931 589 1986 634 et
2005 579 2070 634 ad

492 669 949 739 multiplicandum
985 672 1387 742 promptissimo
1433 639 1873 742 compendiosius
1898 682 2071 728 trans-

492 761 596 815 acti
651 761 907 831 temporis
954 770 1124 817 status
1163 762 1217 816 in
1265 762 1581 818 memoriam
1637 771 1820 832 posset
1866 763 2067 817 reduci.

491 850 757 919 incipiunt
781 861 959 905 autem
1017 852 1342 927 indictiones
1371 854 1438 907 ab
1474 862 1676 908 'octavo
1706 850 1932 908 Kalend.
1966 852 2068 906 Oc-

496 940 631 1001 tub.,
663 948 717 993 et
746 940 815 993 ibi
858 941 1237 997 terminantur.

564 1051 742 1104 Tertia
769 1050 974 1119 praefati
1018 1052 1201 1106 circuli
1231 1051 1369 1105 linea
1391 1053 1634 1107 continet
1654 1062 1873 1122 epactas
1929 1054 2049 1105 luna

493 1158 600 1206 res,
634 1158 750 1210 qua:
777 1144 842 1195 ad
866 1158 1081 1197 cursum
1130 1144 1259 1197 solis
1288 1145 1571 1198 annuatim
1612 1144 1838 1199 undenis
1884 1144 2072 1197 diebus

493 1249 799 1288 accrescere
847 1234 1045 1287 solent.
1098 1234 1228 1289 inde
1285 1244 1506 1303 epactaz‘
1549 1235 1741 1290 ϐιωεο
1782 1238 2067 1292 vocabulo.

499 1325 623 1376 Item
650 1323 981 1391 adjectiones
1007 1324 1181 1387 dictae,
1213 1340 1334 1393 quae.
1366 1340 1463 1394 per
1491 1342 1664 1380 annos
1700 1327 1941 1394 singulos
1973 1344 2073 1380 υπ-

493 1413 664 1466 decim
697 1413 924 1477 dierum,
958 1422 1018 1467 ut
1036 1414 1290 1480 diximus,
1324 1415 1730 1469 accumulentur
1758 1425 2065 1483 augmento.

496 1502 592 1556 Vel
642 1511 790 1556 certe
837 1518 955 1573 qum
999 1504 1064 1555 ad
1119 1504 1469 1558 inveniendas
1523 1490 1702 1573 quota:
1740 1507 1847 1559 sint
1895 1506 2093 1571 lunas,»

495 1586 852 1642 Kalenlarum
881 1572 1227 1657 duodecimo,
1251 1598 1306 1645 et
1334 1605 1434 1660 per
1471 1570 1642 1671 to/Ium
1688 1591 1942 1661 adjiciunt
1970 1570 2071 1647 an?

496 1693 644 1741 num,
671 1686 726 1731 ut
754 1689 957 1749 epactzu
983 1680 1128 1747 jure,
1167 1680 1221 1735 id
1248 1688 1335 1735 est
1382 1680 1732 1750 adjectiones,
1787 1692 2069 1737 vocantur.

499 1770 561 1823 Et
583 1767 797 1837 quidem
823 1786 917 1838 per
959 1778 1131 1825 totum
1182 1771 1308 1824 anni
1367 1782 1640 1827 vertentes
1689 1772 1898 1839 orbem,
1943 1790 2070 1829 suos

2186 573 2268 628 nis
2297 582 2522 627 cunctos
2551 588 2812 650 annorum
2844 574 3167 627 vertentium
3211 571 3591 641 complectitur
3614 574 3722 629 dies.

2173 661 2479 716 Meminisse
2520 662 2697 717 omnis
2741 662 3037 717 calculator
3073 662 3240 717 debet
3281 664 3503 718 easdem
3530 679 3723 719 concur-

2172 760 2354 804 rentes
2386 751 2516 805 solis
2547 751 2823 820 trigesimo
2854 751 3051 805 abhinc
3076 766 3217 805 anno
3242 766 3383 821 quas
3408 767 3478 806 ex
3514 754 3725 821 proximo

2172 853 2454 895 secuturus
2492 843 2708 895 easdem
2752 842 3053 911 sexaginta,
3088 859 3222 911 quas
3260 852 3319 897 et
3368 857 3597 912 quatuor
3630 860 3725 897 eas.

2174 931 2295 983 dem
2326 932 2639 999 nonaginta,
2668 947 2805 1000 quas
2842 939 2898 985 et
2935 948 3028 985 sex
3055 933 3274 986 easdem
3300 944 3518 988 centum
3549 934 3725 1005 viginti,

2174 1036 2309 1089 quas
2338 1030 2393 1074 et
2418 1031 2544 1075 octo
2587 1021 2803 1076 easdem
2833 1033 3049 1076 centum
3080 1023 3496 1091 quinquaginta,
3535 1040 3655 1093 quas
3683 1039 3726 1079 et

2175 1111 2384 1178 decem,
2415 1122 2469 1165 et
2515 1122 2742 1166 caeteras
2771 1113 2823 1167 in
2866 1114 3007 1167 hunc
3048 1114 3266 1167 modum
3306 1130 3432 1169 esse
3477 1117 3723 1171 redituras.

2175 1202 2510 1272 Quocunque
2543 1220 2768 1259 nmnero
2797 1204 3063 1261 anulorum
3114 1215 3389 1260 transacto
3434 1223 3727 1262 concurren-

2177 1302 2258 1346 tes
2283 1294 2423 1348 scire
2450 1295 2741 1360 desideras,
2769 1294 3016 1349 eumdem
3060 1311 3343 1349 numerum
3377 1298 3524 1351 vides
3550 1302 3727 1367 quoties

2176 1384 2372 1439 habeat
2402 1388 2613 1453 triginta
2643 1399 2697 1441 et
2724 1389 2989 1456 trigesima
3022 1397 3174 1459 parte
3213 1391 3510 1458 geminata,
3536 1409 3727 1447 concor—

2158 1476 2319 1531 ‘diam
2350 1481 2668 1533 verto-utinm
2710 1482 2991 1549 cognoscis
3029 1497 3321 1538 annorum.
3362 1483 3520 1539 Verbi
3561 1487 3725 1554 gratia.

2178 1569 2399 1622 trecenti
2441 1570 2620 1625 decies
2658 1571 2859 1625 habent
2899 1572 3133 1639 triginta.
3162 1573 3542 1643 Et'prupterea
3565 1576 3723 1630 eadem

2176 1668 2582 1718 concurrentes.
2636 1662 3020 1735 trecentesimo
3061 1678 3205 1719 anno
3246 1680 3369 1734 qua:
3408 1666 3589 1733 viginti
3626 1678 3725 1721 sunt

2177 1743 2387 1811 futurze,
2422 1748 2466 1802 si
2513 1748 2641 1818 quid
2680 1750 2875 1805 residui
2917 1749 3077 1806 luerit
3121 1762 3177 1807 et
3217 1755 3323 1809 hoc
3367 1756 3604 1823 adjicies.
3643 1756 3726 1810 Et»

496 1834 711 1927 quoque
732 1834 847 1915 dies
875 1861 1036 1915 habet
1066 1860 1627 1929 adjectioneslunares
1652 1863 1921 1918 undecim.
1938 1864 2069 1919 Nam

2184 1834 2296 1889 dem
2338 1836 2497 1893 modo
2536 1839 2698 1893 etiam
2738 1840 2789 1893 in
2831 1842 3101 1909 przeterita
3149 1847 3581 1899 concurrentiam
3616 1846 3723 1901 ordo

496 1952 644 2006 verbi
673 1952 841 2021 gratia
873 1954 916 2006 si
948 1954 1131 2020 hodie,
1157 1970 1276 2008 cum
1328 1956 1529 2016 scribo.
1578 1958 1762 2025 quinta
1818 1967 1901 2012 est
1946 1958 2071 2013 luna

497 2047 611 2113 ipsa
632 2045 735 2100 isto
764 2045 870 2111 die,
899 2054 1017 2114 post
1043 2062 1242 2101 annum
1274 2047 1540 2101 decimum
1564 2058 1776 2103 sextum
1798 2052 1902 2103 erit
1924 2051 2069 2114 luna,

497 2145 553 2189 et
582 2136 657 2189 sic
686 2151 901 2204 semper
930 2152 1027 2204 pro
1058 2138 1305 2191 undecim
1345 2138 1735 2206 adjectionibus
1781 2142 1935 2193 annis
1957 2141 2070 2195 sin-

495 2228 631 2295 gulis
654 2244 903 2282 crescens
930 2244 1095 2297 usque
1122 2229 1189 2282 ad
1219 2230 1569 2298 trigesimam,
1593 2239 1647 2284 et
1666 2232 1809 2299 quod
1835 2241 2075 2286 remanet

498 2327 609 2373 tota
638 2320 740 2372 erit
773 2319 919 2383 luna,
966 2335 1065 2373 nec
1106 2319 1295 2373 eadem
1330 2320 1441 2374 hinc
1495 2334 1612 2387 qme
1646 2336 1750 2374 non
1798 2330 1879 2373 est
1903 2323 2073 2389 prius-

496 2423 657 2477 quam
685 2410 867 2461 dc'cem
898 2416 954 2461 et
986 2424 1177 2461 novem
1204 2424 1468 2463 annorum
1494 2420 1720 2484 peracto
1755 2411 1956 2466 circulo
1978 2412 2073 2465 de-

498 2497 921 2569 cemnovennale
962 2508 1232 2552 annotatae
1274 2507 1399 2552 sunt
1436 2509 1640 2568 epactae
1688 2501 1863 2553 lunam
1914 2510 2074 2568 quota

502 2589 576 2642 sit
597 2574 647 2641 in
668 2587 952 2642 undecimo
972 2587 1195 2643 Kalend.
1222 2588 1439 2657 Aprilis,
1456 2592 1545 2644 ubi
1570 2592 1833 2659 paschalis
1856 2600 1935 2645 est
1957 2592 2076 2647 festi

500 2682 844 2751 principium,
876 2681 1092 2749 signant
1120 2683 1260 2737 hanc
1290 2684 1561 2752 prmllxam
1592 2684 1672 2739 sui
1702 2699 1895 2737 cursus
1924 2698 2079 2751 regn-

502 2778 630 2837 lam,
660 2787 873 2839 semper
902 2773 1255 2827 observantes
1299 2782 1358 2825 ut
1402 2774 1616 2841 quoties
1646 2774 1908 2827 minorem
1952 2791 2077 2827 sex-

500 2863 674 2915 decim
710 2878 989 2916 numerum
1017 2864 1235 2928 habent,
1268 2865 1571 2933 paschalem
1597 2865 1775 2921 lunam
1806 2865 2076 2935 przeferat.

500 2953 719 3019 Quolics
750 2962 930 3006 autem
953 2954 1214 3021 majorem
1243 2956 1295 3008 in
1321 2964 1633 3023 sequentem
1665 2956 1845 3013 lunam
1876 2960 2076 3028 pascha

502 3043 846 3112 quaerendum
877 3043 1234 3111 demonstret,
1282 3060 1509 3113 quarum
1539 3046 1689 3103 locus
1717 3049 1948 3105 annuale
1975 3065 2075 3103 un-

501 3133 714 3187 decimo
739 3132 1094 3187 Kalendarum
1126 3134 1339 3203 Aprilis.

575 3244 779 3309 Quarto
807 3243 1287 3299 decemnovennali
1318 3247 1500 3302 circuli
1533 3250 1750 3305 tramite
1789 3251 2077 3320 designan—

506 3341 594 3384 tur
622 3339 824 3399 epa.ta3
852 3331 1001 3393 solis,
1051 3332 1101 3385 id
1133 3342 1213 3387 est
1252 3346 1632 3390 concurrentes
1672 3350 1877 3408 septem
1925 3356 2083 3395 mane

506 3420 621 3474 dies
651 3420 805 3473 unius
833 3435 1047 3488 semper
1075 3431 1257 3475 ternos
1293 3438 1390 3490 per
1414 3440 1604 3488 annos,
1635 3426 1861 3481 duorum
1900 3438 2081 3482 autem

508 3523 603 3575 per
630 3523 826 3560 annum
869 3508 1225 3577 bissextilcm,
1259 3528 1424 3581 usque
1467 3513 1533 3567 ad
1568 3517 1852 3584 septimum
1899 3536 2081 3573 nume-

508 3612 622 3649 rum
655 3597 955 3664 adjectione
991 3610 1321 3655 crescentes.
1368 3602 1599 3666 Quarum
1644 3606 1876 3661 circulus
1922 3608 2084 3662 habet

507 3702 677 3740 annos
706 3694 896 3753 quater
919 3700 1190 3757 septenos,
1216 3689 1263 3741 id
1295 3701 1393 3756 est,
1427 3694 1612 3761 viginti
1633 3708 1778 3759 octo,
1809 3700 1898 3766 qui
1930 3701 2085 3754 nimi-

510 3797 625 3832 rum
668 3794 771 3832 l0ll
815 3787 941 3831 ante
990 3789 1163 3847 potest
1204 3786 1564 3837 consunmari
1609 3802 1767 3853 quam
1820 3790 2085 3845 bis-estus

510 3882 703 3939 quarto
732 3874 909 3926 redire
938 3876 1076 3926 solet
1108 3889 1270 3939 anno,
1304 3885 1527 3930 cunctos
1554 3886 1758 3945 septem
1786 3896 1943 3935 mane
1971 3883 2085 3937 dies

509 3964 802 4029 contingat.
869 3963 1197 4018 Dominicam
1264 3967 1511 4021 videlicet
1562 3970 1789 4038 primam
1847 3972 2083 4037 feriam,

510 4061 755 4119 quartam
789 4052 995 4110 feriam.
1030 4053 1319 4106 secundam
1346 4054 1553 4121 feriam,
1585 4059 1890 4124 sabbatum,
1922 4063 2083 4128 quin-
2124 4066 2127 4067 ⁷

515 4152 621 4195 tam
654 4141 862 4207 feriam,
895 4143 1105 4195 tertiam
1149 4142 1354 4195 feriam.
1391 4144 1505 4197 Hoc
1533 4147 1730 4199 etenim
1771 4148 1859 4201 ille
1897 4150 2087 4205 ordine

514 4234 700 4287 currit.
734 4232 973 4299 (Suntque
1012 4248 1135 4287 suas
1163 4248 1389 4301 qumque
1430 4236 1557 4288 anni
1597 4238 1710 4291 dies
1741 4239 1933 4294 habeat
1956 4257 2088 4295 con-

516 4330 814 4384 currentes,
846 4321 926 4373 hae
966 4336 1082 4387 qua:
1121 4323 1172 4374 in
1212 4322 1413 4377 circulo
1459 4334 1582 4378 sunt
1627 4326 1813 4381 adlixa:
1854 4344 2087 4391 concur-

516 4418 716 4473 rentes,
748 4410 1051 4479 specialiter
1078 4426 1194 4478 que
1242 4411 1310 4465 sit
1350 4429 1497 4468 nono
1543 4416 1900 4472 Kalendarum
1931 4421 2089 4489 Apri-

517 4502 644 4555 lium
675 4500 783 4555 fere
810 4501 1112 4568 designant,
1160 4502 1405 4557 videlicet
1434 4514 1491 4557 ut
1536 4496 1757 4575 propius
1785 4508 2089 4567 festivitatis

518 4591 786 4661 paschalis
816 4591 1039 4644 exordio
1078 4592 1263 4660 posita:
1303 4593 1553 4650 facillime
1582 4596 1720 4650 diem
1752 4609 2083 4668 epactarum,

519 4681 605 4734 vel
633 4680 852 4733 decimm
879 4689 1082 4747 Quart-.e
1114 4682 1251 4735 luna:
1279 4692 1455 4750 quota:
1485 4686 1611 4751 sint,
1646 4688 1789 4743 feria:
1829 4692 2084 4759 patulam,

518 4783 583 4823 ac
606 4782 703 4837 per
737 4768 840 4821 hoc
877 4768 943 4820 ad
974 4769 1238 4837 paschalis
1271 4772 1635 4828 inventionem
1666 4776 1769 4831 diei
1805 4779 2084 4847 Dominici,

521 4860 740 4925 planum
767 4857 968 4913 faciant
998 4850 1117 4913 iter.
1150 4859 1390 4929 Contigit
1430 4872 1608 4918 autem
1639 4868 1823 4921 eadem
1865 4886 2092 4925 concur-

521 4947 751 5002 rentium
789 4963 962 5001 annua
991 4948 1209 5016 diesque
1236 4951 1616 5007 calculatorem
1657 4958 1963 5014 meminisse
2002 4961 2090 5029 ju~

520 5046 636 5104 vat,
664 5045 718 5089 et
743 5036 850 5104 jam
878 5037 1113 5091 secundo
1142 5038 1362 5093 Kalend.
1398 5042 1610 5109 Aprilis,
1641 5047 1876 5113 septimo
1908 5049 2088 5106 Iduum

520 5126 738 5195 Aprilis,
767 5129 971 5183 decimo
999 5139 1193 5183 octavo
1224 5129 1447 5187 Kalend.
1472 5133 1798 5203 Martiarum,
1821 5154 1890 5193 ex
1925 5143 2088 5197 unde-

520 5219 661 5271 cimo
683 5216 905 5272 Kalend.
936 5221 1271 5276 earumdem.
1301 5224 1468 5292 Cujus
1499 5227 1683 5280 circuli
1715 5231 1834 5284 talis
1858 5245 1942 5286 est
1971 5251 2092 5288 cur-

519 5325 633 5371 sus,
667 5320 721 5360 nt
752 5310 1056 5377 quicunque
1084 5311 1339 5367 hissexlili
1368 5332 1508 5370 anno
1535 5327 1679 5381 sunt,
1706 5336 2090 5380 concm'rentcs

522 5396 621 5464 ipsi
652 5405 705 5449 et
734 5408 858 5451 ante
904 5400 1323 5468 quinquennium
1355 5405 1569 5461 fuerint.
1604 5409 1667 5461 Et
1710 5420 1832 5477 post
1858 5428 1950 5466 sex
1992 5431 2089 5467 an-

524 5502 621 5539 nos
662 5487 847 5540 futura:
884 5488 993 5541 sint
1019 5505 1136 5555 qua:
1169 5494 1341 5561 primo
1388 5496 1627 5550 bissexto
1655 5515 1797 5555 anno
1841 5513 1967 5557 sunt
1996 5522 2090 5559 ea-

520 5576 663 5638 dem,
694 5584 749 5629 et
778 5586 900 5629 ante
934 5594 1105 5632 annos
1139 5583 1383 5637 undecim
1418 5588 1743 5655 transierint,
1774 5602 1829 5647 et
1850 5606 1971 5664 pnst
1996 5615 2089 5653 sex

521 5662 707 5725 redeo,
736 5680 853 5733 qua:
881 5668 1119 5721 secundo
1146 5680 1268 5738 post
1293 5673 1326 5727 b
1347 5685 1584 5729 ssextum
1632 5662 1864 5748 eadem,‘
1884 5696 1937 5739 et
1967 5698 2091 5743 ante

522 5768 614 5806 sex
649 5769 817 5808 annos
857 5756 1035 5818 ierint,
1079 5769 1132 5812 ct
1167 5769 1286 5827 post
1314 5765 1573 5820 undecim
1621 5785 1921 5838 remanent,
1973 5795 2091 5847 qua:

524 5849 631 5899 tres
656 5851 774 5910 post
814 5845 1102 5901 bissextum
1151 5850 1282 5919 ipse,
1316 5862 1365 5906 et
1403 5865 1525 5911 ante
1555 5856 1586 5911 ti
1614 5876 1781 5919 annos
1811 5845 2086 5935 praeterie-

2175 1928 2412 1996 respicit.
2448 1929 2577 1984 ltem
2605 1932 2729 2001 quia
2771 1932 3001 1988 circulus
3031 1932 3233 1989 lunaris
3257 1937 3725 1995 decemnovennalis

2175 2021 2452 2088 przesentis
2492 2025 2616 2076 anni
2654 2034 2858 2092 epactre
2898 2025 3155 2091 vigesimo
3197 2044 3343 2083 anno
3384 2031 3620 2093 redeunt,
3654 2048 3722 2086 se-

2174 2113 2391 2179 quentis
2411 2112 2606 2167 abhinc
2626 2112 3035 2181 quadragesimo
3058 2116 3220 2181 tertii,
3238 2120 3572 2188 sexagesimo
3596 2137 3717 2193 quar-

2175 2203 2233 2264 ti,
2276 2203 2644 2270 octuagesimo
2686 2202 2879 2271 quinti,
2922 2206 3221 2259 centesimo
3262 2209 3425 2273 sexti,
3467 2213 3725 2270 centesimo

2174 2295 2435 2359 vigesimo
2474 2294 2721 2361 septimi,
2762 2295 3059 2348 centesimo
3098 2296 3512 2367 quadragesimo
3553 2299 3724 2365 octavi,

2175 2383 2481 2437 centesimo
2507 2382 2842 2437 sexatesimo
2876 2384 3020 2449 noni,
3064 2388 3363 2441 centesimo
3390 2389 3723 2465 octuaggsiiuo

2174 2475 2368 2529 decimi
2407 2490 2572 2541 anno,
2607 2483 2661 2529 et
2699 2485 2892 2529 cetera
2932 2476 3193 2531 similiter.
3242 2477 3397 2543 Quod
3439 2490 3492 2534 et
3529 2482 3593 2534 de
3629 2482 3726 2534 luna

2175 2573 2364 2633 quarta
2400 2563 2607 2617 decima
2639 2564 2848 2633 pasciuc
2869 2566 3185 2634 czeterisqne
3219 2582 3340 2637 qua:
3364 2570 3725 2625 decemnoreu-

2178 2655 2283 2707 nali
2310 2654 2509 2708 circulo
2543 2654 2907 2717 includuntur,
2946 2671 3101 2726 mque
3142 2657 3424 2713 sciendum
3465 2672 3561 2723 est,
3603 2678 3634 2731 p
3669 2671 3727 2714 te.

2177 2742 2247 2795 rit
2275 2742 2499 2808 diligens
2533 2743 2831 2797 calculator
2864 2745 3027 2798 etiam
3070 2730 3396 2813 prolixiores
3416 2752 3512 2805 sibi
3552 2761 3729 2819 tempo-

2178 2846 2295 2884 rum
2325 2834 2661 2909 sequentium
2703 2843 2966 2887 annotare
3009 2849 3283 2901 recursus,
3319 2838 3516 2905 quibus
3548 2856 3729 2909 semper

2178 2923 2481 2977 meminerit
2517 2924 2681 2977 etiam
2725 2925 2980 2993 praeteriti
3019 2927 3118 2979 ιενί
3163 2922 3470 2995 congruere
3506 2941 3703 2985 statum.

2249 3013 2446 3081 Quinta
2494 3014 2679 3069 circuli
2745 3017 3256 3071 decimnovennalis
3298 3022 3521 3089 regione
3565 3021 3731 3075 lunaris

2182 3104 2416 3159 circulus
2442 3104 2759 3169 includitur,
2785 3120 2815 3158 a
2848 3114 3041 3175 quarto
3064 3107 3181 3172 ejus
3208 3108 3498 3178 incipiens,
3523 3121 3572 3164 et
3601 3112 3733 3164 tertio

2105 3191 2152 3255 C
2183 3196 2497 3263 complexus
2526 3195 2580 3248 in
2610 3210 2755 3249 anno
2787 3196 2874 3266 qui
2904 3197 3122 3265 proprie
3168 3196 3538 3254 Romanorum
3558 3242 3571 3262 .
3600 3209 3650 3254 et
3670 3210 3733 3251 est

2111 3331 2124 3339 .
2184 3283 2251 3337 ad
2299 3299 2540 3337 mensem
2573 3282 2885 3337 Jannarium
2916 3286 3213 3351 pertinens.
3249 3286 3384 3341 Nam
3417 3290 3555 3343 sicut
3592 3305 3734 3343 annus

2181 3371 2411 3438 quisque
2461 3371 2971 3427 decemnovennalis
3017 3372 3205 3427 circuli
3258 3389 3487 3445 propter
3540 3379 3733 3446 legalem

2183 3462 2533 3520 Hebraeorum
2556 3463 2987 3518 observationem
3012 3480 3041 3517 a
3068 3467 3310 3533 paschali
3332 3484 3520 3523 mense
3548 3469 3737 3525 inclinat

2185 3552 2489 3619 ibidemque
2537 3551 2753 3618 finitur;
2804 3552 2874 3605 ita
2912 3562 2963 3608 et
3007 3552 3095 3608 hic
3135 3555 3510 3613 Romanorum
3546 3561 3735 3629 insuitu-

2189 3642 2332 3693 tioue
2362 3656 2390 3694 a
2420 3641 2543 3694 luna
2566 3640 2805 3695 Januarii
2838 3642 3060 3696 inchoat
3088 3652 3252 3712 atque
3276 3646 3347 3700 ibi
3376 3648 3592 3702 desinit.
3611 3647 3737 3703 Sient

2186 3740 2242 3783 et
2286 3731 2395 3792 ille,
2441 3731 2521 3785 sic
2566 3740 2620 3785 et
2652 3733 2751 3785 iste
2783 3731 3013 3800 primum
3045 3740 3102 3786 et
3126 3735 3426 3790 secundum
3458 3754 3735 3791 communes

2186 3835 2396 3881 annos,
2451 3821 2672 3873 tertium
2727 3820 2891 3875 habet
2940 3821 3362 3890 embolismum,
3419 3837 3659 3895 quartum
3698 3834 3738 3879 et

2186 3910 2430 3978 quintmn
2452 3924 2789 3977 communes,
2807 3918 3017 3965 sextum
3047 3913 3453 3979 embolisrnum,
3484 3916 3737 3986 septimam

2189 4014 2549 4062 connnunem,
2584 4009 2834 4054 octavum
2868 4000 3267 4057 embolismum.
3314 4001 3597 4060 Hendecas
3630 4020 3737 4072 quae

2187 4104 2293 4157 que
2320 4090 2505 4144 circuli
2550 4089 2754 4144 lunaris
2786 4090 2955 4150 instar
2994 4091 3535 4162 decemnovennalis.
3566 4104 3739 4164 septem

2190 4193 2361 4232 annos
2393 4194 2728 4241 communes,
2762 4188 2815 4233 et
2843 4189 3074 4249 quatuor
3113 4182 3277 4236 habet
3304 4182 3667 4238 embolismos.
3694 4180 3741 4233 Et

2190 4266 2353 4321 habet
2372 4282 2683 4320 communes
2703 4268 2829 4321 anni
2854 4283 3064 4322 menses
3086 4270 3305 4325 lunares
3327 4271 3635 4337 duodecim,
3653 4271 3743 4325 dies

2194 4363 2465 4411 trecentos
2511 4357 2899 4425 quinquaginta
2947 4367 3200 4428 quatuor.
3250 4358 3570 4417 Embnlismi
3598 4371 3742 4416 autem

2193 4461 2406 4501 menses
2437 4447 2715 4511 tredecim,
2746 4450 2862 4502 dies
2885 4459 3188 4504 trecentum
3214 4444 3495 4520 octoginta
3526 4466 3741 4523 quatuor.

2197 4534 2400 4589 Praeter
2447 4552 2610 4589 unum
2640 4536 2903 4591 duntaxat
2941 4539 3241 4594 octodecim
3284 4544 3422 4610 cycli
3476 4544 3631 4612 hujus
3668 4558 3745 4595 an-

2198 4642 2349 4691 num,
2380 4626 2473 4694 qui
2518 4635 2597 4680 est
2630 4627 3137 4684 decemnovennalis
3164 4632 3391 4699 primus,
3422 4634 3478 4688 in
3507 4650 3613 4705 quo
3638 4648 3745 4687 unus

2194 4715 2308 4769 dies
2335 4716 2545 4771 ratione
2589 4718 2758 4771 saltus
2791 4719 2993 4774 lunaris
3036 4720 3399 4792 intercipitur.
3444 4723 3507 4782 Si
3535 4727 3615 4781 vis
3637 4726 3747 4779 scin

2192 4817 2357 4875 quota
2388 4808 2459 4860 sit
2488 4808 2613 4862 luna
2642 4807 3004 4864 Kalendarum
3034 4809 3279 4867 Januarii
3327 4831 3425 4883 per
3466 4833 3655 4873 novem
3676 4816 3747 4869 de

2192 4896 2296 4949 cim
2340 4911 2531 4961 annos,
2560 4912 2712 4952 sume
2759 4902 2966 4970 cyclmn
3007 4901 3150 4956 lunai
3196 4906 3525 4973 quemlibet,
3560 4919 3615 4963 ut
3648 4914 3745 4975 βω
3800 4960 3803 4971 χ

2193 4986 2449 5054 quinque.
2478 4986 2770 5057 Multiplica
2797 5004 2893 5059 per
2915 4991 3180 5058 undecim,
3209 4996 3345 5048 fiunt
3366 4998 3745 5067 quinquaginta.

2193 5076 2342 5130 Adde
2377 5093 2541 5129 unum
2583 5092 2801 5147 semper
2843 5082 3171 5149 regularem,
3216 5083 3351 5137 llunt
3392 5088 3747 5156 quinquagim
3794 5076 3799 5083 ”

2191 5179 2320 5226 sex;
2355 5166 2555 5233 partire
2586 5180 2682 5233 per
2712 5166 2949 5233 triginta,
2991 5180 3275 5224 remanent
3328 5172 3525 5238 viginti
3553 5190 3665 5237 sex.
3686 5172 3747 5224 νὶ-

2193 5253 2394 5320 gesima
2438 5264 2591 5308 sexta
2633 5265 2717 5309 est
2752 5257 2875 5311 luna
2918 5260 2968 5312 in
2997 5257 3284 5324 Kalendas,
3313 5246 3607 5323 Ianuarias
3636 5278 3749 5320 anu

2194 5343 2386 5411 quinto
2416 5345 2553 5415 cycli
2577 5345 3111 5407 decemnovennalis.
3136 5353 3268 5407 Item
3292 5369 3453 5411 sume
3477 5368 3625 5425 octo,
3644 5352 3751 5411 tall-

2196 5430 2376 5499 tiplica
2428 5448 2526 5501 per
2580 5435 2862 5502 undecim,
2916 5437 3050 5491 ﬁunt
3097 5440 3375 5507 octoginta
3425 5455 3587 5501 octo.
3632 5436 3777 5499 AHI‘

2195 5535 2361 5574 unum
2395 5523 2719 5589 regularem.
2759 5536 2816 5579 et
2844 5529 3047 5595 partire
3084 5544 3183 5597 per
3224 5532 3471 5599 triginta,
3502 5536 3751 5591 rem“

2192 5609 2378 5677 viginti
2425 5628 2643 5681 novem,
2689 5624 2773 5670 est
2822 5617 2947 5671 luna
3007 5618 3060 5671 in
3102 5616 3329 5676 Kalend.
3375 5622 3783 5697 supusaﬂi

2192 5716 2334 5757 anno
2362 5706 2498 5775 cycli
2530 5705 2733 5762 lunaris
2762 5717 2979 5763 octavo.
3014 5709 3247 5785 Tantum
3279 5727 3500 5771 memor
3527 5724 3647 5781 esui
3674 5708 3755 5773 ὺ-

2190 5790 2317 5845 cimi
2360 5793 2524 5857 sexti,
2568 5804 2623 5848 et
2670 5796 2866 5850 decimi
2908 5798 3106 5861 octavi,
3150 5808 3207 5853 et
3250 5800 3448 5858 decimi
3482 5792 3771 5877 nulla?!“

2194 5883 2473 5937 memorati
2512 5885 2658 5947 anni,
2694 5901 2799 5941 uon
2828 5902 2987 5943 unum
3039 5897 3095 5943 ut
3123 5890 3176 5947 in
3222 5891 3474 5963 reliquis,
3505 5892 3603 5955 Sed
3642 5880 3777 5955 dit]
