3842 6242
80 451 159 506 531

1283 435 1368 488 or;
1411 430 1711 486 ItA'l‘lUNE
1751 430 2076 486 conrurt.
2169 407 2174 412 ’

3157 456 3159 459 τ
3193 430 3293 484 37-93

75 561 237 618 ιίίάετε
255 554 540 625 “mares,
568 557 624 606 ⁸⁸
653 548 832 604 lunam
859 541 1082 599 Kalend.
1117 540 1352 596 Januarii
1378 539 1497 595 Sine
1517 553 1607 594 ει·-
1635 541 1686 598 A
1785 537 1985 591 Octava
2031 534 2216 590 circuli
2268 543 2414 588 meta
2467 532 2775 604 panduntur
2832 534 2969 587 lunae
3021 533 3296 588 dominica!

309 659 433 700 nes.

309 661 433 700 nes.

78 661 454 806 ωξεὲιῗςεεγοιί
477 733 632 788 locus
657 726 998 799 amplectitur
1023 726 1180 779 lunas
1199 720 1614 792 quatuordeeim

77 833 202 907 primi
233 828 440 896 mensis,
472 826 570 896 qui
608 821 878 894 paschalis
905 817 1161 874 dominici
1190 815 1333 870 diem
1383 811 1608 879 singulis

73 902 199 980 annis
221 922 409 990 absque
444 916 598 974 omni
627 911 976 982 ambiguitate
1013 908 1409 962 demonstrent.
1452 902 1615 957 Nam-

72 990 160 1085 que
187 1023 299 1085 post
333 1011 605 1066 decimam
633 1013 898 1077 -quartam
950 1003 1131 1057 lunam
1179 999 1449 1054 dominica
1499 995 1615 1051 dies

73 1108 287 1172 occurrit,
318 1106 432 1176 ipsa
463 1113 550 1159 est
579 1100 847 1173 paschalis
888 1096 1170 1153 dominicae
1197 1088 1615 1147 resurrectionis

71 1200 179 1254 dies.
213 1197 305 1264 Qui
343 1195 568 1265 quidem
614 1191 826 1247 decima
862 1195 1057 1257 quarta
1104 1185 1230 1238 luna
1275 1180 1506 1251 primum
1562 1177 1614 1232 in

72 1288 364 1355 aquiuoctio,
394 1287 450 1340 id
479 1293 568 1339 est
594 1281 915 1337 duodecimo
945 1275 1304 1330 Kalendarum
1331 1270 1610 1341 Aprilium.

73 1380 292 1439 Ultimum
321 1377 586 1446 vigesimo
628 1388 772 1429 nono
801 1371 997 1426 abhinc
1036 1368 1145 1435 die,
1176 1366 1228 1420 id
1276 1373 1360 1418 est
1403 1362 1614 1416 decimo

71 1479 232 1538 quarto
256 1467 618 1522 Kalendarum
642 1464 922 1527 Maiarum,
955 1473 1110 1516 suum
1136 1469 1364 1526 vespere
1394 1467 1616 1523 proces-

66 1575 163 1613 sum
182 1559 324 1613 terris
344 1556 610 1612 ostendit.
631 1553 841 1620 Quibus
865 1550 1108 1605 terminis
1129 1562 1227 1616 per
1245 1561 1420 1600 annos
1443 1543 1615 1596 denos

69 1660 113 1702 et
138 1663 351 1704 novenos
373 1647 540 1714 legali
565 1655 809 1714 tempore
838 1641 1104 1712 paschalis
1125 1637 1478 1694 observantiae
1505 1635 1615 1689 dis-

63 1753 221 1792 cursus
246 1745 456 1793 constat
493 1749 614 1790 csse
645 1734 1087 1802 comprehensos.
1119 1728 1175 1783 Si
1205 1735 1284 1782 vis
1313 1743 1410 1796 per
1453 1738 1613 1792 argu-

63 1836 270 1881 mentum
315 1827 582 1882 decimam
635 1833 880 1894 quartam
923 1824 1103 1877 luuam
1148 1820 1410 1884 invenire,
1464 1831 1616 1872 sume

61 1930 250 1986 epactas
281 1918 494 1971 lunares
521 1916 650 1970 anni
677 1916 835 1982 cujus
859 1913 1114 1971 volueris,
1148 1921 1202 1966 et

61 2011 180 2064 rimo
217 2020 420 2078 quarto,
472 2009 560 2063 vel
607 2006 955 2076 quindecitno
1002 2020 1046 2057 St
1203 2001 1483 2056 undecimo
1533 1998 1612 2051 wl

57 2099 347 2155 duodecimo
366 2097 599 2153 Kalend.
626 2096 845 2166 Aprilis,
870 2095 957 2148 die
981 2095 1191 2147 decimo
1215 2100 1410 2159 quarto
1436 2090 1524 2142 lun
1565 2105 1615 2141 [ιι

59 2193 220 2246 venire
243 2199 552 2260 cognoscat.
589 2189 726 2255 Quia
755 2188 1003 2242 nimirum
1033 2184 1391 2238 Kalendarum
1424 2196 1618 2250 supra-

57 2284 350 2352 scriptarum
391 2283 646 2352 proprius
693 2289 777 2335 est
817 2279 1056 2334 omnium
1100 2278 1250 2330 locus
1280 2283 1615 2343 epactarum.

55 2373 133 2425 Sin
159 2381 330 2427 autem
352 2372 639 2440 pauciores
669 2379 796 2424 sunt
826 2376 1052 2436 epanta‘,
1085 2366 1321 2420 dimittas
1349 2379 1444 2419 eos
1474 2379 1620 2418 cres-

56 2479 161 2516 cere
181 2480 268 2534 per
289 2463 426 2530 dies,
447 2478 623 2533 usque
643 2463 771 2516 dum
794 2460 1060 2515 decimum
1083 2467 1337 2527 quartum
1360 2456 1622 2527 impleant

54 2571 332 2620 numerum,
359 2565 416 2611 et
439 2557 513 2610 ibi
545 2571 606 2610 se
637 2555 819 2608 lunam
852 2552 1065 2621 pascha:
1095 2551 1300 2604 habere
1330 2564 1438 2605 non
1466 2548 1622 2602 dubi-

57 2655 135 2696 tet.
179 2645 342 2698 Porro
387 2647 570 2712 plures
613 2645 971 2712 quindenario
1003 2656 1230 2696 numero
1279 2641 1325 2694 si
1372 2638 1623 2695 habuerit

50 2747 266 2803 «pactas,
299 2745 355 2791 et
405 2738 503 2790 bas
533 2750 707 2803 usque
744 2735 810 2788 ad
844 2735 1196 2797 tricesimum,
1248 2731 1299 2786 id
1345 2740 1428 2786 e~t
1457 2731 1622 2800 ipsius

53 2827 316 2880 terminum
358 2828 564 2881 mensis
593 2841 691 2895 per
715 2824 831 2878 dies
871 2837 1120 2878 crescere
1163 2823 1324 2886 sinat.
1361 2819 1426 2873 Et
1472 2820 1554 2874 sic
1592 2833 1620 2871 a

51 2932 170 2969 nova
199 2917 320 2970 luna
352 2918 640 2981 inchoans,
667 2924 830 2985 atque
863 2929 1032 2980 usque
1059 2913 1124 2966 ad
1153 2911 1420 2966 decimam
1462 2924 1626 2977 quar-

53 3017 147 3059 tam
190 3023 251 3061 ex
300 3009 494 3062 ordine
535 3022 858 3078 percurrens
913 3006 1054 3059 diem
1103 2998 1254 3059 votis.
1291 3000 1626 3071 paschalibus

49 3106 213 3164 aptum
241 3097 342 3152 rite
372 3096 668 3168 reperiret.
700 3094 806 3149 Sed
839 3096 940 3148 hoc
985 3093 1281 3145 notandum
1312 3089 1453 3158 quod
1480 3087 1624 3141 deci-

51 3203 127 3240 ma
154 3196 338 3256 quarta
378 3187 532 3250 luna,
577 3185 621 3240 si
672 3181 974 3238 communis
1003 3189 1087 3234 est
1132 3194 1324 3242 annus,
1379 3177 1623 3231 undecim

1717 625 1948 696 paschr,
1979 632 2199 694 propter
2220 623 2513 677 variantem
2537 622 2776 690 ejusdem
2801 621 3084 678 dominica:
3109 639 3296 678 occur-

1715 734 1832 774 sum
1854 725 2061 787 septem
2088 715 2299 770 dierum
2330 715 2535 769 ambitu
2567 714 2805 780 inclustc,
2837 714 2888 770 id
2921 723 3007 769 est
3035 730 3065 769 a
3092 714 3298 769 decium

1714 808 1902 878 quinto
1931 820 2099 874 usque
2126 805 2443 875 vigesimum
2474 805 2732 873 primum,
2761 803 2850 873 qui
2876 820 2972 872 pro
2993 811 3164 868 certo,
3188 803 3300 856 dies

1716 897 2063 955 celeberrima
2112 895 2244 964 legis
2271 895 2380 949 sint
2421 894 2775 948 adnotatione
2820 893 3047 962 przelixi,
3088 892 3300 946 dicente

1719 988 2202 1046 Doniinoul’rima
2249 1002 2456 1052 mense,
2487 985 2699 1040 decimo
2745 997 2938 1054 quarto
2980 986 3068 1038 die
3110 985 3303 1037 mensis

1715 1079 2009 1135 comedetis
2062 1092 2283 1148 azyma,
2343 1089 2516 1144 usque
2573 1073 2639 1127 ad
2691 1074 3006 1140 vigesimum
3070 1073 3302 1140 primum

1715 1171 1916 1226 mensis
1965 1170 2032 1224 ad
2084 1182 2392 1236 vesperam,
2439 1174 2649 1234 septem
2693 1163 2883 1217 diebus
2927 1165 3302 1214 fermentatum

1718 1277 1822 1315 non
1854 1259 2160 1314 invenietur
2191 1255 2244 1309 in
2283 1253 2532 1308 domibus
2559 1250 2949 1307 vestrisnﬂum
2983 1250 3141 1319 primi
3179 1266 3298 1315 sep-

1718 1363 1848 1417 tem,
1879 1365 1997 1419 qua:
2037 1347 2154 1417 ejus
2183 1346 2391 1400 dierum
2423 1358 2738 1414 azymorum
2785 1359 2926 1397 nunc
2973 1340 3151 1410 regula
3185 1341 3304 1392 ta’is

1716 1454 1822 1511 est,
1853 1452 1910 1496 ut
1940 1456 2058 1511 qua:
2088 1447 2209 1508 post
2234 1436 2618 1506 aequinoctium
2668 1433 3009 1503 quindecima
3055 1432 3177 1484 luna
3209 1446 3301 1484 oc—

1717 1533 1948 1589 currerit
1971 1528 2130 1599 primi
2148 1527 2371 1590 mensis,
2391 1525 2719 1592 intelligatur
2737 1533 2791 1579 et
2812 1523 2916 1576 hoc
2930 1534 3305 1590 quemcunque

1717 1632 1926 1693 septem
1954 1619 2187 1683 dierum,
2224 1631 2394 1683 usque
2422 1617 2488 1669 ad
2520 1615 2834 1668 vicesimum
2880 1613 3106 1681 primum
3137 1610 3308 1665 domi-

1720 1714 1891 1767 nicam
1922 1708 2218 1778 acceperit,
2244 1704 2516 1775 paschalis
2544 1704 2666 1758 festi
2690 1704 2898 1772 gaudiis
2926 1711 3108 1772 aptum
3138 1703 3307 1769 porri-

1719 1811 1828 1871 gat.
1855 1800 1971 1855 lloc
2018 1810 2198 1852 autem
2230 1812 2330 1866 pro
2372 1802 2526 1850 certo
2575 1795 2713 1849 scire
2743 1795 2907 1848 debes
2930 1795 3072 1863 quod
3114 1795 3158 1847 si
3187 1794 3308 1846 luna

1229 1910 1493 1979 Siquidem
1523 1908 1614 1960 de-
1649 1903 1693 1962 Β
1721 1894 1925 1947 decima
1958 1902 2150 1959 quarta
2181 1888 2338 1957 primi
2370 1885 2572 1940 mensis
2613 1886 2666 1938 in
2699 1884 3032 1938 Dnminicum
3065 1883 3309 1937 inciderit

1717 1984 1881 2044 diem,
1908 1977 2222 2034 omnimodo
2255 1977 2306 2029 iu
2337 1975 3036 2044 septimanamsequentem
3063 1987 3182 2027 esse
3211 1969 3310 2024 dil-

1719 2071 2016 2128 ferendum.

1885 2219 2015 2274 CAP.
2053 2216 2236 2272 XVIII.
2261 2249 2330 2260 —-
2354 2216 2431 2270 De
2459 2217 2653 2270 circulo
2684 2232 2875 2289 magno
2905 2215 3149 2270 siderum.

1792 2373 2038 2428 tli'culns
2069 2371 2290 2427 Pasehre
2322 2386 2549 2441 magnus
2578 2380 2683 2435 est,
2713 2372 2804 2440 qui
2837 2372 3191 2441 rnult'plicato
3217 2388 3310 2440 ptr

1721 2466 1949 2520 invicem
1982 2463 2146 2518 solari
2178 2479 2241 2518 ac
2272 2463 2444 2516 lunari
2465 2463 2642 2534 cyclo,
2667 2464 2974 2532 quingentis
3005 2471 3059 2517 et
3092 2463 3307 2530 triginta

1722 2560 1936 2614 duobus
1965 2555 2254 2611 coniicitur
2278 2557 2454 2610 annis.
2487 2556 2615 2611 Sive
2644 2557 2788 2610 enim
2819 2556 2998 2611 decies
3026 2556 3212 2610 novies
3237 2554 3322 2607 vi-

1723 2652 1840 2707 ceni
1874 2661 1926 2706 et
1951 2649 2156 2713 octoni,
2189 2663 2283 2702 seu
2313 2647 2480 2702 vicies
2507 2648 2679 2703 octies
2703 2647 2824 2702 deni
2856 2663 2918 2702 ac
2947 2648 3138 2701 uovcni
3177 2646 3312 2700 mul-

1726 2743 2058 2811 tiplicentttr,
2088 2739 2503 2808 quingentorum
2537 2739 2755 2806 triginta
2780 2741 3006 2792 duoruru
3033 2751 3313 2791 numerum

1726 2832 2027 2900 complent.
2062 2829 2216 2885 Unde
2242 2829 2302 2884 Iit
2325 2840 2383 2884 ut
2413 2830 2556 2884 idem
2587 2829 2823 2885 circulus
2851 2844 3075 2897 magnus
3099 2829 3284 2883 decen-

1728 2922 2076 2987 novennalis,
2126 2921 2266 2976 luna:
2297 2920 2532 2977 circulus
2572 2920 2758 2987 viginti
2808 2931 2953 2983 octo,
2983 2920 3112 2974 solis
3141 2928 3243 2971 aut.

1728 3017 1819 3082 qui
1858 3015 2064 3068 vicenis
2095 2999 2419 3083 octoniSque
2449 3013 2810 3068 consummari
2838 3013 3015 3066 Solent
3040 3010 3193 3063 annis
3225 3025 3329 3062 no-

1728 3104 2050 3165 vemdecim,
2079 3101 2278 3155 habeat
2301 3103 2384 3156 bis
2403 3109 2616 3155 sextum
2641 3102 2819 3155 decies
2843 3101 3028 3154 novies
3043 3109 3317 3168 septi-nos,

1731 3196 1784 3251 id
1827 3205 1912 3250 est
1955 3203 2175 3250 centum
2215 3193 2431 3262 triginta
2478 3202 2592 3247 tres
2629 3207 2845 3247 menses
2883 3193 3106 3252 solares.
3158 3191 3321 3243 vicies

48 3279 215 3334 diebus
263 3280 453 3350 prius;
497 3278 546 3331 si
589 3291 718 3331 vero
747 3273 1118 3339 embolismus,
1162 3272 1406 3327 decimus
1453 3286 1621 3326 nonus

1735 3288 1907 3344 octies
1936 3285 2229 3341 ducentum
2259 3283 2448 3354 viginti
2481 3294 2606 3339 octo
2627 3322 2641 3348 ,
2675 3284 2726 3338 id
2755 3292 2920 3338 est.oi.
2940 3293 2992 3337 to
3027 3282 3189 3336 millia
3219 3281 3318 3333 du-

49 3374 254 3437 tardius,
286 3389 453 3444 quam
495 3371 837 3444 prrecedente
881 3385 1024 3423 anno
1057 3368 1366 3431 transierat,
1416 3382 1632 3437 semper

50 3463 210 3517 redire
229 3465 522 3519 consuevit
543 3480 559 3530 ;
583 3472 815 3530 excepto
838 3475 946 3513 uno
967 3460 1229 3512 duntaxat
1252 3459 1426 3526 primo
1443 3457 1630 3510 circuli

48 3555 555 3610 decemnovenualis
586 3567 752 3615 anno,
777 3551 830 3604 in
851 3567 960 3620 quo
983 3557 1210 3620 propter
1229 3548 1498 3602 rationem
1525 3549 1632 3602 sal-

51 3653 124 3696 tu,
145 3645 361 3709 lunaris,
387 3644 680 3699 duodecim
706 3642 894 3696 diebus
914 3640 1232 3693 annotinum
1255 3653 1470 3694 cursum
1496 3652 1633 3707 pra:-

43 3753 244 3792 currere
268 3738 431 3793 solet.

109 3829 346 3898 Septimo
375 3824 894 3883 decemnoveunalis
937 3821 1126 3878 circuli
1175 3822 1332 3877 titulo
1362 3821 1478 3875 dies
1509 3835 1634 3889 pas.

43 3921 146 3972 (πίω
189 3919 504 3975 dominicus
553 3915 1059 3988 comprehenditur,
1109 3915 1203 3983 qui
1250 3914 1318 3968 de
1361 3911 1630 3966 dominica

46 4010 199 4063 nostri
228 4008 542 4063 Salvatoris
588 4005 987 4060 resurrectione
1016 4019 1046 4057 a
1086 4002 1318 4057 mortuis
1348 4000 1630 4054 exordium

39 4099 213 4167 rapit.
262 4097 401 4153 Nam
437 4113 564 4151 cum
596 4096 648 4148 in
680 4095 860 4148 Veteri
888 4093 1236 4147 Testamento
1271 4089 1442 4141 tribus
1472 4101 1632 4154 argu-

40 4197 332 4241 mentorum
385 4185 632 4247 indiciis,
682 4181 900 4236 Pascha:
958 4190 1169 4248 tempus
1215 4180 1287 4234 sit
1337 4181 1630 4233 observare

37 4285 358 4344 pra-ceptum
388 4293 402 4328 :
438 4275 615 4344 prima
651 4271 902 4326 videlicet
952 4280 1009 4324 ut
1050 4279 1171 4340 post
1207 4271 1627 4339 aequinoctium;

35 4366 287 4434 secunda,
321 4375 384 4419 ut
413 4379 608 4419 mense
637 4364 847 4432 primo;
877 4364 1058 4426 tertia,
1090 4372 1148 4414 ut
1175 4361 1329 4416 tertia
1389 4363 1505 4428 ejus
1543 4375 1626 4414 se-

34 4457 280 4526 ptimana,
300 4456 352 4510 id
377 4465 469 4510 est
492 4470 521 4506 a
545 4467 771 4522 vespera
794 4452 998 4506 decima
1027 4459 1217 4521 quarta
1245 4450 1383 4504 luna:
1400 4465 1518 4518 qua:
1544 4456 1629 4503 est

35 4551 231 4604 initium
256 4547 467 4604 decimi
497 4546 696 4618 quinti,
721 4559 890 4614 usque
918 4544 969 4620 in
998 4558 1299 4613 vesperam,
1326 4542 1380 4597 id
1407 4551 1489 4599 est
1519 4551 1627 4597 ter-

1731 3387 1920 3436 centos
1949 3376 2227 3445 octoginta
2257 3385 2512 3444 quatuor.
3233 3435 3235 3437 ι

1739 3510 1747 3518 .
1803 3469 2015 3522 Menses
2047 3476 2226 3521 autem
2260 3467 2494 3530 lunares,
2537 3466 2704 3519 vicies
2733 3463 2906 3518 octies
2936 3462 3200 3516 ducentos
3225 3462 3321 3514 tri-

1732 3557 1879 3625 ginta
1906 3555 2168 3624 quinque,
2223 3553 2292 3607 id“
2318 3566 2402 3608 est
2436 3569 2526 3607 sex
2562 3553 2730 3607 millia
2758 3553 3050 3621 quingenta
3082 3561 3137 3604 et
3166 3560 3321 3604 octo-

1733 3648 1882 3717 ginta
1911 3646 2050 3711 dies,
2096 3644 2338 3715 exceptis
2385 3645 2639 3702 bissextis
2672 3644 2836 3698 vicies
2881 3643 3052 3698 octies
3082 3627 3320 3711 quinth

1734 3736 1901 3792 millia
1945 3735 2273 3802 noningenta
2321 3735 2512 3802 viginti
2564 3735 2819 3804 quinque,
2873 3732 2925 3786 id
2974 3742 3056 3787 est
3105 3737 3322 3785 centum

1736 3825 2029 3894 nonaginta
2060 3831 2302 3892 quatuor
2332 3824 2520 3890 millia,
2552 3832 2607 3877 et
2635 3832 2850 3877 centum
2879 3821 3171 3893 octoginta.
3213 3820 3325 3889 Ap-

1737 3917 1927 3986 positis
1971 3923 2151 3968 autem
2197 3913 2449 3967 bissextis
2496 3922 2710 3967 centum
2760 3911 3054 3979 nonaginta
3095 3919 3327 3981 quatuor

1733 4006 1900 4061 millia
1934 4015 1988 4059 et
2023 4010 2260 4058 trecenta
2292 4003 2572 4057 tredecim.

1805 4097 1907 4164 Qui
1951 4097 2040 4152 ubi
2083 4105 2445 4151 memoratum
2475 4111 2542 4150 ex
2578 4096 2769 4152 ordine
2800 4099 3065 4152 mensium
3096 4095 3324 4158 dierum,

1733 4205 1854 4261 qtae
1885 4205 2094 4245 summa
2127 4175 2516 4261 compleverit,
2536 4204 2657 4243 mox
2688 4189 2742 4242 in
2763 4189 3000 4256 seipsurn
3026 4185 3321 4248 revolutus,

1733 4291 1929 4339 cuncta
1977 4298 2096 4351 qua:
2145 4284 2212 4337 ad
2255 4282 2385 4336 solis
2433 4279 2518 4334 vel
2563 4279 2704 4334 lunze
2753 4294 2970 4334 cursum
3019 4278 3322 4348 pertinent,

1733 4371 1923 4426 eadem
1954 4386 2073 4440 qua:
2101 4367 2475 4439 praterieraht
2504 4384 2719 4441 semper
2751 4379 2936 4424 tenere
2967 4377 3252 4424 restaurat.

1803 4458 1860 4516 Si
1895 4475 2056 4516 nosse
2087 4461 2397 4529 vis‘quotus
2425 4461 2498 4516 sit
2535 4477 2708 4516 annus
2736 4463 2804 4516 ab
2835 4459 3004 4514 Adam
3035 4457 3329 4513 secundum

1733 4550 1958 4607 Gimcos
1985 4551 2270 4618 duntaxat,
2303 4551 2602 4622 multiplica
2633 4551 2938 4622 quindecim
2972 4565 3068 4619 per
3096 4547 3321 4618 quadra-

31 4641 224 4696 minum
277 4641 611 4711 vigesimum
664 4637 896 4706 primum
936 4619 1287 4702 celebretur;
1329 4644 1523 4706 quarta
1574 4637 1621 4692 in

1735 4644 1882 4712 ginta
1914 4650 1972 4698 et
2000 4619 2338 4710 octodecim,
2361 4619 2496 4698 liuet
2524 4659 2620 4698 sex
2649 4619 2817 4698 millia
2847 4643 3080 4696 ducenta
3110 4649 3165 4694 et
3203 4655 3326 4714 scp-

30 4732 261 4796 ejusdem
309 4729 710 4786 observatione
755 4727 940 4796 regula
980 4733 1066 4781 est
1106 4726 1263 4782 nobis
1300 4743 1331 4780 a
1383 4737 1630 4798 tempore

29 4823 303 4880 dominica:
317 4820 758 4878 resurrectionis
780 4819 1052 4890 imposita,
1078 4829 1138 4873 ut
1163 4836 1284 4873 cum
1305 4821 1632 4888 aequinoctio

28 4909 365 4979 ιιῖἦξαπδο,
423 4913 614 4967 lunam
652 4911 809 4980 primi
849 4911 1051 4964 mensis
1078 4910 1344 4964 decimam
1384 4920 1632 4978 quartam

29 5022 245 5076 vespere
270 5013 469 5062 ortum
502 5003 683 5058 facere
704 5002 1042 5072 videremus,
1074 5016 1182 5056 non
1213 5001 1397 5055 statim
1443 5000 1508 5053 ad
1550 5001 1633 5052 l‘a-

26 5100 268 5153 ciendum
290 5094 537 5159 Pascha,
569 5092 622 5147 id
651 5097 735 5146 est
757 5092 1041 5147 transitum
1068 5091 1136 5146 de
1156 5099 1332 5147 morte
1352 5091 1416 5146 ad
1442 5091 1630 5157 vitam,

26 5193 91 5244 de
119 5185 495 5260 corruptione
520 5184 588 5240 ad
617 5183 1104 5253 incorruptionem,
1135 5181 1204 5237 de
1228 5197 1391 5254 poena
1420 5183 1486 5238 ad
1518 5183 1638 5252 glo-

26 5289 178 5350 riam,
209 5283 566 5355 resurgendo
598 5278 780 5335 facere
808 5279 1061 5348 dignatus
1089 5287 1194 5343 est,
1231 5286 1631 5350 exspectantes,

29 5395 77 5430 in
97 5379 214 5447 ipso
230 5379 466 5433 tandem
492 5387 733 5442 congrua
759 5369 981 5426 Pascha:
993 5370 1255 5426 solemnia
1271 5371 1631 5426 celebremus.

26 5470 174 5533 Quod
221 5469 273 5524 si
315 5467 452 5538 quis
494 5461 761 5531 objecerit
804 5476 912 5516 non
940 5460 1255 5530 aequinoctii
1292 5459 1634 5524 memoriam,

26 5561 116 5616 vd
139 5567 359 5614 tantum
391 5557 565 5636 primi
596 5553 821 5617 mensis,
845 5559 902 5609 et
931 5554 1107 5608 tertiae
1134 5555 1188 5608 in
1213 5568 1281 5609 eo
1316 5554 1635 5625 septimanae

26 5651 264 5718 posui!”
293 5647 562 5721 Moysen,
589 5647 730 5703 sciat
756 5646 883 5717 quia
920 5644 1023 5700 etsi
1050 5643 1432 5715 aequinoctium
1463 5645 1637 5699 nomi-

27 5741 188 5795 atatim
221 5754 336 5796 non
363 5737 660 5806 exprimit,
693 5737 747 5792 in
778 5737 881 5793 hoc
908 5743 1115 5791 tantum
1147 5735 1264 5807 ipso
1290 5734 1434 5806 quod
1457 5751 1486 5789 a
1517 5736 1635 5806 ple—

26 5829 227 5889 nilunio
275 5827 454 5902 primi
511 5827 715 5882 mensis
750 5825 956 5884 Pascha
1006 5825 1310 5883 faciendum
1368 5826 1630 5897 prrcipit,

35 5921 334 6000 διάποςῶ
368 5917 797 5985 transcendunt,
828 5918 1069 5992 plenaria
1099 5919 1309 5977 ratione
1333 5918 1629 5989 depromit.

1735 4734 1999 4802 tuaginta,
2027 4733 2166 4789 adde
2188 4733 2544 4790 indictioncm
2573 4735 2700 4789 anni
2724 4735 2876 4802 cujus
2895 4733 3322 4798 volueris,quem

1738 4825 2021 4895 praesentis
2063 4824 2192 4877 anni
2245 4809 2439 4877 novem
2480 4839 2601 4878 esse
2651 4822 3062 4892 comprobatur,
3097 4827 3153 4874 et
3197 4821 3334 4876 Iiuut

1738 4923 1958 4969 centum
1986 4912 2328 4982 septuaginta
2368 4927 2588 4968 novem.

1810 5003 1867 5058 Si
1914 5017 2077 5058 nosse
2126 5003 2208 5058 vis
2254 5011 2455 5072 quotus
2494 5003 2564 5057 sit
2617 5019 2791 5058 annus
2838 5005 2904 5060 ab
2958 5005 3330 5059 incarnatione

1742 5090 1956 5147 Domini
2011 5092 2184 5148 nostri
2238 5091 2367 5149 Jesu
2420 5093 2659 5158 Christi,
2715 5084 2968 5164 computa
3022 5092 3331 5163 quindecies

1737 5188 2126 5258 quinquageni,
2160 5187 2295 5242 llunt
2323 5188 2450 5242 anni
2479 5189 2808 5258 septingenti
2840 5197 2893 5242 et
2921 5185 3329 5256 quinquaginta.

1738 5278 1832 5336 llis
1874 5289 2085 5349 septem
2121 5278 2261 5333 adde
2290 5279 2580 5335 duodecim
2623 5279 2917 5348 regulares,
2963 5277 3094 5329 Iiunt
3122 5276 3328 5343 septin-

1739 5371 1884 5438 genti
1914 5369 2309 5438 quinquaginta
2354 5355 2482 5422 duo.
2519 5369 2672 5424 Adde
2715 5382 2770 5426 et
2811 5369 3156 5423 indictioncm
3207 5366 3332 5420 anni

1738 5459 1892 5524 cujus
1923 5458 2183 5523 volueris,
2210 5473 2332 5527 quae
2362 5460 2643 5528 praesentis
2671 5461 2796 5514 anni
2845 5476 2983 5515 nona
3030 5475 3150 5514 esse
3179 5475 3333 5513 COIII-

1739 5548 2016 5619 probatur,
2064 5548 2202 5602 liunt
2243 5547 2404 5603 simul
2444 5549 2571 5604 anni
2610 5550 2677 5605 ab
2718 5550 3090 5607 incarnatione
3133 5549 3332 5603 Christi

1739 5640 2067 5712 septingenti
2111 5638 2457 5712 septuaginta
2497 5661 2654 5701 unus.
2699 5646 2826 5703 Haec
2870 5657 3077 5702 tantum
3127 5663 3334 5702 memor

1742 5721 1860 5786 esto
1875 5731 2161 5798 sollicitus,
2183 5739 2243 5788 ut
2262 5733 2483 5802 quando
2503 5735 2840 5806 quindecima
2867 5737 3072 5793 venerit
3091 5737 3331 5806 indictio,

1743 5823 1985 5878 eamdem
2013 5823 2268 5896 subsequi
2299 5825 2532 5895 primam
2557 5829 2711 5882 scias.

1817 5919 1953 5985 Quia
1987 5936 2116 5977 vero
2147 5935 2427 5992 pcr‘unam
2460 5922 2805 5979 indictioncm
2829 5922 2986 5990 hujus
3018 5923 3330 5980 caiculatio-
