3842 6242
479 346 589 401 539

985 342 1185 397 BEDAS
1227 340 1687 396 \‘ENEilAliiLlS
1724 338 2009 397 OPERUM
2052 338 2233 396 PARS
2271 339 2311 395 Ι.
2343 368 2413 381 -
2446 339 2896 397 DIDASCALICA
2936 338 3262 396 GENUINA.
3554 388 3555 391 η
3642 343 3718 397 θ’ὶο

475 461 555 514 nis
586 475 838 513 numerus
885 458 1099 529 impieri
1145 475 1253 514 non
1286 468 1487 529 potest,
1535 461 1726 513 eodem
1772 473 1918 512 anno
1958 471 2068 511 non
2096 459 2143 516 Α
2172 470 2280 524 que
2308 463 2695 511 concurrentes
2734 454 2951 511 inerunt
2992 472 3136 511 anno
3170 456 3477 511 nativitatis
3518 456 3720 526 Domini;

475 549 876 619 multiplicabis,
911 559 967 601 ut
998 550 1271 617 superius,
1295 548 1612 618 quindecies
1635 549 1944 619 quinquies,
1974 547 2069 603 sed

478 640 785 708 quindecies
816 640 1103 710 quinquies
1130 649 1187 693 et
1203 655 1343 695 asse.
1375 638 1444 693 Et
1469 642 1544 695 ita
1575 640 1830 710 deinceps
1862 641 1915 695 in
1946 641 2066 695 sub-

475 733 824 801 sequentibus
854 733 1031 793 annis,
1064 746 1237 800 usque
1276 732 1345 786 ad
1371 731 1774 800 quindecimam
1820 732 2071 788 indictio-

482 836 623 873 uem.
645 820 1045 892 Quinquaginta
1068 830 1123 875 et
1145 837 1309 877 unum
1342 838 1440 891 per
1465 822 1770 892 quindecim
1794 833 2076 893 computa,

482 913 677 979 quibus
706 912 906 968 additis
941 929 1159 985 semper
1208 923 1418 983 septem
1464 914 1741 982 regulares
1773 913 2077 983 suprascri-

481 1011 625 1071 ptas,
653 1001 903 1071 implebis
930 1018 1215 1056 numerum
1263 1018 1529 1057 annorum
1573 1003 1811 1069 Domini,
1842 1013 1896 1057 et
1947 1003 2077 1058 nihil

484 1100 728 1146 remanet
756 1091 910 1161 quod
935 1108 1032 1162 per
1061 1091 1348 1148 duodecim
1378 1092 1580 1148 addere
1610 1094 1808 1163 possis,
1839 1094 1979 1149 sicut
2022 1104 2079 1149 et

485 1183 537 1235 in
566 1182 685 1236 aliis
705 1182 1092 1238 indictionibus
1121 1192 1389 1239 remanet.
1413 1183 1482 1239 Ut
1505 1186 1557 1239 iu
1588 1186 1759 1253 prima
1784 1185 2082 1241 indictione

486 1288 673 1335 unum,
722 1274 773 1328 in
819 1275 1055 1329 secunda
1087 1274 1222 1343 duo,
1256 1276 1311 1331 in
1336 1278 1499 1332 tertia
1532 1286 1664 1345 tres,
1697 1278 1781 1332 vel
1814 1294 1986 1347 usque
2013 1279 2099 1335 ad

487 1363 750 1418 decimam
777 1373 1059 1433 quartam;
1095 1374 1175 1419 tot
1205 1377 1487 1421 remanent
1515 1366 1582 1422 de
1610 1376 1868 1433 computo
1891 1384 2083 1438 supra-

488 1454 690 1523 scripto
707 1463 872 1522 quota
897 1454 1059 1510 fuerit
1078 1456 1321 1513 indictio.
1348 1455 1463 1513 Hoc
1484 1470 1809 1530 argumento
1829 1459 2080 1516 invenies

491 1559 687 1596 annum
721 1542 932 1599 Domini

559 1633 613 1687 Si
640 1634 722 1689 vis
750 1636 892 1690 scire
922 1637 1275 1694 indictionem
1305 1648 1471 1709 quota
1502 1641 1596 1707 sit,
1622 1656 1777 1697 sume
1816 1657 1990 1697 annos
2016 1641 2087 1696 ab

493 1724 661 1779 Adam
689 1741 827 1795 quos
857 1729 1134 1796 habueris,
1166 1740 1222 1786 et
1249 1748 1345 1788 eos
1376 1733 1583 1802 partire
1612 1750 1711 1803 per
1739 1734 2082 1804 quindecim;

2176 550 2275 603 hos
2304 549 2505 617 partire
2534 556 2590 603 et
2618 556 2901 601 remanent
2926 556 3339 601 concurrentes.

2246 639 2303 694 Si
2330 641 2410 694 vis
2437 640 2576 695 scire
2605 648 2802 710 quotus
2830 640 2900 693 sit
2937 654 3290 703 concurrens,
3322 653 3481 692 sume
3508 637 3722 692 circulum

2178 730 2432 795 solarem,
2477 729 2567 798 qui
2616 744 2757 783 nunc
2782 729 3078 797 vigesimus
3107 736 3331 783 octavus
3357 742 3482 782 esse
3520 743 3725 795 compro-

2180 818 2354 879 batur,
2412 826 2468 871 ct
2509 828 2756 886 quartam
2806 817 3047 885 ejusdem
3095 817 3307 872 numeri
3358 816 3466 885 ipsi
3512 816 3723 882 adiicias.

2182 913 2382 981 partire
2426 924 2522 978 per
2568 916 2802 977 septem,
2854 917 2909 961 et
2955 915 3090 976 quot
3137 914 3451 973 remanent,
3501 914 3633 960 totus
3667 913 3727 959 est

2183 1013 2509 1056 concurrens
2540 998 2592 1051 in
2626 1012 2767 1051 nono
2796 996 3023 1052 Kalend.
3055 997 3229 1068 April.

2260 1088 2322 1143 Si
2345 1096 2504 1143 nosse
2534 1089 2612 1142 vis
2643 1098 2841 1156 quotus
2866 1090 2936 1143 sit
2964 1089 3202 1145 circulus
3229 1090 3397 1154 inme,
3425 1103 3575 1143 sume
3596 1104 3729 1143 annos

2186 1182 2254 1236 ab
2283 1181 2474 1245 Adam,
2502 1190 2557 1234 et
2583 1195 2677 1234 eos
2708 1181 2909 1250 partire
2941 1196 3038 1251 per
3067 1195 3261 1235 norem
3288 1180 3468 1236 decim
3498 1195 3668 1245 annos,
3691 1188 3729 1232 et

2187 1284 2319 1342 quot
2350 1282 2649 1337 remanent,
2685 1282 2829 1327 totus
2857 1282 2939 1328 est
2967 1273 3237 1340 circulus;
3265 1274 3312 1328 si
3340 1272 3477 1327 nihil
3505 1282 3728 1333 remanet,

2188 1365 2429 1418 decimus
2453 1373 2680 1421 octavus
2704 1372 2806 1419 est.
2834 1348 2837 1399 έ

2257 1454 2390 1510 item
2434 1470 2589 1510 sume
2624 1472 2798 1514 annos
2835 1457 2903 1511 ab
2942 1456 3318 1512 incarnatione
3361 1454 3589 1519 Domini,
3632 1464 3731 1523 quot

2190 1544 2413 1612 fuerint,
2436 1553 2491 1600 et
2520 1546 2779 1601 subtrahe
2807 1561 3023 1615 semper
3047 1546 3176 1611 duo,
3206 1556 3261 1600 et
3291 1553 3428 1616 quot
3473 1552 3732 1603 remanent,

2192 1635 2290 1688 hos
2322 1636 2520 1705 partire
2552 1651 2648 1707 per
2678 1652 2872 1691 novem
2902 1637 3099 1698 decim,
3141 1646 3197 1691 et
3219 1636 3416 1692 iterum
3446 1646 3574 1702 quot
3597 1649 3733 1689 renu-

2193 1734 2344 1787 nent,
2370 1733 2513 1779 totus
2529 1734 2613 1780 est
2631 1725 2863 1782 circulus
2888 1725 3031 1781 luna
3045 1727 3580 1790 decemuovennalis;
3607 1725 3645 1779 si
3666 1740 3733 1777 an

493 1823 625 1884 quot
667 1826 969 1883 remanent,
1015 1829 1126 1875 tota
1155 1832 1233 1876 est
1268 1822 1494 1880 indictio
1520 1840 1534 1877 :
1565 1824 1612 1880 si
1646 1823 1778 1879 nihil
1818 1834 2083 1891 remanet,

2217 1829 2303 1869 em
2333 1826 2598 1883 remanet,
2618 1816 2857 1871 decimus
2885 1832 3059 1874 nonus
3083 1826 3190 1872 est.

494 1904 833 1973 quindecima
863 1918 967 1964 est.

563 1994 694 2051 item
722 1998 766 2052 si
793 1998 875 2053 vis
902 1999 1042 2054 scire
1068 2010 1233 2070 quota
1264 2004 1335 2056 sit
1363 2002 1610 2065 indictio,
1638 2017 1794 2058 sume
1822 2003 1889 2057 ab
1914 2004 2093 2057 incar-

498 2090 713 2145 natione
737 2090 981 2157 Domini,
1001 2092 1051 2147 id
1084 2096 1177 2148 est’
1194 2094 1522 2164 septingenti
1553 2094 1896 2164 septuaginta
1911 2111 2103 2156 unum.

498 2178 581 2233 his
606 2194 823 2251 semper
850 2182 1026 2250 adjice
1058 2192 1196 2251 tres,
1221 2184 1357 2239 liunt
1392 2185 1724 2254 septingenti
1749 2187 2093 2254 septuaginta

495 2277 757 2337 quatuor;
803 2273 921 2327 hare
950 2266 1153 2342 partire
1182 2290 1281 2343 per
1308 2276 1645 2344 quindecim,
1673 2284 1960 2331 remanent
1997 2292 2098 2331 no-

498 2373 654 2424 vem;
684 2376 824 2416 noua
848 2371 933 2417 est
956 2362 1214 2429 indictio;
1245 2364 1291 2420 si
1311 2364 1445 2421 nihil
1466 2375 1731 2434 remanet,
1752 2365 2097 2437 quindecitna

497 2458 600 2504 est.

488 2553 491 2556 '
567 2539 626 2596 Si
658 2541 735 2595 vis
770 2557 911 2597 scire
940 2554 1108 2614 quota
1141 2554 1225 2602 est
1250 2555 1469 2617 epacta,
1499 2563 1655 2604 sume
1690 2564 1862 2604 annos
1890 2549 2096 2604 decent-

499 2645 533 2683 n
562 2631 837 2687 vennalis'
861 2635 1005 2705 cycii
1031 2646 1166 2704 quot
1195 2635 1416 2703 iuerint,
1460 2648 1517 2692 et
1549 2639 1619 2694 de
1660 2638 1792 2709 ipsis
1838 2640 2101 2695 subtraho

497 2738 715 2793 semper
744 2741 937 2793 unum,
981 2736 1038 2781 et
1085 2728 1208 2785 illos
1256 2729 1553 2799 multiplica
1596 2746 1696 2801 per
1730 2730 2006 2797 undecim,
2046 2741 2102 2786 et

502 2823 697 2884 postea
719 2819 931 2887 partire
953 2835 1051 2890 per
1096 2820 1333 2890 triginta,
1375 2830 1432 2877 et
1477 2832 1612 2891 quot
1655 2833 1937 2878 remanent
1988 2834 2103 2878 tnta

498 2916 585 2963 est
612 2917 828 2977 epacta.
910 2952 911 2955 η

573 2996 708 3053 Item
727 3011 985 3072 computa
1009 3018 1039 3058 a
1063 3019 1241 3075 primo
1257 3019 1402 3060 anno
1422 3003 1908 3062 decemnovennaii
1932 3020 2105 3076 usque

505 3087 561 3140 in
584 3100 743 3156 quem
777 3091 1031 3160 volueris,
1075 3100 1266 3165 utputa
1289 3095 1341 3150 in
1371 3096 1621 3164 quintum
1646 3112 1871 3165 annum,
1892 3096 2104 3152 dimit-e

2265 1908 2320 1960 Si
2343 1907 2425 1961 vis
2453 1922 2611 1961 nosse
2633 1915 2833 1977 quotus
2854 1909 2925 1962 sit
2949 1924 3125 1963 annus
3156 1909 3291 1980 cycli
3318 1890 3735 1964 decemnovenna-

2196 1993 2284 2058 iis,
2312 2010 2464 2049 sume
2493 2010 2666 2050 annos
2693 1995 2927 2062 Domini,
2951 2006 3007 2051 et
3030 2013 3194 2051 unum
3216 1997 3377 2061 adde,
3398 1998 3524 2069 quia
3544 1992 3735 2050 secunda

2198 2084 2437 2154 ejusdem
2485 2101 2632 2141 anno
2678 2094 2838 2141 natus
2878 2086 3160 2154 Christus;
3210 2090 3416 2159 partire
3457 2103 3549 2157 per
3585 2100 3737 2140 norem

2197 2176 2395 2240 decim,
2427 2188 2482 2233 et
2509 2188 2643 2246 quot
2674 2179 3018 2243 remanserit,
3065 2180 3181 2249 ipse
3205 2189 3293 2235 est
3318 2194 3495 2233 annus
3523 2176 3643 2243 cycii
3664 2176 3737 2227 dc-

2199 2268 2667 2337 cemnovennalis,
2696 2277 2750 2323 et
2775 2270 2820 2324 si
2842 2269 2976 2323 nihil
3000 2279 3268 2334 remanet,
3293 2270 3645 2325 octodecimus
3661 2274 3738 2319 est.

2272 2360 2327 2415 Si
2381 2362 2459 2416 vis
2506 2362 2649 2418 scire
2687 2362 3023 2418 bissextiiem
3074 2379 3273 2417 annum
3301 2405 3320 2429 ,
3371 2362 3573 2433 partire
3610 2374 3739 2413 annos

2201 2448 2417 2504 Domini
2445 2466 2541 2519 per
2561 2463 2818 2519 quatuor,
2867 2461 2924 2507 et
2962 2462 3097 2520 quot
3133 2453 3519 2519 remanserint,
3557 2456 3739 2505 totsnnt

2202 2540 2329 2595 anni
2355 2559 2385 2595 a
2415 2543 2675 2597 bissexto.

2204 2682 2218 2691 .
2273 2634 2330 2689 Si
2380 2651 2541 2691 nosse
2586 2636 2663 2690 vis
2693 2645 2824 2706 quot
2862 2647 3060 2707 puncta
3104 2652 3441 2707 unaquaque
3472 2651 3587 2690 mna
3612 2629 3740 2688 indie

2204 2726 2383 2782 luceat
2425 2729 2720 2783 secundum
2760 2729 3055 2792 Romanos,
3091 2746 3243 2784 sume
3285 2730 3409 2784 dies
3450 2745 3479 2782 a
3515 2725 3739 2781 Januario.

2206 2826 2262 2870 ut
2286 2828 2417 2886 puta
2447 2820 2498 2871 in
2523 2817 2704 2873 Nonas
2732 2817 2966 2881 Martias,
2993 2818 3128 2873 ﬁunt
3156 2820 3501 2888 septuaginta
3527 2813 3741 2873 serJide

2203 2914 2403 2978 quotus
2429 2908 2500 2962 sit
2519 2909 2704 2979 cyclus
2729 2908 2887 2974 lunas,
2936 2917 3124 2979 ntputa
3146 2926 3263 2976 sex,
3290 2911 3587 2981 multiplica
3612 2911 3743 2975 ipsum

2202 3000 2465 3055 circulum
2497 3001 2638 3065 iunge
2672 3002 2977 3073 quinquies,
3006 3002 3137 3056 liunt
3167 3004 3515 3073 septuaginta
3534 3000 3741 3069 quinque.

2204 3091 2355 3149 Adde
2383 3094 2448 3148 ad
2485 3094 2602 3149 dies
2629 3110 2659 3149 a
2690 3094 2974 3163 Januario,
3020 3095 3153 3149 iiunt
3196 3104 3415 3150 centum
3446 3091 3744 3164 quadraginta

503 3192 672 3249 super
699 3194 882 3245 unum,
913 3192 1201 3239 remanent
1222 3195 1480 3255 quatuor,
1511 3186 1811 3255 multiplica
1839 3202 1934 3257 per
1964 3201 2103 3254 qua-
2134 3182 2179 3243 C
2211 3199 2406 3248 unum;
2446 3184 2620 3240 deduc
2659 3186 2941 3253 sexaginta
2988 3185 3092 3250 his,
3143 3186 3278 3240 ﬁunt
3325 3195 3547 3241 centum
3582 3181 3744 3252 viginli.

508 3281 653 3337 tuor,
684 3272 932 3330 undecim
975 3290 1185 3332 annuas
1212 3286 1459 3346 cpactas,
1488 3287 1545 3331 et
1573 3276 1741 3333 iacies
1770 3286 1966 3347 quater
2003 3294 2102 3331 un-

507 3358 716 3424 deceni,
751 3360 885 3419 ﬁunt
912 3366 1273 3436 quadraginta
1312 3375 1582 3437 quatuor;
1625 3367 1725 3422 hos
1764 3369 1966 3438 partire
2009 3384 2107 3439 per

509 3450 749 3519 triginta,
782 3464 1068 3510 remanent
1088 3458 1542 3526 quatuordecint;
1566 3467 1759 3528 quarta
1789 3458 1999 3513 decitna
2022 3468 2107 3513 est

508 3548 720 3609 epacta.
758 3542 821 3596 ln-
843 3544 1085 3599 secundo
1113 3547 1322 3601 circulo
1344 3547 1877 3611 decemnovennalis,
1910 3550 1988 3603 ita
2008 3566 2106 3620 per

508 3646 700 3687 moues
750 3632 938 3689 decem
972 3643 1030 3690 et
1075 3646 1276 3692 novent
1316 3652 1489 3692 annos
1531 3638 1634 3693 sub
1688 3638 1790 3693 hac
1835 3637 2102 3693 brevitate

510 3724 884 3791 computabis.

583 3809 716 3866 item
743 3816 946 3883 partire
975 3834 1147 3875 annos
1172 3819 1388 3877 Domini
1423 3839 1519 3894 per
1548 3822 1878 3891 octodecim,
1903 3833 1953 3878 et
1974 3829 2109 3893 quot

513 3912 798 3957 remanent
840 3907 1133 3976 multiplica
1166 3926 1263 3980 per
1293 3912 1570 3970 undecim.
1600 3914 1739 3971 item
1766 3914 1973 3985 partire
2010 3932 2108 3986 per

513 3988 751 4058 triginta,
780 4001 835 4047 et
866 4007 1145 4051 remanent
1170 4010 1403 4069 epactzn.

586 4080 646 4137 Si
678 4098 839 4139 nosse
860 4083 941 4139 vis
962 4095 1184 4156 epactas
1208 4090 1357 4155 solis,
1384 4090 1434 4144 id
1456 4098 1540 4147 est
1559 4104 1947 4148 concurrentes
1968 4094 2105 4158 dies,

508 4187 663 4229 ιιιιηθ
692 4190 868 4231 annos
896 4176 1133 4244 Domini,
1159 4190 1212 4236 et
1243 4181 1559 4237 earumdem
1599 4192 1849 4253 quartam
1896 4194 2109 4253 partem

513 4264 720 4334 adiice;
751 4267 845 4323 his
864 4284 1082 4340 quoqm:
1104 4287 1323 4344 semper
1346 4274 1485 4332 adde
1512 4285 1768 4347 quatuor,
1797 4278 1929 4348 quia
1954 4275 2112 4347 quin—
2160 4294 2162 4298 λ

2208 3286 2494 3331 remanent
2533 3291 2628 3332 sex
2653 3294 2666 3330 :
2696 3278 2827 3347 ipsa:
2862 3286 2988 3333 sunt
3022 3290 3280 3349 punctum
3322 3280 3469 3334 luna:
3498 3278 3648 3349 ipsius
3669 3272 3746 3327 ἀεὶ

2207 3380 2328 3435 qua:
2357 3366 2519 3431 lucet,
2556 3367 2608 3422 id
2630 3377 2717 3423 est
2760 3368 2951 3425 horam
2986 3371 3238 3442 primam,
3267 3380 3324 3426 et
3350 3378 3601 3442 punctum
3626 3380 3746 3422 unum

2207 3456 2358 3511 hora:
2383 3457 2652 3513 secundm.

2279 3550 2333 3602 Si
2353 3549 2519 3617 ipsam
2544 3549 2723 3605 lunam
2746 3566 2821 3606 vus
2850 3549 3113 3615 invenire,
3141 3560 3423 3608 memento
3446 3558 3573 3620 quot
3596 3546 3748 3602 habue-

2208 3638 2284 3692 ris
2314 3638 2370 3692 in
2391 3654 2626 3700 summa,
2656 3648 2947 3708 antequam
2978 3655 3076 3708 per
3095 3642 3379 3709 sexaginta
3408 3638 3750 3710 partircriswl

2212 3727 2427 3795 quoties
2447 3728 2717 3784 deduxisti
2733 3731 3039 3798 sexaginta,
3062 3738 3139 3785 tot
3161 3746 3313 3787 asses
3334 3731 3555 3800 adjicies
3571 3730 3632 3785 ad
3644 3743 3749 3782 Sum-

2210 3834 2352 3873 mam
2397 3820 2665 3885 eamdem,
2716 3830 2775 3875 et
2815 3822 3013 3877 iterum
3069 3822 3494 3893 multiplicatum
3546 3819 3749 3878 circulum

2210 3911 2349 3966 lunae
2377 3912 2557 3967 sexies
2577 3911 2773 3982 iunges
2800 3912 2867 3967 ad
2905 3928 3194 3975 summam,
3238 3913 3555 3984 dividesiiue
3578 3926 3661 3983 per
3680 3907 3749 3961 υἱ·

2210 4003 2379 4071 ginta,
2408 4013 2465 4057 et
2492 4003 2671 4058 lunam
2691 4003 2803 4059 diei
2824 4003 3067 4072 ejusdem
3096 4004 3361 4059 invenies.

2282 4096 2339 4151 Si
2369 4110 2533 4151 nosse
2564 4096 2644 4149 vis
2674 4105 2873 4165 quotus
2897 4096 2968 4149 sit
2992 4094 3233 4151 circulus
3270 4095 3429 4161 solis,
3460 4106 3606 4149 sume
3627 4099 3752 4143 una!

2214 4185 2282 4241 ab
2305 4184 2503 4252 Adam,
2530 4194 2586 4241 et
2613 4201 2711 4241 eos
2739 4185 2947 4255 partire
2974 4200 3076 4257 per
3096 4185 3288 4254 viginti
3319 4188 3753 4256 0410,61le

2215 4286 2461 4344 manent,
2487 4285 2633 4333 totus
2652 4284 2736 4332 est
2757 4276 2951 4332 solaris
2978 4275 3234 4331 circulus.

514 4416 3744 4465 l====================================================================================

838 4560 1023 4677 DE
1105 4561 1712 4678 PASCHfE
1799 4558 2874 4678 CELEBRATIONE
2964 4558 3472 4698 LIBER,

2090 4759 2232 4804 SIVB

910 4881 1046 4958 DE
1098 4877 1764 4974 EQUINOCTIO
1823 4878 2273 4959 VERNALI
2330 4878 2660 4958 JUXTA
2720 4872 3422 4955 ANATHOLIUM

2017 5028 2345 5072 EPISTULA.

580 5252 1136 5311 REYEREL‘DISSIMO
1160 5251 1242 5303 AC
1264 5248 1683 5303 SLNCTISSIMO
1711 5248 1946 5301 FRATRI
1978 5247 2337 5380 WiCligi'li'lhD:
2362 5246 2797 5307 PRESBYTERO,
2828 5244 2999 5298 ΒΕοΔ
3024 5245 3394 5299 ΟΡΤΑΒΙιΕΙ
3422 5246 3488 5298 ΠΙ
3512 5238 3720 5300 nom

2003 5330 2083 5380 SA
2236 5329 2251 5343 '
2310 5364 2323 5379 .

2003 5329 2323 5381 SALUTEM.

591 5463 846 5519 Libenter
866 5460 1051 5529 accepi
1077 5457 1291 5515 litteras
1320 5466 1430 5514 tua:
1452 5457 1829 5529 benignitatis,
1851 5460 2112 5514 amantis—
2141 5463 2192 5523 Β
2216 5472 2332 5515 sam
2350 5456 2418 5513 de
2446 5457 2672 5513 historia
2698 5455 3070 5513 ecclesiastica
3087 5496 3110 5524 ,
3131 5469 3297 5525 super
3322 5469 3439 5533 qua
3461 5472 3551 5515 me
3582 5456 3621 5515 ἢ

516 5556 653 5611 sime
680 5554 733 5607 in
762 5547 982 5605 Christo
1006 5548 1192 5611 frater,
1222 5555 1281 5599 et
1301 5549 1537 5615 capitula
1559 5563 1681 5616 quae
1702 5549 1907 5616 rogasti
1926 5560 2116 5619 prom-

517 5657 641 5716 ptus
693 5640 1025 5703 describere,
1055 5654 1118 5693 ac
1143 5636 1236 5691 tibi
1264 5636 1502 5704 dirigere
1550 5639 1874 5703 aceeieravi,
1909 5654 2119 5694 tuentur

502 5732 897 5796 latuiliaritatis
917 5746 983 5787 ac
1015 5726 1322 5786 dulcedinis
1345 5740 1478 5797 qua,
1516 5742 1641 5782 cum
1666 5728 1761 5785 illo
1777 5726 2119 5797 advenirem,

520 5835 606 5878 ne
636 5836 700 5877 sn
727 5821 937 5891 cepisti.
967 5819 1074 5876 Sed
1098 5826 1153 5875 et
1175 5816 1698 5889 qumstionnrniliarn
1724 5820 1919 5875 merito
1953 5814 2123 5874 iame-

3539 5473 3551 5515 Ι
3700 5542 3711 5551 ν
3754 5518 3771 5531 '_

3539 5653 3587 5659 _-
3615 5608 3717 5659 ...ἐξ

3497 5659 3804 5777 Ἠ

3629 5777 3697 5785 ..ι-.-
3708 5777 3751 5799 ς..-

3646 5808 3671 5871 Ι,
3700 5777 3804 6110 xtl

3756 5972 3757 5981 ι

3750 6004 3751 6015 i

3629 6090 3731 6109 mni

2224 5548 2363 5619 gasti
2402 5555 2749 5619 prmsentem,
2770 5545 2857 5601 cui
2882 5554 3010 5600 tunc
3027 5538 3717 5618 breviter'ntpo‘tuirqd

2225 5654 2373 5696 nunc
2422 5640 2584 5695 latius
2620 5638 2916 5707 explanare
2973 5634 3140 5692 etiam
3203 5637 3430 5704 studui,
3485 5628 3709 5699 hocat?

2224 5730 2551 5799 aequinoctio
2570 5742 2768 5795 verno,
2794 5725 2942 5798 quod
2966 5725 3021 5783 in
3044 5726 3188 5785 libro
3229 5728 3461 5800 [tralato

2230 5820 2458 5877 antistes
2479 5813 3063 5886 reverendissim'us,'in
3087 5818 3377 5879 undecim
3401 5804 3707 5883 Reid.“

3558 6090 3731 6109 xm”
