3842 6242
96 418 178 473 SOI

1168 408 1256 461 DE
1298 402 1587 463 PASCIIE
1630 400 2121 485 CELEBIlATlON
2135 404 2196 457 Ε.

3239 403 3348 459 6οᾶ

98 524 169 576 die
190 528 473 573 annotzsse
515 516 845 586 perhibetur,
893 530 1015 567 cum
1064 514 1242 566 ueteri
1287 511 1663 583 Egyptiorum
1694 515 1735 568 Α
1767 508 1987 574 scribat,
2043 523 2073 561 a
2102 522 2209 577 quo
2264 504 2470 561 Pascha
2526 507 2762 577 incipere
2818 517 3018 578 potest,
3047 524 3261 579 quoque
3287 511 3356 565 ad

96 610 314 679 magistri
343 611 448 663 hoc
468 610 634 676 magis
658 608 714 661 in
737 606 1056 659 duodecimo
1074 602 1432 656 Kalendarum
1454 616 1666 656 earum-

97 707 201 758 detn
228 703 313 757 die
342 700 704 755 annotandum
742 714 862 752 esse
932 697 1245 751 decernant.
1279 696 1415 749 Dicit
1437 707 1669 762 namque

96 807 293 850 sanctus
324 794 596 848 Protei-ius
624 787 997 843 Alexandrinae
1035 788 1259 841 antistes
1288 784 1536 840 Ecclesia:
1555 822 1571 847 ,
1598 781 1666 834 ad

99 888 444 941 beatissimum
476 898 667 952 papam
695 880 930 934 Leonem
952 880 1192 933 scribens
1221 878 1289 931 de
1335 875 1557 945 pascha.
1615 880 1670 925 ct

100 976 367 1030 manifeste
396 975 611 1043 quidem
642 971 936 1025 secundum
983 985 1200 1024 cursum
1232 967 1381 1029 solis,
1432 981 1536 1019 xxv
1582 963 1670 1018 die

100 1072 279 1123 mensis
325 1066 682 1127 Phamenoth,
723 1065 814 1131 qui
856 1063 1016 1131 etiam
1067 1078 1139 1115 xu
1191 1059 1458 1113 Kalendas
1500 1056 1668 1124 April.

97 1159 461 1227 aequinoctium
487 1169 604 1208 esse
629 1153 996 1220 cognoscitur.
1030 1149 1135 1204 Sed
1189 1165 1296 1203 non
1340 1154 1555 1216 oportet
1605 1144 1671 1197 ab

100 1250 194 1302 hoc
219 1246 540 1317 :cquiuoctio
564 1244 724 1312 primi
752 1242 953 1296 mensis
977 1241 1260 1295 exordium
1280 1240 1431 1308 juxta
1456 1252 1670 1291 cursum

98 1341 224 1393 laute
246 1353 460 1408 prorsus
488 1334 729 1403 afligere,
762 1333 1001 1400 alioquin
1058 1347 1152 1401 per
1182 1330 1361 1384 omnia
1390 1329 1519 1385 solis
1564 1326 1672 1380 cir-

99 1431 209 1484 culo
256 1432 393 1482 luna:
442 1428 722 1481 discursus
772 1424 1107 1479 concordare
1136 1424 1415 1477 debuerat.
1453 1421 1587 1474 Dicit
1619 1430 1673 1472 et

99 1529 302 1574 sanctus
337 1517 569 1588 Cyrillus
604 1515 842 1583 ejusdem
881 1514 1071 1584 praesul
1098 1512 1347 1567 Ecclesia:
1373 1529 1383 1563 :
1409 1510 1500 1565 Sol
1532 1511 1673 1563 enim

100 1610 204 1679 ipse
228 1610 464 1679 quotidie
493 1619 633 1662 terra
658 1607 900 1673 marique
931 1614 985 1659 et
1022 1603 1289 1659 clauditur
1328 1602 1379 1655 in
1412 1600 1515 1654 line
1545 1600 1672 1665 diei,

100 1709 149 1753 et
173 1701 221 1754 in
244 1701 342 1755 diei
360 1700 511 1753 initio
530 1699 787 1767 aperitur,
804 1707 855 1751 et
882 1697 996 1749 linit
1017 1696 1320 1751 solcursum
1343 1694 1506 1747 totius
1528 1693 1670 1755 anni,

98 1791 146 1843 iu
169 1790 481 1845 duodecimo
505 1787 729 1842 Kalend.
749 1787 964 1855 Aprilis.
993 1784 1141 1839 Unde
1162 1794 1213 1837 te
1230 1782 1595 1846 merito,sicut
1618 1789 1674 1833 tt

1768 598 2145 653 duodecimum
2169 597 2523 653 Kalendarum
2550 600 2813 669 Aprilium
2843 600 3161 669 regulariter
3181 602 3357 671 respi-

1770 693 1862 745 cit.
1897 688 2131 743 Attende
2158 687 2286 757 quid
2324 688 2377 742 in
2396 690 2748 757 sequentibus
2770 706 2835 743 ex
2868 690 3213 759 antiquorum
3236 708 3360 745 sen-

1774 780 1940 833 tentia
1976 778 2193 832 Patrum
2216 787 2459 832 annotat.
2482 778 2616 832 Cum
2648 779 2789 832 enim
2821 779 2930 832 sint
2968 780 3075 833 duo
3121 783 3360 849 :cquiuo-

1770 870 1874 923 ctia
1929 868 2070 922 veris
2116 877 2171 923 et
2215 868 2458 922 autumni
2510 869 2677 935 tuquis
2729 869 2917 936 spatiis
2969 870 3265 938 dirempta,
3306 878 3361 924 et
3412 854 3417 859 ’

1770 957 1965 1011 dicimo
1987 964 2184 1026 quarto
2218 957 2304 1011 die
2326 957 2479 1025 primi
2505 960 2702 1012 mensis
2727 960 2797 1011 sit
2824 967 3022 1012 statuta
3047 961 3363 1018 sulemnitas

1772 1056 1891 1117 post
1921 1061 2216 1111 vesperam,
2249 1045 2464 1113 quando
2494 1046 2620 1099 luna
2650 1046 2749 1099 soli
2779 1048 3025 1115 apposita
3056 1063 3086 1100 e
3131 1050 3357 1115 regione

1772 1135 2208 1203 deprehenditur,
2228 1136 2367 1189 sicut
2392 1136 2553 1189 etiam
2585 1138 2753 1191 oculis
2779 1138 3009 1205 probare
3039 1138 3194 1191 licet:
3215 1138 3365 1191 inve-

1774 1227 1918 1278 nitur
1950 1226 2132 1295 utique
2156 1225 2386 1278 vernalis
2406 1226 2712 1293 mquinoctii
2739 1236 2945 1295 partem
2976 1228 3058 1280 sol
3089 1228 3360 1292 obtinens,

1775 1314 1897 1365 luna
1932 1330 2057 1365 vero
2080 1314 2420 1368 autumnalis.
2482 1314 2617 1380 Quid
2646 1330 2776 1382 ergo
2830 1316 3131 1369 mirandum
3163 1318 3207 1370 si
3238 1318 3287 1370 itt
3311 1333 3365 1372 ιι

1774 1402 2133 1456 Kalendarum
2166 1404 2424 1473 Aprilium
2452 1405 2831 1472 :equiuoctiutn
2874 1405 2988 1459 ﬁeri
3017 1407 3191 1472 dicat,
3239 1423 3363 1461 cum

1774 1494 1838 1545 de
1870 1494 1956 1545 illa
1990 1493 2133 1560 loqui
2160 1508 2217 1546 se
2242 1496 2370 1547 liora
2402 1494 2662 1553 declaret.
2717 1496 2935 1562 quando
2961 1495 3244 1549 oecidcnte
3296 1495 3364 1549 ad

1774 1598 2057 1650 vesperam
2075 1584 2212 1648 sole,
2233 1583 2354 1635 luna
2369 1600 2397 1637 c
2413 1586 2687 1638 contrario
2704 1601 2857 1638 suuut
2881 1566 3077 1639 aitoliit
3091 1603 3213 1641 ex0t
3228 1598 3365 1649 tum.

1779 1672 1877 1724 ι.ὺί
1932 1681 2129 1739 par.ter
2182 1672 2496 1725 intuendum
2552 1673 2695 1741 quod
2757 1674 3074 1742 aequinoctia
3128 1675 3265 1728 veris
3314 1685 3369 1729 et
3459 1704 3470 1716 ν

1777 1764 2019 1816 autuumi
2070 1764 2236 1831 aequis
2277 1763 2466 1832 spatiis
2507 1763 2641 1816 dixit
2673 1778 2792 1817 esse
2832 1764 3120 1830 dirempta.
3151 1764 3215 1817 Et
3247 1765 3367 1820 inde

98 1892 311 1935 caeteros
333 1879 815 1940 movetstudiosos,
850 1876 1122 1947 quomodo
1143 1874 1459 1928 Anatholius
1472 1888 1590 1928 cum
1604 1872 1670 1925 sit

1783 1852 2135 1921 colligendum
2185 1854 2326 1921 quod
2381 1854 2448 1906 ab
2501 1854 2822 1921 acquinoctio
2866 1854 2931 1907 ad
2985 1856 3366 1922 atquiuoctium

96 1980 149 2023 et
170 1972 279 2039 ipse
296 1970 669 2026 eruditioneac
682 1983 877 2037 genere
892 1966 1192 2037 Algyptius,
1210 1966 1358 2034 quasi
1376 1964 1677 2018 contrarius

98 2058 306 2131 Ᾰίςξριὶ
331 2056 667 2119 doct’orihus,
685 2057 887 2112 scribat
913 2056 1293 2125 aequinoctium
1326 2054 1464 2108 idem
1497 2055 1548 2107 in
1578 2068 1676 2106 un-

96 2151 303 2203 decimo
327 2148 591 2201 Kalendas
620 2146 830 2216 Apriles
854 2159 1141 2200 occurrere
1184 2143 1379 2197 solere.
1417 2142 1507 2195 Est
1534 2158 1674 2213 ergo.

97 2240 353 2309 inquiens,
385 2241 439 2293 in
458 2240 626 2308 primo
656 2239 1009 2291 annoinitium
1038 2237 1189 2306 primi
1212 2238 1401 2289 mensis
1420 2274 1435 2299 ,
1474 2235 1678 2305 quando

97 2330 360 2383 estdecim.
379 2340 425 2382 et
447 2345 769 2383 txannamm
785 2328 965 2381 circuli
981 2328 1200 2384 iniliun,
1218 2328 1493 2380 secundum
1511 2325 1678 2396 zfgy-

98 2422 227 2486 ptios
249 2421 448 2483 quidem
472 2419 663 2472 mensis
683 2398 1003 2471 l’ltamenoth
1033 2419 1275 2486 vigesimo
1304 2428 1447 2470 sexto
1477 2415 1575 2477 die,
1599 2432 1680 2466 se-

92 2512 309 2564 cundum
326 2510 584 2565 Romanos
597 2527 715 2564 vero
727 2511 995 2562 undecimo
1013 2507 1279 2561 Kalendas
1293 2507 1504 2575 Aprilis,
1514 2509 1564 2559 in
1579 2523 1679 2575 qua

94 2604 172 2655 die
186 2604 441 2656 invenitur
453 2606 530 2656 sol
550 2619 648 2655 non
664 2602 827 2654 solum
843 2600 1200 2652 conscendisse
1219 2600 1437 2665 primam
1459 2606 1677 2667 partem,

93 2708 262 2743 rerum
281 2693 435 2753 etiam
451 2700 690 2760 quartam
703 2690 820 2756 jam
840 2690 894 2741 in
923 2689 1097 2741 eadem
1121 2687 1415 2751 die/labere,
1433 2687 1489 2739 id
1508 2696 1601 2749 est,
1626 2688 1678 2738 in

90 2784 255 2849 prima
286 2782 630 2835 exducdecim
651 2779 906 2848 partibus.
937 2777 1062 2831 Iltec
1075 2788 1242 2829 autent
1272 2777 1545 2845 particula,
1571 2793 1680 2828 ver-

92 2878 209 2931 nale
238 2886 315 2930 est
344 2877 708 2946 teqninoctinm
738 2883 786 2926 et
811 2875 925 2940 ipsa
946 2881 1019 2925 est
1056 2871 1260 2924 initium
1303 2871 1575 2933 mensium,
1631 2878 1679 2920 et

90 2981 241 3036 caput
265 2971 467 3032 rirculi,
492 2978 539 3023 et
559 2959 811 3021 absolutio
840 2981 1016 3018 cursus
1043 2964 1327 3027 stellarum,
1356 2977 1468 3031 quia
1496 2961 1680 3018 πλάναι

92 3060 144 3110 id
170 3069 245 3113 est
272 3076 419 3131 vagi:
463 3059 724 3120 dicuntur,
753 3073 815 3109 ac
830 3056 955 3125 ﬁnis
973 3054 1288 3107 duodecima:
1314 3051 1604 3119 particulae,
1632 3061 1682 3103 et

90 3150 243 3201 totius
275 3151 457 3201 circuli
501 3148 773 3200 terminus.
824 3143 929 3199 Sed
971 3142 1219 3198 facillime
1268 3143 1474 3195 ratione
1523 3154 1681 3209 posse

1782 1946 2061 1999 dimidium
2096 1950 2222 2001 anni
2262 1956 2577 2012 computare
2619 1945 2911 1999 debeamus
2938 1987 2951 2010 ,
3002 1955 3160 2014 atque
3209 1958 3369 1999 autu-

1779 2034 1954 2089 mnale
2003 2048 2092 2087 χιιι
2150 2032 2507 2087 Kalendarum
2552 2034 2772 2089 Octobr.
2824 2044 3102 2101 auuotare,
3153 2046 3371 2091 centum
3448 2054 3451 2057 λ

1779 2120 1827 2172 vi
1852 2121 2031 2175 lelicet
2060 2130 2114 2174 et
2142 2124 2415 2190 octoginta
2439 2123 2650 2179 duobus
2680 2125 2871 2179 diebus
2892 2140 2921 2177 a
2946 2126 3145 2179 vernali
3169 2126 3372 2181 discre-

1782 2218 1913 2262 tutn.
1947 2210 2100 2276 Quod
2130 2226 2251 2266 esse
2280 2213 2621 2267 verissimum
2652 2215 2815 2268 etiam
2851 2215 3164 2285 horologica
3213 2217 3376 2274 docet
3414 2236 3423 2245 ‘

1781 2300 2067 2371 inspectio,
2097 2306 2335 2359 maxime
2362 2320 2484 2359 cunt
2516 2306 2653 2361 hanc
2681 2307 3041 2376 aequissimam
3068 2310 3191 2363 anni
3232 2312 3372 2366 inter

1778 2397 2218 2463 :equinoctiorum
2242 2399 2652 2467 diremptionem
2668 2402 3022 2472 antiquissimi
3047 2413 3103 2457 et
3122 2405 3372 2459 eruditis-

1780 2486 1899 2558 simi
1928 2486 2166 2542 doctoris
2197 2490 2403 2543 Aristaei
2427 2491 2605 2544 verbis
2637 2502 2866 2557 astruat,
2897 2495 2987 2561 qui
3022 2494 3115 2547 l'uit
3140 2511 3275 2550 unus
3304 2513 3373 2551 ex

1784 2576 1885 2629 illis
1914 2576 2053 2629 LXX
2103 2578 2399 2633 illustribus
2438 2580 2733 2649 Scriptum
2768 2598 2933 2637 sacra:
2963 2583 3369 2654 Interpretibus.

1781 2668 1933 2734 Quod
1962 2677 2140 2721 autent
2171 2668 2308 2722 idem
2338 2670 2412 2723 ait
2434 2671 2772 2737 Auatholius,
2805 2674 2857 2727 in
2888 2690 2989 2742 qua
3018 2674 3132 2730 dies
3163 2676 3373 2731 inveni-

1785 2770 1870 2811 tur
1897 2760 1999 2822 so',
2055 2775 2163 2813 non
2212 2761 2385 2814 solum
2417 2764 2797 2818 conscendisse
2838 2767 3067 2835 primaut
3120 2777 3326 2837 partem
3352 2810 3372 2837 ,

1781 2852 2133 2903 verumetiatn
2161 2861 2407 2919 quartam
2434 2852 2545 2921 jam
2579 2854 2779 2910 habere
2801 2857 2854 2911 in
2881 2873 2943 2911 ea
2967 2858 3073 2923 die,
3106 2860 3157 2913 id
3179 2868 3283 2926 est,
3318 2860 3369 2914 in

1784 2938 1951 3006 prima
1976 2946 2029 2991 et
2049 2937 2329 2995 duodecim
2356 2944 2618 3013 partibus,
2646 2961 2716 2999 xu
2748 2956 2927 3014 partes
2943 2964 3014 3003 xu
3035 2949 3184 3017 signa
3212 2951 3376 3005 horo-

1782 3030 1929 3098 sc0pi
1955 3031 2216 3098 nominat,
2243 3048 2362 3109 quas
2393 3035 2610 3091 tricenis
2630 3037 2819 3091 diebus
2841 3047 2897 3092 et
2922 3042 3109 3109 paucis
3155 3041 3375 3110 insuper

1783 3120 1933 3175 horis
1955 3121 2124 3176 solem
2149 3122 2355 3193 singula
2382 3134 2586 3181 tenent.
2624 3126 2775 3184 Unde
2797 3141 2853 3185 et
2880 3130 3030 3188 Maro
3066 3131 3137 3188 de
3185 3132 3375 3189 iisdem

89 3238 249 3295 credo
276 3239 479 3303 doceri,
513 3255 619 3292 non
652 3253 774 3291 cum
820 3235 1031 3289 caeteris
1079 3231 1293 3302 Egypti
1338 3238 1395 3284 et
1444 3228 1678 3284 Orientis
1706 3229 1750 3291 C
1782 3211 1913 3265 die“
1946 3229 1958 3265 τ

89 3330 511 3400 prmccptoribus
548 3327 601 3382 in
633 3327 736 3381 hoc
781 3340 900 3380 esse
944 3322 1293 3378 contrarium.
1338 3319 1488 3374 Facit
1541 3320 1685 3374 enim

90 3424 224 3477 ratio
247 3422 567 3492 quadrantis
590 3422 767 3491 (quem
786 3414 1309 3483 bissextumvocant)
1332 3421 1397 3481 ut
1414 3414 1493 3468 sol
1520 3412 1687 3483 arqui-

87 3514 383 3568 noctialem
411 3515 494 3567 sui
517 3526 706 3566 cursus
729 3510 903 3563 locum
926 3509 978 3561 in
1009 3505 1265 3575 signifero
1286 3504 1517 3567 circulo,
1542 3518 1682 3558 nunc

87 3605 137 3658 in
158 3604 339 3675 primo
367 3614 561 3657 exortu
590 3616 708 3662 suo,
754 3599 976 3653 nuncin
1009 3596 1250 3661 meridie,
1294 3609 1434 3648 nunc
1466 3608 1681 3656 occasu,

85 3711 226 3751 nunc
253 3693 439 3749 media
466 3700 626 3746 nocte
650 3687 1091 3758 comprehendat,
1115 3694 1173 3740 et
1223 3685 1473 3753 quotiens
1528 3698 1687 3737 mane

88 3787 169 3840 vel
196 3785 428 3841 meridie
461 3783 577 3839 lteri
599 3780 979 3853 mquinoctium
1004 3777 1308 3845 contigerit,
1334 3774 1400 3829 ad
1425 3774 1684 3830 duodeci-

84 3895 229 3934 mum
252 3876 622 3941 Kalendarum
645 3874 905 3944 Aprilium
932 3890 945 3927 :
969 3871 1217 3941 quotiens
1243 3880 1421 3924 autem
1452 3870 1682 3939 vesperi,

80 3970 168 4023 vel
196 3970 384 4024 media
409 3977 594 4031 nocte,
622 3967 686 4019 ad
713 3965 1054 4019 undecimum
1084 3961 1444 4015 Kalendarum
1474 3975 1684 4012 earnm-

79 4060 201 4115 dem
224 4062 374 4115 diem
392 4057 475 4129 per
492 4059 647 4111 tinet.
694 4056 910 4123 Absque
935 4052 1078 4106 eniut
1127 4050 1549 4107 contradictione

80 4153 258 4208 omnis
280 4169 354 4208 ex
386 4166 498 4219 quo
528 4144 791 4203 Dominus
810 4162 838 4201 a
867 4145 1089 4200 mortuis
1111 4144 1427 4207 resurrexit,
1451 4158 1683 4212 sequen-

82 4249 147 4302 tis
167 4247 277 4301 diei
304 4244 644 4313 temporibus
668 4239 1030 4309 anteponitur,
1056 4251 1158 4290 nozt
1182 4245 1359 4289 autem
1383 4250 1503 4304 prce.
1523 4236 1687 4289 eden-

78 4339 147 4391 tis
182 4338 511 4406 apponitur.
534 4332 690 4388 Unde
717 4331 962 4386 consulte
986 4328 1302 4381 Anatholius
1328 4343 1431 4379 non
1462 4336 1609 4379 vetat
1634 4326 1686 4377 in

80 4428 461 4484 undecimum,
484 4423 794 4477 sedante'n
810 4418 1168 4471 Kalendarum
1200 4416 1459 4484 Aprilium
1483 4414 1686 4470 Pascha

76 4515 523 4583 celebrari,’cum
554 4514 671 4581 ipse
694 4510 748 4564 in
776 4508 965 4564 eodem
986 4508 1121 4561 libro
1141 4506 1423 4572 diligenter
1445 4520 1510 4560 ex
1538 4506 1679 4560 anti-

76 4621 313 4675 quorum
341 4605 551 4675 pariter
579 4609 635 4656 et
661 4615 924 4656 novorum
952 4599 1168 4653 Patrum
1197 4597 1408 4667 scriptis
1433 4597 1681 4671 al'lirtnet,
1719 4583 1767 4641 D
1794 4602 1904 4639 rat"
1931 4585 2164 4655 βετῖθειῖι
2196 4602 2316 4642 esse
2340 4588 2690 4655 dignoscitur.
2724 4590 2859 4646 Nam
2888 4608 3011 4649 cum

75 4714 204 4758 ante
220 4714 607 4757 transcensum
620 4695 924 4769 aequinoctii
949 4695 1148 4749 Pascha
1169 4696 1373 4783 agj'nou
1388 4711 1563 4771 posse.
1575 4697 1689 4766 lpse

74 4796 227 4854 enim
244 4793 354 4852 sibi
389 4791 544 4845 testis
563 4798 681 4844 erat
708 4787 853 4858 quod
893 4788 1135 4842 scribens
1180 4803 1286 4841 non
1329 4790 1498 4855 prima
1546 4790 1689 4843 sedis

72 4885 488 4957 εηυίηοοιίειιέ
522 4888 789 4947 tempora,
813 4875 907 4928 sed
937 4875 1122 4929 ultima
1149 4875 1400 4942 signavit,
1449 4877 1553 4929 hoc
1606 4886 1691 4931 est

74 4995 137 5032 ea
166 4994 199 5032 a
248 4977 462 5047 quibus
510 4971 725 5027 Pascha:
774 4966 1193 5025 c‘ktbratioue'n
1249 4967 1485 5037 incipere
1528 4984 1689 5037 posse

75 5074 332 5123 noverat.
386 5062 528 5118 Cum
573 5055 716 5114 ettiin
745 5060 984 5123 secunda
1033 5058 1116 5115 vel
1171 5055 1332 5115 tertio
1374 5070 1518 5111 anno
1568 5066 1692 5128 post

74 5160 393 5215 bissextum
413 5152 633 5209 Pascha:
655 5151 772 5207 dies
789 5150 1099 5207 Dominicus
1114 5152 1165 5204 in
1188 5145 1472 5205 undecimo
1494 5146 1691 5206 Kalen-

72 5248 274 5304 darum
303 5244 583 5317 Aprilium
635 5240 953 5303 occurrerit,
976 5248 1190 5295 constat
1248 5240 1494 5295 nimitum
1547 5237 1691 5309 quod

71 5354 199 5392 cum
246 5334 595 5407 aquiuoctio
634 5331 856 5388 Pascha:
910 5340 1121 5398 tempus
1175 5330 1479 5387 inchoatur.
1525 5330 1692 5401 Cujus

71 5431 435 5487 cremonae
464 5438 648 5499 partes
667 5428 1013 5483 celebrantur
1031 5423 1271 5492 ejusdem
1294 5426 1463 5493 prima
1494 5426 1689 5491 noctis;

69 5520 337 5592 quamvis
387 5519 483 5574 illa
514 5517 810 5587 mediante,
840 5518 924 5573 vel
953 5516 1112 5572 etiam
1163 5515 1451 5572 inchoante
1505 5517 1689 5587 perlici

70 5609 479 5682 εςιίιοαωω
501 5608 684 5667 nullus
708 5611 953 5679 ambigit,
981 5625 1049 5666 eo
1074 5607 1217 5679 quod
1238 5606 1483 5678 profecto
1506 5608 1691 5677 Domi—

70 5704 213 5759 nica
240 5701 430 5771 ipsam
458 5699 876 5756 resurrectionis
900 5700 1004 5756 rite
1028 5698 1288 5757 celebrari
1315 5698 1525 5764 horam,
1574 5714 1693 5770 qua:

70 5792 323 5851 dibch
354 5786 503 5846 facta
530 5798 633 5845 est.
661 5789 732 5845 Et
749 5798 811 5847 ut
838 5800 1089 5864 patenter
1112 5791 1507 5848 animadvertas
1546 5794 1693 5863 quod

74 5882 423 5943 Anatolius
492 5882 861 5952 vespertinum
929 5886 1233 5954 specialiter
1310 5886 1692 5957 :cqniuoctium

1912 3363 2095 3413 idcirco
2114 3368 2266 3414 certis
2286 3368 2558 3417 dimensum
2585 3373 2805 3431 partibus
2825 3375 3020 3436 orbem,

1849 3500 1857 3507 ,
1916 3449 2010 3496 l‘er
2030 3448 2256 3497 duodena
2279 3455 2409 3513 regit
2432 3452 2596 3501 mundi
2620 3456 2691 3503 sol
2717 3469 2898 3506 aureus
2913 3466 3062 3508 astra.

1786 3603 2013 3657 quarunt
2062 3590 2310 3647 videlicet
2358 3595 2591 3663 partium
2638 3598 2811 3667 prima
2855 3598 3011 3669 juxta
3053 3611 3299 3657 naturam
3341 3619 3373 3659 a

1787 3679 1906 3734 loco
1927 3681 2237 3750 mquittoclii
2265 3684 2498 3737 vernalis
2528 3686 2730 3755 incipit.
2761 3686 2886 3743 llaec
2915 3698 3096 3744 autem
3119 3692 3287 3761 prima
3309 3708 3377 3747 ex

1787 3770 2106 3825 duodecima
2131 3774 2350 3827 vernale
2376 3785 2459 3827 est
2498 3778 2901 3845 tequinoctium,
2957 3781 3078 3847 quia
3124 3782 3377 3837 nimirum

1789 3862 1954 3930 partis
1980 3862 2217 3929 ejusdem
2251 3865 2477 3927 initium,
2505 3867 2709 3920 scilicet
2732 3869 2817 3920 ubi
2847 3869 2927 3923 sol
2960 3870 3132 3937 primo
3170 3874 3381 3941 pusitus
3456 3890 3460 3896 ‘

1787 3960 1887 4011 est,
1922 3951 2094 4019 ipsum
2128 3962 2273 4006 tenet
2292 3955 2693 4022 :cquinomium,
2728 3967 2875 4013 recte
2905 3962 3182 4031 praemittit
3206 3965 3377 4020 solem

1788 4040 1839 4092 in
1889 4054 1951 4091 ea
2000 4040 2087 4093 die
2138 4057 2243 4094 nun
2275 4043 2449 4097 solum
2481 4048 2861 4103 conscendisse
2892 4054 3118 4122 primam
3149 4062 3380 4121 partem,

1791 4145 1972 4182 rerum
2029 4132 2186 4184 etiam
2235 4134 2491 4200 quadram
2516 4136 2629 4205 jam
2659 4137 2711 4190 in
2744 4154 2805 4191 ea
2836 4131 2925 4193 die
2973 4140 3173 4195 habere
3205 4162 3218 4196 :
3253 4145 3381 4213 quia

1790 4234 2040 4289 quotiens
2066 4224 2438 4290 mquinoctiale
2467 4233 2679 4294 tempus
2720 4226 3169 4294 juxta-rationem
3201 4234 3385 4303 prmia-

1793 4322 1899 4364 tatn
1955 4314 2005 4364 in
2048 4314 2386 4367 undecimum
2426 4314 2789 4373 Kalendarum
2854 4316 3116 4392 Aprilium
3170 4325 3382 4392 incidit,

1791 4402 1990 4454 totiens
2029 4403 2080 4456 in
2108 4406 2222 4473 ipso
2270 4410 2531 4476 temporis
2577 4421 2854 4465 momento
2902 4388 3005 4465 illa
3035 4422 3227 4484 quarta
3258 4431 3385 4484 pars

1792 4492 1917 4557 diei,
1943 4508 2061 4562 qum
2078 4496 2350 4549 annuatim
2377 4513 2692 4552 accrescere
2714 4502 2876 4567 solet,
2893 4504 3188 4621 secqndum
3217 4512 3383 4583 natu-

1794 4602 1903 4621 ram
1931 4585 2163 4621 ηοιιΓοι-ιιι
2196 4602 2316 4621 Acan
2341 4588 2673 4621 Ainnncnit...
2725 4590 2857 4621 Nn...
2890 4608 3009 4621 ηη...
3061 4594 3377 4621 ,μημιηέξμΔ

3058 4594 3384 4654 duodecimo

1792 4676 2150 4732 Kalendarum
2206 4681 2515 4734 earumdem
2544 4681 2632 4736 die
2674 4684 3380 4758 contingit}:equinoctium,

1793 4780 1903 4825 tum
1960 4772 2010 4825 in
2071 4771 2189 4839 ipso
2246 4788 2400 4840 teque
2454 4774 2578 4840 die,
2629 4784 2685 4827 et
2721 4775 2775 4827 in
2834 4774 2951 4843 ipsa
3012 4777 3383 4845 aequinoctiali

1791 4863 1923 4915 liora
1982 4863 2252 4930 quadrans
2314 4863 2454 4917 idem
2511 4864 2780 4934 expletur.
2844 4864 2971 4933 ideo
3042 4877 3223 4924 autent
3288 4871 3385 4927 ad-

1790 4953 1965 5029 dimus
2038 4953 2398 5023 naturaliter,
2452 4958 2576 5025 quia
2647 4961 3056 5018 consuetudinis
3126 4974 3211 5021 est
3279 4967 3385 5022 bu-

1792 5060 1984 5108 tuatua,
2043 5046 2203 5101 variis
2251 5046 2399 5102 illum
2450 5053 2786 5122 temporibus
2838 5056 2991 5120 anni,
3027 5066 3191 5127 prout
3224 5060 3384 5114 cuili-

1792 5135 1884 5190 bet
1907 5136 2089 5203 generi
2122 5138 2320 5207 placuit
2349 5140 2607 5196 inserere.
2640 5142 2911 5200 Naturalis
2940 5162 3073 5202 vero
3103 5155 3187 5201 est
3215 5148 3385 5218 ratio-

1792 5228 1875 5281 nis
1903 5226 1955 5280 in
1986 5229 2351 5297 completione
2379 5238 2435 5284 et
2457 5232 2676 5288 circulis
2702 5234 2835 5288 solis
2871 5234 3055 5303 adjici,
3088 5249 3250 5304 quam
3277 5236 3385 5307 Cy-

1793 5318 1945 5373 rillus
1989 5317 2221 5387 signavit
2253 5321 2303 5373 in
2357 5336 2444 5386 ea,
2493 5338 2655 5391 quam
2686 5331 2746 5377 ut
2787 5340 2948 5392 supra
2999 5328 3385 5395 proposuimus

1792 5411 2083 5475 sententia,
2114 5411 2297 5465 dicens
2331 5429 2343 5463 :
2378 5411 2442 5465 Et
2473 5413 2588 5466 linit
2617 5416 2698 5469 sol
2729 5431 2948 5473 cursum
2980 5419 3147 5475 totius
3172 5404 3384 5477 anniin
3414 5448 3417 5449 ν

1795 5500 2121 5557 όιιιιὰεείιιιο
2156 5500 2525 5558 Kalendarum
2564 5506 2854 5574 Aprilium,
2902 5518 2958 5565 et
2988 5526 3057 5566 ne
3088 5513 3211 5582 quis
3243 5511 3385 5568 forte

1796 5609 1896 5647 nos
1926 5607 2031 5645 non
2076 5592 2368 5646 contendat
2421 5594 2472 5648 in
2503 5595 2605 5652 hac
2643 5597 2918 5655 Anatholii
2951 5603 3241 5667 sententia,
3279 5603 3385 5659 hoc

1796 5684 1938 5757 φοι]
1968 5685 2083 5752 ipse
2112 5686 2280 5740 sensit
2308 5687 2610 5759 intelligere
2636 5694 2903 5761 potuisse,
2930 5695 3060 5749 libet
3089 5710 3260 5765 pauca
3283 5711 3387 5751 an-

1798 5785 2017 5833 nectere
2056 5790 2177 5845 qua;
2218 5777 2286 5831 de
2331 5779 2518 5835 iisdem
2565 5784 2807 5851 partibus
2844 5793 2899 5838 et
2942 5786 3267 5856 mquiuoctio
3301 5785 3388 5841 vir

1800 5868 2144 5927 doctissimus
2176 5868 2354 5939 Victor
2381 5872 2648 5945 Capuana:
2681 5874 2824 5931 urbis
2855 5877 3079 5935 antistes
3108 5878 3382 5936 describe-
