3920 6238
524 425 629 481 605

1021 426 1227 483 RBDA?
1272 425 1728 481 VENEBABILIS
1766 423 2046 480 UPERUM
2095 422 2272 478 PARS
2313 420 2352 475 Ι.
2386 453 2457 464 -
2489 420 2943 478 DlDASCAIJCA
2984 419 3310 479 GENUINA.
3669 427 3741 483 θυι

524 537 639 591 δίη·
673 553 693 586 ⁸
745 532 1014 599 (Ῑαδεδιίίν
1066 536 1257 603 inqu“:
1305 535 1557 598 είτευιυίι
1608 549 1703 603 Ρθτ
1731 547 1890 601 quem
1933 530 2015 585 50'
2054 537 2111 585 ει
2138 532 2187 592 Α
2216 565 2517 617 assumens,
2568 552 2660 606 ubi
2698 560 3061 621 opportunum
3102 552 3429 623 reprobatur
3474 557 3743 619 ln~eruit,et

520 629 645 683 luna
676 638 729 683 et
768 629 870 683 stel
892 644 957 693 te,
986 643 1106 696 qua:
1136 629 1366 698 planetae
1406 628 1766 695 appellamur,
1792 635 1981 680 contra
2011 623 2106 677 im.

520 730 704 791 petum
735 720 900 774 totius
930 719 1051 774 caeli
1099 720 1319 789 proprio
1346 729 1496 773 motu
1550 718 1808 782 feruntur,
1842 733 1939 787 per
1975 716 2111 771 duo—

456 867 467 881 .
518 811 694 865 decim
725 822 909 880 partes
934 810 1138 879 judicio
1168 820 1252 865 est
1298 810 1577 881 sapientia:
1609 809 1948 864 distributus.
1981 806 2111 875 Qui-

516 905 619 959 bus
660 902 897 973 peractis
943 918 1144 959 cccuv
1188 902 1297 969 die,
1328 918 1435 973 quo
1479 912 1595 957 toto
1644 908 1889 970 tempore
1936 914 2108 953 annus

518 994 789 1065 expletur,
815 996 941 1048 dum
966 994 1047 1048 sol
1074 997 1356 1063 repetierit
1385 993 1569 1047 circuli
1600 990 1894 1059 supradicti
1922 990 2106 1058 prima:

518 1086 689 1153 partis
732 1086 967 1147 initium,
1012 1086 1184 1149 oritur
1226 1086 1352 1138 anni
1401 1084 1742 1152 principium,
1788 1082 1930 1151 quod
1975 1080 2033 1132 llt
2073 1097 2104 1133 ει

515 1176 842 1231 duodecimo
870 1173 1233 1229 Kalendarum
1254 1173 1516 1243 Aprilium
1539 1174 1623 1227 die
1648 1187 1818 1240 usque
1847 1172 1912 1225 ad
1946 1170 2105 1225 unde-

514 1265 740 1321 ciuium.
784 1263 941 1333 Satpe
966 1264 1109 1316 enim
1146 1279 1392 1333 vespere,
1437 1262 1702 1316 interdum
1736 1270 1914 1321 nocte.
1966 1276 2102 1313 non-

516 1372 789 1425 nunquam
820 1356 933 1410 i..sa
965 1354 1317 1409 Kalendarum
1352 1370 1404 1408 χι
1429 1354 1688 1422 Aprilium
1710 1353 1795 1406 die
1818 1351 2103 1422 provenire

511 1448 957 1519 deprehenditur.
1012 1448 1275 1503 Vicesima
1335 1447 1496 1514 igitur
1538 1454 1689 1499 sexta
1734 1446 1822 1498 die
1861 1452 1886 1479 ι
1925 1443 2100 1495 Martii

516 1541 717 1596 mensis
758 1542 1056 1595 secundum
1088 1538 1503 1601 Alexandrinos,
1534 1538 1638 1591 hoc
1666 1546 1778 1602 est,
1809 1534 1963 1603 juxta
1995 1534 2099 1587 La-

512 1632 659 1685 tinos
696 1629 1021 1685 duodecimo
1065 1629 1148 1684 vel
1197 1629 1483 1684 undecimo
1534 1627 1893 1682 Kalendarum
1936 1624 2098 1693 Apri-

509 1721 641 1776 lium
666 1720 752 1775 die
782 1720 1033 1789 lit,juxta
1060 1720 1193 1774 solis
1217 1735 1433 1775 cursum
1457 1718 1612 1788 primi
1640 1717 1840 1771 mensis
1864 1716 2095 1769 initium.

507 1813 588 1869 Ne
614 1814 737 1885 quis
766 1822 947 1869 autem
980 1829 1080 1869 nos
1110 1813 1484 1867 inconstantia:
1512 1810 1642 1866 velit
1670 1823 1917 1877 arguere,
1947 1806 2093 1876 quod

506 1878 657 1962 velut
695 1908 795 1960 sub
832 1905 1085 1973 ambiguo
1129 1902 1456 1960 ﬂuctuantes
1500 1902 1639 1957 diem
1688 1901 1847 1971 primi
1894 1898 2092 1953 mensis
2132 1878 2174 1936 Β

506 1997 729 2052 minime
750 1996 1089 2061 deliniamus,
1121 1994 1429 2063 hujusmodi
1457 1977 1773 2063 objurga'tor
1793 2001 1884 2045 aut
1910 1992 2088 2063 potius

505 2090 795 2162 inquisitor
836 2091 990 2155 sciat,
1042 2088 1190 2159 quod
1237 2085 1589 2142 solertissime
1633 2100 1665 2139 a
1714 2084 1941 2152 septima
1984 2081 2091 2136 diei

504 2184 662 2246 hora,
691 2183 880 2235 horam
908 2181 1135 2250 primam
1166 2179 1390 2233 alterius
1415 2178 1520 2231 diei
1549 2176 1710 2231 docet
1738 2175 1997 2244 incipere,
2031 2180 2087 2225 et

503 2290 626 2329 cum
673 2275 744 2328 sit
786 2289 893 2327 xxv
929 2272 1045 2326 dies
1081 2272 1108 2309 ιι
1133 2271 1310 2324 Martii
1356 2270 1577 2334 mensis,
1614 2283 1685 2322 xit
1733 2264 2091 2319 Kalendarum

505 2365 795 2435 Aprilium,
825 2366 871 2417 si
901 2376 1130 2432 vespere
1157 2360 1398 2428 ejusdem
1450 2358 1555 2412 diei
1583 2356 1665 2411 sol
1695 2354 1925 2424 spatium
1977 2353 2093 2423 pri:

504 2446 606 2512 ma:
634 2458 801 2525 partis
829 2456 1083 2521 illustret,
1110 2454 1220 2521 jam
1256 2469 1378 2507 xxvi
1412 2449 1719 2513 ascribitur,
1748 2446 2088 2518 :Egyptiaea,

508 2558 566 2601 nt
586 2548 840 2611 diximus,
868 2547 1154 2601 traditione
1181 2546 1361 2598 subtili
1387 2554 1439 2597 et
1463 2543 1580 2596 sine
1601 2541 1937 2595 dubitatione
1965 2553 2092 2607 pro—

502 2640 685 2693 habili.
720 2658 737 2689 ι
775 2637 838 2691 Et
867 2645 989 2707 post
1012 2651 1221 2706 pauca:
1258 2654 1275 2685 ι
1306 2635 1471 2707 Igitur
1514 2633 1662 2697 luna,
1696 2632 1887 2700 inquit,
1916 2630 1960 2683 si
2004 2645 2091 2703 xiv

499 2730 789 2797 reperitur,
820 2728 937 2782 sole
968 2729 1022 2781 iit
1053 2726 1226 2795 prima
1258 2734 1413 2794 parte
1439 2704 1521 2777 sui
1550 2720 1736 2778 circuli
1768 2719 2087 2783 constituto,

498 2819 617 2887 jure
648 2816 804 2885 primi
844 2816 1044 2870 mensis
1074 2814 1387 2870 ascribitur.
1420 2814 1474 2865 Si
1506 2828 1635 2867 vero
1670 2812 1818 2881 prius
1847 2825 1934 2863 XIV
1964 2809 2088 2861 luna

498 2912 604 2965 hoc
634 2910 793 2979 pleno
840 2908 1046 2961 lumine
1084 2908 1231 2960 orbis
1267 2905 1548 2968 ell'ulserit,
1582 2918 1743 2972 quam
1772 2902 1853 2956 sol
1884 2914 2092 2953 memo-

498 3009 669 3054 ratam
720 2998 950 3067 primam
1004 3005 1213 3067 partem
1266 2995 1453 3049 circuli
1501 2992 1584 3047 sui
1640 2990 1966 3057 contigerit,
2018 3001 2093 3041 xu

499 3090 701 3143 mensis
746 3103 867 3145 esse
903 3087 1173 3154 reperitur
1210 3087 1292 3140 vel
1336 3083 1693 3154 reputabitur.
1738 3078 1801 3133 Et
1840 3080 2091 3148 quotiens

501 3179 573 3232 ita
603 3177 850 3244 contigit,
882 3176 1198 3230 solemnitas
1226 3172 1470 3228 diﬂ‘ertur
1498 3172 1567 3226 ad
1599 3171 1827 3225 alterum
1858 3170 2090 3238 plenilu-

500 3273 671 3334 nium,
701 3284 864 3338 quam
895 3268 1082 3322 venire
1113 3280 1339 3319 necesse
1368 3273 1450 3318 est
1480 3264 1654 3316 adhuc
1678 3260 1792 3314 sole
1832 3261 1884 3312 in
1917 3259 2087 3327 prima

498 3375 655 3434 parte
684 3363 753 3416 de
776 3358 1063 3415 duodecim
1083 3357 1269 3413 circuli
1302 3356 1542 3425 partibus
1563 3352 1878 3405 constituto.
1916 3368 1933 3400 ι
1962 3348 2089 3403 Huic

501 3455 569 3507 de
594 3454 773 3507 verbis
802 3451 951 3506 beati
986 3450 1216 3505 Victoris
1256 3461 1532 3502 assumere
1562 3443 1783 3514 placuit,
1824 3447 2089 3511 quatenus

498 3542 767 3601 sententia
810 3543 983 3595 sancti
1032 3540 1209 3593 Patris
1236 3537 1531 3595 Anatholi‘t,
1563 3551 1683 3603 qua:
1725 3542 1780 3587 et
1824 3534 1876 3586 in
1922 3531 2090 3599 ipsius

501 3649 671 3705 opere
700 3632 961 3701 paschali,
990 3637 1047 3685 et
1075 3629 1129 3683 in
1161 3627 1387 3682 historia
1422 3624 1793 3681 ecclesiastica
1820 3622 2091 3690 plerisque

500 3730 732 3783 obscura
760 3732 865 3789 est,
898 3738 996 3793 per
1024 3722 1141 3791 ejus
1190 3719 1287 3773 tibi
1327 3718 1470 3771 uicta
1500 3716 1698 3770 clarior
1746 3712 2089 3768 redderetur.

502 3821 609 3877 Sed
629 3816 819 3888 neque
845 3817 951 3872 hoc
975 3810 1409 3886 praetereundum
1437 3807 1581 3877 quod
1602 3816 1728 3862 sunt
1755 3805 1844 3874 qui
1867 3812 2093 3859 conten-

500 3914 636 3968 dunt
667 3908 1018 3976 Anatholium
1051 3907 1103 3961 in
1131 3906 1233 3961 hac
1254 3902 1521 3958 sententia
1553 3913 1889 3971 nequaquam
1921 3894 2108 3949 unde-‘

501 4004 719 4066 ciuium,
750 3998 843 4055 sed
873 4006 1133 4052 octavum
1161 3992 1519 4048 Kalendarum
1543 3990 1802 4059 Aprilium
1826 3988 1963 4041 diem
1991 4002 2092 4055 po—

504 4092 698 4157 suisse,
742 4089 986 4144 dicentes
1017 4104 1030 4141 :
1064 4102 1189 4141 cum
1222 4086 1363 4139 hanc
1393 4085 1717 4138 sententiain
1767 4082 1817 4135 in
1867 4081 2089 4135 historia

503 4182 867 4236 ecclesiastica
898 4188 1146 4251 poneret.
1191 4178 1330 4232 diem
1362 4193 1460 4245 pro
1491 4177 1575 4229 die
1608 4185 1864 4237 mutasse,
1903 4182 1958 4227 et
1987 4174 2091 4228 L‘u-

502 4270 713 4325 sebium
744 4268 888 4337 quod
918 4279 1114 4322 cmiera
1143 4268 1283 4322 bene
1312 4283 1373 4321 ac
1405 4266 1776 4336 philosophice
1802 4266 1977 4335 posita
2008 4264 2091 4318 vi-

504 4360 679 4420 deret,
709 4375 815 4413 uno
846 4358 1013 4412 verbo
1043 4356 1317 4423 corrigere
1349 4358 1603 4421 voluisse,
1634 4354 1777 4424 quod
1814 4357 1866 4410 in
1896 4354 2091 4408 eami-

504 4468 607 4506 nus
639 4450 883 4519 perfecte
915 4447 1115 4503 dictum
1147 4446 1510 4514 conspexerit,
1542 4430 1608 4498 ne
1653 4445 1798 4498 illum
1842 4444 2094 4497 videlicet

2214 641 2329 709 ipse
2376 640 2719 695 undecimum
2758 642 2812 695 in
2854 656 2919 696 ea
2968 656 3077 695 non
3122 650 3378 696 octavum
3438 640 3744 697 Kalendarum

2211 730 2472 801 Aprilium
2494 730 2737 785 scribens
2751 732 2915 785 diem.
2934 730 3043 786 Sed
3063 738 3118 785 et
3135 730 3425 807 Dionysius
3439 746 3745 801 cognomento

2210 819 2467 889 Exiguus,
2490 821 2713 875 scientia
2737 822 3057 891 praecipuus,
3085 823 3283 877 mirum
3310 838 3483 895 quare
3504 824 3581 879 vel
3601 826 3745 893 ipsein

2209 912 2452 983 epistolis
2497 914 2609 968 suis
2654 913 3000 983 paschalibus
3051 915 3326 969 Anatholii
3376 916 3667 987 sullragium
3698 920 3745 974 de

2208 1006 2433 1059 historia
2465 1006 2830 1061 ecclesiastica
2862 1005 3151 1073 ﬂagitaret,
3183 1007 3228 1059 si
3259 1006 3378 1074 ejus
3406 1008 3478 1060 ibi
3509 1008 3638 1061 dicta
3671 1010 3745 1062 sci-

2206 1102 2291 1150 ret
2318 1096 2505 1149 lalsata
2526 1137 2541 1160 ,
2582 1111 2741 1166 quem
2771 1104 2828 1149 ut
2855 1096 3053 1151 Graecae
3083 1098 3247 1152 etiam
3295 1098 3492 1166 linguae
3536 1100 3742 1169 peritissi-

2206 1203 2377 1251 mum,
2405 1189 2637 1257 qualiter
2675 1189 2791 1244 hznc
2819 1190 2927 1244 sint
2955 1192 3129 1257 primo
3151 1190 3314 1253 edita,
3354 1190 3526 1245 latere
3554 1208 3646 1245 non
3671 1208 3744 1261 po.

2206 1277 2307 1330 tuit
2336 1277 2586 1330 attentio.
2616 1275 2722 1331 Sed
2750 1277 2875 1345 quia
2906 1279 3105 1333 mensis
3134 1279 3223 1333 hic
3253 1279 3397 1334 unde
3423 1289 3593 1334 sumat
3617 1296 3743 1334 exor-

2201 1365 2370 1431 dium,
2403 1366 2487 1420 vel
2518 1367 2605 1419 ubi
2654 1358 2990 1445 terminetur,
3024 1366 3305 1422 evidenter
3344 1368 3399 1422 in
3450 1368 3609 1440 Moysi
3640 1372 3745 1423 scri-

2201 1455 2307 1523 ptis
2355 1472 2463 1509 non
2504 1455 2819 1523 colligitur:
2873 1475 2892 1507 ‹
2940 1456 3146 1525 praefati
3186 1458 3523 1513 venerabiles
3559 1473 3744 1514 cccxvnt

2202 1545 2483 1614 pontiﬁces
2512 1547 2720 1614 antiqui
2766 1546 2933 1601 moris
2974 1549 3401 1614 observantiam,
3442 1558 3496 1604 et
3534 1549 3744 1603 exinde:

2201 1643 2393 1689 sancto
2426 1636 2607 1705 Moyse
2630 1636 2903 1702 traditam,
2936 1636 3076 1693 sicut
3102 1638 3153 1691 in
3182 1638 3415 1707 septimo
3446 1638 3578 1693 libro
3597 1638 3745 1695 Eccle-

2198 1725 2425 1780 siastitxe
2471 1726 2707 1780 historiae
2750 1726 2918 1781 lertur
2955 1727 3211 1783 solertius
3251 1728 3646 1796 investigantes,
3688 1730 3739 1782 ali

2201 1831 2291 1871 vni
2318 1817 2503 1871 Iduum
2530 1816 2838 1871 Martiarum
2864 1810 3034 1887 usque
3064 1819 3116 1872 in
3149 1818 3291 1872 diem
3315 1818 3587 1875 Nonarum
3616 1821 3738 1888 Apri-

2204 1904 2341 1961 lium‘
2381 1917 2561 1963 natam
2607 1910 2791 1963 lunam
2846 1909 3022 1964 facere
3071 1910 3325 1965 dixerunt
3382 1912 3539 1981 primi
3587 1911 3743 1966 mensis

2194 1996 2441 2065 initiutn,
2508 2008 2563 2054 et
2618 2015 2646 2053 a
2712 2001 3033 2055 duodecimo
3095 2000 3459 2056 Kalendarum
3527 2003 3742 2073 Aprilium

2194 2106 2365 2159 usque
2406 2092 2473 2146 ad
2502 2108 2587 2146 ιιν
2618 2090 2846 2146 Kalend.
2892 2091 3016 2145 Mai.
3049 2092 3225 2145 lunam
3273 2107 3360 2146 xiv
3405 2096 3644 2148 solertius
3683 2094 3740 2145 ia-
3832 2068 3833 2083 ‘

2192 2181 2506 2251 quirendam
2543 2202 2561 2233 ι
2607 2182 2843 2253 (Euseb.
2898 2182 3041 2237 Hist.
3071 2182 3298 2248 Eccles.,
3348 2182 3442 2238 lib.
3492 2200 3560 2238 vn
3588 2223 3602 2249 ,
3652 2200 3740 2247 cap.

2191 2269 2326 2340 28).
2385 2271 2567 2339 Itaque
2610 2272 2901 2327 verisimile
2948 2273 3189 2338 videtur,
3233 2272 3526 2329 Eusebium
3566 2270 3739 2342 quidem

2192 2364 2336 2431 quod
2376 2364 2428 2417 in
2470 2361 2657 2417 Grmca
2694 2364 3017 2418 auctoritate
3058 2364 3358 2425 invenerat,
3402 2363 3621 2420 ﬁdeliter
3660 2366 3741 2417 suis

2193 2452 2449 2507 indidisse
2499 2453 2753 2507 historiis.
2825 2452 3002 2522 Ipsum
3048 2469 3179 2508 vero
3223 2454 3464 2509 libellum
3518 2453 3741 2510 Analbolii
3834 2452 3835 2519 l

2196 2545 2539 2614 p0stntodum
2598 2547 2650 2599 in
2708 2546 2975 2617 aliquibus
3022 2544 3335 2601 Latinorum
3381 2548 3740 2616 exemplarilus

2193 2651 2314 2690 esse
2356 2646 2705 2704 corruptum,
2762 2652 2948 2690 eorum
3002 2636 3251 2689 nimirum
3299 2637 3489 2691 fraude
3528 2638 3613 2706 qui
3657 2636 3735 2687 Pa-

2192 2728 2333 2781 sclne
2367 2742 2551 2780 verum
2590 2736 2803 2796 tempus
2842 2726 3151 2795 ignorantes
3187 2742 3429 2781 errorem
3467 2744 3613 2781 suum
3634 2725 3739 2781 tanti

2196 2816 2368 2872 Patris
2395 2818 2719 2873 auctoritate
2749 2818 3037 2873 delendere
3078 2819 3362 2887 gestirent.
3398 2821 3500 2874 Sed
3540 2828 3742 2888 quierunt
3836 2816 3837 2887 ξ

2194 2908 2268 2961 illi
2291 2909 2381 2976 qui
2408 2910 2691 2963 Eusebium
2715 2909 2882 2976 magis
2905 2925 3065 2961 unam
3090 2910 3411 2964 emenda~se
3438 2909 3742 2969 sententiam,

2194 3016 2356 3069 quam
2384 3001 2517 3054 alios
2547 3000 2815 3069 quoslibet
2863 3008 3036 3054 totum
3080 3002 3354 3055 Anatholii
3399 3011 3585 3070 putant
3624 2999 3740 3052 inlat-

2193 3105 2344 3145 sasse
2374 3090 2631 3155 libellum,
2665 3090 2938 3160 quomodo
2968 3090 3020 3143 in
3055 3088 3170 3157 ipso
3192 3089 3379 3143 libello
3407 3092 3480 3144 sit
3501 3090 3740 3156 scriptum.

2194 3181 2298 3236 Sed
2326 3181 2452 3251 quid
2487 3182 2678 3234 mirum
2706 3182 2751 3235 si
2782 3180 2833 3234 in
2864 3195 2916 3234 ιι
2964 3179 3091 3233 luna
3122 3180 3444 3245 erraverint,
3479 3183 3563 3251 qui
3589 3179 3744 3234 milies
3838 3179 3839 3249 l

2195 3272 2517 3326 addiderunt
2546 3282 2672 3326 ante
2701 3272 3101 3340 a:quinoetium,
3135 3272 3187 3325 in
3214 3272 3413 3339 quibus
3451 3272 3643 3326 Pascha
3669 3271 3742 3323 im-
3838 3272 3839 3275 “

2191 3364 2381 3415 mo'ari
2421 3379 2577 3430 posse
2606 3363 2888 3427 deﬁniunt,
2919 3361 3061 3430 quod
3093 3370 3297 3415 certum
3339 3361 3648 3415 omnimodis
3672 3376 3745 3427 pu-

2192 3454 2294 3507 tari
2323 3453 2634 3507 absurdum.
2662 3452 2867 3519 Quibus
2895 3451 3360 3523 respondendum,
3389 3454 3512 3521 quia
3543 3451 3745 3505 Anatha-

2193 3544 2296 3598 lius
2324 3544 2555 3614 potuerit
2582 3558 2742 3598 nosse
2765 3543 3047 3613 plurimos,
3072 3543 3163 3612 qui
3184 3544 3263 3598 sic
3285 3545 3371 3598 vel
3394 3549 3473 3600 sic
3493 3545 3556 3600 de
3579 3542 3745 3597 Pascha

2192 3642 2481 3701 senserint,
2523 3654 2622 3693 nec
2650 3646 2829 3692 tamen
2854 3637 2924 3693 ad
2953 3648 3192 3692 nostram
3237 3638 3490 3693 notitiam
3521 3650 3745 3709 pervenc-

2194 3728 2323 3780 rint.
2358 3727 2421 3780 Et
2447 3738 2672 3781 econtra
2703 3730 3049 3798 qtitcrendum
3076 3730 3144 3795 ab
3175 3729 3255 3782 eis
3281 3730 3555 3797 quomodo
3582 3731 3629 3783 in
3657 3730 3747 3795 ipso

2197 3814 2376 3869 lzbello
2407 3816 2476 3867 sit
2502 3817 2761 3885 scriptum
2797 3832 2811 3869 :
2840 3813 2934 3869 Est
2961 3830 3093 3884 ergo
3122 3816 3175 3868 in
3202 3816 3380 3883 primo
3411 3831 3551 3870 anno
3572 3816 3743 3870 initium

2196 3905 2354 3976 primi
2386 3905 2607 3972 mensis,
2630 3905 2773 3973 quod
2804 3913 2889 3958 est
2920 3920 3007 3958 xix
3029 3919 3298 3959 annorum
3329 3905 3522 3963 circuli
3553 3905 3747 3963 initium,

2195 3999 2489 4054 secundum
2509 3997 2795 4070 Egyptios
2814 3996 3031 4067 quidem
3045 3998 3247 4052 mensis
3269 3997 3607 4053 Phamenoth
3636 4010 3747 4051 urit

2195 4091 2300 4152 die.
2326 4090 2479 4159 juxta
2509 4082 2831 4145 Macedones
2862 4104 2989 4143 vero
3014 4087 3171 4142 Distri
3202 4090 3408 4144 mensis
3440 4106 3566 4155 xxii,
3590 4104 3747 4145 secun-

2194 4184 2319 4236 dum
2368 4182 2641 4238 Romanos
2671 4197 2803 4236 vero
2829 4180 3031 4237 .Martis
3054 4181 3273 4235 mensis
3303 4198 3413 4235 xxv
3458 4182 3566 4247 die,
3597 4182 3643 4236 id
3667 4189 3746 4237 est.

2195 4288 2287 4327 viti
2310 4271 2576 4327 Kalendas
2599 4273 2815 4342 Aprilis,
2839 4288 2961 4327 cum
2986 4288 3111 4327 tum
3138 4273 3255 4327 dies
3277 4274 3482 4353 mensis
3504 4271 3749 4345 Egyptiu'

2196 4380 2313 4417 rutn
2343 4360 2697 4423 Phamenoth,
2730 4371 2786 4415 et
2818 4378 2925 4415 xxn
2953 4361 3072 4416 dies
3092 4362 3297 4416 mensis
3320 4362 3661 4418 Macedonum
3683 4360 3749 4411 Di-

2194 4452 2291 4504 stri
2320 4467 2428 4505 non
2456 4452 2526 4505 sit
2552 4467 2641 4505 vui
2665 4450 3024 4504 Kalendarum
3048 4451 3332 4519 Aprilium,
3363 4453 3459 4507 sed
3491 4470 3540 4507 ix
3564 4448 3747 4505 Kalend.

503 4555 666 4610 quem
711 4538 934 4593 laudare
979 4544 1359 4607 proposuerat,
1391 4536 1565 4604 palam
1618 4533 1906 4618 notabilem
1935 4547 2093 4587 mon-
2126 4566 2170 4620 υ
2203 4539 2369 4610 April.
2403 4540 2592 4593 Nonne
2640 4540 3088 4593 verisimillimutn
3119 4550 3352 4608 apparet
3396 4555 3559 4610 quam
3587 4541 3649 4595 sit
3672 4537 3747 4589 lal—

502 4638 725 4697 straret,
746 4630 792 4685 si
820 4629 937 4698 ejus
968 4642 1103 4699 pura
1132 4626 1317 4691 verba,
1341 4635 1395 4679 et
1421 4634 1477 4677 ut
1509 4610 1957 4692 ipse‘scripserat,
1981 4621 2093 4676 suis

503 4725 712 4779 inderet
760 4721 1021 4777 historiis.
1072 4718 1178 4775 Sed
1207 4718 1400 4772 mirum
1446 4718 1487 4770 si
1532 4715 1785 4771 Eusebius
1831 4725 1940 4768 tam
1983 4714 2093 4768 cir-

502 4823 847 4881 cumspectus
892 4826 1148 4869 sermone
1186 4821 1241 4867 et
1279 4826 1438 4865 sensu
1486 4809 1716 4878 scriptor
1780 4808 1833 4863 in
1886 4816 2089 4861 tantum

503 4902 677 4958 laudis
703 4906 932 4959 aliorum
964 4905 1138 4974 potuit
1168 4919 1289 4959 esse
1336 4902 1588 4969 cupidus,
1622 4910 1679 4954 ut
1726 4916 1913 4955 eorum
1958 4900 2093 4955 scri-

503 4994 675 5065 pturis
705 4992 1033 5062 deﬂagrans,
1066 5009 1130 5047 ea
1160 5009 1279 5061 qua:
1309 5009 1415 5045 non
1457 4975 1705 5045 dixerant
1733 4993 1853 5045 illos
1889 4990 2091 5046 dixisse

504 5083 744 5152 tinxerit,
772 5099 874 5138 nec
902 5081 1216 5137 formidaret
1238 5082 1415 5148 argui,
1442 5089 1724 5147 postquam
1756 5081 1986 5134 lectores
2004 5080 2089 5133 sui

501 5177 709 5243 integra
737 5189 926 5229 eorum
962 5172 1221 5243 opuscula
1254 5178 1741 5241 person-utarentur,
1782 5178 1943 5235 atque
1970 5182 2089 5235 quae

501 5270 617 5335 ipse
646 5268 712 5321 de
740 5268 821 5321 bis
851 5272 1221 5335 assumpserat
1252 5262 1407 5315 aliter
1437 5262 1487 5313 in
1520 5260 1631 5313 suis
1657 5259 1964 5312 auctoribus
1994 5272 2090 5325 po-

498 5360 601 5411 sita
634 5356 1003 5413 ollendissent.
1035 5355 1225 5410 Mirum
1255 5354 1298 5407 si
1326 5353 1618 5413 Victorem,
1647 5348 1799 5417 cujus
1826 5347 1965 5402 dicta
1995 5362 2091 5415 po.

500 5448 729 5514 animus,
762 5450 937 5503 virum
966 5463 1121 5517 atque
1150 5446 1468 5501 eruditionis
1511 5441 1719 5497 eximia:
1751 5440 1871 5493 talis
1918 5439 2091 5508 impo-

501 5545 650 5588 stura
682 5537 856 5603 latuit,
905 5538 995 5605 qui
1043 5536 1097 5589 in
1137 5536 1247 5588 alio
1296 5548 1459 5602 Opere
1489 5532 1727 5585 scribens
1756 5530 1821 5583 de
1862 5528 2088 5595 l‘ascha,

504 5624 645 5677 hanc
673 5627 917 5682 eamdem
958 5628 1285 5682 sententiam
1330 5623 1599 5681 Anatho'ii
1627 5624 1694 5675 de
1724 5617 1944 5675 historia
1996 5636 2086 5674 ec-

504 5715 830 5783 clesiastiCa,
878 5719 1030 5787 quasi
1059 5720 1181 5788 jure
1221 5717 1541 5772 laudabilem
1576 5730 1640 5769 ac
1678 5714 2082 5769 memorabilem

584 5828 607 5854 ⁸
650 5823 704 5876 ln
732 5834 919 5879 nostro
943 5826 1233 5894 exemplari
1269 5826 1436 5878 lector
1456 5822 1674 5890 quidem
1700 5823 1862 5878 erasit
1894 5819 2097 5886 Martii,

512 5900 567 5949 et
586 5894 770 5965 posuit
802 5894 853 5949 iti
879 5910 1119 5963 inargute
1146 5895 1452 5955 Phaniam}.
1488 5894 1644 5947 Ευιτ.

2196 4641 2314 4683 sata
2345 4630 2632 4691 sententia,
2662 4629 2749 4682 ubi
2782 4628 2894 4697 ipse
2923 4628 3013 4696 qui
3062 4644 3153 4682 vtn
3183 4626 3415 4683 Kalend.
3471 4647 3568 4700 pro
3597 4645 3643 4683 ix
3669 4625 3750 4680 Eas

2197 4719 2343 4773 lend.
2394 4718 2563 4786 April.
2619 4718 2869 4781 mutavit,
2919 4718 3118 4772 oblitus
3160 4726 3245 4771 est
3299 4720 3465 4773 etiam
3510 4718 3751 4789 Egyptia-

2200 4824 2315 4864 rinn
2347 4808 2431 4861 vel
2460 4807 2769 4862 Graecorum
2793 4806 3057 4862 mensium
3088 4815 3287 4861 statum
3312 4816 3527 4862 mutare
3545 4804 3671 4861 ?Sed
3690 4806 3750 4857 hi5

2195 4911 2316 4966 quae
2345 4896 2522 4951 minus
2552 4906 2679 4951 nota
2708 4906 2865 4953 erant
2890 4913 3111 4953 manere
3155 4898 3433 4968 permissis
3466 4911 3524 4954 ut
3551 4899 3749 4957 luerunt.

2197 4985 2324 5039 illud
2355 4986 2695 5041 solummodo
2724 4988 2868 5056 quod
2897 4988 3011 5043 suis
3037 4987 3252 5058 sibique
3281 4987 3498 5043 visibile
3524 4997 3636 5044 erat
3662 5000 3749 5038 ωα-

2195 5076 2347 5129 tavit.
2394 5074 2532 5141 Quid
2574 5090 2705 5129 sane
2754 5077 2945 5131 horum
2994 5076 3065 5130 sit
3112 5076 3313 5141 verius,
3348 5077 3423 5130 illi
3473 5077 3646 5145 potius
3682 5072 3751 5141 qui

2196 5166 2543 5219 Anatboliuut
2587 5166 2835 5221 Graecum
2879 5167 3081 5235 legunt,
3132 5167 3372 5221 videant.
3428 5168 3622 5221 Verum
3662 5164 3752 5217 sive

2196 5256 2459 5312 Eusebius
2490 5274 2649 5319 unam
2677 5259 3003 5313 sententiam
3034 5274 3131 5311 seu
3153 5258 3382 5325 quilibet
3409 5266 3580 5310 totum
3610 5255 3750 5323 ipsum

2199 5345 2439 5399 libellum
2470 5361 2500 5397 a
2527 5362 2625 5399 suo
2653 5356 2798 5400 statu
2828 5347 3141 5408 mutaverit,
3174 5353 3395 5398 constat
3431 5346 3630 5414 absque
3661 5341 3746 5396 ulla

2197 5435 2494 5501 dubietate,
2541 5436 2789 5504 quamvis
2832 5436 3064 5506 plurima
3106 5435 3353 5499 verterit,
3404 5434 3751 5506 :equinoclintﬂ

2199 5537 2390 5583 octava
2421 5526 2784 5581 Kalendarum
2827 5526 3092 5594 Aprilium
3120 5524 3208 5579 die
3238 5526 3583 5597 neimaquam
3620 5535 3750 5599 posst

2197 5618 2447 5687 reperiri.
2468 5617 2626 5683 Quod
2657 5618 2709 5670 in
2736 5615 3122 5684 eonspectione
3151 5614 3470 5688 horologica
3500 5633 3567 5673 ex
3594 5620 3747 5687 apert:

2203 5710 2415 5765 ratione
2450 5707 2787 5777 probabitur.
2819 5705 3019 5774 Regula
3050 5706 3193 5760 enim
3224 5714 3377 5761 tenet
3404 5704 3748 5763 ecclesiasﬁcl
3836 5728 3839 5777 ὴ

2256 5818 2280 5857 ιι
2323 5818 2412 5873 Sic
2444 5825 2498 5873 ut
2522 5831 2682 5887 supra
2709 5815 2761 5872 in
2792 5822 2978 5872 nostro
3014 5814 3331 5895 exemplari.
3366 5814 3517 5871 Enn.
