3920 6238
168 400 252 454 ὃτιδ

1266 395 1353 449 DE
1398 395 1687 451 l‘AStllld‘l
1725 394 2269 449 CELEBRA'HONE.

3295 407 3404 458 (iw

164 512 527 574 observationis,
560 528 682 582 qua:
710 521 764 567 et
786 511 973 565 edictis
997 510 1212 563 Patrum
1244 510 1485 578 priorum
1515 518 1570 565 et
1599 510 1709 585 cla;
1739 511 1787 571 Λ
1817 518 2097 563 remanent
2120 518 2321 571 tamen,
2350 509 2713 579 quodcunque
2743 523 3007 580 superest,
3036 515 3149 583 ipse
3185 528 3267 571 est
3290 520 3408 575 dies

166 610 257 664 rius
279 617 354 661 est
378 605 589 660 Nicazuo
638 606 862 674 probata
909 605 1165 669 concilio,
1216 612 1274 656 ut
1322 602 1543 659 Pascha:
1586 602 1705 657 dies

164 697 423 753 dominicus
442 696 510 750 ab
532 698 813 751 undecimo
844 694 1204 748 Kalendarum
1233 696 1497 765 Aprilium
1533 711 1704 764 usque

165 790 487 857 inseptimum
529 786 889 840 Kalendarum
922 786 1177 838 Maiarum
1224 786 1365 839 diem
1408 795 1698 854 quaeratur.

163 878 270 932 Item
296 876 561 931 cathul'cas
605 877 954 930 institutionis
984 877 1166 945 regula
1198 878 1438 945 percipit
1482 886 1540 931 ut
1572 886 1701 931 ante

163 969 358 1023 vernalis
388 970 693 1039 aequinoctii
737 978 1108 1023 transcensum
1158 969 1363 1023 Pascha
1399 986 1505 1025 non
1557 972 1705 1025 cele-

162 1060 330 1113 bretur.
352 1060 445 1125 Qui
467 1074 597 1128 ergo
622 1075 715 1115 vut
740 1059 1100 1114 Kalendarum
1125 1062 1383 1129 Aprilium
1411 1070 1566 1130 putat
1582 1077 1702 1115 esse

160 1150 518 1217 aquiuoctinm,
544 1166 763 1205 necesse
786 1159 871 1205 est
893 1151 1029 1205 idem
1054 1161 1145 1204 aut
1170 1161 1293 1205 ante
1315 1153 1701 1221 :eqninoclium

164 1238 332 1295 Pascha
360 1242 622 1297 celebrari
672 1243 876 1296 licitum
905 1242 1066 1306 dicat,
1098 1252 1191 1296 aut
1234 1254 1359 1299 ante
1405 1246 1702 1313 septimum

160 1332 480 1386 Kalendarum
527 1332 669 1386 diem
697 1331 900 1387 Pascha
948 1334 1209 1388 celebrari
1261 1335 1463 1389 licitum
1514 1346 1694 1401 neget.

160 1421 305 1491 Ipsum
330 1438 540 1493 quoque
583 1424 809 1486 Pascha.
840 1426 983 1493 quod
1012 1425 1269 1481 Dominus
1321 1428 1494 1495 pridie
1536 1443 1699 1495 quam

158 1522 414 1580 pateretur,
442 1530 567 1569 cum
615 1516 887 1584 discipulis
926 1515 1072 1580 fecit,
1114 1530 1205 1569 aut
1236 1533 1376 1570 nona
1428 1518 1702 1572 Kalenda-

160 1620 255 1657 rum
282 1607 528 1674 Aprilium
566 1606 655 1663 die
681 1624 787 1663 non
818 1606 997 1674 fuisse,
1031 1617 1125 1662 aut
1153 1618 1279 1664 ante
1317 1612 1703 1677 mquinoctium

159 1696 294 1756 fuisse
319 1700 616 1756 conﬁrmet.

215 1785 373 1844 Primo
397 1807 538 1846 anno
572 1791 757 1847 circuli
788 1792 1296 1847 decemnovennalis
1320 1809 1427 1847 xxx
1451 1804 1535 1848 est
1577 1795 1701 1848 luna

1811 600 2033 665 mensis,
2066 600 2117 652 in
2148 616 2257 667 quo
2302 616 2389 653 xiv
2422 601 2600 654 lunam
2633 603 2888 670 reperies,
2925 615 2980 657 ut
3009 622 3074 659 eo
3121 623 3267 663 anno
3295 626 3406 677 quo

1808 696 2043 755 quatuor
2068 698 2272 755 epactre
2304 691 2460 754 liunt,
2491 691 2717 744 absurne
2762 708 2811 745 iv
2852 694 2919 747 de
2951 711 3111 758 xxxv,
3147 707 3201 750 et
3227 714 3411 769 rema-

1809 786 1941 836 nent
1971 777 2187 845 triginta
2220 794 2403 831 unum.
2438 778 2591 833 Tolle
2622 797 2725 834 xxx
2755 790 2811 834 et
2852 794 3095 837 remanet
3142 802 3175 839 ι.
3229 770 3428 842 Ρτῑιιιά

1809 866 1896 920 die
1927 867 2127 921 mensis
2157 883 2241 921 xiv
2273 868 2397 921 luna
2428 872 2692 935 occurrit,
2732 872 2781 925 id
2813 881 2917 933 est.
2952 873 3221 929 Kalendas
3249 878 3409 945 Apri-

1812 960 1906 1013 les.
1936 958 1993 1012 Si
2039 958 2283 1013 deductis
2333 962 2557 1029 epactis,
2590 978 2699 1015 xxx
2726 950 2729 953 ’
2753 971 2932 1017 tamen
2980 980 3286 1033 remanent,
3319 985 3408 1021 xiv

1810 1049 1897 1103 die
1924 1051 2123 1104 mensis
2154 1050 2278 1105 luna
2311 1068 2397 1106 xiv
2428 1054 2629 1118 evenit,
2658 1056 2801 1122 quod
2830 1058 2997 1112 semel
3031 1059 3169 1113 intra
3198 1077 3283 1114 xix
3311 1078 3406 1116 ao-

1810 1140 1938 1194 cidit
1982 1156 2172 1206 annos,
2222 1143 2441 1209 quando
2487 1161 2541 1198 vi
2589 1156 2793 1213 epicue
2851 1150 3217 1211 ascr.buntur,
3262 1162 3316 1205 et
3351 1170 3408 1207 ιιι

1814 1232 2173 1287 Kalendarum
2203 1236 2467 1304 Aprilium
2495 1253 2581 1290 xiv
2606 1240 2728 1291 luna
2764 1243 3033 1308 provenit.
3064 1242 3129 1296 Ut
3156 1254 3205 1297 te
3228 1262 3411 1298 exeni-

1812 1324 1913 1393 plis
1958 1325 2023 1377 ad
2058 1325 2435 1381 inveniendam
2488 1330 2746 1382 instruam
2788 1332 3001 1395 feriam,
3039 1350 3141 1402 qua
3194 1353 3280 1389 xiv
3320 1353 3410 1390 oc-

1812 1427 1993 1469 currat
2023 1418 2149 1469 luna
2177 1427 2231 1470 ut
2256 1428 2383 1487 puta
2412 1435 2555 1474 anno
2573 1427 2826 1490 praesenti
2854 1423 3141 1480 dominica:
3169 1429 3411 1481 incarna-

1814 1507 1975 1560 tionis
2007 1508 2132 1574 771i,
2165 1524 2317 1562 sume
2349 1521 2571 1579 epactas
2604 1514 2761 1579 hujus
2791 1516 2913 1567 anni
2949 1532 3090 1577 χχιι,
3124 1517 3411 1571 detractis—

1812 1612 1917 1665 que
1946 1599 2187 1664 ejusdem
2238 1617 2380 1654 xxxv
2412 1604 2771 1670 regularibus,
2824 1616 2879 1659 et
2923 1620 3207 1663 remanent
3250 1627 3325 1674 ix,
3356 1621 3411 1665 et

1813 1704 1939 1743 ecce
1972 1706 2020 1742 ix
2052 1692 2139 1745 die
2170 1694 2371 1748 mensis
2402 1711 2487 1747 xw
2514 1696 2637 1749 luna
2669 1698 2793 1761 erit,
2827 1699 2875 1751 id
2899 1709 3002 1759 est,
3030 1717 3057 1753 v
3094 1702 3211 1755 ldus
3238 1704 3407 1769 Apri'.

1812 1778 1982 1846 Junge
2012 1781 2174 1833 etiam
2200 1793 2588 1838 concurrentes
2609 1786 2733 1839 anni
2758 1789 3059 1853 priesentis.
3089 1792 3139 1843 id
3171 1802 3274 1856 est,
3300 1809 3315 1846 ι
3343 1794 3409 1844 al

152 1878 196 1930 in
224 1894 269 1932 xi
298 1879 648 1935 Kalendarum
678 1882 959 1951 Aprilium,
980 1884 1279 1953 eodemque
1300 1899 1443 1935 anno
1466 1886 1589 1936 luna
1614 1900 1701 1937 xiv
1743 1865 1782 1920 Β
1812 1884 1884 1930 ιιι
1920 1878 1972 1922 el
2008 1870 2138 1921 Γιιηί
2166 1887 2217 1934 xi
2251 1880 2306 1924 ει
2339 1872 2419 1925 his
2446 1873 2584 1929 adde
2608 1891 2701 1940 νην
2733 1885 2787 1930 ει
2818 1878 2944 1929 "ﬁt"
2980 1894 3119 1943 XVII;
3154 1881 3251 1933 "05
3286 1897 3410 1948 Pi"-

152 1969 310 2035 quinla
349 1970 433 2026 die
479 1971 846 2027 Kalendarum
902 1975 1203 2043 Aprilium,
1252 1975 1301 2027 id
1352 1985 1472 2037 est,
1524 1975 1704 2030 Nonas

152 2059 374 2128 Apriles:
402 2062 678 2133 jnngeque
703 2064 767 2117 ad
800 2081 907 2118 xxx
936 2075 994 2118 et
1020 2080 1171 2119 sume
1202 2067 1475 2133 regulares
1506 2068 1704 2120 mensis

150 2153 341 2217 Aprilis,
386 2169 450 2207 eo
481 2168 626 2207 anno
669 2168 777 2221 quo
809 2170 859 2207 iv
889 2156 1012 2207 luna
1065 2156 1301 2221 Aprilem
1334 2156 1591 2209 incurrat.
1627 2155 1703 2210 [£0

150 2256 260 2294 vero
283 2256 385 2310 quo
411 2258 594 2297 mense
623 2244 806 2297 Martis
836 2244 956 2297 luna
988 2260 1074 2298 xrv
1107 2245 1349 2309 incurrit,
1384 2246 1534 2297 tarde
1566 2244 1706 2299 Mar-

147 2332 203 2381 tia
230 2334 487 2401 regulares
518 2334 737 2401 triginta
760 2348 875 2387 sex.
910 2331 983 2387 Ex
1011 2335 1221 2401 epactis
1242 2335 1430 2404 utique
1455 2335 1703 2401 agnoscis

146 2420 386 2487 facillime,
419 2433 597 2477 utrum
629 2425 682 2476 in
708 2414 957 2477 Martium
986 2438 1053 2475 an
1086 2423 1136 2475 in
1164 2424 1421 2492 Aprilem,
1452 2424 1575 2476 luna
1607 2425 1703 2477 de-

145 2512 264 2564 cima
291 2522 473 2580 quarta
517 2515 753 2568 eveniet.
784 2512 841 2566 Si
883 2514 1023 2567 enim
1059 2513 1176 2580 plus
1214 2529 1280 2565 xv
1312 2522 1407 2565 aut
1449 2514 1626 2566 minus
1673 2529 1702 2565 v

146 2604 327 2670 epactis
350 2605 534 2671 habes,
558 2604 726 2674 Aptili
754 2605 875 2657 luna
903 2619 987 2657 xiv
1009 2612 1369 2671 computatur.
1400 2602 1547 2656 Tene
1574 2616 1702 2669 ergo

141 2680 389 2758 regulares
414 2695 464 2747 iu
488 2694 657 2763 Aprili
682 2694 952 2760 trigesima
978 2693 1184 2760 quinta,
1218 2701 1271 2745 et
1297 2692 1555 2746 subtrahe
1578 2708 1705 2761 epa-

142 2792 242 2835 τως
270 2799 480 2853 semper
507 2786 630 2853 ejus
660 2784 810 2850 anni,
842 2794 897 2837 et
923 2782 1066 2851 quod
1100 2784 1437 2847 remanserit,
1472 2783 1586 2851 ipsa
1618 2794 1703 2835 est

140 2871 238 2926 dies
266 2873 399 2928 luna:
428 2874 640 2930 decima
670 2886 886 2943 quarta,
918 2887 974 2929 ut
999 2885 1123 2944 puta
1159 2875 1317 2929 tertio
1337 2890 1480 2929 anno
1510 2874 1699 2928 circuli

142 2960 632 3021 decemnovennalis
679 2982 789 3021 xxii
833 2975 991 3020 erunt
1041 2976 1272 3035 epactaz.
1323 2967 1451 3031 tolle
1491 2982 1601 3019 X\ll
1634 2966 1701 3019 de

140 3066 266 3106 xxxv
316 3064 367 3108 et
414 3063 704 3109 remanent
751 3071 862 3120 xui,
908 3056 1063 3109 tertia
1106 3056 1314 3109 decima
1358 3054 1445 3110 die
1494 3056 1697 3111 mensis

140 3146 335 3214 Aprilis,
381 3148 435 3201 id
466 3158 569 3213 est,
608 3149 727 3203 ldus
771 3150 965 3217 Aprilis
999 3150 1119 3201 luna
1151 3148 1355 3203 decima
1383 3158 1573 3218 quarta
1604 3165 1698 3204 oc—

138 3238 305 3291 currit.
339 3238 394 3291 Si
427 3254 553 3293 vero
588 3237 778 3292 feriam
821 3254 1033 3308 qumras
1065 3255 1149 3293 xiv
1184 3241 1272 3292 lun
1294 3259 1341 3303 ι’,
1391 3239 1528 3293 adde
1564 3256 1697 3294 con-

137 3338 397 3383 currentes
436 3330 561 3384 auui
603 3329 748 3383 illius
797 3346 1043 3395 numero,
1076 3330 1165 3399 qui
1208 3330 1428 3384 relictus
1478 3337 1585 3395 est,
1639 3337 1699 3383 ut

137 3426 248 3482 puta
276 3418 387 3473 istis
416 3420 676 3474 tredecim
714 3420 805 3488 qui
846 3421 898 3473 in
938 3419 1186 3487 prresenti
1227 3428 1373 3483 sunt,
1427 3420 1478 3471 in
1528 3418 1698 3488 Aprili

134 3522 332 3577 quoque
360 3511 634 3578 regulares
655 3518 883 3578 septem.
913 3509 1035 3563 ihec
1064 3511 1240 3563 omnia
1271 3510 1482 3589 collige,
1516 3519 1571 3563 et
1598 3524 1697 3578 po-

135 3606 235 3651 stea
275 3600 451 3655 divide
495 3616 593 3670 per
631 3604 1022 3670 septenariuin,
1069 3608 1122 3652 et
1156 3599 1305 3668 quod
1347 3600 1699 3663 remanserit,

134 3692 232 3758 ipsa
277 3702 358 3746 est
403 3692 535 3748 feria
570 3694 710 3748 luna:
741 3695 950 3748 decima
982 3703 1194 3763 quarta,
1239 3704 1294 3747 et
1338 3696 1418 3747 sic
1447 3693 1701 3747 facillime

133 3782 189 3833 ad
216 3781 350 3836 diem
382 3783 721 3839 Dominicnm
753 3786 1057 3854 pervenies.
1093 3783 1275 3837 Mense
1307 3792 1485 3835 autem
1515 3784 1702 3836 Martis

132 3882 241 3924 tene
278 3876 553 3941 regulares
590 3875 809 3941 triginta
850 3888 967 3937 sex,
1010 3873 1267 3926 subtrahe
1312 3882 1533 3941 cpactas
1575 3874 1701 3927 anni

131 3962 277 4027 illius,
311 3966 462 4019 verbi
501 3966 696 4034 gratia,
738 3964 974 4019 secundo
1007 3980 1148 4019 anno
1178 3965 1367 4023 circuli
1398 3967 1697 4019 decemno—

128 4054 354 4111 vennalis
396 4056 686 4112 undecimo
737 4058 891 4123 liunt,
935 4072 1038 4108 xxv
1082 4056 1168 4108 die
1207 4056 1406 4108 mensis
1454 4054 1698 4121 ejusdem

130 4156 210 4195 xiv
252 4144 375 4199 luna
418 4146 619 4210 aderit,
672 4146 726 4199 id
756 4154 861 4209 est,
906 4154 1097 4198 octavo
1137 4142 1499 4197 KJendarum
1540 4145 1701 4214 Apri-

133 4231 271 4286 lium.
297 4231 354 4287 Si
386 4250 517 4289 vero
541 4233 732 4287 feriam
760 4233 997 4302 ejusdem
1025 4233 1129 4287 diei
1152 4234 1414 4301 requiras,
1443 4235 1580 4287 adde
1605 4251 1706 4288 nu-

129 4336 268 4377 mero
295 4324 616 4393 praescripto
643 4332 1032 4378 concurrentes
1057 4323 1181 4377 anni
1213 4324 1374 4388 illius,
1408 4324 1703 4393 et_regnla-

126 4425 206 4466 res
230 4424 469 4483 quatuor
494 4416 551 4468 in
580 4416 793 4469 Martio.
829 4416 893 4469 lis
918 4430 1133 4485 quoque
1163 4417 1214 4468 in
1252 4431 1414 4469 unum
1462 4416 1705 4469 COHt‘CllS

126 4503 421 4571 partitoque
466 4520 566 4575 per
611 4509 973 4574 septi-narium
1000 4546 1014 4569 ,
1058 4515 1115 4560 et
1159 4507 1305 4575 quod
1352 4508 1697 4568 remanserit,

125 4591 231 4661 ipse
255 4604 339 4650 est
367 4574 489 4652 dies
518 4595 656 4649 luna:
685 4596 893 4651 decima
922 4606 1133 4664 quarta,
1164 4574 1206 4651 si
1238 4598 1369 4651 nihil
1410 4612 1690 4651 reinanse-
1734 4574 1783 4631 θ

122 4684 207 4748 rit,
233 4699 303 4741 vn
328 4683 468 4741 feria
500 4698 605 4740 est.
636 4683 801 4754 lgitur
838 4688 884 4741 si
928 4688 1183 4742 detractis
1222 4688 1428 4756 epactis
1460 4690 1699 4771 triginta,

1813 1959 1914 2012 tire
1945 1975 2039 2027 per
2062 1977 2151 2021 vn,
2187 1962 2267 2014 bis
2296 1978 2384 2024 vu,
2420 1980 2538 2032 xw,
2568 1975 2622 2018 et
2652 1978 2935 2022 remaneant
2968 1986 3055 2028 ut:
3090 1972 3248 2023 tertia
3278 1972 3408 2025 l'eria

1811 2050 1933 2103 erit.
1970 2050 2115 2103 Luna
2144 2068 2250 2115 xiv,
2294 2070 2363 2113 tv,
2404 2070 2515 2116 xtv,
2556 2073 2608 2122 v,
2654 2074 2761 2121 xw,
2799 2076 2872 2123 vi,
2909 2077 3034 2119 xvu.
3065 2078 3156 2125 vu,
3190 2078 3337 2124 xviii,
3370 2081 3406 2127 ι,

1811 2156 1924 2207 xix,
1957 2143 2046 2210 qui
2091 2154 2173 2197 est
2198 2146 2313 2198 dus
2355 2144 2573 2200 Pascha:
2612 2165 2661 2210 ν,
2698 2148 2817 2203 ldu.
2856 2153 3024 2220 April.
3062 2170 3146 2207 xiv
3180 2154 3300 2206 luna
3334 2170 3406 2218 iv,

1811 2231 1930 2286 ldus
1962 2250 2047 2298 xv,
2083 2250 2160 2299 tu,
2194 2236 2317 2289 llus
2344 2254 2451 2305 xvi,
2480 2255 2541 2303 ll,
2577 2240 2695 2294 ldus
2722 2260 2851 2309 xvii,
2882 2243 3003 2300 ldus
3033 2264 3122 2309 xv,
3149 2264 3223 2312 iv,
3256 2264 3406 2301 xviii.

1813 2322 2080 2379 Kalendas
2130 2326 2294 2381 Maias
2339 2345 2449 2383 xix.
2485 2331 2737 2387 Secundo
2782 2351 2924 2388 anno
2957 2348 3078 2403 post
3111 2337 3268 2401 hunc,
3305 2354 3407 2399 ιιι,

1811 2415 1934 2481 quia
1967 2416 2087 2482 plus
2117 2431 2146 2467 ν
2188 2428 2314 2469 Sunt
2343 2427 2399 2470 et
2442 2422 2619 2473 minus
2659 2439 2743 2485 xv,
2779 2427 2845 2476 ad
2894 2424 3142 2479 Martium
3177 2427 3410 2493 pertinet

1813 2522 1898 2559 xiv
1931 2508 2055 2561 luna
2090 2523 2255 2576 quam
2300 2510 2380 2564 sic
2410 2514 2675 2579 requires.
2708 2514 2871 2568 Sume
2903 2518 3177 2583 regulares
3224 2517 3411 2571 Martis

1811 2598 2009 2651 mensis
2038 2614 2217 2661 xxx”,
2252 2600 2479 2655 detrahe
2526 2603 2593 2655 ah
2625 2606 2701 2657 eis
2732 2621 2823 2664 vn,
2872 2614 2925 2657 et
2964 2616 3246 2660 remanent
3281 2624 3409 2662 χχιχ

1810 2688 2067 2741 vicesimo
2094 2705 2238 2743 nouo
2271 2690 2459 2744 Martis
2498 2696 2719 2758 mensis,
2750 2695 2798 2747 il
2829 2707 2931 2756 est,
2969 2713 3017 2749 iv
3044 2697 3407 2752 Kalendarum

1811 2776 2003 2844 April.,
2037 2776 2244 2831 decima
2289 2790 2479 2846 quarta
2513 2782 2606 2835 tibi
2654 2784 2777 2835 luna
2824 2787 3086 2839 occurrit.
3139 2787 3217 2840 Ad
3254 2788 3406 2842 inve-

1810 2866 2058 2919 mendam
2086 2867 2292 2931 feriant,
2326 2885 2479 2924 sume
2503 2872 2721 2927 easdem
2754 2891 2880 2928 xxrx
2911 2888 2966 2930 et
2994 2876 3128 2930 adde
3159 2878 3236 2930 eis
3268 2894 3399 2931 cou-

1811 2968 2095 3010 currentes
2123 2959 2249 3011 anni
2282 2959 2446 3025 illius,
2474 2962 2524 3015 id
2555 2972 2639 3014 est
2672 2980 2728 3026 ιι,
2759 2966 2892 3016 liunt
2916 2982 3059 3017 xxxi.
3086 2965 3140 3018 In
3167 2968 3247 3019 his
3272 2984 3404 3035 quo-

1808 3060 1915 3112 que
1940 3045 2118 3111 adjice
2150 3048 2424 3113 regulares
2455 3065 2525 3114 iv,
2560 3059 2617 3104 et
2646 3052 2751 3105 erit
2778 3055 2953 3107 omnis
2983 3070 3190 3108 summa
3221 3072 3361 3109 xxxv
3391 3075 3403 3113 :

1813 3139 2011 3205 partire
2044 3152 2137 3205 per
2164 3154 2255 3192 vn.
2289 3138 2593 3210 Quinquies
2622 3144 2764 3196 enim
2796 3161 2864 3199 vn
2895 3147 3026 3199 liunt
3056 3164 3195 3201 xxxv
3225 3158 3280 3202 ct
3326 3150 3401 3201 nis

1806 3228 1883 3281 liil
1932 3240 2195 3294 remanet,
2250 3233 2374 3298 quia
2424 3234 2650 3302 septima
2700 3237 2833 3291 leria
2882 3240 2984 3292 erit
3028 3241 3149 3293 luna
3197 3241 3401 3296 decima

1808 3328 1997 3386 quarta
2028 3329 2221 3388 quarto
2248 3322 2371 3375 Kal.
2402 3324 2599 3391 April.,
2625 3335 2679 3378 et
2704 3344 2769 3379 xv
2794 3330 2953 3381 tertio
2978 3330 3199 3383 Kalend.
3228 3333 3395 3401 April.

1808 3411 1925 3478 ipse
1952 3419 2033 3464 est
2058 3411 2174 3465 dies
2210 3412 2523 3468 Dominicus
2562 3416 2801 3484 Paschzn,
2834 3421 2999 3473 etiam
3036 3437 3128 3488 per
3157 3423 3399 3489 singulos

1807 3502 1996 3555 circuli
2028 3502 2558 3561 decemnovennales
2589 3525 2780 3563 annos.
2817 3512 3053 3578 Semper
3079 3512 3159 3565 his
3191 3514 3401 3579 regula—

1809 3595 1959 3649 ribus
1988 3604 2043 3650 et
2073 3596 2175 3651 hac
2206 3598 2417 3652 ratione
2448 3601 2641 3653 annuis
2665 3610 2980 3669 epactarum
3012 3603 3266 3657 detractis
3291 3604 3401 3657 die-

1809 3686 1928 3747 bus,
1963 3688 2227 3755 decimam
2262 3699 2507 3757 quartam
2556 3692 2672 3746 sine
2702 3708 2887 3747 errore
2929 3696 3164 3764 reperies
3195 3696 3398 3757 lunam,

1808 3792 1864 3835 et
1909 3781 2011 3835 illis
2041 3784 2381 3849 regularibus
2412 3797 2774 3840 concurrente
2818 3804 3042 3841 numero
3085 3790 3401 3855 praescripto

1803 3872 2023 3940 junctis.
2068 3873 2277 3926 Feriam
2321 3890 2536 3943 quoque
2566 3876 2830 3930 decimam
2858 3888 3105 3943 quartam
3152 3877 3237 3929 Iun
3261 3898 3285 3929 ιτ
3320 3893 3400 3931 re—

1810 3964 2006 4031 peries,
2041 3970 2099 4014 et
2124 3963 2204 4015 sic
2231 3965 2556 4030 computatis
2584 3965 2729 4017 feriis
2758 3981 2881 4034 qua:
2919 3976 3203 4034 supersunt
3233 3968 3402 4033 septi-

1809 4067 1983 4105 rnaue
2011 4052 2172 4116 illius,
2206 4052 2343 4103 luna:
2370 4068 2586 4121 quoque
2616 4063 2831 4108 ditatem
2856 4058 3149 4110 crescentis
3174 4057 3403 4122 singulis

1809 4159 2023 4214 appone
2051 4143 2261 4208 diebus,
2292 4153 2346 4197 et
2378 4155 2486 4197 tum
2528 4147 2687 4199 simul
2730 4148 2905 4201 locum
2938 4148 3075 4200 luna:
3104 4158 3159 4200 et
3185 4157 3401 4200 (etatem

1808 4234 2108 4288 certissime
2140 4234 2401 4287 invenies.
2434 4234 2578 4299 Haec,
2610 4237 2804 4291 dilecte
2834 4254 3041 4301 comes,
3068 4239 3285 4306 proprio
3309 4252 3398 4290 ar-

1808 4335 2059 4393 gumenta
2093 4325 2282 4380 labore
2306 4327 2563 4395 descripsi
2591 4329 2819 4392 tibimet,
2853 4338 2907 4380 tu
2935 4329 3020 4381 dic
3041 4344 3148 4395 quo
3172 4344 3399 4382 munere

1808 4434 2021 4473 mecum
2050 4426 2289 4471 certares
2315 4418 2495 4479 hodie,
2528 4419 2652 4471 dum
2685 4419 2810 4471 talia
2838 4420 2907 4472 do
2938 4420 3029 4472 tibi
3061 4418 3254 4473 fessus.

1808 4511 1855 4563 E
1860 4512 2095 4563 narratio
2119 4510 2389 4563 dodrantis
2412 4519 2459 4563 et
2479 4512 2776 4565 semiuncia:
2799 4514 2848 4565 in
2873 4515 3107 4582 partibus
3130 4517 3395 4574 horarum,

1882 4617 1973 4669 per
2019 4616 2147 4665 quas
2191 4600 2390 4655 lunaris
2442 4602 2653 4656 luminis
2704 4605 2839 4657 ratio
2896 4614 3221 4671 computatur
3264 4604 3402 4668 apud

1880 4694 2175 4759 scriptores.

125 4860 3397 4892 —_———-_————_———_——w

1392 4998 2129 5079 FRAGMENTUM.

188 5193 356 5256 Unius
401 5209 623 5267 semper
647 5194 793 5249 horae
822 5193 1081 5249 dodrante
1110 5204 1164 5249 et
1194 5195 1489 5250 semiuncia
1525 5204 1706 5249 trans-

121 5288 301 5357 missa,
345 5289 400 5344 id
442 5298 551 5357 est,
589 5287 783 5342 divisio
814 5286 969 5339 unius
1003 5284 1148 5339 liora:
1191 5286 1369 5354 spatio
1416 5286 1469 5338 in
1516 5286 1705 5354 viginti

120 5384 351 5449 1W
389 5378 740 5443 semiuncias,
774 5376 899 5447 quia
937 5384 1016 5429 tot
1060 5384 1183 5429 sunt
1211 5376 1522 5430 semiuncia:
1554 5375 1606 5430 in
1643 5376 1711 5429 li-

120 5466 404 5553 bra’lena
430 5485 446 5522 :
479 5467 784 5537 iterumque
812 5466 990 5521 divide
1016 5465 1197 5534 viginti
1226 5475 1460 5534 quatuor
1494 5467 1546 5520 in
1576 5482 1712 5534 qua-

123 5566 267 5629 tuor,
292 5558 406 5616 hoc
433 5565 537 5623 est,
561 5566 755 5627 quater
779 5572 897 5625 sex,
928 5565 982 5611 et
1012 5565 1093 5612 ter
1120 5571 1191 5618 vr,
1216 5554 1450 5610 dodrans
1480 5558 1701 5623 dicitur,

120 5644 289 5717 semel
318 5664 456 5706 vero
484 5645 706 5720 quadra.
729 5664 779 5717 δ,
812 5653 867 5702 et
893 5647 998 5703 hoc
1026 5656 1106 5703 est
1133 5645 1275 5716 quol
1304 5647 1377 5701 ait
1409 5647 1562 5703 unius
1608 5648 1735 5723 ho-_

1811 5210 1884 5247 ra:
1904 5194 2186 5261 dodrante,
2217 5195 2267 5250 id
2292 5203 2394 5260 est,
2424 5197 2593 5253 tribus
2615 5200 2857 5267 partibus
2882 5216 2914 5253 x
2936 5207 2991 5254 et
3012 5206 3134 5252 octo
3160 5203 3406 5255 semiun-

1810 5286 1926 5340 ciis.
1954 5286 2107 5351 Quod
2135 5302 2265 5342 vero
2293 5296 2348 5341 et
2375 5288 2671 5344 semiuncia
2698 5307 2790 5345 sex
2817 5292 3138 5357 reliquarum
3161 5294 3395 5345 semiun-

1809 5378 2036 5440 ciaruin,
2071 5378 2136 5430 ad
2176 5380 2530 5445 quadrantem
2582 5383 2964 5451 pertinentium
3016 5396 3177 5433 unam
3226 5384 3396 5437 voluit

1811 5469 2031 5536 adjungi
2060 5469 2330 5532 dodranti,
2365 5480 2422 5526 ut
2451 5486 2633 5528 essent
2676 5492 2764 5529 xix
2811 5473 3140 5537 semiunciae,
3174 5490 3281 5543 quo
3326 5492 3397 5527 τι·-

1808 5566 1921 5611 stus
1950 5556 2147 5613 Oceani
2187 5560 2429 5630 quotidie
2460 5563 2663 5618 tardius
2702 5564 2927 5630 veniret,
2964 5563 3279 5634 tardiusque
3308 5580 3395 5619 rc-

1810 5650 2047 5705 cederet.
