3920 6238
467 355 622 410 ’ϋυἹ

1017 350 1218 407 BEDE
1262 351 1713 405 VENERADILIS
1753 348 2024 403 OPliliUll
2071 349 2122 398 ἰδέ

2224 345 2243 398 5
2283 343 2319 395 ι.
2355 371 2424 383 -
2453 336 2892 395 muascmca
2932 301 3256 392 uestitus.
3662 327 3745 380 sos

530 457 3736 502 ____________________________________________._____

1048 587 1175 661 DE
1206 659 1210 669 ,
1240 585 1952 660 ORDINATIONE
2011 580 2524 658 FEBIARUM
2586 573 3225 653 PASCHALIUM

995 748 1093 785 PER
1123 747 1459 785 τυεοιδιιιιυκ
1487 746 1770 785 ενιεευνυιι
1800 746 2175 785 (ΖΑΞΞΔΒΙΕΝΞΕἉ
2212 746 2271 783 λϐ
2312 742 2645 790 ιεωροοιιυι
2674 740 3022 781 εριεεονοιιυι
3053 739 3308 778 εῐιωῡυι.

605 871 730 927 Post
760 874 1200 928 resurrectionem
1227 874 1310 925 vel
1336 874 1706 927 ascensionem
1739 874 1946 927 Domini
1976 874 2092 929 Sal-
2125 881 2166 934 Α
2197 874 2334 928 citis.
2371 873 2434 925 Et
2462 874 2532 925 illi
2579 871 2970 940 responderunt
2999 887 3014 922 :
3048 869 3314 938 Scriptum
3355 879 3465 936 est,
3496 869 3617 939 quia
3647 869 3750 922 ierit

535 963 750 1023 vaturis,
784 964 1011 1029 aposmli
1060 963 1331 1028 quomodo
1384 961 1580 1015 Pascha
1612 964 1870 1016 deberent
1916 965 2098 1026 obser-

534 1066 658 1102 vare
700 1052 825 1102 nihil
859 1052 1109 1103 ordinare
1156 1060 1466 1119 potuerunt,
1511 1053 1633 1119 quia
1674 1053 1896 1121 dispersi
1945 1063 2102 1107 erant

534 1155 628 1208 per
657 1141 961 1193 universum
995 1142 1271 1200 mundum,
1318 1151 1371 1194 et
1399 1142 1466 1194 ad
1496 1143 1910 1214 prmdicandum
1943 1159 2103 1198 occu-

2209 962 2347 1015 Deus
2391 963 2583 1025 lucem,
2615 971 2670 1015 et
2717 961 2925 1015 vocavit
2955 960 3092 1014 Deus
3140 960 3314 1012 lucem
3347 959 3516 1023 diem,
3559 969 3611 1014 et
3653 959 3753 1012 fecit

2209 1052 2348 1105 Dens
2379 1052 2646 1115 tenebras,
2675 1058 2730 1104 et
2755 1050 2969 1104 vocavit
2991 1049 3239 1103 tenebras
3267 1059 3508 1108 noctem,
3534 1061 3586 1102 et
3604 1050 3754 1102 divisit

2211 1142 2347 1194 inter
2393 1140 2564 1192 lucem
2612 1149 2666 1193 et
2715 1139 2960 1192 tenebras
3000 1153 3179 1206 aequas
3221 1146 3420 1207 partes.
3456 1135 3753 1204 TheOpbi‘us

535 1229 664 1298 pati.
695 1228 799 1281 Sed
827 1239 1145 1297 quacunque
1191 1229 1274 1282 die
1304 1229 1511 1282 decima
1545 1240 1735 1299 quarta
1767 1231 1888 1284 luna
1921 1247 2104 1284 mense
2207 1230 2341 1283 dixit
2371 1248 2384 1283 :
2419 1229 2557 1283 Ecce
2601 1229 2669 1282 de
2693 1229 2779 1282 die
2820 1229 2902 1281 vel
2933 1237 3172 1296 tempore
3217 1230 3517 1296 probastis,
3549 1229 3614 1282 de
3656 1229 3754 1299 luna

536 1314 726 1370 Martio
753 1318 954 1378 fuisset,
1005 1317 1207 1371 Pascha
1236 1319 1597 1372 celebrabant.
1653 1319 1777 1374 Post
1826 1323 2104 1375 transitum

536 1419 662 1471 ergo
693 1407 756 1458 de
787 1407 887 1462 hoc
919 1410 1112 1459 mundo
1155 1409 1391 1459 omnium
1437 1410 1822 1476 apostolorum,
1873 1426 1968 1478 per
1995 1412 2104 1463 sin—

536 1500 686 1562 gulas
715 1498 1011 1564 provincias
1038 1497 1245 1551 diversa
1280 1501 1536 1554 tenebant
1557 1500 1777 1566 jejunia.
1812 1501 1942 1554 Nam
1972 1501 2107 1554 Galli

484 1605 489 1613 ’
537 1600 854 1654 quacunque
880 1588 1186 1640 die'octavo
1219 1571 1576 1642 Kalendarum
1607 1591 1864 1657 Aprilium
1905 1591 2108 1654 inisset,

539 1674 754 1741 quando
784 1673 823 1726 Ο
850 1675 980 1728 iriSti
1023 1677 1342 1730 resurrectio
1385 1678 1714 1738 tradebatur,
1758 1694 1972 1745 semper
2011 1678 2108 1731 Pa~

2208 1321 2333 1388 quid
2353 1322 2499 1374 vobis
2524 1321 2769 1374 videtur?
2795 1319 2978 1373 Utrum
3001 1329 3330 1372 crescentem
3349 1336 3413 1372 ac
3433 1320 3544 1385 jam
3573 1298 3752 1385 pleriam

2211 1428 2277 1465 an
2311 1414 2639 1466 imminutam
2671 1429 2701 1464 a
2729 1411 2836 1465 Deo
2879 1411 3040 1464 fuisse
3080 1411 3501 1464 consecratam?
3545 1407 3754 1476 Episcopi

2214 1504 2630 1572 responderunt,
2653 1503 2885 1572 plenam.
2915 1500 2981 1554 Et
3009 1501 3095 1555 ille
3122 1519 3134 1551 :
3160 1500 3396 1553 Probate
3419 1500 3566 1567 quod
3587 1498 3754 1552 dicitis.

2215 1594 2652 1662 Responderunt:
2680 1591 2745 1645 Et
2771 1592 2892 1645 fecit
2919 1593 3024 1644 duo
3056 1591 3335 1644 luminaria
3364 1605 3579 1657 magna,
3607 1601 3657 1641 et
3680 1605 3754 1656 po-

2215 1683 2322 1734 suit
2350 1697 2412 1734 ea
2440 1683 2489 1733 in
2517 1681 2851 1733 ﬁrmamento
2876 1681 3019 1744 εαξη,
3044 1688 3101 1732 ιιι
3132 1679 3346 1732 luceant
3375 1693 3544 1746 super
3572 1685 3750 1730 terram,

541 1763 666 1816 scha
697 1764 1075 1818 celebrabant:
1110 1768 1162 1820 in
1198 1767 1342 1819 Italia
1377 1783 1500 1820 vero
1531 1769 1617 1820 alii
1660 1785 1728 1822 xx
1757 1769 1870 1822 dies
1902 1769 2112 1836 jejuna-
2150 1787 2188 1843 ῃ
2219 1770 2504 1823 Luininare
2554 1769 2727 1838 majus
2775 1770 2824 1822 in
2869 1769 3264 1822 inchoationem
3325 1768 3433 1821 dici
3468 1807 3484 1828 ,
3531 1769 3756 1820 luminare

541 1853 688 1915 bant,
741 1855 829 1907 alii
875 1867 1101 1922 septem.
1146 1857 1448 1910 Orientales
1481 1873 1611 1910 vero
1654 1858 1796 1911 sicut
1839 1859 2114 1926 apostolos

543 1946 811 2012 viderunt,
857 1957 912 1999 ut
955 1948 1316 2015 supradictum
1353 1955 1456 2012 est,
1488 1948 1693 2002 decima
1741 1959 1932 2017 quarta
1969 1949 2114 2009 luna,

547 2053 733 2091 mense
757 2041 936 2095 Martis
976 2039 1180 2096 Pascha
1228 2044 1497 2096 tenebant.
1540 2045 1670 2098 Cum
1703 2059 1832 2111 ergo
1865 2046 1945 2098 hze
1987 2046 2120 2100 tales

545 2126 948 2182 obse:vationes
996 2145 1091 2198 per
1137 2131 1371 2199 singulas
1419 2132 1724 2199 provincias
1785 2141 2114 2200 tenerentur,

548 2215 693 2268 unde
716 2232 915 2271 iuuaror
934 2227 1049 2272 erat
1075 2220 1468 2286 sacerdotibus,
1490 2238 1557 2277 eo
1579 2225 1718 2291 quod
1744 2240 1774 2278 a
1796 2225 1989 2292 quibus
2011 2242 2118 2278 una

548 2303 679 2357 lides
727 2318 872 2359 recte
915 2309 1216 2371 tenebatur,
1274 2325 1460 2364 eorum
1508 2311 1853 2366 dissentirent
1893 2312 2116 2382 jejunia.

549 2398 700 2452 Tunc
732 2415 864 2468 papa
905 2401 1082 2454 Victor
1125 2401 1487 2471 Romanasque
1528 2404 1672 2457 urbis
1714 2406 1999 2475 episc0pus
2040 2406 2122 2459 di-

547 2489 685 2542 rexit
709 2491 1081 2543 auctoritatem
1108 2492 1173 2544 ad
1199 2491 1554 2561 Theophilum
1582 2492 1924 2548 Cmsariensis
1952 2495 2122 2548 Palze-

548 2574 809 2641 stinmque
844 2578 1156 2641 antistitem,
1189 2587 1246 2631 ut
1278 2579 1550 2647 quomodo
1590 2579 1794 2635 Pascha
1827 2591 1975 2634 recto
2000 2582 2122 2648 jure

550 2680 580 2718 a
606 2667 812 2720 cunctis
836 2665 1129 2722 Catholicis
1163 2670 1528 2724 celebraretur
1559 2669 1829 2737 Ecclesiis,
1864 2673 1990 2726 inibi
2024 2672 2121 2727 lie-

557 2765 644 2809 ret
671 2757 954 2820 ordinatio,
985 2757 1071 2810 ubi
1103 2759 1357 2816 Dominus
1381 2771 1434 2815 et
1455 2762 1704 2816 Salvator
1732 2765 1916 2817 mundi
1943 2766 2119 2824 fuerat

552 2845 608 2899 in
638 2861 797 2901 carne
827 2857 1090 2903 versatus.
1126 2849 1380 2918 Percepta
1412 2853 1592 2921 itaque
1621 2855 1945 2910 auctoritate
1987 2872 2124 2926 prte-

557 2936 728 2992 dictus
767 2939 1052 3009 episcopus
1093 2957 1198 2995 non
1248 2942 1418 2995 solum
1461 2943 1528 2998 de
1556 2959 1652 2998 sua
1699 2946 1996 3014 provincia,
2029 2946 2124 3001 sed

553 3026 717 3078 etiam
736 3028 802 3080 de
827 3028 1050 3082 diversis
1078 3030 1386 3096 regionibus
1410 3020 1597 3088 omnes
1618 3033 1903 3105 episcopos
1930 3051 2125 3090 evoca-

2223 1865 2396 1919 ininus
2447 1865 2498 1916 in
2550 1864 2945 1918 inchoati-mem
2995 1865 3185 1927 noctis,
3219 1880 3324 1916 non
3379 1873 3597 1933 poterat
3635 1864 3755 1916 aliter

2222 1953 2320 2004 nisi
2372 1959 2515 2005 esset
2561 1951 2736 2019 plena.
2782 1950 2931 2004 Nunc
2976 1966 3105 2017 ergo
3164 1952 3604 2017 investigavimus
3647 1965 3756 2017 quo-

2223 2039 2378 2093 modo
2425 2040 2476 2092 in
2526 2040 2783 2108 principio
2837 2039 3006 2094 factus
3047 2040 3204 2094 fuerit
3250 2041 3525 2105 mundus,
3571 2042 3617 2094 id
3660 2051 3755 2102 est,

2222 2133 2308 2187 die
2350 2132 2652 2187 Domiuiro.
2693 2134 2864 2186 Verno
2908 2143 3151 2201 tempore
3180 2134 3231 2186 in
3260 2134 3612 2203 :rquinoctio,
3645 2134 3756 2201 quod

2221 2235 2303 2277 est
2344 2235 2534 2278 octavo
2583 2223 2937 2278 Kalendarum
2985 2225 3279 2294 Aprilium,
3325 2224 3456 2278 luna
3505 2224 3652 2293 plena
3686 2238 3758 2291 per

2225 2311 2398 2379 ipsum
2440 2313 2807 2366 tantummodo
2840 2321 3050 2383 tempus
3091 2321 3146 2366 et
3180 2313 3454 2367 elementa
3493 2305 3754 2380 resurgunt.

2224 2401 2445 2471 Theoph
2473 2403 2550 2455 lus
2573 2401 2707 2456 dixit
2734 2419 2747 2455 :
2776 2401 2925 2457 Nunc
2952 2403 3110 2470 igitur
3133 2403 3396 2470 agendum
3427 2410 3518 2457 est
3553 2403 3616 2458 de
3640 2404 3756 2457 ordi-

2225 2493 2475 2556 natione,
2516 2493 2786 2560 quomodo
2834 2493 3124 2549 debeamus
3169 2491 3372 2548 Pascha
3421 2505 3625 2549 tenere.
3664 2493 3760 2561 Epi-

2224 2583 2371 2650 sc0pi
2395 2582 2644 2636 dixerunt
2673 2600 2685 2635 :
2718 2582 2964 2650 Nunquid
2991 2591 3167 2652 potest
3189 2582 3304 2637 dies
3338 2584 3639 2639 dominicus
3658 2599 3759 2652 pra-

2229 2671 2399 2736 teriri,
2432 2681 2489 2725 ut
2516 2673 2567 2725 in
2594 2687 2660 2725 eo
2685 2669 2887 2726 Pascha
2917 2672 3131 2726 minime
3163 2674 3494 2738 celebretur,
3521 2675 3607 2742 qui
3633 2684 3700 2726 tot
3721 2682 3760 2726 et

2229 2759 2424 2813 talibus
2449 2759 2915 2814 benedictionibus
2936 2759 3306 2816 sanctiﬁcatus
3328 2763 3452 2816 est?
3476 2761 3761 2832 Theophilus

2225 2848 2396 2902 dixit:
2424 2848 2593 2902 Dicite
2638 2863 2768 2917 ergo
2797 2849 2988 2918 quibus
3023 2858 3080 2904 et
3115 2851 3364 2918 qualibus
3402 2851 3759 2907 benedictioni-

2224 2937 2322 2992 bus
2348 2953 2614 2993 euuuesse
2636 2938 3024 2993 sanctiﬁcatum
3045 2939 3304 3001 asseritis,
3329 2950 3389 2992 ut
3411 2940 3646 2994 scribere
3663 2954 3759 3008 pos-

2228 3027 2418 3082 simus.
2448 3023 2695 3096 Episcopi
2736 3025 3005 3091 dixerunt,
3037 3025 3210 3080 Prima
3253 3027 3328 3082 illi
3371 3028 3668 3083 benedictio
3700 3037 3762 3081 est

556 3117 651 3168 vit.
673 3115 770 3170 Ubi
792 3133 912 3171 cum
937 3118 1022 3172 illa
1045 3120 1324 3174 multitudo
1343 3122 1681 3177 sacerdotum
1697 3125 1969 3190 convenit,
1995 3133 2122 3182 tunc

2229 3116 2354 3184 quia
2386 3115 2437 3168 in
2467 3115 2585 3184 ipso
2615 3115 2850 3170 tenebrae
2888 3123 3013 3171 sunt
3033 3125 3282 3184 remoue,
3312 3126 3370 3172 et
3398 3118 3492 3172 lux
3533 3117 3760 3188 apparuit.

555 3205 884 3276 Theophilus
927 3211 1210 3280 episcopus
1260 3213 1485 3280 protulit
1539 3214 1914 3270 auctoritatem
1963 3217 2027 3269 ad
2069 3232 2130 3272 se

558 3296 773 3351 missam
805 3296 1032 3353 Victoris
1071 3314 1240 3368 papae,
1277 3309 1332 3353 et
1360 3301 1481 3366 quid
1507 3302 1605 3356 sibi
1631 3303 1811 3374 operis
1837 3303 2023 3358 fuisset
2048 3305 2130 3358 in-

557 3383 797 3452 iunctum
825 3387 1079 3440 ostendit.
1109 3387 1259 3443 Tunc
1283 3389 1484 3457 pariter
1508 3406 1696 3444 omnes
1724 3390 1979 3446 dixerunt
2016 3393 2129 3461 epi-

559 3472 733 3540 scopi,
763 3473 861 3526 nisi
893 3474 1037 3542 prius
1063 3476 1336 3544 quomodo
1361 3476 1588 3531 mundus
1617 3478 1778 3532 fuerit
1804 3494 1833 3532 a
1867 3480 2130 3550 principio

560 3567 935 3635 invest‘gatus,
970 3566 1102 3620 nihil
1133 3577 1313 3636 potest
1337 3568 1404 3622 de
1425 3569 1766 3623 observantia
1799 3569 2016 3626 Pascha:
2043 3588 2129 3627 sa-

561 3656 784 3709 lubriter
803 3657 1053 3710 ordinari.
1083 3657 1277 3711 Dixeru
1303 3667 1338 3710 .t
1359 3674 1488 3723 ergo
1510 3660 1746 3730 episc0pi
1773 3678 1786 3713 :
1813 3660 1983 3727 Quem
2005 3679 2127 3717 cre-

560 3746 736 3798 dimus
763 3745 957 3801 factum
994 3749 1153 3802 fuisse
1179 3748 1456 3805 inmundo
1487 3750 1735 3816 primum,
1766 3751 1865 3804 nisi
1885 3746 2130 3806 Domini-

562 3851 683 3888 cum
707 3836 884 3890 diem?
904 3837 1228 3906 Theophilus
1253 3838 1536 3905 episcopus
1556 3838 1686 3892 dixit
1705 3858 1718 3891 :
1737 3838 1968 3902 Probate
1989 3842 2128 3907 quod

563 3925 754 3978 dicitiz.
781 3925 1193 3994 Restionderunt
1215 3929 1450 3996 episcopi
1479 3947 1488 3979 :
1514 3927 1820 3983 Secundum
1841 3932 2128 3999 Scriptum

562 4018 933 4070 auctoritatem
952 4018 1143 4071 factum
1166 4027 1250 4071 est
1272 4033 1494 4086 vespere
1517 4028 1571 4071 et
1590 4035 1747 4074 mane
1768 4020 1884 4073 dies
1903 4023 2124 4088 primus.

637 4103 832 4156 Deinde
860 4105 1147 4169 secundus,
1191 4107 1400 4172 tertius,
1438 4116 1685 4174 quartus,
1731 4111 1971 4179 quintus,
2013 4127 2131 4165 sex-

567 4203 671 4258 tus,
722 4196 1000 4263 septimns.
1047 4196 1102 4250 In
1148 4189 1270 4264 quo}
1303 4198 1536 4265 septimo
1579 4201 1841 4268 requievit
1882 4201 2020 4256 Deus
2060 4204 2128 4256 ah

563 4283 812 4338 omnibus
839 4285 1092 4353 cperibus
1118 4287 1247 4349 suis,
1280 4300 1438 4354 quem
1470 4287 1612 4340 diem
1641 4288 1920 4343 sabbatum
1950 4293 2130 4360 appel-

564 4373 714 4428 lavit.
749 4374 888 4442 Ergo
917 4390 1038 4430 cum
1077 4375 1424 4429 novissimum
1453 4377 1592 4430 diem
1623 4378 1798 4444 signet
1825 4380 2127 4448 sabbatum,

560 4464 683 4531 quis
710 4473 887 4533 potest
915 4480 1032 4520 esse
1055 4466 1274 4534 primus,
1303 4467 1402 4520 nisi
1435 4466 1741 4522 Dominicus
1767 4469 1926 4524 dies?
1953 4470 2128 4525 Theo-

564 4553 742 4621 philus
763 4556 1046 4624 episcopus
1068 4555 1202 4609 dixit
1226 4575 1239 4609 :
1270 4555 1409 4610 Ecce
1436 4557 1504 4610 de
1545 4557 1632 4611 die
1678 4558 1982 4627 Dominico,
2005 4564 2128 4630 quia

563 4645 767 4709 primus
787 4646 854 4696 sit
883 4646 1166 4713 probastis,
1202 4647 1268 4700 de
1296 4655 1538 4715 tempore
1567 4647 1711 4700 enim
1743 4647 1874 4714 quid
1909 4647 2129 4703 dicitis?

563 4732 802 4797 Quatuor
851 4735 989 4787 enim
1043 4734 1225 4788 mundi
1275 4744 1512 4804 tempora
1567 4737 1904 4805 accipiuntur
1948 4757 1961 4790 :
2013 4755 2128 4804 ver,

561 4830 744 4886 aestas,
774 4833 1083 4890 autumnus,
1114 4827 1299 4880 hiems.
1334 4825 1484 4890 Quod
1514 4841 1642 4895 ergo
1671 4835 1881 4897 tempus
1903 4829 2130 4899 primum

565 4915 762 4991 iactum
794 4914 844 4967 in
888 4900 1130 4969 mundo?
1156 4914 1400 4985 Episcopi
1429 4918 1842 4988 responderunt,
1887 4935 2131 4975 vernum.

564 4999 894 5073 Theophilus
923 5006 1202 5075 episcopus
1227 5008 1384 5073 dixit,
1416 5008 1647 5064 Probate
1671 5008 1816 5078 quod
1839 5012 2032 5068 dicitis.
2067 5013 2132 5068 Et

564 5092 639 5151 illi
669 5097 1086 5166 responderunt:
1107 5098 1376 5173 Scriptum
1399 5109 1481 5154 est
1511 5118 1524 5152 :
1557 5099 1837 5156 Germinet
1865 5112 2005 5158 terra
2028 5106 2133 5161 feni

566 5183 782 5236 herbam
805 5185 1096 5240 secundum
1135 5201 1302 5254 genus
1337 5203 1512 5250 suum,
1541 5196 1596 5242 et
1637 5177 1838 5258 lignum
1889 5190 2130 5248 fructife-

565 5288 702 5333 rum,
749 5271 922 5326 ferens
951 5274 1180 5328 fructum
1207 5292 1379 5329 suum.
1429 5274 1554 5331 Haec
1599 5287 1776 5332 autem
1806 5286 2133 5350 temporibus

563 5364 706 5416 veris
747 5363 1027 5432 accipitur.
1060 5364 1392 5435 Theophilus
1428 5368 1714 5437 episcopus
1741 5370 1906 5434 dixit:
1935 5372 1993 5427 In
2023 5389 2131 5442 quo

565 5453 690 5506 loco
716 5463 876 5521 caput
903 5455 1084 5507 mundi
1112 5471 1233 5510 esse
1259 5457 1521 5512 creditis?
1546 5457 1604 5514 In
1635 5457 1899 5527 principio
1927 5469 2134 5533 tempo-

562 5542 658 5606 ris,
688 5555 756 5594 au
783 5540 837 5594 in
867 5542 1043 5595 medio
1071 5551 1331 5613 tempore,
1373 5556 1464 5599 aut
1491 5546 1543 5600 iu
1590 5547 1732 5602 line?
1760 5545 2007 5619 Episcopi
2048 5568 2133 5606 re-

565 5627 921 5696 sponderunt:
949 5629 1001 5680 ln
1027 5630 1346 5698 inquiuoctio
1371 5642 1563 5687 octavo
1593 5633 1946 5690 Kalendarum
1971 5639 2131 5706 Apri-

567 5717 715 5770 lium.
749 5717 1073 5785 TbeOpbilus
1115 5724 1398 5791 cpiscopus
1424 5723 1580 5790 dixit,
1612 5723 1842 5780 Probatc
1877 5731 2019 5796 quod
2052 5731 2130 5784 di-

2229 3203 2472 3258 Secunda
2518 3213 2601 3260 est
2645 3203 2718 3258 illi
2746 3203 3067 3271 benedictio,
3108 3207 3253 3273 quod
3281 3206 3349 3260 de
3392 3216 3538 3262 terra
3581 3204 3762 3275 inpii

2228 3295 2376 3347 velut
2428 3294 2496 3348 de
2555 3293 2791 3348 tenebris
2831 3299 3207 3373 peccatorum,
3246 3295 3400 3362 quasi
3453 3311 3554 3365 per
3598 3294 3761 3350 lentem

2228 3383 2508 3452 baptismi,
2548 3398 2644 3452 per
2681 3397 2833 3438 mare
2877 3379 3116 3437 Rubrum
3157 3383 3390 3452 populus
3427 3384 3616 3441 fuisset
3654 3383 3760 3438 libe-

2229 3487 2398 3531 ratus.
2444 3475 2623 3529 Tertia
2676 3477 2750 3530 id:
2797 3477 3098 3531 benedictio
3145 3485 3268 3543 est,
3309 3480 3436 3545 quia
3499 3480 3553 3533 in
3608 3478 3762 3532 eculeis

2227 3565 2316 3620 die
2374 3566 2606 3619 caelestis
2664 3566 2816 3620 cibus
2877 3580 3068 3620 manna
3126 3565 3432 3622 hominibus
3488 3568 3639 3622 datus
3684 3575 3761 3643 est.

2229 3655 2428 3720 Quarta
2461 3655 2535 3708 illi
2584 3654 2886 3709 benedictio
2923 3664 3025 3716 est,
3067 3670 3171 3724 qua
3218 3655 3430 3727 Moyses
3473 3658 3678 3712 mandat
3713 3654 3763 3706 ad

2229 3744 2484 3814 pupulum
2525 3762 2536 3796 :
2567 3743 2648 3798 Sit
2683 3744 2835 3799 vobis
2870 3744 3186 3800 observatas
3213 3743 3328 3801 dies
3368 3746 3578 3816 primus
3616 3754 3763 3800 ctuo-

2229 3835 2498 3888 vissiinus.
2549 3833 2746 3900 Quinta
2799 3831 2873 3887 illi
2922 3831 3221 3887 benedictio
3265 3842 3393 3898 est,
3439 3843 3506 3888 ut
3555 3835 3608 3888 in
3654 3845 3763 3887 cxvii

2229 3927 2435 3995 psalmo
2475 3927 2607 3979 dicit
2654 3941 2666 3975 :
2716 3923 3190 3979 Circumdederunt
3233 3939 3319 3979 me
3346 3925 3517 3981 sicut
3550 3939 3686 3995 apes.
3723 3929 3764 3974 et

2229 4023 2546 4069 exarserunt
2578 4014 2719 4067 sicut
2761 4014 2897 4082 ignis
2936 4013 2991 4067 in
3036 4013 3224 4083 spinis.
3275 4014 3351 4068 De
3400 4013 3764 4069 resurrectio-II

2230 4115 2408 4161 autem
2440 4106 2647 4160 Domini
2677 4105 2846 4159 dicit:
2878 4103 3003 4158 Haec
3027 4113 3110 4158 est
3133 4103 3248 4158 dies
3271 4117 3434 4173 quam
3475 4104 3601 4160 fecit
3621 4099 3762 4157 Delli-

2231 4212 2348 4260 nus,
2379 4196 2707 4250 exsultemus
2749 4203 2806 4249 et
2832 4194 3088 4248 laetemur
3115 4195 3167 4248 in
3209 4207 3295 4260 ea,
3327 4208 3504 4262 usque
3531 4191 3596 4247 ad
3627 4205 3762 4248 cum

2231 4285 2430 4340 altaris.
2464 4286 2626 4340 Sexta
2656 4285 2730 4338 illi
2761 4282 3061 4338 benedictio
3087 4289 3191 4345 est,
3221 4284 3367 4352 quod
3393 4283 3447 4337 in
3480 4284 3592 4354 ipsa
3617 4280 3763 4336 Doli-

2232 4391 2330 4428 nus
2375 4374 2689 4428 resurrexit.
2721 4372 2881 4428 Vides
2919 4387 3050 4441 ergo
3087 4376 3213 4442 quia
3241 4374 3356 4428 dies
3391 4369 3763 4428 resurer

2162 4450 2210 4508 Ῐ)
2233 4464 2531 4520 dominicus
2557 4464 2899 4532 singulariter
2922 4445 2975 4520 in
2996 4465 3198 4520 Pascha
3225 4468 3392 4520 teneri
3413 4467 3602 4536 possit.
3621 4463 3763 4519 Μ

2233 4556 2411 4624 philus
2428 4556 2591 4610 dicit:
2617 4555 2692 4610 De
2712 4563 2953 4626 tempore
2971 4564 3149 4608 autem
3161 4555 3228 4608 ad
3251 4555 3471 4624 Moysen
3494 4554 3762 4609 mandatu

2232 4654 2318 4702 est
2357 4663 2388 4700 a
2432 4646 2565 4702 Deo.
2601 4646 2698 4702 Hic
2738 4647 2939 4701 mensis
2971 4646 3076 4700 erit
3102 4644 3252 4700 vobis
3279 4645 3486 4699 iniium
3516 4644 3763 4703 menius

2235 4737 2436 4792 Pascha
2471 4735 2630 4802 facite
2660 4737 2712 4791 in
2741 4750 2825 4810 eo.
2855 4737 3052 4790 Omnes
3077 4750 3205 4802 ergo
3234 4735 3459 4814 triginta.
3475 4736 3592 4789 dies
3618 4749 3649 4786 a
3681 4728 3762 4784 ne

2234 4831 2380 4884 mino
2408 4830 2705 4885 consecrati
2732 4838 2876 4884 sunt.
2909 4827 3155 4897 Episcopi
3181 4828 3463 4881 dixerunt:
3491 4826 3608 4882 «iam
3635 4837 3762 4893 supe-

2233 4919 2348 4973 rius
2387 4916 2634 4973 dedimus
2677 4933 3030 4987 responsum,
3077 4916 3397 4985 principium
3444 4917 3625 4972 mundi
3667 4925 3762 4969 αι

2233 5009 2612 5078 aequinoctium
2659 5015 2852 5062 octavo
2896 5004 3256 5060 Kalendarum
3301 5004 3583 5074 Aprilium.
3623 5003 3683 5058 Et
3709 4999 3760 5054 ab

2234 5109 2427 5156 octavo
2456 5097 2742 5152 Kalendar.
2788 5096 2956 5168 April.
2991 5110 3159 5165 usque
3187 5097 3238 5149 in
3265 5105 3515 5152 octavum
3573 5087 3765 5150 Salui.

2233 5193 2384 5253 Μαί..
2453 5190 2681 5256 legimus
2704 5191 2824 5243 esse
2861 5193 3228 5241 consecratos.
3259 5186 3587 5256 Theophilus
3611 5183 3758 5252 dixit:

2234 5279 2375 5336 Ecce
2415 5281 2634 5350 impium
2664 5294 2768 5333 non
2800 5287 2915 5346 est,
2943 5287 3002 5332 ut
3039 5281 3219 5350 passio
3245 5280 3514 5334 dominica
3533 5317 3551 5344 ,
3593 5277 3761 5334 taut—

2233 5369 2553 5424 sacramenti
2598 5369 2942 5439 mysterium,
2984 5377 3142 5424 extra
3185 5367 3411 5424 limitem
3462 5361 3760 5432 escium.
3833 5391 3838 5424 ε

2235 5461 2430 5516 Passus
2472 5476 2700 5529 namque
2739 5459 2993 5518 Dominus
3027 5459 3097 5534 ab
3127 5459 3412 5516 undecimo
3447 5455 3762 5520 ωακ-

2235 5551 2515 5618 Aprilium,
2567 5565 2671 5618 qua
2719 5558 2881 5604 nocte
2925 5563 2956 5602 a
2995 5547 3196 5606 Iudaeis
3241 5549 3471 5606 traditus
3507 5549 3702 5628 Mei

2233 5641 2460 5708 septimo
2488 5638 2714 5693 Kalend.
2756 5638 3068 5703 resurrexit,
3095 5637 3378 5708 quomodo
3793 5701 3802 5718 η

2234 5740 2384 5786 extra
2415 5731 2701 5786 terminum
2728 5728 3123 5786 excluduntur?
3152 5726 3356 5786 Omnes
3381 5725 3618 5802 episcopi
3637 5715 3762 5782 iit
