3920 6238
517 356 615 411 b‘ll

1018 359 1223 414 ΒΕῐὶίΕ
1267 359 1719 415 VENERABIUS
1757 356 2040 414 OPERUM

2198 357 2261 411 ιε
2300 358 2340 411 1.
2382 386 2451 399 -
2491 357 2935 416 DlDASCALICA
2977 359 3302 418 GENL'INA.

3674 366 3751 422 θη

515 473 716 528 fuerint
746 471 996 535 tonitrua,
1030 472 1325 528 secundum
1352 474 1630 527 subtilium
1662 470 2110 541 philosophorum
2141 476 2187 529 Α
2212 465 2435 535 jusllbet
2464 468 2590 522 anni
2620 469 2825 523 ambitu
2853 470 2896 526 si
2917 469 3270 536 intonuerint,
3302 468 3481 540 pelagi
3508 469 3660 540 pisces
3683 489 3751 542 per
3800 468 3811 475 ’

513 564 854 630 traditiones,
873 563 923 616 in
953 564 1077 616 anni
1104 563 1268 632 ipsius
1298 563 1524 628 circulo,
1572 562 1792 615 humani
1833 559 2113 629 sanguinis

514 654 787 723 copiosam
810 651 1129 708 effusionem
1164 653 1275 722 ipsa
1306 652 1631 721 prmsignant
1656 651 1911 704 tonitrua.

588 744 663 796 At:
694 740 993 797 Occidente.
1024 774 1096 785 —
1130 742 1209 797 Ab
1257 739 1576 795 occidentali
1620 753 1839 809 quoque
1893 738 2114 793 climate

514 852 636 891 cunt
658 836 993 889 surrexerint
1022 835 1285 901 tonitrua,
1344 834 1618 902 sapientes
1673 829 1971 886 secundum
2028 830 2113 883 ni-

502 930 675 985 tniam
722 930 1077 983 subtilitatem
1134 927 1484 993 indagantes,
1513 939 1806 992 rerumque
1851 921 2112 991 pnesagia

420 1024 427 1027 ’
512 1022 725 1089 agiliter
745 1021 1152 1087 investigantes,
1176 1017 1562 1071 mortalitatem
1581 1014 1746 1083 prolis
1771 1012 1919 1075 Δάλιε,
1947 1012 2116 1080 pessi-

510 1101 766 1178 tnatnque
793 1108 1152 1178 pestilentiam
1185 1104 1391 1175 ipsein
1422 1118 1566 1157 anno
1600 1104 1882 1156 imminere
1908 1100 2111 1171 signiﬁ-

510 1216 637 1256 care
666 1201 903 1254 tonitrua
933 1199 1203 1253 dixerunt.

582 1292 625 1345 Α
654 1287 1273 1344 Meridie.-—Meridiana
1329 1286 1414 1356 (ut
1461 1284 1672 1353 sagacis
1711 1283 1909 1350 ingenii
1936 1281 2109 1352 phile-

511 1382 691 1453 sopiti,
719 1380 812 1447 qui
842 1378 1189 1433 intellectuali
1215 1375 1677 1436 consideratione,
1712 1373 2113 1441 indagabilique

508 1473 793 1542 prudentia
817 1486 993 1526 rerum
1011 1471 1269 1539 prmsagia
1286 1478 1635 1535 notaverunt,
1650 1469 1825 1539 aiunt)
1852 1470 2106 1535 tonitrua,

512 1565 716 1620 incolas
737 1565 911 1634 pelagi
948 1578 1141 1633 magna
1172 1563 1325 1618 clade
1361 1563 1487 1617 anni
1516 1562 1658 1617 illius
1688 1562 1961 1617 curriculo
1990 1576 2112 1616 esse

508 1657 822 1721 morituros,
857 1656 1216 1724 przcﬁgurant.

578 1748 621 1798 A
652 1745 1298 1815 Septentrione.—Bore:e
1315 1760 1565 1815 namque,
1582 1745 1735 1814 juxta
1757 1745 2107 1800 subtilitatem

2222 566 2427 611 turmas
2455 568 2619 628 atque
2636 560 3011 627 generationes
3030 573 3173 623 suas,
3200 560 3561 629 nocivumque
3578 576 3752 632 serpen-

2221 648 2315 702 tini
2346 650 2562 715 generis
2588 651 2887 704 exercitum
2914 666 3058 705 anno
3089 650 3141 705 in
3165 650 3283 719 ipso
3304 665 3428 707 esse
3450 649 3750 709 fortiume-

2216 741 2420 795 ritures
2442 740 2790 809 praeﬁgurare
2810 742 3081 797 dixerunt.

2290 831 2367 885 De
2395 832 2707 901 Septembri.
2732 863 2802 873 —
2825 832 2881 886 Si
2904 833 3083 904 aliquo
3118 834 3174 888 in
3203 848 3346 888 anno
3373 833 3555 903 (prout
3588 837 3753 903 sagacis

2217 920 2416 986 ingenii
2436 922 2746 992 philosophi
2769 922 3036 977 subtiliter
3054 923 3533 991 investigaverunt)
3552 923 3753 993 Septem-

2215 1011 2297 1065 bri
2326 1013 2378 1065 in
2409 1027 2595 1068 mense
2624 1014 2861 1067 tonitrua
2892 1014 3089 1068 fuerint
3126 1023 3340 1081 exorta,
3383 1016 3511 1069 anni
3538 1016 3586 1068 in
3622 1015 3753 1084 ipsius

2215 1102 2491 1155 curriculo
2531 1103 2809 1171 copiosam
2840 1103 3240 1158 multitudinem
3271 1104 3552 1169 laicorum,
3581 1106 3643 1160 de
3676 1108 3754 1161 hoc

2215 1193 2416 1247 saeculo
2458 1196 2775 1247 catervatim
2822 1195 3167 1263 migraturam
3211 1209 3355 1263 esse,
3401 1191 3517 1264 ipsa
3560 1198 3753 1253 tonitrua

2214 1284 2440 1351 mystice
2463 1283 2767 1351 designant.
3130 1276 3136 1283 ’

2288 1374 2365 1427 De
2396 1375 2629 1429 Octobri.
2656 1407 2725 1419 --
2747 1378 3034 1444 Aucteres,
3054 1378 3145 1444 qui
3175 1378 3406 1433 mirabili
3431 1379 3754 1447 speculatione

2212 1465 2341 1533 quid
2372 1466 2608 1519 tonitrua
2638 1474 2939 1545 temporum
2979 1467 3281 1536 signiﬁcent
3318 1470 3752 1539 investigaverunt,

2214 1564 2464 1610 asserunt
2502 1556 2738 1611 tonitrua
2784 1558 2982 1613 mensis
3008 1558 3257 1614 Octobris
3295 1560 3379 1613 inf
3402 1576 3434 1613 a
3483 1560 3604 1614 anni
3641 1561 3755 1615 illius

2212 1648 2475 1703 circulum
2522 1648 2875 1704 validissimas
2913 1650 3055 1704 aeris
3095 1648 3359 1720 procellas
3397 1662 3559 1722 atque
3600 1653 3753 1720 ingen-

2214 1738 2455 1794 tissimos
2480 1749 2675 1793 ventos
2704 1755 2825 1796 esse
2844 1750 3103 1796 venturos
3130 1742 3457 1810 signiﬁcare.

506 1852 692 1905 eorum
724 1836 815 1905 qui
871 1836 1199 1906 investigare
1254 1851 1436 1891 rerum
1466 1851 1657 1891 causas
1708 1835 1891 1889 conati
1938 1842 2089 1897 sunt,
2138 1824 2188 1882 Β
2286 1827 2364 1883 De
2407 1827 2707 1884 Novembri.
2734 1864 2795 1873 -—
2824 1830 3142 1887 Novembris
3185 1848 3408 1902 quoque
3454 1836 3752 1901 ιοηὶιτωνὶη

509 1926 728 1995 quando
759 1928 1007 1980 intonant
1032 1928 1291 1991 tonitrua,
1340 1927 1696 1995 pessimorum
1729 1935 2107 1994 peccatorum,

509 2029 846 2084 paganorum
878 2016 1126 2071 videlicet
1174 2024 1336 2085 atque
1364 2031 1738 2087 perversurum
1768 2014 2106 2070 Christiane-

506 2122 649 2170 rum,
683 2108 1069 2164 mortalitatem
1096 2108 1419 2178 signiﬁcant.

901 2283 965 2339 ll.
999 2301 1266 2342 messem
1298 2301 1398 2341 PRO
1428 2302 1701 2342 uensmus.

575 2435 655 2491 De
672 2434 1082 2494 Januario.—Si
1115 2441 1165 2494 in
1194 2456 1382 2496 mense
1406 2441 1663 2497 Januario
1689 2444 1870 2513 (prout
1893 2443 2103 2511 agilitas

506 2527 950 2598 philosophorum
974 2532 1198 2602 reperit)
1230 2533 1469 2588 tonitrua
1500 2542 1844 2603 percrepant,
1876 2536 1929 2589 in
1975 2534 2100 2588 anni

502 2617 670 2688 ipsius
690 2620 895 2674 ambitu
937 2621 1135 2677 multos
1174 2615 1421 2699 homines
1442 2639 1505 2678 ac
1533 2639 1754 2694 pecora,
1779 2639 1909 2679 oves
1947 2624 2100 2678 vide-

502 2706 649 2775 licet,
683 2721 802 2762 esse
843 2710 1155 2776 morituros,
1184 2711 1563 2782 sylvarumque
1591 2729 1655 2768 ac
1682 2728 1963 2769 nemorum
1988 2725 2094 2770 ste-

500 2796 754 2849 rilitatem
785 2798 869 2851 vel
892 2798 1761 2873 infructuositatem'praeﬁgurant.

576 2884 653 2939 De
682 2884 992 2943 Februario.
1017 2923 1089 2932 -—
1119 2890 1175 2945 ln
1205 2908 1392 2947 mense
1429 2894 1725 2951 Februario
1769 2896 1815 2951 si
1863 2897 2097 2951 tonitrua

498 2973 699 3031 fuerint
726 2987 938 3041 exorta,
970 2980 1124 3036 valde
1162 2982 1246 3054 (ut
1288 2983 1461 3048 aiunt)
1489 2984 1707 3040 auribus
1762 2986 2094 3041 audientium

498 3079 716 3136 nocent,
738 3080 795 3125 et
817 3072 882 3126 ad
910 3088 1094 3128 aurem
1126 3075 1416 3142 pertinent,
1444 3077 1536 3147 qui
1558 3077 1730 3149 ipsam
1753 3079 2090 3148 perturbant.

572 3158 649 3215 De
702 3160 1023 3217 Martio.—
1070 3163 1247 3218 Martii
1290 3181 1511 3234 quoque
1574 3170 1776 3222 mensis

492 3247 647 3314 juxta
680 3253 891 3321 sagacis
918 3253 1116 3321 ingenii
1148 3254 1409 3309 nobilium
1457 3256 1905 3327 philosephorum
1945 3258 2094 3313 inve—

500 3336 866 3404 snigationem,
925 3343 1227 3411 periculosa
1282 3344 1564 3414 designant
1602 3346 1865 3419 praesagia
1897 3347 2093 3418 (sicuti

493 3441 732 3496 namque
769 3428 1023 3499 dicunt),
1055 3435 1441 3491 mortalitatem
1495 3439 1580 3493 vel
1632 3440 1779 3496 diem
1827 3438 2092 3497 tremendi

488 3519 676 3589 judicii
704 3520 1075 3591 prmﬁgurant.

564 3609 645 3663 De
671 3610 942 3681 Aprili.-—
972 3610 1172 3667 Mensis
1209 3616 1371 3668 etiam
1406 3615 1606 3686 Aprilis
1633 3618 1895 3686 tonitrua,
1925 3620 2091 3675 semi-

490 3700 650 3755 nibus
681 3708 765 3766 (ut
795 3704 968 3770 aiunt)
1000 3720 1065 3759 ac
1110 3706 1348 3776 frugibus
1384 3709 1437 3763 in
1468 3710 1596 3765 anni
1625 3710 1792 3781 ipsius
1814 3712 2089 3769 curriculo

488 3790 793 3861 periculum
816 3792 1101 3848 imminere
1128 3797 1457 3866 signiﬁcant,
1489 3808 1546 3853 et
1574 3801 1716 3856 inter
1746 3804 1917 3861 undas
1948 3806 2085 3861 vasti

488 3888 662 3957 pelagi
689 3889 947 3957 navigare
985 3888 1139 3942 valde
1166 3901 1289 3943 esse
1338 3888 1701 3957 periculosum
1754 3903 2081 3960 praenotant.

560 3977 641 4032 De
670 3976 935 4034 Haio.—
986 3978 1042 4034 Si
1060 3989 1255 4037 autem
1314 3978 1498 4049 aliquo
1546 3981 1603 4034 in
1652 3996 1796 4038 anno
1846 3986 2081 4038 tonitrua

487 4066 625 4121 Maio
656 4068 709 4122 in
740 4083 930 4125 mense
974 4071 1265 4137 tenuerint,
1322 4068 1397 4123 illi
1444 4070 1534 4139 qui
1583 4062 1766 4127 rerum
1821 4074 2079 4144 prazsagia

482 4157 755 4212 subtiliter
773 4168 1116 4227 notaverunt,
1134 4162 1251 4231 ipsa
1283 4162 1518 4217 tonitrua
1540 4164 1774 4234 pluviam
1798 4167 2075 4236 copiosam

480 4246 803 4315 frugumque
832 4262 899 4302 ac
946 4248 1055 4302 leni
1082 4250 1302 4305 nimiam
1334 4252 1666 4310 fertilitatem
1700 4272 1843 4312 anno
1874 4258 1927 4313 in
1958 4259 2076 4328 ipse

479 4350 603 4391 esse
634 4344 918 4392 venturam
948 4338 1258 4409 signiﬁcare
1297 4342 1572 4397 dixerunt.
1764 4334 1768 4339 ’

480 4466 489 4477 .
559 4426 636 4479 De
648 4424 916 4482 -Junio.——
940 4426 1102 4484 Junie
1121 4444 1337 4499 quoque
1368 4432 1419 4486 in
1447 4448 1634 4491 mense
1656 4436 1702 4490 si
1729 4437 1780 4490 in
1803 4440 2067 4495 curricuto

477 4520 609 4574 anni
660 4520 807 4575 illius
858 4522 1095 4577 tonitrua
1147 4525 1486 4579 surrexerint
1536 4528 1720 4598 (prout
1755 4529 2063 4599 philosophi

476 4612 795 4683 testantur),
822 4613 1051 4682 piscium
1073 4615 1267 4670 diversi
1290 4619 1504 4686 generis
1525 4618 1869 4675 multifariam
1899 4624 2071 4678 diver-

472 4718 699 4774 samque
722 4705 1123 4761 multitudinem
1156 4708 1297 4762 inter
1322 4708 1667 4778 glattciconas
1698 4714 1866 4768 undas
1892 4713 2070 4768 flumi-

472 4810 601 4850 num
636 4812 782 4852 anno
809 4796 862 4856 in
892 4798 1011 4869 ipse
1033 4807 1291 4857 venturas
1315 4816 1435 4859 esse
1465 4804 1579 4874 ipsa
1611 4806 1847 4860 tonitrua
1882 4807 2066 4864 decla-

469 4894 614 4940 rant.

539 4972 621 5027 De
646 4973 813 5030 Julia.
854 4994 930 5023 -4
975 4978 1291 5050 Philosophi
1345 4984 1511 5039 etiam
1565 5002 1656 5054 qui
1710 4989 2061 5046 intellectuali

469 5065 913 5123 consideratione
954 5070 1190 5136 agilique
1240 5072 1421 5125 studio
1464 5088 1646 5129 rerum
1678 5080 1933 5148 pra‘sagia
1979 5082 2062 5134 in-

462 5156 664 5224 dagare
693 5158 874 5213 conati
896 5170 1041 5223 sunt,
1073 5159 1196 5213 Julii
1221 5164 1421 5217 mensis
1449 5165 1707 5231 tonitrua,
1734 5183 2061 5239 quocunque

464 5248 518 5301 in
543 5263 708 5313 anno,
736 5250 1045 5306 hominibus
1073 5252 1199 5306 anni
1230 5252 1283 5308 in
1316 5253 1458 5310 illius
1478 5256 1749 5311 curriculo
1801 5273 2052 5328 tuagnum

356 5382 363 5389 .
461 5337 749 5394 imminere
769 5342 958 5395 mortis
981 5343 1279 5413 periculum
1304 5346 1697 5418 arboribusque
1718 5349 1941 5407 nimiam
1973 5353 2057 5407 in-

460 5427 891 5485 fructuositatem
923 5435 1254 5503 praesiguare
1280 5437 1563 5495 dixerunt.

530 5518 611 5574 De
636 5521 965 5591 Auguste.—
987 5524 1135 5596 Repe
1166 5537 1313 5587 tores
1333 5545 1569 5601 quoque,
1588 5548 1905 5604 magnarum
1924 5536 2053 5595 sub-

458 5610 711 5703 tilitatum
755 5623 1027 5681 auctores,
1082 5619 1297 5687 egregia
1349 5623 1632 5691 prudentia
1689 5627 2045 5703 philosophiae

454 5702 924 5770 consideratienis,
949 5705 1000 5760 in
1024 5708 1185 5762 rebus
1210 5715 1625 5785 pertractandis,
1654 5720 1707 5775 in
1734 5702 2032 5791 spectaculi
2068 5786 2071 5787 ν

458 5792 690 5852 latibulis
722 5795 1057 5868 locupletati,
1092 5802 1293 5859 mensis
1326 5803 1549 5875 Augusti
1569 5811 1811 5870 tonitrua
1857 5816 1913 5873 in
1945 5832 2037 5873 cu-

2214 1936 2541 1990 quocunque
2568 1936 2712 1977 anno
2740 1926 3034 1988 tenuerint,
3063 1924 3215 1992 juxta
3238 1927 3523 1982 subtilium
3552 1927 3754 1997 philosn-

2209 2013 2440 2083 phorum
2458 2014 2742 2085 physicam
2772 2016 3219 2085 speculationem,
3249 2018 3301 2070 in
3332 2021 3462 2073 anni
3487 2020 3643 2089 ipsius
3660 2035 3753 2074 cure

2209 2100 2383 2156 riculo
2417 2102 2635 2167 nimiam
2666 2105 2907 2159 omnium
2951 2104 3399 2161 infecunditatem
3427 2110 3751 2163 surditatem
3842 2100 3843 2151 Ψ

2208 2207 2315 2262 quc
2344 2194 2628 2249 imminere
2655 2196 2959 2265 designant.
3608 2184 3623 2191 h

2284 2284 2360 2337 De
2393 2285 2678 2341 Decembri.
2701 2287 2947 2343 —-Felici
2979 2287 3144 2344 etiam
3180 2291 3587 2361 artiﬁciosaque
3612 2294 3753 2350 consi-

2208 2372 2493 2428 deratione
2541 2376 2861 2432 nobilissimi
2899 2378 3097 2447 ingenii
3137 2380 3391 2436 doctores
3417 2428 3432 2449 ,
3479 2383 3533 2437 in
3572 2386 3756 2453 speculo

2204 2480 2385 2520 rerum
2416 2466 2681 2534 spirituali
2704 2484 2926 2524 cernere
2952 2472 3129 2524 conati
3160 2480 3310 2534 sunt,
3340 2474 3468 2541 quia
3495 2476 3754 2527 tuiitruum

2205 2556 2409 2609 mensis
2431 2555 2742 2611 Decembris
2769 2558 2898 2612 nihil
2920 2559 3169 2613 nocivum
3192 2560 3467 2617 maluntve
3489 2563 3757 2618 hominibus

2203 2659 2297 2699 seu
2325 2653 2538 2700 cmteus
2576 2647 2921 2713 animalibus,
2961 2659 3054 2702 aut
3079 2649 3330 2704 omnibus
3363 2650 3609 2720 frugibus
3645 2668 3740 2721 pne

2203 2735 2458 2803 ﬁgurant,
2512 2737 2607 2792 sed
2655 2754 2916 2809 prospera
2966 2748 3127 2810 atque
3176 2741 3543 2797 saluberrima
3583 2744 3647 2798 ab
3677 2740 3754 2797 illi:l

2201 2824 2450 2879 vitientur
2476 2840 2615 2881 esse.

2660 2915 2745 2970 Ill.
2776 2934 2842 2972 nr:
2880 2932 3087 2979 scr-rs!
3123 2934 3313 2977 renus.

2270 3006 2348 3061 De
2378 3008 2645 3064 Dominico
2680 3012 2782 3064 die.
2804 3011 2953 3068 —Si
2982 3014 3225 3084 quolibet
3254 3016 3511 3084 inanno,
3551 3018 3753 3074 tonitrua

2197 3104 2251 3156 ln
2298 3100 2388 3158 die
2431 3103 2713 3160 Dominico
2757 3107 3057 3173 tenuerint,
3100 3119 3261 3179 prout
3303 3111 3641 3183 philosophi,
3679 3111 3755 3181 qni

1829 3169 2087 3269 ιοηίξτυθν
2122 3179 2166 3242 ε
2198 3205 2381 3245 rerum
2405 3194 2665 3262 pra:sagia
2690 3195 2813 3265 agili
2836 3169 3271 3271 consideratione
3294 3169 3752 3272 investigantem,

2199 3290 2472 3347 asserunt,
2507 3282 2832 3338 clericorum
2857 3293 3016 3353 atque
3038 3289 3537 3347 sanctimonialium
3557 3292 3754 3350 femina-

2199 3382 2317 3421 rum
2346 3367 2624 3438 ingentem
2654 3373 3038 3431 mertalitatem
3081 3376 3366 3436 imminere
3398 3381 3520 3453 ipsa
3552 3385 3753 3440 tonitru

2195 3456 2502 3527 designant.

2268 3548 2346 3604 De
2366 3550 2531 3607 Luna:
2543 3552 2651 3608 dte.
2676 3586 2748 3596 —
2776 3559 3039 3618 Auctores
3053 3576 3267 3633 quoque
3288 3565 3541 3634 praeclari
3564 3568 3753 3636 ingenii.

2193 3642 2283 3710 qui
2316 3646 2562 3713 pervigili
2593 3651 2984 3719 speculatione,
3016 3657 3314 3711 secundum
3343 3658 3601 3716 humanae
3625 3660 3755 3717 intel-

2194 3730 2430 3800 ligentia:
2459 3738 2838 3805 capacitatem,
2872 3744 3052 3798 omnia
3096 3761 3161 3801 ac
3195 3750 3661 3819 prmﬁguratierses
3684 3767 3755 3807 m-

2190 3837 2309 3878 rum
2344 3824 2427 3881 his
2460 3826 2550 3893 qui
2591 3843 2711 3883 eam
2742 3844 3035 3900 agnoscere
3075 3834 3387 3891 desiderant
3425 3843 3756 3912 scripserunt,

2188 3913 2231 3965 si
2256 3915 2436 3983 aliquo
2460 3918 2510 3971 in
2534 3934 2677 3974 anno
2701 3920 2754 3975 in
2777 3920 2863 3977 die
2886 3922 3049 3979 Luna:
3072 3926 3227 3980 leniti
3240 3942 3309 3982 ua
3332 3927 3541 3986 fuerint
3562 3942 3751 3995 exorta.

2188 4010 2396 4059 turmas
2420 4008 2709 4076 renjugum
2733 4026 2854 4067 esse
2882 4015 3196 4082 morituros,
3218 4017 3522 4091 frugesque
3541 4022 3753 4094 eclipsim

2186 4107 2439 4161 passurus
2468 4110 2610 4165 esse,
2641 4100 2753 4168 ipsa
2781 4103 3016 4158 tonitrua
3049 4105 3399 4177 praeﬁgurare
3427 4114 3607 4169 aiunt.

2258 4182 2334 4238 De
2366 4184 2554 4241 Martis
2581 4189 2683 4244 die.
2708 4223 2781 4233 —
2799 4190 3110 4250 Secundum
3138 4198 3303 4252 etiam
3343 4200 3537 4260 nimia
3569 4205 3751 4275 sagaci-

2184 4276 2311 4331 tatis
2340 4278 2687 4335 ﬁerulentam
2718 4284 2999 4341 scientiam
3021 4302 3085 4344 ac
3110 4288 3511 4363 philosophica
3536 4294 3755 4354 contun-

2181 4366 2436 4435 plationis
2458 4371 2812 4429 subtilitatem
2843 4377 3174 4450 philosophi,
3209 4384 3302 4452 qui
3333 4386 3567 4457 physica

2180 4461 2469 4519 deratione
2492 4469 2647 4535 quasi
2676 4470 2997 4541 prepbetiee
3022 4490 3143 4542 ore,
3172 4478 3303 4546 quid
3333 4495 3527 4536 rerum
3559 4480 3757 4553 mydia

2097 4537 2149 4596 D
2180 4553 2442 4620 prmsagia
2463 4537 3083 4629 siguiﬁcentdeclarant,
3102 4537 3243 4619 inter
3262 4576 3465 4623 cetera
3490 4572 3572 4626 sic

2180 4637 2367 4693 Martis
2394 4641 2445 4693 iu
2477 4643 2581 4706 die,
2612 4644 2664 4698 in
2694 4646 2981 4714 cujuslibet
3009 4653 3134 4706 anni
3173 4654 3400 4721 circulo,
3452 4660 3500 4713 si
3528 4674 3755 4717 surrexe-

2174 4728 2281 4782 rint
2300 4731 2561 4797 tonitrua,
2614 4736 2979 4809 magniﬁcam,
3013 4742 3569 4820 copiosissimatuque
3604 4752 3751 4809 abal-

2172 4818 2412 4876 dantiam
2472 4824 2685 4895 frugum
2728 4838 2885 4884 terra:
2928 4834 3228 4902 superﬁciei
3279 4853 3401 4894 esse
3453 4818 3751 4909 venturam.

2172 4913 2400 4983 mystice
2428 4914 2666 4973 tonitrua
2698 4920 3004 4989 signiﬁcare
3024 4940 3186 4981 nemo
3209 4927 3447 4987 dubitet.

2240 5001 2320 5057 De
2353 5004 2603 5064 Mercurii
2629 5011 2735 5064 die.
2758 5039 2831 5051 -—
2858 5012 3057 5069 Solerti
3084 5031 3215 5072 cura
3258 5025 3750 5092 cognoscendum

2166 5107 2346 5147 rerum
2396 5107 2669 5153 amatores
2713 5101 2992 5172 sapientia:
3031 5108 3306 5182 subducti,
3344 5115 3419 5171 de
3468 5119 3746 5172 tonitrum

2166 5179 2272 5233 diei
2322 5181 2576 5240 Mercurii
2638 5191 3165 5262 pmﬁgurationibus
3213 5179 3355 5257 inter
3401 5204 3655 5263 diversas
3695 5222 3747 5265 ac

2164 5269 2341 5326 varias
2370 5287 2550 5330 rerum
2571 5276 2918 5359 subtilitates,
2949 5302 3009 5342 se
3038 5289 3111 5343 ita
3149 5291 3356 5371 τερθρε
3385 5309 3423 5349 e
3451 5303 3745 5357 terantur:

2162 5374 2285 5414 nam
2313 5362 2395 5431 (ut
2427 5364 2635 5439 dicunt)
2666 5372 2712 5427 ei
2743 5372 2883 5429 forte
2903 5376 3193 5445 contigerit
3218 5386 3276 5433 ut
3290 5362 3360 5434 in
3384 5384 3485 5441 die
3513 5385 3745 5449 ﬂeturi

2162 5462 2221 5503 se
2245 5451 2460 5509 elevent
2496 5460 2759 5526 tonitrua,
2798 5473 2976 5517 scorta
3006 5478 3071 5518 ac
3104 5467 3431 5528 meretrices
3476 5474 3745 5551 fall-Ill

2159 5540 2387 5602 feminas
2426 5564 2526 5619 per
2572 5552 2789 5618 agmina
2834 5568 2932 5607 sua
2985 5558 3305 5617 catervatim
3356 5563 3431 5622 de

2155 5640 2333 5693 carni;
2362 5658 2483 5709 esse
2510 5645 2855 5712 migraturas,
2889 5657 2981 5702 aut
3009 5648 3228 5709 humani
3253 5643 3548 5729 83mm

2151 5746 2267 5785 sam
2310 5729 2636 5790 effusionem
2678 5737 2792 5808 ipsa
2845 5741 3076 5799 tonitrua
3109 5746 3467 5822 pratsignu'e,

2154 5824 2525 5881 dubitandum.
