3920 6238
141 402 220 456 δη
285 465 291 478 ,
1302 403 1668 460 (ἶυΝΛΙὶυῐιΑ
1711 405 2216 464 ϐΙὶΛΜΜᾹΤΙΟᾹΞ.

3271 422 3372 477 618

136 520 508 578 actamactam,
539 535 567 568 ο
590 517 758 574 dot-te;
782 515 884 567 al'a
917 513 1225 584 ltexaptota,
1245 527 1304 568 ut
1325 533 1478 584 unus,
1500 518 1673 578 unius,
1709 524 1755 579 Α
1855 520 1984 580 Quae
2012 535 2078 572 ex
2106 523 2183 574 eis
2210 522 2424 574 vocales
2453 523 2609 575 sunt?
2644 523 2685 577 U
2721 531 2773 578 et
2801 543 2850 579 ο.

134 587 220 645 uni.
245 603 409 648 unum,
434 604 463 636 ο
495 603 613 648 mte,
644 585 710 636 :tlt
741 601 864 639 uno.

189 655 422 724 Similiter
443 655 592 708 solus
626 654 859 708 Donatus
887 653 1123 707 variatur
1173 669 1270 724 per
1298 671 1488 710 omnes
1524 670 1681 710 casus

135 740 186 776 an
205 727 326 777 non?
347 723 486 777 Non.

189 794 303 858 Quid
326 809 456 861 ergo
477 804 557 845 est
580 793 603 845 ?
637 791 1035 858 Pentaptotum.

193 862 317 916 Unde
346 864 491 914 hoc?
519 864 651 924 Quia
677 863 910 929 quinque
940 861 1152 915 casibus
1173 864 1430 916 variatur.

190 933 410 998 Quibus?
439 933 481 985 N
507 933 802 995 tﬂliﬂaliVO,
827 933 1084 998 genitivo,
1117 931 1316 995 dativo,
1347 933 1679 996 accusativo,

137 1003 362 1055 vocativo.

193 1070 486 1135 Quomodo?
548 1069 616 1124 Ut
678 1070 760 1122 hic
802 1068 1057 1129 Donatus,
1110 1069 1260 1140 hujus
1304 1069 1522 1136 Donati,
1561 1071 1680 1123 huic

136 1140 326 1205 Donato,
352 1141 486 1192 hunc
513 1140 792 1200 Donatum,
825 1157 852 1189 ο
887 1140 1104 1192 Donate.

190 1209 401 1262 Curnon
450 1225 772 1262 annumeras
799 1209 1127 1261 ablativum?
1179 1207 1312 1273 Quia
1364 1209 1552 1263 similis
1595 1217 1679 1262 est

135 1280 299 1331 dativo.
323 1277 474 1332 Unde
501 1281 578 1334 sic
603 1281 745 1332 enim
772 1279 996 1331 dicimus
1019 1279 1070 1330 in
1094 1278 1275 1329 dativo
1297 1280 1411 1330 huic
1443 1279 1675 1338 Donato.

134 1350 197 1402 sic
219 1357 265 1403 et
285 1349 391 1411 jam
424 1349 651 1403 dicimus
703 1349 754 1400 in
806 1347 1037 1400 ablativo
1085 1347 1147 1399 ab
1197 1349 1291 1399 hoc
1341 1347 1570 1402 Donato.
1627 1349 1681 1400 In

136 1419 250 1471 hunc
276 1418 485 1471 modum
509 1419 645 1471 etde
669 1418 877 1472 caneris
902 1417 1352 1483 respondendum.

195 1487 515 1540 lleclinabilia
540 1488 754 1542 nomina
781 1494 913 1553 quot
933 1485 1680 1542 declinationibusinﬂecten~

135 1558 234 1609 tur?
259 1557 515 1624 Quinque.

191 1626 368 1689 Quibus
387 1623 627 1687 ?Prima,
651 1623 909 1688 secunda,
935 1625 1112 1689 tertia,
1136 1634 1346 1692 quarta,
1369 1627 1576 1693 quinta.

193 1694 277 1748 Ubi
305 1696 642 1765 cognoscitur
669 1693 989 1748 declinatio?
1020 1695 1076 1748 In
1123 1697 1358 1762 genitivo
1411 1712 1538 1750 casu
1577 1695 1687 1749 sin-
1753 1739 1757 1742 .

164 1765 296 1818 ulari.

164 1780 296 1818 utan.

132 1780 158 1832 ἓ
192 1835 358 1887 l'rimre
388 1834 545 1897 igitur
595 1832 970 1889 declinationis
1011 1833 1227 1899 genititi
1275 1834 1579 1898 singularis,
1633 1851 1683 1888 in

130 1920 265 1971 quam
307 1875 561 1983 syllzbam
591 1903 821 1983 desinit?
851 1903 905 1983 In
958 1875 1438 1983 (eiiiphthonguin,
1481 1916 1537 1958 ut
1565 1876 1687 1957 ’ha’c
1722 1875 1766 1935 Β

127 1991 274 2035 musa,
301 1972 444 2042 hujus
468 1988 646 2026 musaz.
680 1972 958 2032 Secundce.
991 1975 1040 2026 in
1074 1974 1090 2024 i
1120 1973 1456 2038 productam,
1501 1984 1559 2027 ut
1605 1976 1686 2027 hic

131 2041 529 2112 Donatusﬂmjus
561 2041 777 2094 Donati.
796 2042 1012 2107 Tertia),
1036 2043 1086 2094 in
1114 2043 1155 2094 is
1179 2053 1503 2110 correptam,
1529 2055 1582 2094 ut
1607 2046 1687 2095 hic

125 2122 272 2180 pater,
303 2115 448 2181 hujus
469 2113 654 2180 patris.
684 2113 916 2176 Quarta},
944 2113 992 2166 in
1021 2129 1080 2164 us
1104 2112 1183 2162 vel
1216 2113 1266 2164 in
1295 2129 1326 2163 u
1353 2112 1686 2179 productam,

127 2191 175 2233 ut
198 2183 271 2233 hic
291 2192 512 2243 senatus,
538 2182 691 2249 hujus
715 2192 954 2240 senatus;
983 2183 1075 2233 hoc
1107 2196 1286 2243 cornu,
1321 2182 1474 2249 hujus
1500 2199 1686 2235 cornu.

126 2252 327 2316 Quintre,
350 2252 397 2303 in
427 2253 473 2303 ei
502 2251 716 2312 divisas,
752 2257 808 2302 ut
838 2251 918 2301 hic
941 2253 1067 2311 dies,
1098 2251 1248 2318 hujus
1279 2252 1400 2302 diei.

183 2319 333 2388 Cujus
357 2320 730 2376 declinationis
757 2327 837 2371 est
867 2321 970 2374 hoc
992 2321 1222 2372 nomen?
1262 2321 1543 2372 Secunda.

187 2391 325 2444 Unde
353 2391 496 2443 hoc?
525 2389 660 2454 Quia
687 2389 951 2458 genitivus
992 2388 1107 2456 ejus
1133 2389 1418 2457 singularis
1450 2389 1501 2441 in
1558 2405 1688 2458 pro-

123 2458 315 2511 ductam
338 2458 544 2512 desinit.

183 2527 450 2592 Quomodo
473 2527 807 2582 declinatur?
838 2527 1176 2596 Nominativo
1203 2527 1282 2579 hic
1306 2525 1561 2590 Donatus,
1591 2541 1686 2596 ge-

122 2599 273 2649 nitivo
296 2599 443 2665 hujus
488 2596 702 2658 Donati,
736 2599 916 2650 dativo
948 2597 1062 2650 huic
1100 2595 1328 2658 Donato,
1378 2600 1688 2653 accusativo

118 2668 240 2786 gmw
268 2666 543 2733 Donatum,
573 2667 847 2730 vocativo,
891 2683 922 2718 ο
954 2666 1176 2728 Donate.
1207 2666 1441 2720 ablativo
1489 2666 1553 2719 ab
1593 2669 1687 2721 hoc

165 2748 329 2786 ωιαιο.

165 2748 329 2791 ouato.

181 2805 282 2860 Cur
300 2823 401 2860 non
423 2807 722 2862 declinatur
743 2804 1052 2874 pluraliter?
1077 2804 1210 2870 Quia
1231 2805 1445 2875 propria
1467 2805 1686 2861 nomine

121 2873 464 2941 pluralitatem
494 2893 600 2928 non
630 2873 914 2941 recipiunt.

179 2943 522 2998 Grammatica
543 2944 817 3014 quomodo
841 2944 1177 2997 declinatur?
1209 2943 1551 3000 Nominativo
1581 2946 1688 2999 htcc

122 3017 464 3080 grammatica,
496 3013 733 3080 genitivo
761 3013 912 3082 hujus
942 3016 1311 3082 grantmaticw,
1344 3015 1527 3068 dativo
1571 3017 1689 3068 huic

116 3087 471 3150 grammaticas,
513 3084 823 3136 accusativo
845 3084 977 3134 hanc
998 3085 1408 3151 grammaticam,
1437 3086 1688 3138 vocativo

116 3168 141 3202 ο
163 3157 512 3220 grammatica,
537 3151 870 3206 ablativoab
899 3153 996 3202 hac
1021 3153 1395 3219 grammatica;
1424 3163 1478 3206 et
1507 3154 1686 3222 plura-

1863 588 2177 670 puduit-oc?
2228 589 2364 655 Quia
2419 600 2473 644 et
2495 606 2590 660 per
2616 607 2675 646 se
2706 596 3070 663 proferuntur,
3095 608 3146 653 et
3180 615 3274 670 per
3321 618 3381 658 se

1786 657 2043 726 syllabam
2067 659 2289 712 faciunt.

1859 727 1967 807 Cur
1997 743 2100 781 non
2123 744 2445 784 annumeras
2474 729 2541 784 1?
2566 732 2700 797 Quia
2733 732 2851 787 loco
2880 744 2963 788 est
2992 738 3164 804 posita
3185 755 3383 797 consca

1789 805 1983 850 nantis.

1861 866 2010 944 U'nde
2034 867 2172 920 hoc?
2202 868 2333 944 Quia
2365 885 2486 944 cum
2518 871 2684 944 altera
2711 872 2882 944 vocali
2903 872 3160 944 jungitur.

1871 933 2036 1008 γενεαί
2065 945 2197 1004 quot
2226 937 2416 990 litteris
2443 941 2730 992 scribitur?
2753 933 3015 1008 Quinque:

1860 1003 1990 1076 Quae
2018 1003 2140 1076 sunt
2167 1021 2233 1058 ex
2265 1008 2342 1059 eis
2372 1009 2677 1062 vocales?E
2700 1020 2752 1062 et
2773 1003 2803 1062 ξι
2831 1003 3116 1076 posterior.

1864 1074 2010 1154 Unde
2031 1074 2133 1154 hoc
2208 1077 2340 1140 Quia
2367 1085 2422 1130 et
2450 1092 2547 1144 per
2575 1095 2632 1133 se
2658 1074 3021 1148 proferuntur,
3080 1091 3136 1138 et
3178 1101 3273 1154 per
3317 1105 3377 1144 se

1787 1141 2048 1212 syllabam
2077 1143 2297 1206 faciunt.

1821 1213 1969 1296 “Cur
1997 1229 2105 1266 non
2129 1228 2454 1296 annumeras
2484 1232 2515 1267 u
2546 1231 2778 1285 priorem
2805 1218 2826 1269 ?
2857 1219 2990 1283 Quia
3025 1221 3143 1277 loco
3173 1236 3258 1278 est
3281 1242 3376 1296 po-

1788 1284 1887 1333 sita
1914 1284 2281 1336 consonantis.

1865 1350 2014 1423 Unde
2045 1351 2149 1423 hoc
2164 1354 2185 1423 ?
2215 1352 2346 1416 Quia
2378 1367 2498 1406 cum
2527 1354 2628 1406 alia
2655 1355 2825 1408 vocali
2853 1357 3111 1423 jungitur.

1861 1420 2000 1482 Quot
2027 1422 2243 1488 syllabis
2270 1431 2480 1476 constat
2518 1424 2616 1476 Imc
2639 1441 2830 1478 nomen
2854 1420 3136 1482 Donatus?
3159 1430 3369 1486 Tribus.

1863 1491 2292 1561 ﬁntepennltima
2319 1492 2494 1558 qualis
2521 1503 2603 1544 est
2625 1498 2644 1544 1’
2672 1493 2872 1561 Longa.

1863 1557 2057 1626 t‘iatut'a
2093 1574 2157 1611 an
2191 1557 2504 1626 positione?
2534 1561 2754 1615 Natura.

1867 1625 2014 1707 Unde
2046 1625 2348 1707 hoc'thia
2398 1631 2569 1707 vocali
2615 1640 2818 1685 tantum
2853 1636 2902 1688 in
2945 1652 3008 1692 ea
3040 1640 3370 1707 producitur.

1864 1696 2184 1760 Quomodo?
2219 1697 2284 1750 Ut
2313 1707 2394 1751 est
2428 1700 2554 1751 illud
2583 1718 2594 1750 :

1866 1765 2104 1842 yonatus
2140 1766 2700 1842 fatnanotttsiuiorbe
2729 1772 2835 1842 pia.

1867 1834 2352 1900 Penultitnaqnalis
2369 1839 2486 1890 est?
2512 1837 2732 1894 Similis.

1865 1903 1928 1955 Et
1954 1906 2139 1958 ultima
2168 1907 2339 1972 qualis
2367 1911 2482 1958 est?
2514 1908 2718 1960 Brevis.

1871 1972 2190 2048 Un_.le_hoc_?
2219 1977 2340 2041 quia
2369 1988 2424 2029 et
2467 1987 2770 2044 correptam
2820 1983 3060 2038 vocalem
3101 1987 3281 2048 habet,
3319 1997 3373 2041 ct

1795 2060 1901 2097 non
1930 2045 2126 2124 desinit
2160 2046 2366 2124 induas
2392 2059 2773 2124 consonantes,
2805 2054 2977 2124 autin
3009 2070 3166 2108 unam
3200 2045 3373 2124 dupli-

1791 2129 1934 2237 gem,
1966 2121 2060 2166 aut
2083 2113 2134 2166 in
2166 2115 2365 2180 aliquid
2400 2116 2540 2182 quod
2567 2117 2637 2169 sit
2667 2134 2764 2186 pro
2797 2122 3006 2175 duabus
3034 2113 3372 2178 consonanti-

1831 2199 1908 2236 us.

1831 2199 1908 2236 US.

1868 2248 1966 2306 zEs
1996 2262 2128 2319 quot
2153 2252 2370 2322 syllabis
2400 2254 2800 2314 constat‘lUna.

1863 2323 2083 2387 Qualis?
2110 2322 2315 2386 Longa.

1864 2391 2063 2444 Natura
2091 2407 2157 2443 an
2183 2393 2489 2459 positione?
2517 2394 2740 2447 Natura.

1869 2460 2018 2539 I_?n_de
2051 2460 2152 2514 hoc
2183 2460 2371 2539 ‘thuia
2405 2461 2524 2516 dua:
2550 2463 2765 2517 v0cales
2799 2465 2850 2518 in
2894 2481 2958 2520 ea
3003 2467 3297 2539 junguntur
3319 2479 3376 2527 et

1791 2527 2182 2596 diphthongum
2212 2529 2434 2584 faciunt.

1865 2600 2036 2661 Quae?
2064 2600 2108 2651 Α
2133 2610 2252 2652 etc.

1861 2670 2026 2737 ᾼνσιιε
2053 2679 2188 2737 quot
2222 2668 2441 2736 syllabis
2471 2673 2719 2725 constat?
2749 2671 2984 2730 Duabus.

1864 2735 2016 2791 Prior
2043 2735 2214 2804 qualis
2243 2735 2326 2792 e-t
2345 2742 2366 2789 ?
2384 2738 2586 2805 Longa.

1864 2805 2067 2859 Natura
2099 2823 2164 2860 an
2194 2808 2496 2876 positione?
2529 2807 2818 2865 Positione.

1823 2946 1837 2960 ο
1868 2875 2016 2960 Unde
2042 2879 2145 2930 hoc
2166 2875 2342 2960 ‘l’Quia
2372 2888 2619 2958 c‘orrepta
2657 2880 2773 2947 ejus
2804 2882 3005 2935 vocalis
3037 2883 3089 2937 in
3121 2885 3253 2942 duas
3272 2887 3324 2943 tl.
3344 2919 3372 2933 -

1793 2954 2310 3001 sinitconsonantes.

1865 3017 2040 3079 Quas?
2075 3015 2119 3066 Β
2149 3025 2201 3067 et
2231 3032 2275 3066 c.

1864 3084 1990 3137 Axis
2013 3093 2146 3152 quot
2180 3084 2398 3152 syllab’s
2426 3088 2680 3141 constat?
2709 3088 2944 3144 Duabus.

1869 3152 2023 3224 Prior
2050 3155 2224 3220 qualis
2246 3160 2361 3207 est?
2385 3154 2582 3224 Longa.

119 3223 247 3287 liter,
275 3224 606 3277 nominativo
665 3222 744 3274 ha:
789 3223 1143 3291 grammaticae
1165 3259 1182 3285 ,
1237 3222 1473 3286 genitivo
1502 3223 1686 3276 harum
1717 3225 1761 3286 C
1862 3221 2086 3283 Natura,
2119 3239 2185 3276 an
2217 3224 2479 3290 positione
2503 3221 2523 3271 ἱ
2549 3224 2839 3279 Positione.

113 3295 574 3355 grammaticorum,
607 3292 789 3344 dativo
833 3291 911 3342 his
965 3291 1341 3361 grammaticis,
1382 3293 1687 3361 accusativo

115 3361 196 3431 has
217 3365 603 3430 grammaticas,
635 3362 886 3416 vocativo
911 3378 941 3414 ο
961 3360 1334 3431 grammaticis,
1362 3362 1594 3415 ablativo
1621 3360 1686 3414 ab

113 3429 182 3480 his
210 3429 573 3484 arammaticis.
964 3429 977 3431 ⁷
1691 3446 1694 3449 ·

175 3447 182 3479 Ι
269 3447 462 3483 ammat
486 3448 510 3483 c
564 3471 573 3480 .

175 3447 417 3622 Vagatur
442 3449 738 3568 iii'plurali
768 3514 995 3553 numero
1036 3514 1132 3569 per
1159 3513 1348 3554 omnes
1397 3513 1578 3566 casus,
1619 3512 1689 3552 an

180 3584 237 3620 n.
310 3584 404 3622 on.

113 3582 207 3619 non
224 3582 244 3620 Υ
263 3582 404 3622 αοη.

169 3638 298 3704 Quid
327 3653 460 3707 ergo
489 3646 573 3692 est
592 3638 615 3690 ?
631 3637 1027 3706 Tctraptotum.

174 3709 316 3761 Lude
343 3710 488 3763 hoc?
515 3708 670 3774 Quod
698 3717 929 3775 quatuor
957 3708 1171 3762 casibus
1202 3707 1460 3762 variatur.

169 3779 402 3842 Quibus?
424 3778 788 3839 Nominativo,
811 3779 1067 3844 genitivo.
1089 3778 1267 3830 dativo
1289 3785 1344 3830 et
1359 3777 1686 3831 accusativo.

168 3847 490 3913 Quomodo?
524 3845 591 3899 Ut
611 3848 693 3897 ha:
720 3849 1094 3914 grammaticas.
1119 3848 1302 3898 harum
1321 3847 1691 3915 grammatica-

102 3935 225 3981 rum,
252 3918 329 3970 his
352 3916 734 3988 grammaticis,
766 3915 858 3966 has
880 3916 1266 3988 grammaticas.

169 3988 272 4041 Cur
300 3984 408 4041 non
434 4000 765 4040 annuineras
791 3987 1095 4046 vocativum
1119 3984 1142 4036 ?
1186 3984 1323 4050 Quia
1368 3984 1560 4040 similis
1609 3993 1694 4040 est

106 4059 454 4113 nominativo.

168 4127 312 4184 Unde
333 4128 480 4183 hoc?
507 4125 661 4180 Sicut
710 4124 853 4179 enim
901 4125 1128 4180 dicimus
1156 4123 1212 4177 in
1239 4126 1570 4178 nominativo
1613 4126 1694 4178 hat

101 4201 465 4264 grammatice,
489 4196 567 4251 sic
590 4196 817 4248 dicimus
837 4195 891 4246 in
913 4195 1163 4264 vocativo
1192 4209 1222 4264 o
1243 4196 1618 4264 grammaticae.

163 4267 266 4320 Cur
295 4283 406 4322 non
454 4278 785 4319 annumeras
828 4262 1162 4316 ablativum?
1191 4263 1321 4327 Quia
1372 4263 1562 4317 similis
1609 4270 1693 4316 est

104 4338 295 4390 dativo.

164 4406 312 4460 Unde
337 4407 451 4461 hoc
473 4404 498 4457 ?
523 4403 677 4459 Sicut
703 4401 847 4455 enim
871 4401 1100 4472 dicimus
1129 4401 1179 4455 in
1201 4401 1385 4472 dativo
1413 4401 1494 4456 his
1514 4417 1694 4472 gram-

97 4477 310 4546 maticis,
331 4479 412 4534 sic
434 4484 497 4531 et
520 4473 632 4543 jam
657 4472 887 4527 dicimus
913 4473 965 4527 in
988 4471 1221 4527 ablativo
1241 4471 1298 4524 αι
1325 4473 1406 4526 his
1433 4471 1697 4543 gramma-

99 4561 220 4600 ηαδ.

163 4617 267 4671 Pax
293 4615 580 4688 quomodo
607 4613 959 4688 declinatur?
999 4613 1337 4688 Nominativo
1389 4614 1498 4688 huic
1545 4629 1651 4688 pax
1671 4652 1687 4671 .

95 4690 230 4752 genit
251 4683 330 4741 vo
349 4686 514 4754 hujus
537 4688 701 4754 pacis,
731 4683 913 4736 dativo
941 4684 1057 4735 huic
1075 4685 1212 4754 paci,
1230 4684 1536 4736 accusativo
1553 4683 1688 4734 hanc

100 4751 292 4822 facem,
326 4751 590 4810 vocativo
619 4772 649 4808 ο
671 4768 797 4823 pax,
828 4754 1063 4823 ablativo
1090 4751 1154 4803 ab
1179 4753 1273 4805 hac
1302 4769 1448 4823 pace.

157 4819 400 4880 Cur—non
425 4819 732 4878 declinatur
751 4822 1071 4889 pluraliter?
1096 4825 1230 4887 Quia
1252 4819 1470 4891 pluralis
1497 4819 1615 4890 ejus
1637 4821 1688 4876 in

101 4903 525 5030 “3:335:31:
552 4958 804 5013 scribitur
823 4957 928 5030 hoc
955 4973 1150 5012 nomen
1180 4959 1396 5013 cantor?
1422 4957 1552 5012 Sex.

155 5028 282 5102 Quae
311 5049 378 5087 ex
400 5033 484 5086 eis
507 5038 634 5102 sunt
661 5028 914 5102 vocales?
940 5045 971 5080 a
999 5039 1051 5081 et
1072 5045 1123 5082 ο.

158 5095 305 5159 [nde
336 5103 446 5156 hoc
478 5099 718 5170 probas?
746 5098 880 5164 Quia
908 5107 964 5152 et
992 5113 1089 5167 per
1125 5113 1184 5152 se
1229 5095 1594 5168 proferuntur,
1636 5103 1694 5152 et

94 5193 185 5248 per
201 5191 258 5230 se
285 5169 562 5248 syllabam
589 5169 815 5248 facient.

153 5245 279 5312 Qa:
301 5238 592 5312 consonan
602 5251 681 5312 tes
697 5238 728 5306 ἦ
747 5238 970 5292 Cteterte
992 5253 1202 5292 omnes.

159 5305 307 5369 Unde
335 5313 450 5368 hoc
469 5312 496 5364 ?
534 5309 672 5376 Quia
703 5325 801 5378 per
827 5323 886 5362 se
911 5323 1021 5362 non
1045 5315 1260 5373 sonant,
1290 5305 1384 5362 sed
1413 5307 1687 5362 vocalibus

90 5390 404 5438 consonant.

154 5461 282 5522 Quae
309 5449 721 5522 semivocales?
745 5466 779 5503 ιι
799 5458 856 5503 et
876 5465 920 5502 s.

157 5513 479 5579 Undohoc?
687 5534 784 5590 per
820 5533 881 5574 se
924 5515 1287 5589 proferuntur,
1339 5513 1436 5568 sed
1484 5529 1584 5583 per
1630 5527 1690 5567 se

90 5593 342 5668 syllahlll
368 5603 490 5668 non
509 5587 748 5668 faciunt.

153 5669 294 5733 Qua
316 5665 495 5733 pq
509 5656 681 5733 ζέει
708 5667 747 5710 ι.
953 5689 957 5694 -

156 5724 306 5791 Uade
328 5728 496 5798 hoc!
515 5726 654 5798 Qui:
682 5739 787 5782 nec
820 5741 920 5796 per
963 5742 1022 5782 se
1051 5724 1416 5798 proferuntur,
1465 5739 1562 5780 nec
1593 5738 1688 5792 per

89 5824 143 5864 σε
167 5804 445 5880 om-
466 5795 701 5880 (δεξίωμα
800 5795 870 5880 ...

152 5865 288 5933 Ιὶιο
311 5877 455 5944 quos
479 5865 683 5921 litteris
709 5865 1006 5921 scribitur?
1035 5868 1296 5932 Quatuor.

425 5962 716 6024 Panos.
763 5957 901 6020 XC.

1867 3292 2017 3346 Unde
2041 3293 2182 3345 hoc?
2231 3293 2364 3362 Quia
2409 3303 2658 3362 correpta
2712 3295 2828 3362 ejus
2869 3298 3070 3352 vocalis
3102 3300 3154 3355 in
3211 3318 3370 3357 unam

1791 3362 2058 3428 duplicem
2098 3361 2311 3414 desinit.

1863 3431 2070 3492 Quam?
2091 3428 2162 3482 X.

1792 3569 1827 3624 b
1861 3499 2081 3568 Adjutor
2129 3508 2182 3553 et
2220 3500 2416 3555 advena
2467 3510 2598 3570 quot
2649 3503 2868 3572 syllabis
2919 3510 3205 3563 constant?
3251 3508 3372 3563 Tri-

1831 3585 1912 3622 us.

1831 3585 1912 3622 US.

1759 3693 1766 3702 ,
1863 3638 2311 3711 ᾼηῐερθηιιιιίῐητθ
2335 3641 2729 3711 eorum_quales
2758 3643 2918 3695 sunt?
2947 3642 3161 3711 Longtc.

1863 3709 2061 3761 Natura
2091 3725 2157 3760 an
2189 3711 2497 3775 positione?
2525 3709 2816 3763 PositiOrie.

1867 3777 2020 3830 Unde
2050 3778 2194 3830 hoc?
2225 3776 2358 3841 Quia
2395 3787 2656 3844 corrvptre
2681 3794 2864 3832 earum
2889 3782 3108 3837 vocales
3151 3784 3202 3837 in
3238 3785 3372 3839 alte-

1792 3860 1906 3897 ram
1937 3857 2346 3906 CODSOIIIIDIBII],
2385 3855 2441 3901 ει
2491 3848 2714 3900 alteram
2744 3852 2988 3904 vocalem
3023 3851 3143 3907 1000
3171 3869 3367 3908 εοηεοο

1795 3916 1970 3968 nantis
1987 3916 2213 3983 positam
2244 3913 2515 3971 desinunt.

1865 3987 2042 4048 Quas?
2062 3984 2108 4036 D
2137 3995 2191 4039 et
2220 3988 2258 4047 i,
2282 3994 2335 4038 et
2362 3986 2395 4037 ά
2415 3996 2470 4038 et
2493 4003 2546 4038 u.

1864 4053 2043 4123 Qtajor
2063 4067 2195 4123 quot
2219 4054 2436 4122 syllabis
2463 4056 2714 4108 constat?
2741 4055 2974 4114 Duabus.

1864 4121 2020 4175 Prior
2040 4122 2214 4190 qualis
2236 4121 2358 4175 est?
2385 4123 2590 4190 Longa.

1865 4191 2065 4246 Natura
2096 4208 2164 4244 an
2198 4193 2504 4258 positione?
2533 4194 2827 4250 Positione.

1869 4261 2017 4314 Unde
2046 4262 2189 4314 hoc?
2217 4262 2350 4325 Quia
2396 4273 2644 4332 correpta
2683 4265 2798 4332 ejus
2829 4269 3027 4322 vocalis
3054 4268 3150 4322 ini
3195 4270 3367 4325 solam

1795 4330 1916 4385 loco
1938 4332 2287 4384 consonantis
2316 4331 2541 4400 positam
2561 4330 2776 4389 desinit.
3014 4347 3016 4349 '

1868 4400 2105 4454 Donatus
2135 4401 2295 4468 igitur
2322 4403 2412 4468 qui
2441 4417 2534 4469 pes
2563 4404 2682 4455 est?
2710 4405 3113 4460 Antihacchius.

1876 4471 2021 4525 Unde
2050 4471 2154 4525 hoc
2184 4470 2203 4523 l
2231 4471 2365 4536 Quia
2391 4485 2457 4523 ex
2473 4471 2678 4525 duabus
2708 4473 2878 4540 longis
2905 4486 2961 4526 et
2988 4476 3134 4528 brevi
3164 4475 3368 4546 syllaba

1729 4562 1780 4621 ι)
1803 4550 2033 4621 constat.

1873 4609 2016 4672 Quot
2039 4617 2338 4673 temporqu
2362 4607 2480 4678 est?
2503 4607 2768 4678 Quinque.

1869 4680 2017 4734 Unde
2041 4678 2178 4732 hoc?
2218 4678 2351 4744 Quia
2381 4677 2520 4732 idem
2560 4677 2907 4746 pes’totidem
2941 4689 3181 4748 tempora
3209 4697 3368 4736 occu-

1831 4757 1904 4802 at.

1792 4764 1904 4819 pat.

1870 4818 2190 4872 Donatianus
2214 4817 2302 4885 qui
2331 4831 2426 4885 pes
2453 4818 2571 4868 cst?
2601 4815 2809 4869 Nul'us.

1867 4886 2019 4940 Unde
2075 4888 2219 4939 hoc?
2265 4885 2398 4950 Quia
2427 4886 2758 4938 transcendit
2805 4888 3086 4940 numerum
3139 4894 3372 4955 quatuor

1793 4957 2134 5029 syllabarum.

1863 5025 2000 5089 Quid
2023 5036 2152 5090 ergo
2180 5023 2304 5077 est?
2334 5022 2588 5089 Sinzigia.

1825 5094 1946 5220 hlﬁx
1975 5093 2168 5163 quibus
2209 5093 2436 5162 pedibus
2468 5096 2556 5146 tit?
2583 5091 2662 5148 Ex
2700 5093 2942 5163 spondeo
2969 5103 3026 5148 et
3067 5095 3373 5164 amphibra-

1865 5181 1900 5218 ι.
2718 5218 2725 5220 _

1793 5180 1900 5222 Chl.
2715 5218 2734 5228 -

1866 5233 2018 5290 Unde
2045 5233 2342 5302 hoc?Quia_
2391 5232 2508 5285 duae
2552 5231 2770 5302 syllaba:
2799 5231 2969 5300 longa:
3011 5233 3064 5286 in
3106 5232 3370 5301 principio

1789 5309 1928 5367 siue,
1983 5303 2279 5374 spondeum
2304 5299 2540 5374 faciunt.
2584 5299 2903 5374 sequentes
2945 5310 3072 5365 tres,
3106 5299 3368 5374 'quaruin

1793 5377 1964 5445 prima
1996 5371 2051 5445 et
2079 5373 2263 5445 ultima
2304 5371 2516 5434 breves,
2545 5372 2720 5425 media
2753 5371 2906 5437 longa
2931 5377 3033 5433 at,
3065 5371 3374 5440 atnpbibra.

1791 5441 1934 5499 chim
1963 5441 2209 5494 reddunt.
2466 5498 2468 5501 ,

1860 5517 2005 5573 Quot
2042 5520 2343 5576 temporum
2373 5510 2492 5564 est?
2513 5507 2670 5562 Octo.

1865 5579 2018 5634 Unde
2043 5575 2186 5636 hoc?
2230 5580 2365 5646 Quia
2394 5579 2532 5632 idem
2561 5579 2725 5646 pedes
2753 5576 2808 5631 in
2837 5575 3058 5645 sinzigia
3088 5589 3370 5642 coeuntes,

1791 5648 2016 5718 totidem
2040 5660 2283 5718 tempora
2309 5656 2596 5718 occupant.

1862 5717 1988 5785 Es,
2019 5719 2109 5786 qui
2138 5715 2233 5786 pes
2260 5720 2378 5786 est?
2409 5715 2614 5771 Nullus.

1867 5780 2017 5858 Unde
2038 5780 2152 5842 hoc
2167 5787 2189 5839 ?
2217 5785 2353 5850 Quia
2383 5799 2449 5840 ex
2471 5801 2584 5858 una
2614 5786 2816 5857 syllaba
2852 5801 2947 5858 pes
2973 5798 3267 5856 nunquam_
3288 5780 3367 5836 tit.

1861 5855 2007 5923 Quot
2034 5867 2336 5928 temporum
2365 5857 2490 5912 est?
2514 5855 2770 5914 Duorum.
