3920 6238
603 355 704 406 δεῖ)
951 351 1078 403 Ιίῐῖῐ*
1118 352 1124 358 ’

671 471 818 523 lizule
882 472 1027 523 hoc?
1083 489 1218 534 Quia
1271 469 1429 534 longa
1483 466 1689 536 syllaba
1763 463 1872 517 duo
1948 473 2192 532 tempora
2228 469 2274 524 Α

598 541 779 593 habet.

669 609 924 672 Donatus,
957 623 1065 677 quo
1126 615 1351 661 accentu
1400 603 1859 675 pronuntiandum
1905 602 2020 656 est‘
2082 601 2194 654 Cir-

596 679 884 733 cumllexo.
1525 739 1528 742 ,

671 747 822 801 Unde
871 748 1012 801 hoc?
1039 746 1171 811 Quia
1221 746 1272 799 in
1301 739 1598 815 trisyllabis
1641 755 1696 798 et
1753 739 2118 815 tetrasyllabis
2144 751 2197 792 et

599 817 872 881 deinceps.
904 821 948 873 si
1006 817 1192 870 ultima
1243 812 1427 870 brevis
1483 816 1665 879 fuerit,
1712 812 2017 878 penultima
2069 825 2196 863 vero

602 891 792 937 natura
824 884 1003 951 longa,
1033 884 1458 952 antepenultima
1489 882 1970 938 circmnlleclenda
2002 891 2104 936 cst.

669 952 990 1013 Quomodo?
1017 952 1083 1006 Ut
1117 953 1378 1007 Donatus.

666 1022 808 1082 Fax,
836 1037 943 1089 quo
975 1031 1202 1073 accentu
1234 1019 1690 1088 pronuntiandum
1717 1024 1839 1072 est?
1870 1024 2064 1071 Acuto.

671 1089 820 1144 Unde
877 1092 1012 1144 hoc?
1063 1091 1198 1154 Quia
1250 1090 1644 1156 monosyllaba,
1697 1103 1820 1156 qua:
1885 1094 2192 1151 correptam

595 1161 837 1214 vocalem
885 1159 1103 1223 habent,
1146 1169 1308 1213 acuto
1353 1167 1582 1212 accentu
1614 1157 2012 1226 pronuntianda
2047 1165 2189 1207 sunt.

658 1230 974 1292 Quomodo?
1002 1229 1068 1284 Ut
1098 1232 1209 1297 fax.

671 1298 794 1365 Res,
833 1314 941 1368 quo
996 1294 1221 1354 accentu
1270 1296 1732 1367 pronuntiandum
1787 1297 1918 1350 est?
1949 1294 2195 1350 Circum-

597 1368 758 1422 ﬂexo.

675 1437 824 1490 Unde
877 1439 1022 1491 hoc?
1078 1437 1212 1501 Quia
1267 1436 1660 1507 monosyllaba,
1707 1449 1828 1503 quas
1873 1434 2192 1507 productam

598 1508 839 1561 vouilem
873 1508 1090 1569 habent,
1127 1505 1476 1562 circumﬂexo
1519 1513 1746 1560 accentu
1792 1505 2193 1572 pronuntianda

598 1585 746 1630 sunt.

668 1644 986 1710 Quomodo?
1011 1645 1076 1700 [ι
1104 1663 1205 1698 res.

606 1783 638 1836 ﬂ
669 1713 830 1780 Mela,
858 1731 964 1786 quo
1018 1725 1242 1770 accentu
1295 1714 1754 1784 pronuntiandum
1783 1712 1902 1768 est?
1951 1712 2192 1767 Circum-

645 1800 765 1836 exo.
1367 1790 1392 1802 ‘
2130 1815 2134 1818 -

645 1800 765 1838 exo.
1367 1790 1392 1802 ‘

599 1919 816 1977 duct‘am
847 1919 1168 1982 habuerunt,
1203 1934 1254 1976 (ιι
1291 1919 1656 1991 posteriorem
1679 1919 2011 1990 correptam,
2044 1920 2193 1990 prior

599 1994 803 2062 syllaba
834 1994 1304 2062 circumllectcmla
1331 2002 1432 2047 est.

671 2062 986 2125 Quomodo?
1022 2061 1260 2116 Utmetn.
1309 2107 1313 2110 .

673 2131 870 2201 Nepos,
911 2148 1048 2201 quo,
1075 2142 1302 2185 accentu
1352 2133 1811 2195 pronuntiandum
1845 2131 1970 2183 est?
1995 2131 2192 2185 Aouto.

680 2199 830 2255 Unde
848 2199 951 2256 hoc
971 2204 993 2253 ‘3
1023 2200 1154 2264 Quia
1177 2203 1227 2254 in
1261 2202 1563 2269 dissyllabis
1585 2201 1914 2270 siposterior
1931 2201 2193 2268 producta

603 2268 781 2340 fuerit,
815 2271 962 2338 prior
1006 2271 1209 2339 syllaba
1243 2268 1481 2324 acuenda
1521 2280 1624 2335 est,
1646 2268 1777 2326 'sive
1811 2269 1900 2323 illa
1941 2279 2192 2340 correpta

600 2339 781 2400 fuerit,
813 2341 926 2394 sive
957 2340 1238 2408 producta.

672 2407 994 2473 Quomodo?
1026 2407 1091 2463 Ut
1115 2425 1293 2477 nepos.

673 2477 870 2547 Bonus,
914 2493 1022 2547 quo
1075 2476 1302 2532 accentu
1340 2479 1799 2547 pronuntiandum
1850 2477 1966 2530 est?
1997 2476 2191 2532 Acuto.

675 2545 828 2602 Unde
858 2545 1002 2602 hoc?
1047 2547 1181 2612 Quia
1231 2548 1283 2600 in
1335 2545 1641 2612 dissyllabis
1670 2550 1737 2602 si-
1766 2549 1961 2601 breves
1991 2547 2193 2600 .amba:

508 2679 515 2684 _
602 2617 821 2692 fuerint,
844 2617 1224 2692 syllabalprior
1253 2617 1496 2672 acuenda
1528 2628 1631 2672 est.

673 2685 1003 2751 Quomodo?
1035 2685 1104 2738 Ut
1148 2685 1330 2738 bonus.

676 2756 896 2824 Tullius,
921 2770 1030 2824 quo
1057 2764 1309 2824 accentu
1349 2756 1807 2822 pronuntiandum
1838 2756 1964 2810 est?
1996 2757 2190 2810 Acuto.

680 2823 832 2880 Unde
861 2828 1004 2879 hoc!
1036 2823 1172 2894 Quia
1217 2826 1269 2878 in
1313 2826 1606 2894 trisyllabis
1656 2835 1710 2880 et
1737 2825 2098 2893 tetrasyllahis
2143 2833 2198 2877 et

604 2894 876 2964 deinceps,
906 2896 949 2964 si
981 2893 1276 2962 penultima
1322 2893 1572 2964 correpta
1618 2894 1798 2960 fuerit,
1833 2894 2196 2964 antepenulti-

605 2979 692 3018 ma
724 2963 960 3019 acuenda
989 2971 1090 3016 est.

677 3032 998 3099 Quomodo?
1042 3029 1109 3084 Ut
1137 3030 1354 3086 Tullius.

675 3104 934 3168 Metellus,
967 3116 1075 3170 quo
1107 3109 1330 3155 accentu
1362 3102 1818 3172 pronuntiandum
1849 3103 1967 3172 est?
1995 3103 2190 3155 Acuto.

675 1815 823 1923 Unde
854 1855 993 1909 hoc?
1027 1855 1159 1920 Quia
1191 1855 1242 1908 in
1276 1854 1582 1921 dissyllabis
1621 1869 1743 1923 qua:
1784 1853 2022 1922 priorem
2065 1815 2190 1923 pro-
2226 1822 2271 1881 Β

1203 349 1356 402 \‘EN.
1402 349 1608 402 Ui‘liii.
1655 347 1833 402 PARS
1878 349 1914 400 Ι.
1960 347 2151 401 SECT.
2201 347 2260 400 ll.
2306 376 2374 387 —-
2417 341 2862 401 UIDASCALICA
2911 342 3112 404 DUBIA
3157 347 3242 403 ΕΤ
3285 347 3560 404 SPUlllA.
3759 344 3829 396 (ιΞο

2376 458 2540 529 liuius
2568 471 2784 529 generis
2813 468 2894 513 est
2921 459 3023 514 hoc
3055 461 3395 528 pronomen?
3434 459 3633 512 Omnis.

2377 526 2528 581 Unde
2558 529 2701 581 hoc?
2733 528 2865 599 Quia
2895 539 2948 582 et
2972 526 3068 597 pro
3096 530 3392 583 masmilino
3423 541 3478 584 et
3508 546 3603 599 pro
3628 532 3830 584 ῐιῐηιιιῑιω

2301 605 2355 650 et
2387 613 2484 667 pro
2512 607 2704 667 neutro
2739 596 2956 651 nomine
2979 596 3109 667 poni
3143 609 3347 667 potest.

2373 665 2524 730 Quis,
2559 666 2713 733 cujus
2736 669 2951 734 generis
2975 665 3269 734 pronomen
3293 670 3415 721 Est?
3446 667 3724 721 Mascul'ni.

2373 735 2526 790 Unde
2559 737 2700 789 hoc?
2746 738 2879 802 Quia
2937 754 3034 805 pro
3082 740 3380 793 inasculino
3426 748 3626 791 tantum
3665 736 3834 791 nomine

2299 807 2425 872 poni
2475 814 2676 874 potest.

2373 873 2522 944 Qua),
2546 877 2699 941 cujus
2726 875 2942 941 generis
2972 891 3270 944 pronomen
3310 877 3433 930 est?
3457 873 3724 928 Feminini.

2377 943 2525 998 Unde
2549 945 2690 998 hoc?
2717 945 2848 1010 Quia
2874 943 2982 1014 pro
3003 946 3262 1001 feminino
3286 955 3494 1000 tantum
3521 947 3721 999 nomine
3742 950 3835 1014 poni

2303 1022 2505 1082 potest.

2375 1082 2534 1154 Quid,
2563 1083 2723 1154 cujus
2753 1084 2970 1152 generis
2997 1100 3290 1154 pronomen
3319 1086 3439 1139 est?
3468 1085 3664 1138 Neutri.

2379 1151 2530 1207 Unde
2560 1153 2707 1207 hoc?
2745 1155 2879 1219 Quia
2913 1151 3013 1224 pro
3046 1166 3236 1210 neutro
3269 1165 3475 1210 tantum
3510 1157 3709 1209 nomine
3742 1157 3835 1223 poni

2317 1233 2408 1273 iOlI
2431 1232 2498 1276 Si.
2849 1233 2858 1248 '

2317 1237 2498 1276 mpsr.
2849 1237 2858 1248 '

2299 1237 2316 1289 Ι
2378 1292 2580 1363 Qualis.
2631 1291 2784 1363 cuius
2823 1295 3038 1359 generis
3081 1309 3380 1363 pronomen
3406 1296 3529 1348 est?
3555 1295 3834 1349 Communis.

2377 1361 2523 1414 Unde
2557 1363 2692 1440 hoc?
2719 1362 2856 1441 Quia
2885 1373 2941 1450 et
2969 1380 3067 1432 pro
3087 1361 3398 1450 masculino
3428 1375 3480 1419 et
3508 1382 3600 1433 pro
3629 1366 3838 1419 l'etniuino

2299 1443 2503 1501 genere
2529 1433 2761 1501 nominis
2799 1433 2922 1501 polii
2956 1442 3153 1496 potest.

2377 1499 2508 1569 Ego,
2536 1500 2696 1552 lixum
2725 1499 3021 1555 {inmobile
3118 1518 3348 1557 anomen
3383 1503 3507 1556 est?
3536 1503 3729 1559 Fixum.

2379 1569 2530 1624 Unde
2553 1571 2694 1625 hoc?
2723 1570 2859 1636 Quia
2902 1575 2954 1626 in
2987 1575 3213 1626 alterum
3256 1589 3288 1642 ε
3324 1589 3426 1627 nus
3454 1573 3591 1627 ﬂeeti
3644 1590 3736 1628 non
3763 1590 3840 1640 po.

2303 1646 2426 1691 test.

2378 1709 2496 1779 ille,
2532 1711 2692 1763 ﬁxum
2725 1726 2792 1762 an
2828 1712 3027 1765 mobile
3060 1726 3354 1779 pronomen
3379 1714 3500 1766 est?
3530 1713 3711 1766 Mobile

2369 1777 2528 1852 Unde
2557 1781 2702 1852 hoc?
2726 1779 2864 1852 Quia
2897 1798 2993 1846 per
3023 1777 3122 1834 tria
3152 1795 3352 1847 genera
3384 1784 3585 1836 moveri
3617 1795 3772 1852 potest

2372 1849 2693 1913 Quomodo?
2726 1848 2794 1903 Ut
2815 1852 2920 1912 ille,
2952 1852 3064 1915 illa,
3096 1853 3243 1904 illud.

2375 1919 2539 1979 Talis,
2576 1919 2738 1972 ﬁxum
2772 1935 2838 1973 an
2878 1922 3077 1974 mobile
3126 1937 3426 1988 pronomen
3456 1926 3570 1976 est?
3598 1924 3696 1977 Nec
3721 1924 3840 1977 into-

2300 1998 2411 2042 tum
2446 1988 2633 2054 ﬁxum,
2664 2005 2765 2043 nec
2797 1992 2846 2042 in
2884 2002 3051 2044 totum
3080 1991 3299 2044 mobile.

2376 2057 2524 2132 Unde
2554 2060 2659 2112 hoc
2687 2060 2709 2110 ?
2739 2059 2873 2124 Quia
2914 2061 2987 2132 in_
3017 2064 3246 2113 alterum
3301 2074 3471 2127 genus
3518 2061 3652 2116 ﬂecti
3682 2073 3835 2132 potet,

2302 2143 2400 2196 per
2433 2129 2532 2181 tria
2556 2143 2753 2195 genera
2785 2130 2989 2182 moveri
3019 2145 3122 2182 non
3157 2142 3354 2192 potest.

2372 2198 2691 2262 Quomodo?
2722 2198 2788 2252 Ut
2811 2199 2891 2250 Izic
2924 2200 3040 2251 talis
3063 2208 3118 2252 ct
3148 2200 3240 2252 hoc
3270 2201 3392 2255 tale.

2373 2267 2594 2320 Numeri
2640 2270 3021 2336 pronominum
3051 2277 3188 2335 quot
3226 2272 3397 2323 sunt?
3438 2270 3570 2324 Duo.

2374 2338 2477 2403 Qui
2497 2339 2517 2388 ’ἰ
2541 2337 2858 2404 Singularis,
2879 2347 2935 2391 ut
2963 2339 3078 2401 hic;
3106 2339 3346 2406 pluralis,
3372 2348 3429 2392 ut
3458 2341 3526 2392 lii.

2370 2407 2542 2488 Unius
2568 2409 2877 2488 numeriest
2904 2408 3007 2461 hoc
3032 2422 3347 2488 pronomen.
3370 2409 3546 2481 [ego]?
3573 2409 3839 2481 Singularis.

2375 2477 2525 2546 Unde
2583 2477 2725 2530 hoc?
2772 2477 2907 2541 Quia
2954 2492 3052 2546 pro
3090 2476 3611 2545 singulari'tan'tum
3669 2476 3840 2536 nonum:

2300 2545 2427 2612 poni
2459 2553 2659 2613 potest.

2373 2613 2510 2680 Nos,
2536 2615 2690 2681 cujus
2727 2616 2936 2670 numeri
2967 2630 3267 2684 pronomen
3299 2618 3423 2670 est?
3457 2617 3690 2673 Pluralis.

2378 2685 2530 2739 Unde
2587 2684 2735 2739 hoc?
2790 2685 2924 2751 Quia
2979 2685 3173 2754 plurali
3236 2694 3445 2740 tantum
3497 2692 3707 2744 nomine
3748 2690 3843 2757 pom

2303 2763 2503 2822 potest.

2375 2824 2494 2896 ﬁni,
2522 2823 2677 2896 cujus
2703 2825 2910 2878 numeri
2943 2840 3242 2896 pronomen
3263 2826 3389 2880 est?
3419 2825 3719 2896 Utriusque.

2375 2891 2564 2966 Unde?
2584 2894 2717 2957 Quia
2739 2903 2793 2948 et
2819 2909 2916 2962 pro
2942 2891 3220 2962 Singulari,
3248 2904 3302 2949 et
3329 2912 3428 2965 pro
3463 2891 3649 2966 plurali
3672 2899 3840 2952 nuniluc

2303 2963 2428 3031 poni
2455 2971 2653 3030 potest.

2375 3031 2580 3099 Figura:
2609 3033 2986 3100 pronominum
3016 3043 3149 3102 quot
3174 3035 3346 3087 sunt?
3378 3036 3521 3090 θυῖε.

2371 3102 2541 3173 Qum?
2572 3102 2829 3170 Simplex,
2857 3111 2927 3158 ut.
2955 3116 3113 3173 quot;
3146 3108 3470 3173 composita,
3515 3115 3576 3158 ut
3620 3117 3839 3172 quotquot.

686 3172 833 3227 Unde
862 3168 998 3243 hoc?
1031 3173 1191 3243 Quia
1214 3173 1267 3223 in
1317 3168 1607 3243 trisyllabis
1656 3180 1711 3243 el.
1744 3171 2107 3243 tetrasyllabis
2141 3182 2195 3223 et
2223 3168 2267 3225 C
2341 3170 2464 3243 _Est
2493 3174 2596 3225 hoc
2619 3168 2915 3240 pronomen
2942 3168 3190 3242 simplex,
3215 3168 3288 3227 an
3325 3168 3842 3243 composituin?Sin.-

607 3243 884 3310 deinceps.
909 3242 953 3297 si
991 3241 1286 3310 penultima
1335 3240 1616 3312 poSitioneA
1653 3241 1811 3307 longa
1865 3240 2044 3304 fuerit,
2078 3241 2195 3308 ipsa

606 3314 865 3434 acuelnda,
897 3318 952 3364 et
992 3310 1415 3377 antepenultiina
1471 3310 1618 3380 gravi
1665 3317 1897 3366 accentu
1950 3325 2195 3379 pronun-

607 3383 715 3434 tian
758 3397 786 3433 a
816 3388 916 3434 est.

607 3383 786 3434 tianda
816 3388 916 3434 est.

674 3449 991 3517 Quomodo?
1018 3446 1087 3502 Ut
1115 3447 1376 3501 Metellus.

678 3520 932 3582 Lutebrw,
964 3533 1072 3586 quo
1101 3525 1324 3572 accentu
1355 3517 1817 3587 pronuntiandum
1840 3517 1967 3587 est?
1995 3519 2193 3570 Aculo.

675 3589 827 3644 Unde
874 3588 1175 3653 hoc?Quia
1222 3587 1274 3640 in
1327 3586 1620 3656 trisyllabis
1662 3597 1715 3641 et
1757 3586 2114 3656 tetrasyllabis
2141 3597 2196 3638 et

601 3659 876 3726 deinceps,
909 3659 959 3726 si
995 3658 1279 3726 penultima
1327 3658 1596 3725 positione
1638 3656 1797 3726 longa
1845 3670 1914 3710 ex
1963 3666 2110 3710 muta
2141 3663 2197 3708 et

606 3723 807 3796 liquida
833 3723 1464 3796 fuerit,_antepenultima
1492 3723 1866 3781 acuenda'est.

673 3795 993 3862 Quomodo?
1023 3792 1089 3848 Ut
1118 3792 1348 3848 latebra}.
1428 3835 1432 3840 .

674 3867 914 3931 Micenw,
959 3879 1066 3932 quo
1096 3874 1322 3918 accentu
1364 3864 1818 3933 pronuntiandum
1850 3865 1970 3916 est?
1995 3863 2190 3916 Acuto.

677 3937 827 3992 Unde
857 3937 994 3991 hoc?
1012 3934 1146 4001 Quia
1198 3934 1251 3988 in
1299 3935 1593 4005 trisyllabis
1619 3945 1672 3989 et
1723 3933 2091 4005 t‘etrasyllabis
2140 3938 2196 3984 et

602 4007 879 4074 deinceps,
939 4005 986 4059 si
1016 4013 1144 4058 tam
1197 4004 1492 4074 penultima
1547 4019 1712 4072 quam
1761 4004 1952 4058 ultima
1998 4009 2194 4057 natura

606 4086 760 4149 longa
796 4085 978 4144 fuerit,
1013 4087 1442 4150 antepenultima
1473 4088 1718 4142 acuenda
1751 4097 1857 4142 est.

676 4155 997 4218 Quomodo?
1031 4153 1102 4206 Ut
1137 4155 1374 4211 Micente.

675 4280 808 4351 Ego,
840 4295 1108 4349 qlue‘pars
1125 4281 1395 4351 orationis
1423 4282 1549 4336 est?
1577 4281 1902 4338 Pronomen.

676 4349 980 4405 Pronomen
1010 4349 1138 4419 quid
1171 4353 1291 4405 est?
1325 4349 1458 4403 Pars
1505 4353 1767 4406 orationis
1805 4367 1927 4419 qua:
1959 4366 2058 4419 pro
2092 4366 2190 4404 no-

601 4422 747 4477 mine
779 4421 950 4488 posita
979 4419 1308 4476 tantumdem
1325 4434 1466 4489 pene
1487 4420 1770 4488 signiﬁcat,
1789 4435 2191 4489 personamque

548 4515 556 4520 -
600 4491 865 4546 interdum
887 4490 1097 4559 recipit.

673 4561 984 4616 Pronomini
1003 4557 1142 4626 'quot
1170 4557 1421 4614 accidunt
1449 4558 1471 4610 ?
1501 4557 1627 4613 Sex.
2007 4596 2010 4598 η

670 4629 1115 4697 ρυωῖρυθιίιθε,
1145 4641 1333 4697 genus,
1383 4643 1658 4691 numerus,
1695 4628 1886 4696 ﬁgura,
1935 4641 2187 4697 persona,

519 4687 527 4693 ’
600 4687 780 4755 casus.

669 4771 913 4834 ,Qualitas
941 4767 1320 4838 pronominum
1366 4769 1418 4821 in
1463 4784 1571 4836 quo
1601 4769 1723 4824 est?
1776 4767 2031 4838 ltipartita
2082 4775 2186 4830 est,

607 4848 701 4892 aut
743 4840 883 4892 enim
917 4837 1060 4892 ﬁnita
1092 4841 1573 4904 suntpronomina,
1606 4849 1698 4892 aut
1731 4837 1958 4891 inlinita.

676 4906 805 5029 Qplze
828 4917 952 4961 sunt
975 4907 1120 4959 [inita
1137 4909 1156 4958 ’ἶ
1182 4909 1311 4969 Qua:
1346 4909 1614 4976 recipiunt
1663 4925 1940 4977 personas,
1977 4918 2033 4959 ut
2069 4925 2185 4976 ego,

705 4994 723 5029 ι
767 4992 815 5029 e.

599 4985 952 5112 Μ’(ἱιειξεέυηι
999 5042 1246 5096 inﬁnita?
1275 5042 1403 5108 Quae
1438 5059 1541 5096 non
1595 5046 1864 5112 recipiunt
1906 5061 2183 5113 personas,

600 5125 656 5169 ut
681 5118 911 5169 auisaue.

669 5132 949 5251 Sligm'si
977 5185 1082 5238 hoc
1132 5197 1452 5252 pronomen,
1511 5183 1716 5235 linitum
1761 5197 1826 5234 an
1885 5179 2187 5234 inﬁnitum?

600 5256 852 5309 Fiuitum.

669 5324 819 5379 Unde
849 5324 1140 5389 hocCQuia
1165 5323 1357 5390 recipit
1379 5337 1680 5390 personam.

672 5392 820 5460 Quis,
852 5387 1058 5448 linitum
1090 5410 1156 5447 an
1194 5387 1459 5446 infinitum
1511 5408 1813 5461 pronomen
1845 5390 1970 5446 est?
1999 5387 2184 5442 Inﬁni-

598 5469 733 5513 tum.

673 5528 822 5600 Unde
852 5531 953 5583 hoc
981 5534 1004 5582 ?
1034 5531 1167 5594 Quia
1199 5548 1304 5586 non
1334 5532 1525 5600 recipit
1565 5546 1872 5600 personam.

668 5598 876 5668 Genera
910 5601 1288 5666 pronominum
1318 5616 1435 5668 quae
1453 5598 1622 5655 sunt?
1639 5600 1839 5654 Eadem
1867 5599 1978 5653 fere
1994 5613 2112 5666 quze
2129 5608 2183 5652 et

597 5667 908 5729 nominum;
936 5669 1287 5718 masculinum
1323 5667 1379 5720 ut
1426 5673 1539 5736 qui;
1583 5671 1894 5724 femininum
1963 5680 2018 5723 ut
2044 5685 2179 5736 qum,

599 5748 849 5789 neutrum
893 5745 952 5788 ut
987 5736 1140 5802 quod,
1200 5752 1483 5789 conuuuue
1510 5749 1566 5792 ut
1597 5741 1784 5806 qualis,
1820 5740 1957 5807 talis,
2019 5740 2178 5793 trium

604 5814 658 5856 ut
686 5821 800 5872 ego,
829 5817 900 5858 tu.

2221 4515 2270 4569 1)

2303 3239 2425 3307 plex
2457 3250 2558 3293 est.

2379 3311 2533 3383 Unde
2557 3311 2704 3364 hoc?
2732 3310 2865 3378 Quia
2896 3325 3072 3380 neque
3101 3326 3168 3364 ex
3197 3310 3411 3383 duobus
3442 3311 3680 3383 integris,
3709 3329 3844 3380 neque

2299 3395 2366 3432 ex
2394 3379 2603 3433 duobus
2629 3383 2916 3450 corruptis,
2948 3379 3123 3449 neque
3167 3395 3231 3434 ex
3268 3381 3480 3448 integro
3525 3379 3580 3436 ei
3607 3394 3838 3451 corrupto.

2299 3464 2476 3524 neque
2504 3463 2572 3503 ex
2617 3460 2872 3524 corrupto
2921 3459 2977 3505 et
3017 3451 3257 3520 integro,
3287 3467 3466 3521 neque
3492 3468 3559 3508 ex
3584 3453 3843 3524 compluri-

2301 3519 2407 3587 bus
2431 3528 2513 3570 est
2539 3521 2922 3587 compositum.

2373 3584 2618 3659 Quisque,
2651 3584 2879 3657 simplex
2921 3605 2989 3642 an
3019 3590 3379 3658 compositum
3421 3605 3716 3659 pronomen
3756 3599 3842 3643 est'

2297 3653 2690 3724 Compositum.

2369 3723 2696 3794 Quomodo?
2720 3723 2801 3779 Ex
2830 3726 3040 3781 duobus
3063 3727 3308 3794 integris.

2368 3795 2607 3861 Quibus?
2629 3792 2756 3858 Qui:
2781 3804 2838 3850 et
2863 3814 2960 3867 que
2991 3792 3404 3866 pronominibus
3433 3815 3448 3863 ;
3483 3809 3707 3868 utraque
3726 3798 3838 3852 enim

2298 3864 2505 3938 integra
2534 3864 2897 3938 perseverant,
2927 3864 3049 3920 cum
3074 3867 3308 3938 dicimus
3335 3881 3580 3938 quotquot
3600 3864 3635 3934 ,5
3647 3869 3846 3923 similiter

2297 3941 2349 3985 et
2379 3934 2447 3986 de
2474 3933 2683 3989 caneris
2738 3933 2806 3987 ad
2849 3934 3076 3989 formam
3122 3933 3403 3991 nominum
3455 3933 3839 4009 respondendum

2297 4009 2399 4055 est.

2367 4069 2618 4152 gemente
2644 4072 3025 4152 pronominum
3053 4083 3187 4144 quot
3204 4075 3376 4152 sunt?
3404 4075 3559 4131 Tres.

2303 4139 2539 4264 “Quae?
2568 4139 2769 4206 Prima,
2820 4153 2881 4196 ut
2930 4139 3346 4215 egofsecuuda,
3379 4156 3440 4200 ut
3480 4156 3579 4213 tu;
3621 4148 3779 4212 tertia,
3802 4157 3842 4197 ut

2303 4226 2310 4263 ι
2369 4227 2402 4262 ι.

2294 4226 2402 4263 me.

2363 4281 2911 4359 gujus‘personzeest
2934 4284 3036 4338 hoc
3068 4299 3368 4359 pronomen
3403 4287 3584 4359 [ερον
3606 4287 3788 4342 Prima.

2368 4353 2520 4424 Unde
2549 4353 2855 4424 lioc_?__Quia
2885 4370 2980 4423 rgo
3009 4353 3129 4408 cum
3167 4357 3313 4420 dico;
3344 4353 3563 4424 non'té,
3595 4359 3675 4411 vel
3693 4359 3838 4410 alium.

2295 4422 2388 4473 sed
2421 4437 2506 4474 me
2536 4421 2801 4487 signilico.

2370 4488 2467 4555 Tu,
2509 4491 2659 4554 cujus
2686 4505 2931 4555 personae
2961 4506 3260 4557 pronomen
3287 4504 3368 4545 est
3396 4496 3420 4546 ?
3449 4494 3721 4550 Secunda.

2373 4557 2520 4610 [inde
2551 4558 2653 4611 hoc
2681 4558 2922 4628 probas?
2951 4560 3086 4624 Quia
3119 4570 3170 4612 tu
3196 4576 3318 4614 cuiu
3348 4562 3497 4628 dico,
3522 4581 3631 4619 non
3660 4579 3756 4628 me,
3781 4567 3838 4611 vri

2295 4625 2403 4677 aliu
2427 4644 2478 4689 η,
2511 4628 2602 4680 sed
2635 4635 2686 4679 te
2719 4627 2981 4693 signiﬁco.

2373 4694 2485 4754 Ille,
2513 4697 2665 4762 cujus
2695 4710 2939 4763 persona:
2961 4714 3259 4766 pronomen
3282 4701 3410 4755 est?
3433 4702 3651 4759 Tertite.

2369 4765 2517 4843 Unde
2544 4766 2699 4843 hoc_?
2726 4768 2862 4843 Quia
2911 4769 2998 4822 ille
3045 4785 3169 4824 cum
3197 4770 3342 4838 dico,
3376 4789 3488 4828 non
3547 4791 3655 4843 me,
3682 4772 3754 4827 vel
3780 4783 3832 4832 te.

2292 4837 2382 4889 sed
2424 4836 2586 4889 alium
2618 4837 2882 4903 signiﬁco.

2312 4932 2336 4956 ο
2362 4907 2530 4985 (Iasus
2558 4907 2687 4985 item
2712 4909 3088 4976 pronominum
3110 4918 3246 4979 quot
3266 4913 3436 4968 sunt?
3459 4915 3593 4979 Sex,
3622 4909 3837 4985 quemad-

2291 4980 2508 5030 modum
2543 4979 2840 5030 nominum.
2864 5027 2867 5029 _

2360 5046 2523 5116 Cujus
2551 5061 2707 5100 casus
2733 5059 2815 5102 est
2843 5049 2946 5103 hoc
2976 5053 3319 5116 pronomen?
3349 5052 3697 5107 Nominativi.

2349 5114 2515 5192 Unde
2542 5116 2645 5193 hoc
2671 5116 2691 5165 ?
2719 5118 2852 5178 Quia
2884 5114 2990 5185 pro
3008 5121 3345 5175 nominativo
3379 5131 3591 5175 tantum
3622 5137 3738 5176 casn
3763 5135 3834 5170 no-

2290 5197 2448 5234 minis
2477 5197 2602 5248 pont
2633 5193 2829 5249 potest.

2289 5317 2330 5366 Υ
2359 5249 2400 5302 Τ
2409 5251 2647 5366 uicujus
2704 5268 2862 5306 casus
2915 5269 3214 5322 pronomen
3267 5257 3386 5311 est?
3441 5259 3756 5316 Nominativi
3801 5267 3837 5308 tl

2337 5334 2430 5366 nea
2463 5336 2549 5366 lVl.

2337 5329 2549 5372 ocatm.

2314 5458 2322 5467 .
2370 5389 2522 5442 Unde
2561 5389 2665 5444 hoc
2683 5389 2864 5470 {Quia
2914 5401 2969 5473 et
3011 5408 3110 5461 pro
3142 5397 3484 5455 nominativo
3511 5411 3570 5456 et
3595 5419 3691 5474 pro
3715 5411 3836 5453 voa~

2288 5464 2396 5512 tivo
2423 5474 2549 5513 casu
2571 5476 2677 5513 non
2703 5464 2806 5514 ims
2835 5464 2959 5531 poni
2993 5473 3191 5532 potest.

2353 5598 2706 5680 lnyeiiiuntur
2736 5599 2920 5654 formae
2961 5606 3202 5661 casuales
3237 5607 3291 5662 in
3347 5611 3754 5680 pronominibus
3789 5619 3837 5659 ιδ

2285 5685 2392 5722 non
2414 5670 2435 5722 ?
2463 5669 2831 5722 Inveniuntur.

2359 5738 2506 5820 Unde
2531 5738 2669 5820 lioc‘?
2702 5738 2837 5804 Quia
2862 5741 2963 5796 alia
2995 5758 3180 5820 eorum
3213 5757 3342 5801 sunt
3374 5766 3485 5804 non
3513 5762 3698 5820 optata
3721 5745 3842 5814 {LM

2286 5815 2625 5886 monoptotaj
2654 5845 2668 5873 ,
2711 5819 2765 5862 ut
2806 5829 3001 5883 rerum,
3032 5818 3222 5882 ellum;
3262 5819 3370 5874 alia
3420 5815 3663 5888 triptota,
3696 5819 3838 5873 unas.
