3920 6238
505 410 612 469 C53

863 416 1067 470 ΒΕυτΕ
1112 416 1264 471 ΥΕΝ.
1307 416 1511 472 ()l’lill.
1558 416 1731 475 PAllS
1772 417 1810 473 l.
1842 417 2033 475 SECT.
2077 417 2094 473 1

2200 450 2247 459 -
2282 418 2738 476 DlDASCALlCA
2779 421 3033 480 SPURIA
3074 424 3159 478 ΕΤ
3200 420 3429 480 DUBIA.

3654 426 3724 479 σω

506 537 626 610 tias,
655 542 806 610 sext.»
829 533 1100 610 Nonarum
1127 534 1339 610 initium
1358 543 1464 598 est,
1488 534 1739 603 repetitio
1762 534 1965 610 septies
1986 548 2053 590 eo
2072 565 2087 575 -
2118 555 2166 610 Α
2194 534 2381 604 Itaque
2408 535 2598 609 decem
2636 535 2750 610 dies
2777 537 3146 610 observationi
3175 539 3351 610 veteri
3389 536 3726 610 superadiecit,

505 606 627 661 dem
655 604 815 659 verbo
844 605 1191 673 pra-dicebat.
1221 606 1454 660 Verbum
1491 615 1669 659 autem
1700 604 1819 658 calo
1845 604 2089 659 Grmcum

505 685 607 738 est,
641 674 693 729 id
725 684 806 728 est
836 690 990 737 voco,
1022 684 1076 728 et
1105 677 1247 730 hunc
1276 676 1307 729 d
1333 691 1417 730 em
1451 677 1541 744 qui
1569 690 1634 727 ex
1664 675 1749 727 his
1777 674 1969 729 d‘ebus
1998 676 2093 744 qui

504 747 831 811 calarentur,
876 745 1105 814 primum
1136 754 1299 812 esset,
1350 746 1551 813 placuit
1580 744 1852 799 Kalendas
1882 760 1915 798 v
1938 747 2089 800 tcari.

504 817 640 870 llinc
670 826 723 868 et
750 816 850 883 ipsi
878 816 1041 870 curia:
1070 814 1136 868 ad
1162 830 1323 884 quam
1348 816 1706 879 vocabantur,
1736 815 1978 881 calabra,
2003 815 2094 871 vel

503 887 691 939 classis
720 900 914 939 nomen
945 885 1174 952 accepit,
1206 886 1351 955 quod
1384 887 1560 939 omnis
1592 886 1642 938 in
1689 900 1807 938 eam
1856 885 2093 953 populus

504 964 804 1010 vocaretur.
857 957 980 1009 ideo
1027 962 1208 1009 autem
1250 957 1429 1010 minor
1460 956 1700 1022 pontifex
1746 955 1861 1008 dies
1888 956 1979 1023 qui
2024 956 2093 1011 ad

504 1026 681 1079 Nonas
708 1035 1051 1093 superessent
1090 1026 1319 1079 calando
1346 1023 1628 1093 prodebat.
1663 1028 1802 1091 quod
1840 1034 1962 1094 post
1991 1040 2093 1081 no-

504 1112 625 1148 nam
660 1096 837 1148 lunam
883 1096 1171 1164 oportebat
1222 1111 1483 1150 nonarum
1515 1096 1604 1149 die
1642 1096 1960 1164 populares,
2001 1096 2095 1163 qui

503 1169 552 1218 in
578 1166 719 1233 agris
739 1174 913 1232 erant,
942 1164 1217 1219 conﬂuere
1238 1166 1291 1219 in
1321 1166 1531 1231 urbem,
1557 1174 1880 1234 accepturos
1904 1180 2094 1222 causas

504 1237 754 1288 feriarum
786 1250 814 1286 a
843 1249 968 1301 rege
998 1250 1300 1300 sacrorum,
1329 1236 1672 1303 sciturosque
1696 1234 1825 1301 quid
1855 1244 1999 1289 esset
2027 1250 2094 1291 eo

504 1320 689 1360 mense
740 1304 1059 1359 faciendum.
1098 1304 1251 1359 Unde
1291 1306 1505 1372 quidam
1545 1306 1669 1359 hinc
1718 1305 1899 1359 Nonas
1944 1306 2093 1360 aesti-

503 1386 653 1429 mant
681 1376 869 1440 dictas,
904 1377 1054 1441 quasi
1100 1391 1252 1430 nova:
1288 1376 1497 1430 initium
1547 1376 1965 1440 observationis,
2007 1376 2095 1431 vel

505 1446 646 1511 qUod
678 1446 743 1498 ab
770 1460 835 1498 eo
865 1446 951 1499 die
984 1462 1152 1514 usque
1187 1446 1250 1498 ad
1286 1446 1423 1509 Idus,
1458 1453 1582 1499 octo
1612 1446 1726 1499 dies
1774 1454 2095 1513 computen-

506 1526 611 1567 tur.
664 1515 787 1568 ldus
834 1526 1011 1569 autem
1044 1525 1272 1570 vocatur
1310 1516 1445 1579 dies,
1480 1517 1568 1584 qui
1608 1516 1798 1568 dividit
1827 1530 2091 1570 mensem.

504 1586 697 1638 lduare
720 1585 857 1637 enim
881 1585 1103 1639 Etrusca
1128 1586 1305 1653 lingua
1337 1586 1578 1639 dividere
1600 1594 1704 1639 est.
1736 1584 1883 1639 l‘nde
1911 1587 2091 1649 vidua,

506 1656 658 1717 quasi
680 1654 853 1713 valde,
877 1656 1018 1717 idua,
1045 1656 1093 1709 i.l
1126 1665 1210 1710 est
1237 1654 1394 1709 valde
1418 1655 1621 1715 divi-'a;
1654 1664 1745 1709 aut
1769 1657 1851 1723 (ut
1876 1655 2093 1723 quidam

508 1726 629 1778 vu‘lu
675 1726 717 1793 t)
762 1724 938 1785 vidua,
972 1725 1021 1778 id
1052 1735 1131 1779 est
1161 1743 1188 1779 a
1218 1727 1335 1780 viro
1364 1726 1556 1781 divisa.
1599 1725 1881 1779 Nonnullis
1913 1735 2093 1780 tamen

508 1794 703 1863 placet,
737 1794 851 1847 ldus
873 1795 1043 1848 dictas
1070 1797 1337 1850 vocabulo
1363 1795 1574 1857 Gru-co,
1605 1811 1798 1864 nempe
1829 1810 1858 1848 a
1888 1796 2088 1861 specie,

505 1864 802 1936 qumapud
850 1864 970 1917 illus
1019 1866 1137 1918 idea
1183 1875 1429 1931 vocatur,
1477 1866 1622 1935 quod
1668 1881 1732 1919 ea
1764 1865 2091 1936 dic,plenam

504 1935 739 2003 speciem
769 1935 892 1987 luna
921 1936 1116 1989 demon
1151 1944 1273 1989 tret.

583 2007 765 2069 Itaque
816 2004 1077 2058 Romulus
1145 2015 1194 2059 ta
1227 2017 1461 2059 annuam
1498 2005 1769 2059 ordinavit
1805 2005 2099 2062 di:r:ensio-

508 2088 651 2132 nem,
680 2083 737 2126 ut
765 2089 935 2128 annus
959 2074 1027 2127 de
1062 2090 1145 2129 em
1175 2077 1459 2139 mensium,
1493 2076 1699 2130 dierum
1731 2085 2097 2131 trecentorum

506 2153 673 2216 quatu
716 2159 739 2196 r
769 2145 1080 2216 haberetur,
1110 2160 1435 2214 mensesque
1460 2148 1533 2199 ita
1563 2147 1846 2212 disposuit,
1879 2155 1937 2199 ut
1964 2163 2099 2216 qua-

508 2213 633 2267 tuor
680 2228 746 2267 ex
794 2215 873 2266 his
906 2215 1143 2270 tricenos
1186 2224 1240 2269 et
1286 2216 1545 2283 singulos,
1578 2231 1675 2269 sex
1704 2232 1832 2270 vero
1863 2213 2100 2272 tricenos

508 2283 772 2336 haberent
800 2283 935 2337 dies.
965 2285 1069 2337 Sed
1100 2299 1221 2339 cum
1252 2287 1296 2339 is
1322 2301 1581 2339 numerus
1609 2302 1784 2351 neque
1815 2286 1964 2348 sols,
1998 2301 2096 2341 ne—

506 2367 627 2424 que
658 2354 795 2424 luo-.e
837 2355 1140 2408 rationibus
1187 2355 1528 2420 conveniret,
1577 2371 1964 2424 nonnunquam
2000 2373 2099 2411 usu

510 2422 763 2476 veniebat
790 2433 849 2476 ut
890 2424 1055 2492 frigus
1084 2426 1206 2479 anni
1235 2426 1438 2479 mstivis
1469 2426 1770 2492 mensibus,
1802 2422 1857 2479 et
1886 2436 2096 2493 contra,

506 2494 659 2547 calor
691 2493 1035 2565 hiemalibus
1073 2497 1403 2565 proveniret.
1463 2494 1567 2550 Sed
1617 2506 1836 2551 secutus
1880 2494 2053 2550 Numa
2082 2537 2098 2565 ,

507 2565 660 2633 quasi
690 2563 831 2619 hunc
856 2563 1087 2619 omnem
1109 2565 1388 2621 ablaturus
1432 2581 1693 2632 errorem,
1739 2568 1792 2621 in
1827 2563 2100 2623 trecentos

508 2635 896 2705 quinquaginta
941 2644 1174 2702 quatuor
1210 2637 1348 2702 dies,
1389 2636 1585 2705 quibus
1623 2636 1913 2691 duodecim
1961 2637 2100 2691 luna:

506 2716 698 2777 cursus
727 2704 917 2777 ('Onl'tci
951 2704 1703 2777 credidit,annumextendit.
1724 2704 2104 2777 Hisquequin-

506 2774 769 2845 quaginta
784 2774 978 2845 diebus
1002 2790 1031 2827 a
1063 2789 1122 2829 se
1145 2775 1375 2845 additis,
1391 2774 1590 2840 adjecit
1615 2776 1751 2830 alios
1772 2790 1888 2838 sex,
1911 2774 2102 2845 demp-

511 2845 596 2899 tus
623 2860 689 2897 ex
721 2843 822 2914 illis
844 2859 940 2897 sex
973 2844 1266 2910 mensibus,
1291 2844 1382 2914 qui
1406 2845 1632 2914 triginta
1659 2845 1934 2903 habebant
1959 2843 2097 2912 dies,

509 2914 559 2966 ill
603 2922 684 2967 est
725 2912 791 2985 de
837 2914 1060 2983 singulis
1090 2912 1348 2980 singulos,
1395 2913 1677 2983 factusque
1705 2916 2100 2985 quinquaginta

509 2992 564 3054 et
594 2998 686 3036 sex
721 2984 835 3054 dies
865 2984 917 3037 in
951 2987 1084 3038 aluos
1115 2998 1287 3038 novos
1318 2999 1534 3054 menses
1565 2985 1683 3054 pari
1724 2984 1939 3039 ratione
1965 2986 2102 3039 divi-

507 3053 598 3124 sit,
646 3069 709 3105 ac
750 3053 816 3106 de
863 3054 1075 3108 duobus
1106 3055 1339 3124 priorem
1384 3051 1699 3109 Ianuarium
1743 3057 2096 3124 nuncupavit,

509 3122 846 3191 primumque
893 3124 1017 3177 anni
1056 3122 1177 3179 esse
1214 3124 1408 3190 voluit,
1448 3132 1705 3193 tauquam
1752 3122 1987 3193 bicipitis
2012 3125 2100 3179 dei

507 3207 747 3275 mensem
774 3229 791 3258 ,
840 3194 1221 3275 respicientem
1258 3209 1324 3274 ac
1371 3194 1789 3275 prospicientem
1841 3196 2099 3275 transacti

506 3262 633 3344 anni
689 3260 847 3344 linem
898 3260 1171 3344 futurique
1218 3260 1517 3344 principia;
1548 3264 1869 3344 Secundum
1902 3265 2100 3344 dicavit
2127 3282 2173 3344 ρ

510 3332 722 3385 Februo
749 3331 883 3397 deo,
931 3335 1023 3400 qui
1056 3331 1439 3388 lustrationum
1471 3341 1666 3401 potens
1692 3332 2033 3396 credebatur,
2066 3350 2097 3388 a

508 3411 692 3472 quoet
723 3401 1071 3457 Februarium
1101 3403 1334 3470 vocavit,
1365 3405 1661 3472 statuitque
1683 3416 1750 3457 eo
1777 3416 1964 3472 mense
1990 3402 2101 3457 lus-

510 3470 639 3542 trari
682 3471 974 3535 civitatem,
1020 3482 1078 3528 ut
1113 3473 1254 3542 justa
1300 3475 1408 3527 diis
1440 3470 1690 3541 manibus
1735 3471 2094 3528 solverentur.

510 3538 681 3613 Paulo
712 3549 835 3608 post
864 3541 915 3593 in
948 3538 1211 3613 honorem
1243 3540 1920 3613 imparis'numeri,lunum
1950 3543 2099 3613 adje-

505 3610 581 3665 cit
606 3610 771 3681 diem.
797 3624 955 3678 quem
986 3609 1241 3665 Januario
1265 3611 1430 3676 dedit,
1467 3623 1524 3665 ut
1550 3621 1656 3665 tam
1688 3610 1747 3665 in
1773 3626 1917 3681 anno
1936 3609 2098 3681 quam

504 3682 559 3734 in
592 3680 816 3749 singulis
848 3682 1139 3746 mensibus,
1172 3690 1369 3750 pr.eter
1398 3696 1563 3736 unum
1595 3680 1968 3747 Februarium,
2002 3685 2101 3734 im-

507 3764 606 3818 par
628 3766 885 3806 numerus
907 3762 1237 3806 servaretur.
1268 3751 1401 3805 Nam
1424 3752 1547 3818 quia
1569 3750 1855 3805 duodecim
1885 3766 2099 3805 menses

505 3822 550 3875 si
599 3822 791 3891 singuli
838 3830 931 3876 aut
960 3823 1074 3893 pari
1105 3830 1198 3876 aut
1237 3822 1429 3890 impari
1460 3836 1687 3893 numero
1713 3830 2098 3893 computaren-

506 3897 616 3954 tur,
668 3888 1194 3947 consummationem
1242 3888 1430 3962 parem
1480 3888 1741 3954 facerent,
1778 3888 1937 3945 unius
1983 3893 2098 3961 pari

509 3962 1043 4032 numeroadjectus,
1092 3961 1400 4018 universam
1452 3962 1789 4032 putationem
1836 3961 2096 4031 imparem

502 4029 653 4087 fecit.
850 4029 857 4031 ⁷
1102 4036 1105 4038 ’
1453 4029 1468 4032 ’
1694 4036 1705 4093 ;

577 4100 1067 4176 Januariusigitur,
1102 4102 1320 4176 Aprilis,
1349 4100 1561 4176 Junius,
1587 4101 1825 4171 Sextilis,
1852 4104 2099 4176 Septem—

502 4167 620 4235 ber,
646 4167 977 4241 November,
1010 4167 1324 4230 December.
1357 4173 1544 4241 viginti
1575 4188 1770 4227 novem
1798 4167 2097 4231 censeban-

500 4247 596 4314 tur
626 4238 835 4314 diebus,
874 4250 941 4314 et
965 4238 1479 4314 quintanasNon'as
1527 4242 1819 4309 habebant,
1857 4261 1934 4314 ac
1974 4254 2098 4314 post

506 4311 631 4364 ldus
675 4309 727 4362 in
759 4310 1032 4381 omnibus
1061 4312 1127 4364 ad
1170 4311 1440 4365 decimum
1489 4314 1783 4381 septimum
1825 4309 2098 4371 Kalendas

501 4379 971 4447 computabantur.

576 4446 797 4502 lllartius
841 4465 992 4514 vero,
1040 4446 1231 4514 Maius,
1271 4447 1523 4515 Quintilis
1571 4458 1627 4503 et
1673 4450 1931 4518 October,
1980 4454 2096 4508 dies

502 4519 720 4588 triginta
750 4536 913 4572 unum
955 4518 1329 4590 possidebant.
1366 4518 1531 4574 Non-.e
1579 4520 1632 4573 in
1668 4520 1750 4573 his
1781 4523 2095 4590 Septimania-

500 4598 679 4655 erant,
713 4590 1067 4657 similiterque
1116 4597 1239 4659 post
1279 4588 1404 4644 ldus
1453 4588 1990 4657 septenidecim'dies
2038 4594 2091 4645 in

501 4636 1070 4737 gi..‘guti;":.;;,1ié‘;i
1116 4636 1418 4729 ἓὲῐιὶιὲἦῐὲς
1453 4636 2091 4737 ”ῐίξέιὶἒὶῖδᾶε”’ῗέοἷιὶιῖἶιιὲι’ἷ
2127 4636 2172 4694 ι)

500 4731 715 4785 bantur.
1526 4731 1534 4737 ’
1772 4784 1777 4785 ,

572 4798 735 4871 Solus
774 4798 1097 4856 Februarius
1138 4799 1324 4869 viginti
1356 4808 1484 4855 octo
1512 4799 1736 4854 retinuit
1765 4799 1903 4862 dies.
1937 4802 2091 4871 quasi

502 4868 692 4923 inieris
719 4879 775 4923 et
797 4871 1079 4925 diminutio
1102 4881 1159 4925 et
1182 4868 1277 4926 nar
1298 4886 1556 4925 numerus
1583 4872 1921 4926 conveniret.

573 4888 692 4923 ieris
719 4888 775 4923 et
797 4888 1079 4925 uinunuuo
1102 4888 1159 4925 et
1218 4888 1277 4924 ar
1298 4888 1556 4925 numerus
1583 4888 1921 4926 conveniret.

573 4933 739 5010 Igitur
769 4939 872 5010 hoc
901 4942 1061 4994 modo
1091 4957 1120 4993 a
1152 4888 1320 4994 l‘l’uma
1353 4943 1605 4996 ordinato
1644 4956 1807 5005 anno,
1839 4943 1966 5010 quia
1996 4943 2093 4997 ad-

501 5004 699 5078 huc’ad
729 5008 1024 5075 perfectum
1058 5011 1182 5062 anni
1214 5025 1496 5063 numerum
1520 5011 1687 5078 aliqui
1708 5004 1933 5066 deerant
1952 5014 2089 5077 dies,

501 5075 738 5131 maxima
780 5084 903 5144 post
929 5078 1234 5143 aliquantos
1257 5091 1430 5146 annos
1461 5075 1652 5132 horum
1685 5081 2007 5146 negligentia
2037 5075 2088 5136 in

500 5147 886 5217 supputatione
936 5155 1237 5215 temporum
1286 5145 1873 5217 confusioﬂogriehatur.
1919 5154 2090 5212 uuam

503 5215 633 5272 licet
676 5218 859 5271 multis
887 5226 941 5270 et
971 5218 1114 5269 varie
1145 5216 1477 5269 iutercalatis
1521 5215 1711 5270 diebus
1748 5216 2091 5284 aliquatenus

501 5287 873 5353 emendarem,
898 5287 1097 5339 nullam
1123 5295 1300 5340 tamen
1322 5294 1528 5339 certam
1550 5286 1676 5339 anni
1699 5285 2089 5343 dimensionem

502 5358 567 5410 ad
592 5366 838 5426 posteros
863 5358 1295 5413 transmiserunt.
1330 5358 1513 5423 Itaque
1535 5354 1736 5411 factum
1756 5362 1841 5410 est
1866 5366 1925 5410 ut
1951 5358 2093 5413 sicut

502 5425 851 5495 praecedentis
869 5426 1083 5495 Romuli
1101 5440 1334 5495 sequens
1354 5426 1525 5478 Numa
1548 5425 1941 5495 dintensionem
1962 5430 2089 5484 anni

502 5493 789 5562 destruxit,
840 5499 909 5550 ita
940 5494 1157 5566 quoque
1184 5493 1539 5565 praecedentis
1575 5494 1761 5550 Numae
1790 5496 2089 5555 ordinatio-

507 5579 630 5616 nem
657 5580 892 5634 sequeus
916 5565 1079 5621 Caius
1105 5565 1303 5630 Caesar,
1329 5574 1387 5619 ut
1408 5574 1535 5634 pote
1565 5566 1745 5624 adlmc
1772 5567 2089 5624 inconstan-

503 5638 615 5685 tem
644 5642 699 5685 et
720 5650 907 5707 vagam
939 5635 1379 5706 reprehenderet,
1409 5644 1465 5691 et
1486 5638 1871 5707 reprehensam
1894 5639 1962 5695 ad
1987 5655 2088 5695 un-

504 5714 661 5770 guem
690 5706 1020 5759 emendaret.
1550 5706 1565 5707 ί
1782 5711 1789 5719 “
1918 5722 1923 5727 ‘

576 5766 715 5846 βπ·εο
735 5772 1111 5846 Qaius_t;msar,
1137 5775 1373 5829 imitatus
1400 5775 1702 5846 Aigyptios,
1721 5778 1792 5832 ad
1805 5796 2087 5835 numerum

507 5838 665 5919 solis,
688 5841 775 5907 qui
800 5840 990 5896 diebus
1022 5838 1275 5919 trecentis
1304 5838 1847 5919 sexagizitiagquinque
1870 5859 1925 5903 et
1956 5866 2089 5919 qua-

506 5909 698 5968 drante
736 5924 954 5966 cursum
985 5912 1219 5981 coniicit,
1264 5909 1462 5971 annum
1508 5909 2079 5987 dirigere'conteu'dit.

2195 614 2254 658 ut
2280 620 2480 677 annum
2505 607 2731 677 trecenti
2753 608 3032 674 sexaginta
3055 609 3295 677 quinque
3324 608 3457 673 dies,
3489 609 3657 677 quibus
3671 613 3727 664 sol

2196 675 2481 748 aodiacum
2532 676 2742 748 lustrat,
2793 675 3105 743 el‘ticerent';
3154 675 3217 731 et
3256 688 3313 732 ut
3362 694 3464 733 nec
3506 675 3728 748 quadrans

2195 746 2428 810 deesset,
2459 747 2647 802 statuit
2674 756 2871 815 quarto
2901 762 3119 816 quoque
3145 762 3289 802 anno
3321 746 3639 811 sacerdotes,
3663 748 3729 815 qui

2197 826 2464 883 praeerant
2511 818 2783 872 mensibus
2834 832 2898 871 ac
2941 819 3149 882 diebus,
3200 834 3364 872 unum
3410 818 3729 872 intercalarem

2194 885 2357 950 diem,
2388 902 2455 941 eo
2486 887 2687 941 scilicet
2720 902 2905 941 mense
2933 902 2997 942 ac
3023 887 3168 950 loco,
3197 902 3306 956 quo
3337 888 3495 941 etiam
3522 887 3644 955 apud
3661 902 3729 956 ve-

2196 962 2341 1010 teres
2366 957 2563 1011 mensis
2596 956 3038 1020 iuterealabatur,
3074 957 3123 1010 id
3153 965 3237 1011 est
3274 966 3401 1011 ante
3439 957 3637 1010 ultimos
3658 955 3732 1011 Fe-

2194 1025 2396 1080 bruarii
2428 1026 2628 1081 mensis
2656 1027 2787 1090 dies,
2822 1026 2983 1093 idque
3022 1028 3319 1081 bisseXtum
3367 1026 3572 1082 censuit
3596 1030 3730 1078 nomi-

2196 1097 2455 1151 nandum.
2505 1097 2631 1155 Dies
2680 1105 2862 1150 autem
2900 1096 3109 1160 decem,
3156 1097 3302 1166 quod
3348 1097 3417 1151 ab
3463 1112 3527 1151 eo
3565 1096 3732 1151 additos

2195 1165 2447 1231 diximus,
2474 1167 2576 1221 hac
2604 1166 2943 1222 ordinatione
2974 1166 3264 1221 distribuit.

2270 1237 2322 1289 In
2355 1234 2383 1291 J
2402 1238 2690 1300 muarium,
2722 1246 2778 1291 et
2815 1237 3097 1301 Sextilem,
3125 1244 3180 1289 et
3218 1235 3581 1300 Decembrem,
3617 1234 3734 1287 binos

2196 1306 2309 1361 dies
2334 1307 2581 1361 inseruit.

2271 1380 2322 1429 ln
2358 1377 2591 1445 Aprilem
2621 1384 2823 1443 autem,
2853 1374 3095 1442 Junium,
3129 1373 3525 1445 Septembrem,
3553 1374 3737 1429 Noveru-

2195 1448 2370 1513 brem,
2401 1446 2659 1513 singulos,
2903 1500 2909 1511 ,

2269 1487 2791 1571 Eéir"ti£{'r’i5"§l.tem
2840 1500 2981 1570 diem
3027 1530 3136 1569 non
3179 1512 3405 1581 addidit,
3453 1530 3519 1570 ne
3558 1514 3737 1569 deorum

2197 1586 2493 1641 inferorum
2526 1587 2713 1651 religio
2748 1588 3142 1639 immuta'retur.

2270 1655 2335 1710 Et
2357 1655 2576 1721 Martio,
2609 1653 2772 1720 Maio,
2804 1655 3049 1721 Quintili,
3082 1652 3325 1719 Octobri,
3360 1655 3631 1723 pristinum
3651 1667 3737 1707 ser-

2195 1728 2346 1781 vavit
2373 1734 2598 1791 statum,
2628 1728 2767 1793 quod
2801 1727 2935 1780 satis
2963 1726 3123 1793 pleno
3152 1733 3310 1779 erant
3342 1739 3581 1789 numero,
3609 1723 3655 1777 id
3679 1726 3739 1775 est

2197 1798 2419 1863 triginta
2444 1812 2627 1863 unum.
2660 1795 2786 1851 ldeo
2810 1803 2865 1850 et
2880 1796 3211 1865 septimanas
3238 1794 3443 1848 habent
3469 1793 3736 1861 uouas,”sic-

2204 1875 2263 1921 ut
2294 1866 2460 1920 Numa
2491 1865 2791 1920 constituit.

2275 1934 2560 1990 Januarius
2591 1946 2795 2003 autem,
2825 1934 3063 1999 Sextilis,
3095 1928 3420 2005 December,
3451 1930 3741 2005 quibus_C:e-

2202 2021 2292 2060 sar
2321 2006 2479 2060 binos
2506 2006 2625 2060 dies
2652 2005 2877 2069 addidit,
2911 2005 3038 2060 licet
3060 2005 3280 2073 triginta
3310 2004 3369 2058 et
3396 2020 3553 2057 unum
3574 2003 3739 2073 habere

2202 2085 2329 2145 post
2354 2076 2624 2145 Caesarem
2663 2078 2950 2145 coeperint.
2999 2075 3291 2145 quintanas
3336 2074 3534 2127 habent
3570 2072 3738 2145 Nonas;

2203 2139 2259 2200 et
2291 2156 2412 2214 post
2443 2144 2586 2211 ldus,
2621 2139 2990 2199 novemdecim
3018 2139 3138 2199 dies
3166 2142 3235 2196 ad
3278 2152 3564 2214 sequentes
3588 2139 3739 2195 Kalen-
3818 2139 3819 2214 ξ

2200 2212 2306 2269 das
2331 2222 2714 2283 compu-tantur
2741 2233 2751 2266 :
2778 2214 2906 2282 quia
2933 2214 3113 2268 Caesar
3136 2227 3277 2281 quos
3302 2212 3507 2266 addidit
3530 2213 3649 2283 dies,
3674 2224 3740 2262 ne-

2201 2300 2309 2357 que
2339 2282 2684 2357 anteNonas.
2714 2290 3047 2357 nequehante
3076 2282 3201 2337 ldus
3231 2282 3475 2337 inserere
3503 2282 3741 2357 voluit,_ne

2202 2350 2477 2409 Neuarum
2498 2364 2592 2408 aut
2617 2350 3141 2421 lduum'religionem
3169 2368 3287 2422 qua:
3311 2360 3517 2405 statuto
3544 2358 3648 2404 erat
3663 2350 3743 2410 die,

2202 2424 2415 2480 novella
2463 2425 2873 2487 computatione.
2912 2430 3328 2492 corrumperet:
3381 2423 3476 2475 sed
3525 2435 3615 2473 nec
3656 2426 3742 2485 post

2200 2493 2325 2548 ldus
2356 2511 2479 2548 mox
2523 2496 2695 2549 voluit
2742 2494 3003 2557 inserere,
3050 2491 3421 2546 ne’feriarum
3462 2502 3744 2559 quaruinqu:

2202 2565 2500 2636 violaretur
2530 2565 2774 2636 indictio,
2806 2564 2897 2636 sed
2928 2564 3161 2636 peractis
3188 2563 3456 2636 cujusque
3482 2557 3745 2636 mensist'e

2202 2634 2297 2687 riis
2328 2633 2508 2704 locum
2538 2634 2728 2704 diebus
2756 2628 2982 2687 advenis
3004 2630 3179 2704 fecit,
3208 2642 3265 2685 et
3292 2628 3551 2704 Januario
3577 2628 3745 2704 quidem

2202 2710 2434 2773 quatuor
2457 2702 2745 2773 Kalendas,
2779 2711 2834 2757 et
2860 2710 2972 2773 tres
3001 2697 3273 2773 Kalendas
3302 2702 3589 2773 ngtfuario
3616 2697 3744 2773 dedit.

2203 2765 2374 2843 Aprili
2403 2788 2499 2829 sex
2530 2772 2801 2843 Kalendas
2837 2766 2981 2835 Maii,
3012 2772 3173 2828 Junio
3205 2780 3318 2843 tres
3342 2770 3611 2843 Kalendas
3633 2765 3743 2829 Julii,

2201 2840 2444 2913 Augusto
2464 2851 2700 2913 quatuor
2718 2842 3009 2913 Kalendas,
3037 2851 3093 2913 et
3117 2852 3229 2897 tres
3253 2840 3745 2913 KalendasSepteat:

2200 2905 2673 2983 bri§.ﬂSepiembri
2721 2924 2830 2968 tres
2866 2905 3135 2968 Kalendas
3178 2911 3454 2983 Qctobris,
3504 2905 3746 2983 Negembri

2204 2994 2312 3037 tres
2339 2976 2607 3039 Kalendas
2642 2984 2968 3038 Decembris.
3004 2979 3291 3037 Decembri
3333 2988 3565 3051 quatuor
3584 2976 3743 3032 Kalen-

2201 3053 2318 3117 das,
2358 3062 2413 3107 et
2444 3062 2558 3106 tres
2578 3052 2849 3123 Kalendas
2878 3050 3144 3107 Januarii.
3690 3113 3728 3123 ε,

2274 3116 2349 3194 tta
2396 3131 2576 3194 autem
2616 3121 2818 3194 factum
2858 3132 2942 3175 est
2983 3130 3044 3194 ut
3086 3136 3209 3177 cum
3233 3136 3439 3194 omnes
3479 3132 3670 3194 menses
3690 3116 3747 3194 lli,

2201 3192 2399 3261 quibus
2428 3192 2544 3247 dies
2566 3192 2793 3257 addidit,
2825 3202 2949 3261 an'e
2982 3192 3124 3247 hanc
3148 3192 3550 3248 ordinationem
3576 3189 3747 3261 habuis-

2203 3260 2326 3316 sent
2359 3263 2560 3317 mensis
2589 3264 2869 3331 sequentis
2898 3260 3169 3319 Kalendas
3207 3263 3292 3315 ad‘
3313 3262 3600 3331 decimum
3621 3260 3746 3323 seplt-

2203 3345 2351 3401 nium
2382 3327 2719 3387 revertentes
2755 3349 2769 3384 :
2811 3341 3002 3401 postea
3044 3348 3113 3385 ex
3161 3340 3459 3401 augmento
3490 3327 3747 3401 additurum

2200 3400 2434 3466 dierum,
2482 3402 2537 3454 hi
2569 3401 2659 3469 qui
2691 3399 2827 3455 duos
2869 3412 3222 3466 acceperunt,
3257 3400 3331 3453 ad
3380 3399 3639 3469 decimum
3672 3407 3747 3469 no-

2202 3486 2330 3523 num
2360 3489 2371 3522 :
2420 3465 2512 3537 qui
2554 3465 2688 3524 vero
2720 3486 2907 3535 unum,
2937 3465 3011 3523 ad
3034 3469 3195 3524 decin
3218 3484 3309 3523 unt
3338 3477 3586 3525 octavum
3622 3465 3749 3521 bal»-

2200 3551 2322 3593 rent
2354 3541 2584 3594 redi‘um
2615 3538 2997 3593 Kalendarum.

2630 3647 2870 3726 KXVlll.
2905 3647 3114 3702 Romuli
3144 3665 3373 3703 menses.

2556 3763 2800 3816 Martius.

2558 3833 2778 3900 Aprilis.

2556 3900 2747 3955 Maius.

2561 3969 2770 4025 Junius.

2560 4040 2831 4107 Quintilis.

2558 4112 2797 4169 Sextilis.

2556 4183 2897 4253 September.

2555 4254 2805 4323 October.

2421 4326 2453 4375 υ
2562 4325 2886 4380 November.

2385 4394 2449 4447 lO
2562 4396 2637 4447 De
2670 4395 2874 4448 ember.

2275 4465 2407 4518 ltuic
2436 4475 2641 4517 autem.
2668 4472 2727 4516 ut
2748 4465 3003 4528 diximus,
3040 4466 3259 4520 fuerunt
3284 4467 3621 4521 solummodo
3643 4478 3739 4519 men

2197 4547 2285 4588 SCS
2314 4544 2517 4587 CCCCIII.

2655 4620 2853 4674 XXIX.
2890 4619 3082 4675 Numa:
3108 4638 3334 4679 menses.

2552 4710 2859 4766 Januarius.

2558 4782 2898 4838 Februarius.

2550 4853 2795 4909 Martius.
2836 4880 2843 4887 ε

2553 4925 2771 4978 A..rilis.

2552 4994 2755 5048 Maius-

2546 5062 2756 5118 Junius.

2548 5136 2825 5198 Quintilis;

2538 5203 2793 5259 Sextilis.

2551 5276 2897 5342 September.

2553 5341 2809 5402 October.

2552 5414 2877 5473 November.

2548 5486 2862 5542 December.

2265 5573 2469 5656 )‘itiose
2508 5584 2693 5656 autem
2720 5575 2976 5656 Quiutihs
3002 5586 3060 5656 et
3086 5579 3131 5632 S
3164 5581 3332 5649 stilis,
3379 5585 3473 5656 qui
3519 5598 3631 5656 non

2191 5645 2407 5711 quintus
2435 5654 2529 5699 aut
2554 5655 2763 5716 sextus,
2795 5647 2893 5700 sed
2920 5648 3190 5716 septimus
3218 5660 3279 5707 et
3306 5645 3531 5711 oct'avue
3557 5652 3639 5713 ex

2191 5724 2336 5778 rant,
2386 5729 2586 5769 nomen
2632 5715 2997 5769 retinuerunt.
3043 5720 3291 5783 Quorum
3352 5725 3583 5781 alta-mu
3620 5722 3755 5781 ca-

2190 5784 2368 5863 tlznsar
2393 5798 2493 5837 suo
2523 5783 2766 5863 nomine,
2797 5783 2848 5837 id
2880 5794 2965 5839 est
2992 5784 3195 5845 Jnlium
3223 5794 3561 5863 appellavit:
3584 5788 3751 5857 ω

2192 5850 2243 5904 iu
2276 5852 2404 5933 vitio
2436 5866 2605 5919 usque
2646 5852 2712 5906 ad
2744 5855 3139 5933 imperatorem
3180 5850 3487 5931 Αυξξηωω

2192 5929 2363 5987 rautc,
2390 5937 2421 5977 a
2449 5936 2556 5993 quo
2585 5924 2786 5983 mensis
2813 5924 2904 5984 ille
2934 5933 3209 6000 Augu.tus
3237 5924 3321 5989 est
3347 5924 3662 6007 appellata.

2416 3764 2438 3815 1

2416 3833 2451 3884 2

2416 3903 2450 3955 5

2420 3974 2454 4023 4

2416 4036 2450 4095 5

2417 4112 2450 4166 6

2415 4184 2445 4236 7

2414 4254 2447 4306 8

2412 4713 2435 4765 1

2407 4784 2444 4835 ‘2

2407 4854 2442 4906 5

2410 4924 2444 4977 4

2403 5066 2437 5117 6

2406 5135 2437 5186 ’1

2405 5203 2440 5256 8

2413 5274 2451 5331 9.

2380 5344 2399 5394 l
2412 5345 2446 5396 ll

2376 5414 2397 5467 1

2371 5486 2392 5537 l

2417 5415 2435 5468 l

2403 5484 2438 5537 3
