3920 6238
630 431 734 484 667

989 428 1192 486 ΒΕοτιξ
1235 431 1393 489 VEN.
1432 435 1637 492 OPER.
1681 437 1859 494 PAltS
1900 437 1941 492 ι.
1978 439 2178 495 SECT.
2224 439 2290 498 ll.
2325 469 2396 481 —-
2436 397 2883 500 DIDASCA-LlCA
2927 446 3173 514 Sl’UliIA
3222 449 3306 504 ET
3350 451 3563 506 DUDIA

3759 457 3826 511 668

628 543 662 596 7
705 543 952 620 similiter
993 559 1100 620 non
1148 544 1445 599 existentes
1490 547 1828 620 numeri._t_tt
1852 557 1999 620 sunt,
2028 551 2058 603 7
2089 559 2145 603 rt
2182 549 2215 603 5
2247 556 2290 612 Α
2321 549 2543 611 faciunt.
2574 553 2716 606 valet
2747 555 2889 608 enim
2925 570 3109 611 verum
3148 557 3383 616 efficere.
3416 571 3473 614 et
3500 564 3658 617 minus
3678 580 3758 619 non
3775 570 3823 620 el-

628 616 765 676 veri,
801 612 849 666 id
881 623 965 667 est
1003 615 1326 668 existentem
1367 631 1649 670 numerum
1692 614 1958 680 efﬁciunt.
1991 619 2096 673 hoc
2134 631 2218 675 est

629 682 929 735 denarium.
951 683 1041 737 Sic
1059 685 1165 737 duo
1184 700 1289 737 non
1307 685 1602 741 existentes
1624 703 1972 742 numerorum
1993 704 2217 743 summa:

628 753 1010 814 tlenominatm,
1055 763 1110 806 ut
1151 764 1277 807 sunt
1308 753 1342 808 5
1371 756 1546 810 minus
1573 764 1630 810 et
1653 757 1682 808 7
1709 758 1908 823 minus,
1950 758 2014 812 lt)
2039 760 2216 812 minus

2321 621 2522 705 ficere;
2552 622 2717 705 jung_e
2759 626 2798 705 ξ
2837 627 3014 705 minus
3043 636 3098 705 et
3134 628 3184 692 7,
3221 629 3348 705 li_ttnt
3379 631 3485 705 ιος
3514 634 3691 705 iterum
3714 637 3827 705 juuge

2321 689 2355 742 5
2382 693 2737 774 minusetﬂ,‘
2767 692 2920 774 ﬁunt“
2940 694 2973 748 4
2995 738 3009 757 ,
3037 689 3210 774 iunge
3232 698 3266 752 5
3297 710 3350 754 et
3378 700 3409 752 7
3450 689 3636 769 minus,
3671 689 3827 774 juiigevi

2325 765 2501 815 minus
2527 772 2582 817 et
2611 765 2640 816 7
2669 765 2865 828 minus,
2892 765 3019 818 liunt
3047 767 3114 822 10
3143 769 3335 824 minus.

1094 1016 1328 1076 INCIPI
1344 1016 1496 1076 UNT
1543 1015 1754 1076 ΑΗΕ
1803 1015 2206 1076 ΡΒΟΙὈΞΙΤΙ

2323 1016 2424 1073 'ES
2469 1017 2574 1074 AD
2620 998 3034 1076 ACUEND'OS
3076 1018 3447 1083 JUVENES.

1129 1228 1194 1283 Et
1218 1232 1384 1299 primo
1414 1231 1476 1284 de
1497 1231 1697 1285 limace.

700 1323 888 1375 Limax
937 1321 1035 1375 fuit
1075 1322 1143 1375 ab
1172 1321 1462 1375 hirundine
1506 1321 1763 1376 invitatus
1815 1321 1882 1375 ad
1923 1321 2212 1390 prandium

622 1392 1016 1457 infraleucam
1058 1408 1243 1457 unam,
1293 1393 1346 1445 in
1394 1392 1482 1446 die
1509 1400 1688 1444 autem
1734 1407 1839 1444 non
1873 1393 2048 1459 potuit
2083 1391 2206 1457 plus

623 1479 784 1532 quant
825 1478 987 1517 unam
1021 1466 1234 1532 unciam
1263 1460 1412 1532 pedis
1441 1461 1925 1532 ambulare._Dicat
1953 1463 2041 1531 qui
2072 1462 2207 1532 velit

623 1530 676 1588 in
699 1542 834 1601 quot
863 1542 1034 1586 annos
1063 1533 1148 1586 vel
1176 1531 1291 1585 dies
1318 1531 1385 1585 ad
1427 1531 1567 1586 idem
1592 1530 1878 1600 prandium
1902 1530 2016 1602 ipse
2047 1531 2212 1586 limax

623 1603 1032 1673 perambulavit.

623 1693 703 1746 De
726 1694 933 1746 homine
963 1700 1011 1743 et
1041 1692 1161 1744 aliis
1189 1689 1480 1744 hominibus
1511 1691 1565 1744 in
1593 1691 1676 1745 via
1715 1691 1812 1746 sibi
1858 1692 2200 1746 obviantibus.

694 1784 920 1849 Quidam
949 1781 1030 1834 vir
1059 1781 1346 1835 ambulans
1367 1797 1462 1849 per
1483 1783 1643 1843 viam,
1669 1781 1805 1835 vidit
1830 1782 1931 1836 sibi
1957 1782 2092 1836 alios
2115 1782 2212 1836 ho-

621 1855 795 1906 mines
824 1852 1125 1913 obviantes,
1167 1860 1224 1905 et
1267 1853 1401 1905 dixit
1424 1851 1542 1906 eis:
1581 1852 1792 1908 Ut-nam
1841 1852 2075 1907 fuissetis
2121 1853 2212 1907 alii

2999 1224 3077 1281 De
3093 1246 3239 1299 sago.

2394 1316 2575 1387 llaheo
2603 1330 2788 1382 sagum
2820 1316 3106 1387 habentem
3135 1321 3184 1373 in
3215 1322 3552 1387 longitudine
3573 1327 3746 1379 Cubitus
3765 1329 3829 1379 ltiti

2317 1395 2372 1463 et
2396 1388 2458 1463 in
2473 1386 2810 1463 longitudine
2834 1385 2904 1439 80
2929 1405 2944 1453 ;
2972 1389 3096 1442 volo
3118 1385 3438 1459 exindeper
3462 1394 3712 1463 portiones
3729 1413 3833 1462 sagu-

2319 1456 2408 1531 los
2420 1453 2733 1531 _facer’e,_ita
2763 1465 2823 1531 ut
2844 1453 3387 1531 unaquzeqneportio
3422 1453 3614 1518 hibeat
3639 1467 3682 1518 in
3707 1453 3811 1531 longi

2321 1527 2504 1604 tudine
2533 1527 2744 1579 cubitos
2775 1523 2807 1578 5
2836 1523 3286 1604 ειιιϊίᾳιὶιιιιιξιιρ
3305 1532 3526 1604 cubitos
3551 1535 3596 1587 4.
3628 1535 3704 1590 Dic
3723 1523 3832 1604 euge,

2317 1597 2557 1665 sapiens,
2590 1605 2720 1665 quot
2746 1598 3142 1702 sagplinexinde
3175 1601 3289 1654 tieri
3316 1603 3546 1670 possint.

2907 1686 2988 1740 De
3006 1687 3323 1743 linteamine.

2390 1777 2576 1833 Habeo
2605 1779 2894 1848 lint‘eamen
2921 1793 3101 1839 unum.
3132 1779 3348 1848 longum
3379 1784 3670 1838 cubitorum
3691 1787 3759 1842 60,
3784 1786 3834 1836 lu-

2321 1857 2433 1902 tum
2461 1849 2764 1904 cubitorum
2795 1847 2884 1913 60,
2916 1850 3045 1920 volo
3074 1847 3267 1904 exinde
3292 1854 3570 1920 portiones
3597 1854 3760 1915 facii-9,
3787 1860 3832 1906 ita

624 1933 832 1976 tantum
864 1921 1051 1987 quanti
1083 1922 1233 1985 estis,
1265 1930 1322 1975 et
1353 1921 1613 1975 medietas
1656 1922 1982 1987 medietatis,
2008 1930 2062 1976 et
2087 1938 2206 1976 rur-

2323 1928 2379 1972 ut
2412 1932 2752 1990 unaquaique
2789 1917 2966 1990 portio
2995 1919 3193 1972 habeat
3231 1917 3304 1974 in’
3324 1921 3649 1990 longitudine
3679 1925 3833 1977 cubitus

618 2009 711 2048 sus
749 1993 817 2044 de
859 1991 1148 2044 medietate
1198 1991 1481 2049 medietas.
1522 2001 1647 2047 tunc
1679 2007 1783 2048 una
1829 2007 2039 2046 mecum
2080 2008 2212 2047 cenc

623 2073 733 2115 tum
768 2061 1024 2114 fuissetis.
1062 2059 1214 2115 Dicat
1242 2061 1334 2130 qui
1367 2062 1480 2115 vult
1508 2073 1640 2130 quot
1677 2063 1861 2134 primis
1891 2063 1959 2117 ab
1988 2063 2080 2118 illo
2113 2063 2212 2116 visi

619 2137 850 2188 luerunt.
1073 2158 1076 2159 ν

823 2224 902 2277 De
927 2223 1125 2278 duobus
1158 2224 1605 2294 proﬁciscentibus
1634 2226 1755 2278 visis
1795 2226 2030 2279 ciconiis.

701 2312 812 2365 [)no
843 2315 941 2366 viri
971 2314 1310 2368 ambulantes
1355 2330 1450 2383 per
1490 2315 1629 2367 tiam
1675 2313 1921 2369 vidertes
1948 2313 2208 2379 ciconias,

615 2379 867 2436 dixerunt
896 2385 1036 2437 inter
1055 2398 1114 2436 se
1141 2401 1152 2434 :
1185 2391 1326 2448 Quot
1348 2379 1508 2439 sunt?
1536 2384 1637 2449 Qui
1660 2383 1865 2438 confer.
1885 2393 2004 2437 ntes
2023 2399 2212 2438 nume-

617 2468 736 2505 rum
763 2453 1035 2516 dixerunt,
1069 2452 1126 2507 Si
1150 2463 1330 2508 essent
1361 2454 1477 2509 alite
1505 2463 1663 2507 tantm
1689 2462 1742 2507 et
1767 2455 1930 2507 etiam
1965 2464 2126 2507 tanta)
2155 2461 2211 2505 et

620 2523 881 2578 medietas
931 2524 1103 2586 tertii,
1155 2524 1382 2589 adjectis
1431 2524 1660 2590 duabus,
1700 2532 1914 2578 centum
1961 2524 2205 2578 fuissent.

619 2591 772 2670 Dicat
798 2595 886 2662 qui
921 2603 1100 2663 potest
1129 2604 1344 2664 quanta:
1375 2593 1592 2648 fuerunt
1624 2609 1740 2663 qua:
1785 2595 1973 2663 primis
2009 2599 2075 2649 ab
2104 2594 2209 2648 illis

617 2676 744 2715 Visa:
767 2673 911 2717 sunt.

807 2754 884 2808 De
909 2756 1117 2810 homine
1147 2766 1194 2809 et
1217 2760 1359 2827 equis
1391 2759 1441 2810 in
1473 2775 1651 2826 campo
1683 2769 1892 2826 poscent
1916 2757 2025 2811 bus.

693 2845 919 2910 Quidam
967 2849 1133 2902 homo
1185 2849 1316 2901 vidit
1366 2863 1534 2915 equos
1581 2850 1959 2916 pascentes'in
1992 2863 2206 2917 campo;

617 2919 825 2982 optavit
865 2917 1090 2972 dicens:
1125 2920 1340 2974 Utinam
1375 2919 1606 2973 fuisetis
1639 2920 1740 2972 mei
1790 2928 1845 2971 et
1885 2918 2077 2972 essetis
2118 2919 2207 2972 alii

618 2995 827 3046 tantum
855 3002 909 3040 et
934 2989 1193 3042 medietas
1223 2989 1545 3050 medietatis,
1576 3000 1725 3044 certe
1752 2988 2015 3054 gloriarer
2043 3003 2210 3056 super

615 3070 786 3122 equos
807 3067 1043 3128 centum.
1077 3058 1356 3110 Di~cernat
1387 3061 1477 3125 qui
1513 3060 1625 3112 vult
1649 3069 1783 3128 quot
1811 3075 1981 3128 equos
2007 3058 2058 3111 in
2093 3059 2204 3128 pri-

616 3128 718 3179 mis
745 3129 878 3179 vidit
907 3127 997 3197 iile
1026 3129 1188 3181 homo
1220 3141 1522 3196 pascentes.

964 3219 1038 3272 De
1065 3231 1294 3290 emptore
1316 3221 1368 3273 in
1393 3220 1623 3274 denariis
1649 3231 1870 3273 centum.

693 3309 834 3360 Dix‘t
863 3314 1081 3377 quidam
1114 3325 1384 3367 mercator
1412 3331 1425 3366 :
1457 3315 1588 3369 Volo
1629 3315 1698 3368 de
1727 3327 1943 3368 centum
1971 3313 2206 3366 denariis

616 3388 832 3432 rentu'n
864 3396 1060 3446 porcos
1079 3397 1283 3447 emere,
1317 3385 1395 3437 sic
1427 3394 1605 3438 tamen
1637 3394 1697 3438 ut
1737 3400 1920 3438 verres
1952 3384 2016 3437 l0
2041 3387 2209 3438 denao

620 3450 713 3502 riis
742 3462 972 3514 ematur,
1000 3454 1175 3504 scrofa
1209 3465 1388 3506 autem
1421 3452 1473 3515 5,
1503 3456 1608 3507 (1υο
1636 3471 1764 3508 vero
1793 3456 2009 3521 porcelli
2047 3455 2066 3506 1
2106 3457 2204 3506 de-

621 3522 795 3573 nario.
835 3521 982 3575 Dicat
1009 3522 1099 3589 qui
1150 3523 1398 3589 intelligit
1428 3532 1559 3588 quot
1585 3539 1789 3585 verres,
1813 3534 1948 3588 quot
1991 3527 2203 3584 scrobe,

613 3600 816 3662 quotve
843 3593 1065 3657 porcelli
1092 3608 1212 3646 esse
1235 3595 1483 3655 debeant,
1511 3602 1567 3645 ut
1589 3593 1639 3646 in
1672 3596 1877 3647 neutris
1902 3609 1998 3647 nec
2017 3611 2207 3662 supcr-
2233 3647 2238 3652 ,

618 3659 856 3712 abundet
883 3676 1162 3728 numerus,
1196 3679 1294 3718 nec
1323 3665 1613 3717 minuatur.

619 3768 699 3822 De
737 3769 930 3823 duobus
954 3770 1260 3825 habentibus
1282 3775 1680 3842 negotiationem
1707 3791 1736 3828 c
1761 3776 1859 3828 sol.
1888 3790 2204 3828 communes.

692 3863 930 3917 Fuerunt
953 3863 1062 3918 duo
1093 3864 1458 3931 negotiatores
1480 3865 1742 3918 habentes
1763 3876 1977 3919 centum
2001 3866 2208 3920 solidos

617 3949 956 3994 communes,
989 3934 1185 4001 quibus
1213 3944 1458 3988 emerent
1485 3949 1714 4002 porcos;
1746 3945 1992 3988 emerunt
2023 3945 2204 3989 autem

619 4005 668 4054 in
688 4003 876 4056 solidis
897 4004 932 4056 2
956 4021 1149 4074 porcos
1171 4003 1222 4065 5,
1253 4005 1496 4058 volentes
1518 4019 1615 4059 eos
1634 4005 1901 4072 saginare,
1926 4014 2087 4071 atque
2106 4007 2206 4058 ite-

618 4090 735 4144 rum
769 4075 1098 4139 venundare,
1131 4087 1185 4128 et
1210 4077 1262 4128 in
1285 4077 1471 4130 solidis
1496 4076 1704 4130 lucrum
1735 4075 2205 4144 facere.'Cumque

617 4141 879 4216 vidis~ent
913 4152 1132 4216 tempus
1170 4161 1275 4199 non
1305 4160 1420 4199 ess:
1453 4146 1521 4198 ad
1550 4147 1769 4212 saginan
1791 4147 1872 4198 los
1901 4141 2206 4216 porcos,_e_t

617 4214 718 4279 ipsi
745 4228 838 4263 eos
869 4229 973 4264 non
997 4215 1293 4268 valuissent
1316 4228 1555 4283 tempore
1577 4215 1792 4269 hiemali
1818 4231 2058 4283 pascere,
2087 4214 2204 4270 ten-

622 4292 802 4334 lavere
835 4285 1194 4336 venunt‘lando
1222 4288 1264 4337 si
1301 4286 1601 4350 potuissent
1639 4286 1842 4339 lucrum
1874 4284 2075 4349 facere,
2109 4287 2203 4340 sed

618 4367 724 4404 non
751 4361 1064 4423 potuerunt,
1097 4354 1220 4421 quia
1273 4370 1378 4405 non
1431 4353 1679 4406 valebant
1723 4371 1816 4407 eos
1847 4357 2074 4423 amplius
2107 4372 2201 4409 ve-

620 4421 882 4487 nundare,
913 4422 1008 4474 nisi
1040 4432 1098 4474 nt
1122 4424 1286 4490 empti
1318 4425 1551 4489 fuerant,
1583 4423 1633 4474 id
1665 4431 1747 4475 est
1778 4435 1835 4474 ut
1863 4421 1993 4476 dei5
2024 4427 2202 4492 porcis

616 4492 652 4543 ‘2
675 4492 881 4545 solidos
922 4493 1268 4558 acciperent;
1301 4510 1422 4546 eum
1457 4496 1560 4547 hoc
1589 4494 2017 4560 conspexissent,
2049 4495 2202 4547 dixe-

618 4574 736 4614 runt
763 4562 827 4613 ad
854 4563 1112 4615 invicem:
1144 4564 1450 4617 Dividamus
1473 4579 1597 4626 eos;
1625 4561 1926 4616 dividentes
1951 4573 2129 4616 autem
2147 4574 2197 4614 et,

2314 2004 2478 2043 senos
2504 2000 2560 2042 et
2579 1989 2632 2042 in
2664 1987 2948 2042 latitudine
2975 1998 3292 2056 quaternos,
3324 2000 3380 2044 ut
3403 1987 3633 2048 sufficiat
3652 1994 3708 2046 ad
3737 1993 3836 2046 tuui-

2315 2074 2432 2130 cam
2462 2056 2850 2130 conscendam.
2885 2058 3037 2112 Dicat
3064 2060 3155 2127 qui
3187 2060 3300 2114 vult
3320 2074 3456 2130 quot
3487 2065 3668 2119 tunica:
3693 2065 3834 2116 exinde

2316 2128 2430 2182 fieri
2456 2129 2683 2200 possint.

2474 2222 2550 2276 De
2579 2222 2775 2275 duobus
2805 2221 3096 2302 hominibus
3117 2223 3249 2302 alter
3276 2223 3494 2279 alterius
3518 2244 3722 2280 sororem

2916 2294 3302 2359 accipientibus.

2383 2382 2438 2437 Si
2470 2382 2574 2436 duo
2613 2382 2860 2435 homines
2890 2381 3188 2436 adinvicem
3232 2383 3372 2437 alter
3403 2385 3624 2438 alterius
3651 2399 3836 2436 sororem
3917 2391 3920 2420 I

2311 2452 2365 2506 in
2398 2451 2702 2525 coniugium
2734 2452 3163 2525 sumpserit._dic
3209 2454 3388 2523 (rogo)
3431 2470 3538 2523 qua
3584 2454 3836 2525 propinqui-

2313 2530 2425 2577 tate
2453 2523 2542 2575 lilii
2573 2537 2761 2576 eorum
2793 2519 2893 2575 sibi
2925 2519 3248 2590 pertineant}

2480 2612 2558 2666 De
2586 2614 2784 2666 duobus
2809 2612 3094 2667 hominibus
3120 2615 3251 2667 alter
3280 2616 3496 2670 alterius
3525 2626 3724 2670 matrem
3917 2573 3920 2652 ‘

2916 2684 3303 2753 accipientibus.

2385 2780 2440 2832 Si
2471 2779 2575 2832 duo
2617 2778 2864 2831 homines
2895 2777 3032 2830 alter
3058 2777 3280 2831 alterius
3310 2787 3540 2834 matrem
3577 2779 3786 2833 similiter
3806 2777 3838 2824 in
3917 2757 3920 2890 |

2385 2850 2618 2890 ninnium
2670 2847 2974 2890 strumam-it-
3023 2846 3164 2890 nnali
3204 2851 3530 2890 animalian
3580 2849 3664 2890 (iiii
3703 2860 3837 2890 eorum

2313 2850 2619 2915 Coniugium
2670 2847 2976 2915 sumpserit,
3023 2846 3165 2915 quali
3204 2851 3530 2915 cognatione
3579 2849 3665 2901 fiiii
3703 2860 3837 2900 conuii

2313 2919 2413 2972 sibi
2440 2917 2873 2984 coniungantur?

2313 2983 2563 3057 Depatre
2590 2983 2657 3039 et
2680 2987 3042 3057 ﬁliogmatrem
3079 2995 3128 3038 et
3155 2988 3270 3056 ejus
3301 2986 3468 3054 filiam
3511 2987 3840 3057 accipientibus.

2383 3056 2438 3112 Si
2463 3057 2704 3112 relictam
2736 3055 2814 3110 vel
2843 3055 3052 3108 viduam
3079 3066 3130 3109 et
3155 3055 3313 3109 filiam
3347 3058 3494 3111 illius
3518 3059 3570 3112 in
3599 3055 3840 3123 coniugium

2313 3129 2513 3181 ducant
2535 3136 2690 3194 pater
2712 3135 2766 3180 et
2790 3125 2949 3188 filius,
2973 3126 3050 3178 sic
3074 3137 3248 3179 tamen
3282 3138 3338 3179 ut
3367 3127 3510 3183 titius
3537 3128 3744 3194 accipiat
3761 3137 3842 3172 uia-

2317 3208 2474 3258 trem,
2494 3206 2548 3250 et
2570 3204 2724 3263 pater
2748 3197 2944 3259 tiliam;
2971 3196 3060 3246 lilii
3083 3196 3170 3262 qui
3194 3212 3261 3249 ex
3283 3195 3366 3248 his
3390 3195 3591 3249 fuerint
3611 3201 3842 3264 procreati.

2235 3279 2280 3338 ρ
2314 3268 2399 3320 dic
2432 3266 2658 3336 (quaeso)
2683 3266 2829 3333 quali
2859 3266 3181 3331 cognatione
3213 3268 3622 3332 subiungantur.

2571 3353 2651 3406 De
2679 3355 3060 3423 patrefamilios
3086 3362 3140 3408 et
3165 3356 3325 3407 tribus
3356 3357 3487 3427 ﬁliis
3513 3358 3642 3425 ejus.
3917 3349 3920 3442 χ

2383 3445 2609 3511 Quidam
2636 3444 3020 3512 paterfamilias
3043 3445 3277 3498 mai-iens
3297 3445 3482 3499 divisit
3514 3449 3565 3499 in
3591 3445 3844 3500 haereditate

2314 3517 2484 3568 tribus
2515 3515 2636 3568 liliis
2683 3517 2794 3569 suis
2841 3517 3056 3582 triginta
3086 3516 3352 3584 ampullas
3391 3518 3630 3583 vitreas,
3671 3527 3845 3583 qustum

2311 3588 2499 3639 decem
2552 3585 2768 3638 fuerunt
2805 3586 2978 3654 plena:
3023 3585 3179 3645 oleo.
3221 3586 3340 3638 alia:
3388 3591 3607 3648 decem,
3639 3586 3843 3639 dimittis.

2314 3656 2438 3706 terti
2458 3671 2487 3725 u
2515 3655 2723 3711 decem.
2771 3671 2974 3708 vacuzr.
3025 3655 3236 3708 Dividat
3261 3656 3352 3724 qui
3401 3666 3589 3725 pote:t
3630 3657 3780 3709 oleum
3810 3659 3846 3701 et

2312 3724 2599 3790 ampullas,
2631 3733 2686 3774 ut
2717 3725 3006 3791 unicuique
3031 3739 3219 3778 eorum
3248 3727 3315 3779 de
3361 3724 3540 3780 tribus
3573 3727 3690 3782 liliis
3713 3738 3846 3790 :cqm-

2312 3793 2434 3847 liter
2462 3793 2736 3855 obveniat,
2771 3802 2878 3844 tam
2910 3798 2976 3846 de
3003 3793 3174 3846 vitreo
3203 3811 3364 3862 quam
3393 3796 3465 3850 de
3501 3798 3645 3851 oleo.

2394 3883 2472 3937 De
2501 3900 2616 3954 rege
2637 3894 2684 3936 et
2709 3887 2822 3953 ejus
2849 3884 3077 3955 exercitu
3100 3885 3153 3937 in
3175 3887 3389 3955 triginta
3414 3889 3558 3941 villis
3585 3888 3787 3940 collecto.

2379 3972 2606 4038 Quidam
2653 3987 2749 4026 rex
2792 3972 2949 4039 jussit
3000 3971 3198 4026 famulo
3245 3991 3343 4027 suo
3388 3974 3455 4029 de
3510 3977 3719 4042 triginta
3755 3971 3849 4042 vllis

2308 4043 2564 4114 colligere
2595 4044 2914 4103 exercitum.
2948 4059 3013 4096 eo
3043 4044 3202 4097 modo
3235 4054 3293 4096 ut
3322 4060 3389 4098 ex
3421 4041 3737 4114 unaquaque
3762 4041 3845 4091 vilis

2310 4122 2388 4166 tot
2419 4113 2666 4166 homines
2689 4121 2927 4166 sumeret
2947 4122 3217 4179 quotquot
3247 4115 3371 4168 illuc
3398 4113 3730 4170 adduXisset.
3771 4113 3853 4177 ipse

2309 4182 2588 4257 tamen_ad
2619 4183 2845 4257 primam
2879 4183 3057 4257 villam
3101 4183 3252 4238 solus
3280 4186 3447 4248 venit;
3501 4187 3571 4240 ad
3614 4181 3850 4257 secundant

2307 4268 2428 4307 eum
2461 4253 2653 4318 altero,
2682 4254 2792 4328 jam
2818 4253 2891 4328 ad
2923 4253 3136 4328 tertiam
3169 4263 3277 4308 tres
3304 4266 3604 4328 venerunt.
3640 4253 3849 4328 Dicatqni

2309 4333 2489 4445 ριῖἶβει
2521 4334 2656 4391 quot
2683 4325 2930 4379 homines
2960 4323 3190 4378 fuissent
3230 4327 3452 4381 collecti
3480 4329 3552 4382 de
3584 4329 3664 4382 his
3692 4323 3852 4389 triginta

2309 4410 2352 4445 \‘l
2401 4410 2463 4445 IS.

2303 4395 2463 4446 villis.

2979 4464 3058 4518 De
3088 4469 3226 4520 bove.

2379 4555 2605 4630 Bl’sﬂui
2629 4567 2741 4611 tota
2774 4557 2862 4612 die
2890 4570 3096 4626 aratur,
3127 4570 3261 4630 quot
3281 4563 3520 4624 vestigia
3555 4563 3710 4618 faciat
3737 4560 3774 4611 in
3803 4565 3854 4605 iis

614 4634 913 4687 vendentes
941 4633 1078 4686 sicut
1102 4644 1363 4695 emerant,
1396 4634 1637 4701 fecerunt
1660 4635 1886 4687 lucrum.
1923 4633 2078 4687 Dicat
2105 4635 2195 4701 qui
2230 4626 2277 4683 Ι)
2307 4625 2433 4678 litua
2465 4627 2610 4693 riga?

614 4705 777 4764 valet,
811 4705 860 4756 in
893 4705 1072 4770 primis
1098 4715 1229 4770 quaet
1255 4706 1401 4768 porci
1432 4698 1723 4757 fueruntet
1749 4702 1952 4756 dividat
1981 4720 2044 4756 ac
2075 4698 2205 4758 ven-

613 4776 724 4831 dat.
761 4786 813 4826 et
845 4776 1048 4828 lucrum
1094 4774 1274 4841 faciat,
1306 4778 1449 4844 quod
1484 4775 1660 4829 facere
1688 4774 1756 4830 de
1786 4774 1944 4828 simul
1975 4776 2204 4829 venditis

615 4861 718 4896 non
756 4847 917 4898 valuit
948 4846 1110 4899 libras
1141 4844 1228 4899 50.
1669 4853 1676 4861 ’

1282 4937 1360 4991 De
1387 4940 1550 4994 disco.

686 5025 779 5078 Est
821 5026 1002 5097 discus
1029 5029 1119 5094 qui
1153 5038 1343 5094 pensat
1390 5032 1550 5084 libras
1582 5031 1667 5093 50,
1703 5035 1814 5086 sive
1842 5033 2044 5086 solidos
2075 5033 2199 5097 600,

615 5097 816 5149 habens
846 5096 894 5147 in
926 5112 984 5149 se
1008 5111 1221 5157 aurum,
1253 5108 1555 5163 argentum,
1587 5103 1950 5155 aurichalcmn
1976 5112 2030 5155 et
2052 5096 2203 5157 stané

614 5184 739 5219 num
769 5184 780 5219 :
806 5175 1064 5240 quantum
1091 5165 1252 5219 habet
1277 5167 1412 5240 auri,
1433 5176 1513 5220 ter
1537 5176 1742 5222 tantum
1766 5173 1927 5223 habet
1951 5175 2159 5240 argenti
2188 5193 2198 5225 :

614 5248 872 5305 quantum
897 5237 1060 5307 habet
1083 5237 1311 5303 argenti,
1330 5246 1411 5290 ter
1435 5246 1640 5290 tantum
1667 5240 1960 5293 aurichalci
1989 5237 2204 5307 {quan-

616 5317 726 5360 tum
759 5306 1077 5368 aurichalci,
1115 5317 1194 5360 ter
1222 5317 1432 5362 tantum
1463 5309 1664 5362 stanni.
1706 5309 1852 5362 Dii-at
1895 5311 1984 5377 qui
2027 5306 2205 5379 potest

614 5389 870 5443 quantum
899 5392 1227 5447 unaquaeiue
1255 5380 1466 5448 species
1490 5390 1699 5449 penset.

1284 5469 1360 5522 De
1388 5488 1540 5539 cupa.

685 5554 1098 5635 Estﬂcupa‘una
1129 5575 1249 5629 qua:
1289 5570 1501 5635 centum
1535 5575 1791 5620 metretas
1832 5565 2087 5635 impletur
2110 5581 2201 5620 ca-

613 5627 883 5700 pientibus
927 5627 1159 5696 singulis
1197 5631 1372 5682 modia
1413 5632 1508 5684 tria
1534 5676 1546 5694 ,
1582 5635 1784 5690 habens
1831 5627 2036 5690 list'ulas
2070 5646 2198 5700 tres,

609 5711 677 5776 ex
709 5697 1258 5776 modiorumnmncro
1286 5701 1477 5776 :_tei~ti:i
1502 5719 1622 5770 pars
1645 5713 1700 5756 et
1724 5718 1893 5767 sexta.
1922 5724 2016 5776 per
2039 5697 2200 5762 unam

613 5767 842 5846 tistnlam
889 5771 1089 5832 currit;
1142 5788 1237 5837 per
1265 5767 1516 5846 alteram,
1548 5775 1870 5846 tertiapars
1911 5767 2058 5840 sola;
2109 5795 2202 5846 per

611 5839 847 5904 tertiam,
879 5848 1030 5892 sexta
1080 5852 1306 5913 tantum.
1351 5841 1497 5893 Dicat
1525 5845 1612 5908 qui
1645 5839 1757 5896 vult
1793 5850 1936 5913 quod
1979 5839 2200 5904 sextarii

611 5921 710 5973 per
740 5922 1176 5986 unamquamque
1208 5911 1438 5966 fistulam
1470 5911 1849 5970 cncurrisseut.

2936 4696 3010 4750 De
3032 4698 3255 4752 homine.

2382 4784 2573 4860 Qumro
2605 4801 2632 4837 a
2665 4797 2716 4838 te
2744 4795 2802 4839 ut
2829 4787 2978 4841 dicas
3019 4789 3151 4860 mihi
3179 4798 3312 4856 quot
3346 4790 3494 4856 rigas
3540 4792 3699 4845 homo
3735 4789 3854 4839 tacui
3911 4833 3916 4860 λ

2309 4857 2506 4909 haheat
2538 4857 2586 4908 in
2614 4871 2755 4932 agr0_
2771 4873 2893 4922 suo,
2923 4857 3139 4932 quando
3162 4860 3229 4913 de
3253 4869 3490 4928 utroque
3525 4861 3701 4932 capite
3725 4868 3853 4924 eam?!
3911 4857 3917 4894 λ

2311 4937 2420 4981 tres
2451 4911 2699 4981 versuras
2731 4911 2898 4981 factas
2929 4911 3194 4982 habuerit.
3392 4911 3406 4928 ³
3600 4911 3612 4932 ³
3822 4911 3830 4924 ’
3911 4911 3920 4960 ·¹

2538 5015 2619 5069 De
2649 5016 2843 5070 duobus
2865 5017 3153 5071 hominibus
3174 5017 3324 5074 boves
3350 5021 3682 5075 ducentibus.

2381 5110 2499 5182 Duo
2514 5109 2792 5182 homines
2813 5108 3088 5182 ducebant
3123 5109 3293 5166 boves
3323 5127 3424 5182 per
3457 5115 3628 5177 viam,
3663 5130 3692 5167 e
3715 5110 3856 5182 quibo

2309 5197 2446 5252 unus
2473 5180 2608 5232 dixit
2641 5178 2795 5232 alteri
2825 5195 2841 5252 :_
2872 5179 2946 5252 na
2977 5181 3104 5234 mihi
3140 5182 3306 5252 boves
3323 5169 3483 5237 'duos
3513 5191 3576 5236 et
3603 5169 3856 5252 habebant
3903 5169 3917 5252 ξ

2308 5249 2472 5303 boves
2502 5258 2631 5317 quot
2660 5259 2716 5300 et
2747 5258 2802 5300 tu
2830 5249 3016 5302 babes.
3055 5252 3122 5302 At
3152 5251 3243 5304 ille
3271 5254 3385 5306 ait:
3421 5252 3504 5306 Da
3527 5252 3665 5306 mihi
3692 5249 3854 5314 (inutili

2308 5331 2364 5389 et
2395 5332 2449 5370 tu
2477 5321 2641 5389 boves
2668 5318 2826 5389 duos,
2854 5318 3146 5389 ethabeho
3177 5321 3401 5389 duplum
3437 5339 3615 5385 quam
3643 5333 3694 5372 tu
3719 5317 3858 5389 hstiis.
3897 5320 3910 5389 ξ

2311 5387 2461 5458 Dicat
2489 5388 2578 5454 qui
2605 5386 2734 5440 velit
2753 5394 2888 5452 quot
2912 5385 3080 5440 boves
3114 5385 3516 5457 fueruntqnod
3553 5387 3858 5458 unusquisqti

2307 5456 2511 5510 habuit.

2403 5546 2480 5619 De
2508 5546 2703 5600 duobus
2732 5544 2982 5616 fratribus
3007 5550 3245 5619 singulas
3268 5567 3480 5606 sorores
3514 5553 3810 5608 habentibus.

2339 5655 2351 5663 ·
2379 5641 2510 5696 Tics
2540 5642 2700 5709 igitur
2730 5638 2923 5695 fratres
2955 5649 3132 5702 erant,
3160 5645 3253 5712 qui
3286 5645 3540 5712 singulas
3568 5657 3773 5703 sorores
3789 5640 3856 5712 ll!‘
3889 5681 3902 5712 η

2306 5712 2523 5790 hebant,
2575 5712 2900 5790 etuiiuvium
2953 5709 3193 5790 transire
3229 5709 3550 5790 debebant,
3604 5725 3718 5772 erat

2309 5783 2599 5858 unicuique
2629 5784 2843 5858 illorum
2887 5783 3328 5858 concupiscentia
3361 5787 3412 5840 in
3449 5803 3650 5842 sorore
3889 5783 3898 5858 ἐξ

2307 5854 2423 5914 sui;
2455 5847 2547 5922 qui
2591 5855 2874 5924 venientes
2903 5851 2967 5924 ad
3000 5847 3242 5920 liu'vium,
3288 5872 3398 5911 non
3452 5847 3772 5914 invenerit!“
3895 5853 3898 5912 Ϊ

2306 5921 2528 5993 parvam
2561 5921 2890 5992 naviculam,
2924 5923 2977 5980 in
3001 5938 3108 5994 qua
3133 5941 3242 5982 non
3268 5935 3543 5998 poterant
3564 5921 3862 5998 antplitnltﬁt
