3920 6238
135 372 211 428 669
1104 371 1191 427 DE
1243 370 1730 428 ARITHMETICIS
1771 372 2387 429 PROPOSITIONIBUS.

3249 382 3353 435 670

132 486 211 537 duo
236 497 297 555 ex
321 481 424 535 illis
445 490 697 535 tranatre.
723 481 874 555 Dicat
896 482 984 555 qui
1007 491 1183 550 potest
1203 482 1429 555 qualiter
1452 480 1671 534 fluvium
1704 489 1742 540 Α
1776 494 1843 551 pc
1864 483 2177 555 ’esviginti,
2208 492 2261 555 et
2304 500 2371 555 tn,
2407 486 2686 539 latitudine
2733 503 2797 555 pe
2821 488 2895 541 ’es
2950 488 3157 543 decem.
3205 493 3351 546 ltieat

133 553 447 674 transierunt,
475 562 533 604 ut
563 567 631 605 ne
660 568 764 604 una
789 551 1000 619 quidem
1022 566 1205 604 earum
1236 567 1302 604 ex
1335 551 1463 619 ipsis
1484 565 1669 604 macu-

147 632 210 674 ιιι
236 632 321 674 ﬁll.

147 632 210 675 ita
236 632 321 675 διι.

386 711 462 766 De
484 713 605 781 lupo
633 719 683 764 et
705 719 862 777 Capra
888 717 936 763 et
957 711 1203 780 [articulo
1233 711 1388 762 cauli.

184 802 344 855 Homo
364 801 577 867 quidam
600 799 826 853 debebat
847 798 982 852 ultra
1005 798 1221 851 ﬂuvium
1242 800 1470 852 transire
1491 798 1673 866 lupum

135 884 169 924 et
194 870 497 924 fasciculum
540 870 681 922 cauli
711 877 765 920 et
802 883 1038 935 capram,
1071 877 1125 920 et
1157 884 1261 920 non
1295 869 1469 936 potuit
1512 868 1673 936 aliam

132 956 291 993 nivem
323 940 562 992 invenire
606 937 706 991 nisi
735 951 853 1004 quae
879 939 1013 990 duos
1044 945 1250 989 tantum
1284 935 1349 989 ex
1379 938 1507 1003 ipsis
1534 935 1675 989 ferre

130 1010 346 1067 valebat;
400 1016 724 1073 pratceptum
757 1006 1013 1073 itaque'ei
1046 1006 1218 1058 fuerat
1263 1015 1322 1058 ut
1351 1006 1530 1059 omnia
1564 1006 1676 1059 huic

133 1079 240 1131 ultra
272 1078 488 1129 omnino
517 1076 677 1130 illzcsa
712 1077 983 1128 transiret.
1016 1075 1165 1128 Dicat
1193 1076 1283 1143 qui
1326 1084 1506 1144 potest
1535 1089 1674 1141 quo—

131 1148 260 1200 modo
288 1161 381 1200 eos
404 1147 595 1199 illaesos
624 1146 761 1198 ultra
794 1147 1063 1197 transiret.

186 1237 252 1290 De
280 1239 389 1291 riro
412 1247 459 1289 et
483 1236 695 1289 muliere
725 1234 1125 1315 ponderantibus
1154 1234 1371 1303 plaustri
1401 1234 1602 1302 pondus

792 1314 982 1357 onusti.

185 1395 247 1449 De
276 1395 391 1446 viro
415 1404 468 1447 et
487 1393 727 1454 muliere,
757 1407 987 1460 quorum
1018 1403 1242 1459 uterque
1268 1391 1477 1461 pondus
1506 1390 1675 1445 habe-

131 1467 201 1518 bat
242 1465 459 1532 plaustri
502 1463 699 1526 onusti,
747 1464 882 1516 duos
930 1462 1188 1515 habentes
1232 1460 1482 1532 infantes,
1536 1462 1675 1514 inter

129 1528 354 1600 utrmque
375 1533 647 1597 plaustrali
673 1532 908 1599 pondere
932 1540 1233 1597 pensantes.
1255 1528 1473 1583 fluvium
1500 1539 1675 1583 trans-

130 1604 191 1655 ire
216 1604 500 1655 debuerunt
534 1620 545 1652 :
579 1615 766 1653 navem
798 1601 1116 1669 invenerunt
1154 1615 1287 1669 qua;
1314 1616 1419 1653 non
1462 1608 1672 1666 poterat

127 1672 241 1750 ferre
266 1673 363 1724 nisi
398 1686 557 1724 unum
590 1670 797 1739 pondus
821 1670 1063 1750 plaustri.
1095 1668 1465 1750 Trattsfretare
1494 1668 1670 1735 iaciat,

124 1744 198 1809 qui
218 1758 266 1796 se
290 1750 442 1813 putat
470 1755 628 1795 posse
691 1744 934 1799 neJtavis
966 1748 1256 1807 mergatur.

734 1828 813 1881 De
842 1830 1035 1882 kiricis.

184 1922 244 1973 D--
274 1922 456 1975 hiricis
482 1938 531 1974 m
551 1921 717 1975 Asculo
747 1932 799 1974 et
822 1921 1037 1982 femina,
1063 1922 1383 1979 habentibus
1410 1923 1546 1975 duos
1577 1938 1672 1975 na-

125 2002 214 2111 ιιές,
259 1992 444 2044 libram
487 1992 928 2061 ponderantibus,
969 1990 1185 2045 fluvium
1232 1993 1461 2045 transire
1490 1993 1673 2047 volent.

125 2071 263 2111 llius.

125 2071 263 2113 tibus.

395 2150 470 2203 De
492 2166 673 2220 campo
693 2160 743 2203 et
767 2150 941 2204 ovibus
970 2154 1019 2203 in
1042 2153 1376 2207 εοίοσαηάίε.

182 2238 264 2293 Est
290 2255 508 2311 campus
529 2242 620 2307 qui
650 2241 810 2294 habet
834 2241 885 2293 in
915 2242 1247 2310 longitudine
1276 2244 1442 2311 pedes
1467 2244 1671 2297 ducen-

116 2320 210 2373 tos,
236 2319 287 2362 et
308 2310 667 2373 in‘latitudine
698 2311 860 2379 pedes
888 2322 1104 2365 centum
1132 2329 1146 2363 :
1179 2310 1301 2366 volo
1328 2313 1525 2367 ibidem
1553 2314 1677 2365 tuit—

119 2386 221 2431 tere
251 2395 399 2441 oves,
442 2381 519 2432 sic
564 2389 740 2431 tamen
784 2391 842 2431 ut
873 2395 1205 2448 unaquaeque
1246 2384 1363 2443 ovis
1394 2382 1588 2437 habent
1622 2382 1672 2434 in

118 2449 430 2519 longitudine
460 2450 621 2515 pedes
651 2448 908 2517 quinque,
941 2458 995 2501 et
1020 2450 1071 2501 in
1104 2450 1211 2503 lato
1233 2460 1488 2519 quatuor.
1522 2452 1676 2505 Dicat

116 2522 274 2585 (rogo)
305 2518 395 2585 qui
429 2519 569 2570 valet
587 2519 731 2585 quod
762 2534 948 2571 omnes
980 2519 1049 2597 ibi
1072 2520 1173 2573 letn
1205 2518 1377 2574 locari
1404 2521 1632 2590 possint.

590 2607 666 2658 De
692 2624 869 2675 camjso
899 2609 1186 2677 fastigioso.

173 2698 261 2750 Est
289 2714 511 2767 campus
540 2698 861 2766 la~tiginsus,
911 2700 1000 2767 qui
1035 2700 1202 2753 habet
1249 2700 1301 2754 in
1353 2717 1460 2755 uno
1507 2701 1677 2755 latere

110 2770 327 2839 perticas
370 2780 611 2833 centum,
641 2778 693 2821 et
724 2769 773 2820 in
806 2772 912 2821 alio
946 2772 1115 2823 latere
1157 2772 1388 2839 perticas
1430 2781 1672 2837 centum,

111 2848 155 2887 et
186 2839 230 2889 in
257 2837 693 2909 fronteperticas
722 2839 1130 2908 quinquaginta,
1160 2837 1215 2893 et
1241 2840 1293 2893 in
1324 2840 1501 2894 medio
1548 2857 1673 2909 per-

109 2910 227 2958 ticas
268 2908 571 2977 sexaginta,
611 2916 667 2959 et
712 2909 764 2960 itt
819 2909 986 2961 altera
1032 2910 1205 2962 fronte
1252 2912 1485 2977 perticas
1520 2908 1674 2975 quin-

107 2977 367 3046 quaginta.
403 2977 553 3028 Dicat
588 2977 681 3044 qui
725 2987 902 3044 potest
933 2986 1067 3045 quot
1103 2979 1392 3046 aripeunos
1422 2980 1539 3031 clau
1564 2985 1674 3032 tere

105 3045 265 3099 ύιξὶιθτ.

539 3117 612 3169 L‘e
642 3132 820 3186 campo
850 3118 1004 3183 quad:
1017 3120 1225 3188 angulo.

1775 562 1908 619 qttot
1936 552 2129 604 domus
2147 554 2265 621 capi
2293 553 2505 607 debent.

2268 642 2346 695 De
2375 645 2575 697 civitate
2604 647 2846 699 rotunda.

1848 730 1939 784 Est
1980 732 2167 803 civitas
2197 734 2421 785 rotunda
2455 750 2574 800 qua:
2618 734 2778 789 habet
2816 738 2866 788 in
2898 738 3121 789 circuitu
3152 741 3350 803 pedum

1776 802 2113 876 pctomillia.
2144 800 2291 854 Dicat
2319 804 2407 867 qui
2445 812 2621 876 potest
2659 814 2791 876 quot
2812 806 3002 859 domos
3042 800 3352 876 capérede-

1776 870 1885 943 bet,
1921 870 1989 921 ita
2024 879 2082 943 ut
2116 885 2449 943 unaqtueque
2472 870 2893 943 rdomus’ltabeat
2931 876 2982 926 in
3016 870 3352 943 longitudine

1776 939 1941 1005 pedes
1966 940 2200 1008 triginta,
2231 942 2357 993 etin
2389 942 2667 994 latitudine
2699 942 2864 1010 pedes
2892 945 3100 1011 viginti.

2400 1050 2474 1103 De
2501 1052 2734 1105 basilica.

1852 1136 1946 1190 Est
1978 1138 2194 1191 basilica
2227 1152 2346 1205 qua:
2377 1140 2536 1192 habet
2559 1141 2609 1193 in
2635 1140 2962 1207 longitudine
2989 1142 3148 1207 pedes
3166 1141 3269 1196 sto
3299 1152 3354 1197 et

1777 1206 1972 1259 inlato
2014 1209 2175 1273 pedes
2214 1209 2334 1269 120,
2390 1210 2627 1262 latereuli
2683 1225 2812 1263 vero
2855 1206 3034 1264 strati?
3090 1214 3349 1276 ejusdem,

1778 1291 1917 1328 unus
1942 1277 2232 1331 laterculos
2257 1279 2416 1331 habet
2446 1279 2496 1330 in
2542 1278 2877 1345 longitudine
2906 1282 3088 1335 uncias
3116 1282 3203 1343 ‘23,
3251 1282 3354 1336 hoc

1776 1355 1859 1398 est
1881 1346 2071 1413 pedem
2101 1362 2258 1399 anum
2300 1356 2354 1399 et
2387 1348 2568 1400 uncias
2593 1348 2679 1408 ll,
2706 1356 2759 1401 et
2782 1350 2830 1401 in
2859 1349 3137 1403 latitudine
3170 1350 3355 1403 uncias

1782 1414 1864 1473 l2,
1900 1416 2003 1487 hoc
2032 1424 2118 1467 est
2144 1418 2342 1487 pedem
2376 1416 2423 1469 l.
2468 1417 2613 1470 Dicat
2644 1418 2734 1483 qui
2764 1418 2893 1472 velit
2931 1429 3062 1487 quot
3110 1421 3353 1474 laterculi

1778 1500 1897 1537 eam
1917 1483 2115 1546 debent
2142 1484 2385 1553 implere.

2414 1578 2489 1631 De
2503 1596 2715 1635 cavana.

1854 1668 1944 1721 Est
1970 1684 2172 1722 cavaua
2203 1684 2321 1739 quae
2354 1670 2512 1722 habet
2554 1670 2604 1722 in
2640 1670 2973 1734 longitudine
3022 1669 3185 1739 pedes
3225 1686 3354 1725 cen-

1780 1746 1911 1797 tum,
1938 1748 1992 1791 et
2023 1740 2072 1790 in
2106 1738 2385 1809 latitudine
2419 1740 2582 1809 pedes
2612 1739 2699 1789 66.
2736 1738 2887 1792 Dicat
2929 1738 3033 1809 qui
3066 1742 3196 1794 velit
3225 1751 3353 1807 quot

1781 1822 1945 1879 cupas
1971 1820 2165 1879 capere
2200 1808 2379 1879 debet.
2416 1807 2481 1860 ita
2523 1818 2700 1879 tamen
2755 1817 2811 1860 ut
2854 1807 3183 1879 unaquaque
3220 1826 3355 1879 cupa

1783 1878 1977 1929 haheat
2005 1877 2055 1929 in
2081 1878 2412 1945 longitudine
2441 1878 2603 1946 pedes
2632 1878 2660 1927 7
2691 1887 2745 1929 et
2798 1879 2848 1929 in
2882 1878 2991 1931 lato
3024 1877 3186 1947 pedes
3216 1878 3271 1944 4,
3294 1877 3355 1932 et

1777 1948 1992 2013 pervius
2037 1962 2169 2018 unus
2197 1948 2413 2018 habeat
2443 1950 2605 2017 pedes
2638 1948 2691 2013 l,
2734 1956 2789 2001 et
2843 1964 3175 2018 unaquaeque
3219 1964 3354 2017 cupa

1778 2018 1971 2069 habeat
1999 2016 2165 2084 pedes
2193 2017 2245 2070 7.

2188 2104 2263 2156 De
2290 2104 2510 2175 quodam
2534 2106 2935 2175 patrefatnilias.

1846 2192 2069 2258 Q.itdam
2096 2193 2486 2260 paterfamilias
2509 2195 2693 2247 habuit
2731 2194 2958 2247 familias
2997 2194 3082 2257 20,
3117 2201 3169 2247 et
3195 2193 3373 2259 jussit

1777 2263 1853 2316 eis
1882 2265 2010 2316 dare
2032 2259 2331 2317 deannona
2361 2264 2570 2319 modios
2598 2263 2665 2315 20
2687 2282 2700 2329 ;
2726 2265 2801 2318 sic
2822 2259 2979 2330 jussit
3001 2272 3057 2316 ut
3086 2264 3179 2315 viri
3213 2264 3357 2316 aevi-

1780 2334 1927 2400 piant
1957 2334 2165 2387 modios
2190 2345 2389 2395 ternos,
2422 2342 2477 2387 et
2522 2334 2773 2387 mulieres
2822 2336 2998 2399 binos,
3029 2342 3084 2387 et
3123 2332 3356 2385 infantes

1777 2402 1982 2467 singula
2017 2402 2274 2456 semodia.
2311 2402 2462 2473 Dicat
2509 2405 2599 2473 qui
2645 2412 2820 2470 potest
2867 2413 3000 2473 quot
3056 2403 3174 2467 viri,
3225 2412 3358 2471 quot

1780 2476 2053 2538 mulieres,
2086 2486 2287 2541 quowe
2313 2472 2548 2526 infantes
2575 2470 2813 2525 fuerunt.

2492 2562 2628 2615 Alia.

1850 2652 2074 2717 Quidam
2104 2652 2484 2719 paterfamilias
2523 2653 2709 2705 habuit
2739 2652 2966 2706 familias
2996 2653 3084 2715 90,
3116 2662 3170 2706 et
3195 2653 3355 2719 jussit

1777 2724 1855 2775 eis
1882 2726 2007 2774 dare
2039 2722 2103 2774 de
2142 2737 2354 2775 annona
2387 2723 2594 2775 modios
2623 2722 2719 2785 90;
2762 2723 2837 2776 sic
2873 2738 3086 2791 quoque
3109 2723 3265 2790 jussit
3294 2734 3355 2775 ut

1778 2794 1876 2843 viri
1910 2792 2213 2859 acciperent
2243 2792 2451 2845 modios
2493 2802 2690 2855 ternm,
2719 2802 2773 2845 et
2805 2795 3056 2845 mulieres
3098 2794 3270 2857 binos,
3306 2804 3356 2846 et

1780 2860 2011 2914 infantes
2039 2861 2244 2926 singula
2268 2863 2527 2914 setnodia.
2562 2861 2710 2931 Dicat
2731 2864 2819 2928 qui
2852 2871 3030 2930 potest
3079 2873 3211 2931 quot
3236 2863 3356 2930 viri,

1777 2941 1910 2999 quot
1934 2931 2203 2993 mulieres,
2238 2940 2329 2982 aut
2352 2942 2482 2996 quot
2506 2930 2735 2984 infautts
2764 2931 2997 2984 fuerunt.

2074 3043 2142 3096 De
2177 3042 2314 3095 obitu
2343 3044 2609 3109 cujusdam
2648 3046 3063 3112 patrisfamilias.

1852 3152 2077 3216 Quidam
2098 3152 2479 3221 paterfamilias
2508 3153 2745 3221 moriens
2775 3154 2983 3219 reliquit
3020 3152 3270 3219 infantes,
3302 3168 3355 3209 ct

168 3206 257 3285 Est
286 3222 511 3286 campus
540 3208 937 3293 quadrartgitlus
966 3210 1054 3287 qui
1086 3209 1247 3288 habet
1278 3210 1329 3289 iit:
1371 3226 1475 3293 unt)
1508 3208 1666 3261 latere

1789 3223 1832 3275 in
1858 3197 2128 3277 facultate,
2146 3222 2239 3275 sua
2264 3221 2555 3275 solidorum
2585 3220 2706 3284 860,
2742 3232 2795 3277 et
2825 3197 3048 3277 uonrem
3081 3198 3357 3293 praegnan-

98 3278 319 3338 perticas
343 3277 587 3342 triginta,
620 3286 674 3328 et
706 3278 756 3328 itt
784 3277 889 3329 alio
923 3279 1149 3342 perticas
1182 3279 1395 3346 triginta
1426 3280 1577 3337 duas,
1620 3290 1675 3331 et

96 3348 145 3395 in
176 3346 351 3398 fronte
380 3347 615 3414 perticas
646 3346 859 3413 triginta
880 3355 1130 3413 quatuor,
1158 3350 1285 3399 etin
1311 3349 1474 3399 a'tera
1502 3347 1676 3399 fronte

96 3425 318 3477 perticas
352 3417 576 3479 triginta
603 3415 756 3467 duas.
788 3415 935 3467 Dicat
955 3415 1043 3483 qui
1068 3424 1246 3483 potest
1267 3428 1401 3483 quot
1432 3417 1673 3484 aripettni

94 3504 139 3531 ιιι
172 3500 235 3536 eo
259 3484 515 3537 concludi
542 3484 757 3536 debent.

589 3572 667 3625 De
696 3589 875 3641 campo
906 3576 1181 3644 triangula.

154 3664 243 3716 Est
267 3682 506 3735 campus
529 3666 821 3732 triangulus
850 3669 936 3735 qui
968 3669 1129 3721 habet
1152 3670 1203 3721 itt
1228 3684 1333 3721 uno
1358 3668 1525 3722 latere
1555 3684 1675 3737 per-

88 3736 212 3786 ticas
243 3738 497 3802 triginta,
524 3746 579 3789 et
609 3736 659 3788 in
692 3738 796 3788 alio
820 3738 1047 3803 perticas
1077 3740 1312 3805 triginta,
1337 3747 1391 3791 et
1418 3738 1468 3790 in
1498 3736 1675 3791 fronte

88 3806 317 3867 perticas
358 3806 757 3877 novemdeeim.
789 3805 948 3877 Dicat
969 3806 1059 3873 qui
1092 3816 1267 3874 potest
1293 3814 1426 3875 quot
1454 3808 1673 3875 aripen—

82 3889 174 3925 nos
202 3876 545 3928 concludere
570 3874 750 3926 debet.

607 3960 682 4015 De
708 3980 887 4033 campo
915 3964 1153 4018 rotundo.

146 4056 510 4129 Estcampus
539 4056 807 4129 rotundus
833 4058 921 4129 qui
967 4059 1127 4111 habet
1176 4060 1227 4111 itt
1267 4072 1403 4129 gyro
1440 4060 1673 4127 perticas

80 4127 534 4194 quadringentas.
572 4126 665 4179 Dic
691 4138 825 4193 quot
850 4128 1135 4195 aripennos
1164 4126 1361 4196 capere
1391 4126 1569 4182 debet.

372 4234 459 4286 De
482 4251 664 4302 campo
692 4245 741 4288 et
770 4251 897 4287 cane
924 4254 985 4288 ac
1014 4239 1137 4307 fuga
1164 4240 1373 4306 leporis.

134 4322 227 4398 ﬁt
253 4340 498 4398 campus
518 4326 612 4398 qui
639 4324 803 4378 habet
828 4326 889 4398 in,
910 4326 1241 4394 longitudine
1265 4329 1429 4398 pedes
1459 4340 1671 4385 centum

72 4395 514 4461 quinquaginta;
556 4395 607 4445 in
641 4410 747 4447 uno
776 4396 951 4462 capite
991 4398 1165 4450 stabat
1204 4395 1373 4458 canis.
1408 4409 1460 4453 et
1503 4404 1551 4451 in

72 4474 177 4513 tero
212 4466 410 4529 lepus:
446 4464 727 4537 promovit
747 4479 981 4537 namque
1004 4468 1151 4519 cauis
1176 4468 1263 4521 ille
1286 4480 1406 4537 post
1430 4464 1669 4537 leporetit

72 4547 277 4584 terrere
302 4550 337 4605 ;_
372 4548 463 4584 ast
517 4532 605 4584 ubi
651 4533 799 4605 canis
845 4534 1071 4589 faciebat
1099 4538 1150 4590 in
1182 4532 1300 4592 uuo'
1320 4539 1459 4592 saltu
1485 4532 1657 4605 pedes
1700 4534 1747 4592 D

72 4616 275 4662 itarem,
311 4602 498 4675 lepus
550 4603 943 4675 transmittebat
984 4616 1213 4675 septem.
1239 4607 1392 4661 Dicat
1421 4602 1511 4675 qui
1546 4607 1672 4659 velit

72 4682 193 4735 μοι
220 4672 415 4744 pedes,
452 4681 668 4737 quotve
695 4671 862 4744 saltus
890 4676 972 4727 vel
1004 4671 1153 4729 canis
1183 4671 1555 4744 persequendo
1586 4678 1672 4729 vel

72 4757 215 4819 eus
235 4741 542 4806 fugiendo,
570 4739 924 4810 quoadusque
955 4739 1379 4813 comprehensus
1403 4754 1508 4809 est,
1535 4760 1673 4799 conv

80 4816 304 4861 ruerint.

530 4901 609 4953 De
635 4904 837 4955 civitate
864 4905 1245 4975 quadrangula.

128 4989 221 5043 Est
252 4989 466 5045 civitas
491 4993 864 5059 quadrangula
896 5010 1013 5059 qure
1057 4995 1219 5048 habet
1262 4997 1313 5049 in
1357 5010 1463 5049 uno
1492 4994 1666 5051 latere

76 5061 218 5133 sedes
246 5062 405 5113 mille
436 5072 693 5133 centum,
718 5073 771 5115 et
799 5064 849 5115 in
882 5064 988 5117 alio
1021 5066 1187 5117 latere
1216 5070 1379 5133 pedes
1413 5064 1577 5127 mille,
1610 5076 1666 5120 et

78 5148 105 5177 Ii
138 5128 319 5203 fronte
354 5129 541 5203 pedes
573 5141 877 5203 sexcentos,
910 5143 965 5185 et
993 5136 1043 5186 in
1069 5128 1234 5186 altera
1260 5134 1423 5203 pedes
1447 5150 1669 5189 sexcen-

78 5214 137 5251 us
159 5217 175 5250 :
223 5198 365 5253 voln’
391 5200 611 5251 ibidem
644 5208 782 5251 trcta
812 5201 1092 5254 domorum
1125 5198 1345 5267 ponere.
1379 5206 1457 5256 sie
1492 5215 1543 5256 ut
1576 5206 1667 5257 lia-

76 5278 178 5318 wat
218 5284 594 5337 unaquaeque
635 5283 755 5321 casa
788 5270 838 5321 itt
863 5271 1189 5337 longitudine
1239 5274 1401 5335 pedes
1428 5274 1669 5337 quadra-

72 5338 219 5400 :inta,
248 5347 310 5389 et
340 5339 398 5389 itt
433 5337 737 5409 latitudine
765 5340 928 5406 pedes
960 5341 1191 5406 triginta.
1226 5338 1377 5409 Dicit
1410 5342 1500 5407 qui
1534 5344 1669 5397 velit

72 5412 181 5469 κριοί
208 5422 375 5460 casas
406 5420 627 5475 capere
654 5406 816 5461 valet.

566 5493 649 5546 De
676 5498 877 5550 ciritale
908 5499 1184 5568 triangula.

122 5582 217 5640 Est
238 5584 447 5657 civitas
473 5582 753 5657 triangula
778 5603 895 5652 qtae
918 5590 1078 5644 habet
1105 5590 1156 5641 itt
1183 5602 1286 5640 uno
1310 5588 1481 5640 latere
1504 5590 1666 5657 pedes

72 5664 289 5725 mm.
321 5663 382 5710 et
410 5655 469 5708 in
502 5653 630 5725 alio
652 5664 887 5725 centum,
920 5668 971 5712 et
1002 5662 1052 5713 in
1096 5661 1268 5712 fronte
1298 5658 1462 5725 pedes
1491 5653 1661 5711 nona-

72 5724 235 5785 ginta:
264 5726 400 5779 volo
429 5732 497 5776 ut
529 5723 635 5773 tiat
663 5722 732 5775 ibi
760 5726 1037 5780 dontorum
1063 5722 1413 5787 constructio,
1454 5728 1532 5781 sic
1582 5739 1665 5781 ta-

72 5806 173 5849 men
220 5802 281 5851 ιιι
327 5805 699 5863 unaquaeque
744 5795 932 5849 domus
976 5798 1170 5851 haheat
1221 5798 1271 5851 in
1332 5796 1663 5865 longitudine

1779 3304 1905 3364 tem,
1936 3294 2023 3364 qui
2044 3294 2198 3357 jussit
2220 3301 2275 3344 ut
2296 3293 2337 3344 si
2362 3294 2414 3364 ei
2444 3309 2710 3347 tnascuus
2734 3304 3065 3357 nasceretur,
3090 3303 3357 3364 acciperet

1779 3361 1844 3413 de
1876 3362 2020 3414 omni
2048 3376 2217 3414 massa
2254 3362 2437 3415 uncias
2470 3379 2683 3427 novem,
2716 3373 2770 3417 et
2802 3374 2970 3417 mater
3012 3366 3179 3432 ipsius
3212 3361 3359 3419 acci-

1776 3441 1927 3496 peret
1960 3431 2144 3483 uin-ias
2171 3441 2311 3495 tres;
2344 3432 2387 3483 si
2419 3442 2597 3485 autem
2632 3433 2737 3485 lilia
2781 3443 3113 3498 nasceretur,
3146 3436 3359 3501 accipe-

1777 3510 1857 3552 ret
1889 3504 2120 3567 quinque
2152 3502 2356 3573 uncias,
2392 3511 2445 3573 et
2486 3514 2659 3573 tttater
2686 3505 2849 3573 ip~ius
2894 3505 3161 3569 acciperet
3194 3506 3355 3556 etiam

1777 3573 2016 3637 quinque
2047 3572 2252 3623 uncias.
2286 3571 2523 3637 Contigit
2552 3571 2731 3625 autem
2766 3583 2819 3625 nt
2848 3574 3089 3639 geminos
3124 3575 3359 3640 parturi-

1777 3651 1875 3701 tet,
1913 3642 1960 3693 id
1992 3648 2073 3691 est
2105 3650 2411 3711 puerumeet
2440 3642 2688 3706 puellam.
2736 3642 2920 3694 Solvat
2958 3657 3087 3707 ergo
3141 3644 3229 3711 qui
3263 3659 3359 3710 po-
3438 3658 3439 3661 ‘

1778 3718 1881 3761 test
1924 3711 2181 3780 Quantum
2236 3709 2431 3776 accipit
2481 3718 2679 3774 mater,
2732 3712 2811 3764 vel
2860 3721 3118 3779 quantum
3162 3709 3355 3780 filius,

1774 3788 2099 3843 quiantumve
2132 3778 2256 3829 lilia.

2498 3851 2638 3905 Alia.

1845 3938 2071 4001 Quidam
2105 3940 2485 3999 paterfamil'as
2515 3943 2698 3995 habuit
2729 3943 2959 3997 familias
2987 3943 3085 4006 50;
3120 3945 3195 3999 sic
3227 3960 3355 3997 vero

1774 4010 1927 4076 jussit
1961 4017 2016 4061 ut
2049 4010 2145 4061 viri
2193 4012 2503 4077 acciperent
2543 4012 2754 4064 modios
2791 4022 2975 4065 ternos
3014 4024 3067 4065 et
3103 4014 3357 4067 mulieres

1777 4080 1950 4142 binos,
1975 4088 2033 4151 et
2062 4077 2293 4131 infantes
2315 4079 2521 4151 singula
2551 4081 2814 4133 semodia.
2844 4082 3027 4151 Solvat
3056 4084 3146 4145 qui
3178 4093 3358 4151 potest

1710 4202 1713 4203 ,
1777 4158 1909 4215 quot
1940 4147 2056 4210 viri,
2088 4156 2219 4216 quot
2251 4148 2538 4212 mulieres,
2570 4159 2769 4217 quotve
2798 4149 3029 4205 infantes
3062 4147 3296 4205 luerunt.

1888 4309 1892 4313 ,
1953 4259 2365 4319 Deaalutatione
2394 4263 2660 4331 cujusdam
2688 4267 2823 4319 aenis
2852 4267 2921 4318 ad
2949 4282 3178 4328 tuarum.

1846 4349 2070 4423 Quidam
2089 4351 2272 4403 senior
2300 4352 2549 4405 salutavit
2573 4366 2822 4423 puerum,
2854 4355 2937 4407 cui
2966 4356 3097 4409 dixit
3131 4376 3141 4407 :
3178 4358 3355 4417 Vivus.

1780 4421 1870 4484 fili,
1904 4422 2051 4473 vivas
2083 4422 2299 4489 linquit)
2326 4421 2588 4488 quantum
2621 4425 2796 4475 vixisti
2823 4463 2838 4489 ,
2868 4434 2922 4477 et
2950 4426 3089 4477 aliud
3125 4436 3351 4487 tantum,

1778 4502 1831 4543 et
1864 4501 1942 4542 ter
1974 4499 2197 4553 tantum,
2230 4491 2499 4559 addatque
2544 4493 2634 4544 tibi
2686 4492 2825 4547 Deus
2875 4510 2983 4546 ttntt
3009 4513 3037 4545 ιι
3086 4497 3151 4549 de
3202 4500 3355 4549 annis

1777 4576 1927 4620 meis,
1975 4572 2027 4611 et
2059 4561 2285 4630 impleas
2315 4576 2484 4614 annos
2530 4574 2767 4615 centum.
2815 4563 3003 4615 Solvat
3043 4570 3130 4630 qui
3178 4576 3357 4633 [lUlCJI

1774 4640 1906 4697 quot
1934 4645 2196 4684 annorum
2231 4644 2357 4683 tunc
2386 4641 2626 4699 tempore
2660 4634 2770 4699 ipse
2802 4648 2933 4701 puer
2961 4642 3096 4684 erat.

1844 4790 2080 4858 Quidam
2098 4722 2700 4854 paterfamiliasﬁiaabuit
2732 4790 2959 4843 familias
3006 4791 3123 4845 400.
3160 4796 3350 4858 quibus

1705 4881 1709 4885 ν
1773 4858 2027 4925 praecepit
2053 4856 2183 4909 dare
2222 4859 2288 4910 de
2319 4873 2531 4911 annona
2577 4861 2788 4913 modios
2826 4860 2959 4921 illi);
3002 4880 3063 4914 en
3101 4856 3223 4915 tero
3271 4872 3349 4914 le-

1772 4941 1923 4987 nore,
1960 4936 2016 4977 ut
2041 4928 2145 4977 viri
2171 4929 2476 4993 acciperent
2516 4932 2726 4981 modius
2760 4940 2940 4983 ternos
2965 4970 2981 4994 ,
3015 4945 3067 4984 et
3102 4935 3349 4985 mulieres

1771 4995 1945 5059 binos,
1982 5003 2036 5047 et
2073 4998 2313 5067 infantes
2363 4998 2567 5063 singula
2612 5001 2874 5053 sentodia.
2924 5003 3073 5054 Dicat
3101 5018 3192 5067 erg
3218 5023 3227 5047 ι
3258 5004 3347 5065 qui

1769 5067 1913 5184 ἴδια
1955 5074 2084 5131 quot
2133 5066 2248 5131 viri,
2301 5078 2433 5135 quot
2479 5068 2749 5135 mulieres,
2804 5084 2895 5124 aut
2942 5082 3071 5138 quot
3122 5074 3351 5123 infantes

1792 5145 1999 5184 uerunt.

1792 5145 1999 5188 uerunt.

2117 5228 2193 5279 De
2219 5228 2437 5295 quodam
2466 5228 2757 5296 mdiﬁran'e
2786 5233 3005 5284 domum.

1841 5314 2013 5369 llutno
2056 5318 2271 5383 quidam
2316 5319 2503 5375 volens
2542 5322 2807 5375 aedificare
2842 5322 3096 5378 domuut.
3149 5323 3347 5375 locavit

1768 5383 2003 5438 artifices
2028 5388 2080 5446 fi,
2110 5399 2173 5439 ex
2197 5386 2324 5453 quib
2350 5405 2389 5441 .s
2421 5388 2453 5440 5
2479 5394 2713 5458 magistri
2738 5400 2791 5443 et
2827 5395 2839 5441 l
2876 5392 3165 5452 discipulus
3194 5404 3342 5457 erat;

1768 5464 1822 5505 et
1852 5458 2101 5506 convenit
2145 5458 2283 5509 inter
2310 5474 2429 5509 eum
2463 5462 2550 5526 qui
2589 5460 2854 5514 :editieare
2888 5462 3098 5514 io'ebat
3136 5473 3188 5515 et
3216 5468 3344 5515 arti.

1771 5527 1918 5603 lices,
1954 5533 2009 5575 ιιι
2038 5527 2397 5603 persingulos
2428 5528 2542 5581 dies
2575 5528 2886 5603 denarii
2912 5532 3069 5603 eisin
3100 5536 3346 5586 mercede

1768 5591 2075 5666 darentur?
2108 5597 2179 5650 sic
2227 5606 2404 5650 tamen
2454 5606 2509 5649 ιιι
2556 5598 2848 5666 discipulus
2892 5602 3229 5655 titedietatetu
3279 5605 3345 5653 de

1770 5660 1871 5739 ltoe
1920 5666 2061 5739 quod
2109 5683 2242 5719 unus
2287 5682 2349 5717 ex
2383 5669 2659 5733 tttagistris
2695 5660 3015 5736 accipiebat,
3061 5681 3328 5739 πρῖνοι-ει

1770 5729 2048 5802 υἰριιιψιί
2082 5745 2259 5809 ροιρδι
2296 5729 2553 5801 quantum
2578 5729 2961 5809 unusquisque
3004 5729 3070 5795 de
3110 5729 3212 5794 illis
3259 5754 3351 5808 per

1772 5817 2204 5871 unumquemque
2234 5803 2263 5855 d
2288 5820 2371 5857 em
2404 5808 2631 5877 accepit.
