3920 6238
131 389 232 444 6ἷό

134 577 294 640 xeris,
319 576 427 630 250
453 578 760 645 numerabis
785 596 796 629 :
821 577 1013 645 quibus
1039 576 1241 639 divisis,
1268 576 1403 633 unus
1430 577 1551 645 tulit
1574 578 1697 642 125,

134 648 266 700 alter
295 647 550 701 similiter
578 644 708 711 19.5;
740 644 877 701 unus
904 646 1139 701 vendidit
1172 648 1468 702 deteriores
1498 644 1533 701 3
1561 663 1705 701 sem-

135 733 227 784 per
274 718 327 771 in
370 717 578 778 solido;
611 717 747 771 alter
776 731 905 770 vero
945 716 1194 771 meliores
1241 715 1379 771 duos
1408 721 1456 769 in
1506 718 1701 771 solido.

135 788 219 841 Sic
249 788 432 841 evenit
454 796 513 839 ut
537 788 582 841 is
608 787 700 854 qui
728 785 1023 841 deteriores
1062 786 1318 851 vendidit,
1350 788 1418 841 de
1450 787 1551 839 120
1580 802 1706 852 por-

135 859 205 929 eis
231 856 300 911 10
325 857 529 912 solidos
550 868 629 911 est
660 857 918 929 adeptus;
949 858 1038 929 qui
1065 871 1192 929 vero
1224 858 1495 929 meliores,
1514 855 1588 929 60
1617 874 1708 911 s0-

138 926 269 983 lit1-vs
311 937 396 982 est
425 926 746 982 consecutus
776 946 785 979 ε
819 928 941 993 qu'a
985 928 1053 981 de
1096 926 1439 980 inferioribus
1468 926 1537 980 '50
1567 942 1708 980 sem-

138 1010 229 1061 per
256 996 307 1051 in
338 997 409 1051 10
436 998 647 1059 solidis,
678 997 744 1050 de
774 996 1083 1051 melioribus
1125 1005 1305 1050 autem
1336 997 1403 1050 '20
1432 997 1483 1051 in
1516 996 1583 1050 10
1616 1013 1707 1051 so-

140 1066 254 1122 lidis
307 1076 437 1121 sunt
482 1068 815 1128 venundati;
864 1076 919 1120 et
969 1073 1342 1121 remanserunt
1389 1068 1632 1134 utrisque
1678 1066 1711 1119 5

140 1136 305 1206 porci,
334 1152 402 1193 ex
432 1138 628 1207 quibus
658 1137 724 1188 ad
758 1138 961 1191 lucrum
990 1136 1024 1189 4
1052 1137 1349 1191 solidorum
1380 1146 1435 1191 et
1463 1137 1499 1189 ‘2
1540 1140 1712 1191 deua-

142 1209 243 1262 rios
272 1209 452 1263 facere
482 1215 795 1277 potuerunt.

746 1343 750 1347 .
794 1296 870 1353 De
897 1300 1057 1352 disco.

203 1378 407 1431 Aurum
448 1384 639 1447 pensat
685 1378 872 1433 uncias
914 1376 967 1445 9,
1005 1384 1280 1443 argentum
1331 1389 1523 1447 pensat
1568 1389 1650 1437 ter
1678 1385 1712 1441 9

142 1448 340 1510 uncias,
360 1446 420 1520 id
442 1446 527 1505 est
556 1447 721 1520 libras
738 1447 775 1501 2
801 1457 854 1520 et
876 1448 1059 1520 uncias
1086 1447 1150 1520 3;
1182 1446 1548 1520 aurichalcum
1580 1468 1711 1520 pen-

141 1528 217 1571 sat
246 1527 331 1571 ter
358 1517 525 1572 libras
549 1516 585 1569 Ξ
604 1526 658 1571 et
681 1525 764 1572 ter
792 1519 825 1572 5
854 1518 1057 1583 uncias,
1089 1518 1140 1571 id
1167 1526 1251 1572 est
1278 1519 1442 1575 libras
1468 1521 1501 1574 6
1528 1516 1592 1576 et'
1611 1540 1712 1580 un.

142 1588 245 1661 eias
271 1590 339 1653 9;
373 1596 635 1661 staunum‘
654 1597 845 1657 pensat
874 1597 954 1661 ter
983 1588 1146 1661 [iungis
1166 1588 1208 1661 _6
1235 1596 1289 1642 et
1330 1599 1413 1645 ter
1440 1592 1473 1646 9
1509 1597 1710 1661 uncias,

147 1658 240 1711 hrc
270 1666 354 1712 est
384 1658 548 1713 libras
575 1656 644 1709 ΞΟ
664 1656 730 1712 et
776 1660 959 1713 uncias
985 1658 1037 1712 ὅ.
1068 1657 1135 1711 Ει
1161 1656 1194 1710 9
1221 1661 1390 1714 uncize
1419 1671 1473 1715 et
1506 1662 1541 1714 2
1566 1656 1713 1720 libat:

140 1743 252 1781 cum
279 1726 315 1780 5
348 1728 538 1793 unciis,
569 1736 624 1782 et
671 1730 703 1780 6
732 1730 879 1783 librae
919 1742 1038 1782 cum
1084 1731 1118 1783 9
1163 1730 1351 1795 unciis,
1384 1739 1439 1785 et
1468 1733 1535 1786 :0
1564 1734 1713 1790 libra:

140 1813 252 1850 cum
280 1797 315 1851 ὅ
334 1798 518 1853 unciis
544 1796 813 1865 adunataa,
844 1798 914 1851 50
959 1798 1123 1851 libras
1151 1800 1411 1854 efficiunt.
1449 1802 1577 1855 Item
1608 1806 1710 1858 ali-

144 1876 218 1921 ter
236 1870 301 1919 ad
331 1869 563 1924 solidum
594 1886 607 1920 :
642 1884 825 1923 aurum

142 1949 417 2003 argentum
447 1946 529 1991 ter
557 1938 642 2006 15,
693 1939 744 1993 id
775 1936 987 2003 est“;
1035 1936 1396 1994 aurichalcum
1430 1951 1512 1996 ter
1541 1941 1630 2006 45,
1666 1936 1717 1999 id

146 2006 663 2081 est135;stannum
692 2007 922 2081 ter1'55,
946 2009 1055 2081 hoc
1095 2018 1177 2081 est
1214 2008 1357 2081 105;
1384 2010 1549 2081 junge
1590 2014 1715 2081 405,

146 2076 259 2153 155,
288 2078 466 2153 e_t_15,
496 2085 552 2134 et
584 2080 668 2148 15,
698 2089 752 2135 et
780 2079 1021 2135 invenies
1040 2079 1242 2137 solidus
1268 2076 1400 2151 600,
1426 2076 1570 2153 qu'od
1593 2076 1721 2141 sunt

143 2147 283 2202 lium:
312 2149 405 2206 50.

779 2219 855 2276 De
892 2239 1077 2292 cuppa.

210 2287 314 2344 Per
343 2307 376 2359 p
411 2292 571 2364 imam
603 2290 833 2364 fistulam
865 2287 1001 2346 3800
1046 2294 1286 2364 sextarii
1309 2308 1717 2364 cucurrerunt;

142 2376 235 2427 per
258 2360 571 2426 secundam,
604 2361 739 2415 1100
765 2379 779 2428 ;
811 2378 907 2431 per
930 2364 1162 2428 tertiam,
1194 2362 1352 2417 1200.

798 2456 870 2511 De
898 2473 1039 2528 sago.

584 2550 709 2607 pars
738 2535 771 2611 5_
800 2545 977 2611 sunt;
1004 2548 1057 2592 et
1086 2537 1153 2611 de
1195 2536 1316 2603 100,
1349 2536 1403 2593 1.
1436 2537 1563 2611 Sive
1592 2556 1721 2611 ergo

140 2609 385 2678 octogies
414 2606 464 2670 5,
494 2606 609 2678 sive
633 2608 837 2662 centies
864 2608 898 2678 1
928 2609 1146 2673 dixeris,
1180 2624 1396 2678 semper
1424 2610 1529 2663 100
1572 2606 1720 2667 inv'e—

139 2677 287 2760 nies;
342 2677 583 2760 t_ot_sagi
630 2685 807 2731 erunt.
860 2676 1075 2760 _Decima
1106 2694 1248 2760 “pars
1296 2676 1655 2760 sexagenarii,
1688 2684 1721 2736 6

136 2756 297 2819 sunt;
330 2746 542 2800 decima
576 2761 707 2801 vero
736 2746 1163 2819 quadrageuaiii,
1204 2747 1238 2801 1
1266 2759 1409 2803 sunt.
1442 2750 1564 2805 Sive
1592 2766 1721 2819 ergo

139 2815 801 2891 deeiinamsexagena‘rii,
843 2820 957 2891 sive
1000 2818 1265 2891 deciman
1310 2835 1412 2888 qua
1456 2815 1721 2891 ragenarii

138 2886 321 2961 decies
352 2886 587 2961 miseris,
611 2888 716 2961 100
744 2887 1015 2961 portiones
1038 2887 1071 2941 6
1099 2886 1401 2945 cubitormtt
1428 2886 1639 2961 longas,
1668 2904 1721 2949 et

139 2954 171 3005 4
198 2958 506 3011 cubitorum
536 2958 669 3013 latas
698 2954 957 3013 invenies.

640 3052 719 3106 De
746 3054 984 3121 ampullis
1012 3054 1224 3108 relictis.

203 3128 341 3184 Tres
373 3131 535 3207 igitur
563 3141 691 3207 sunt
734 3131 825 3186 lilii
873 3132 1023 3207 et_50
1066 3135 1331 3207 ampullge,
1366 3138 1720 3207 ampullamm

210 2535 286 2590 De
331 2534 553 2597 «100,80

138 3208 313 3253 autem
342 3201 591 3274 quaedam
626 3202 690 3274 10
731 3211 861 3274 sunt
905 3203 1094 3273 plenae.
1139 3201 1192 3259 et
1222 3206 1288 3260 10
1333 3201 1543 3274 medi-a3,
1574 3219 1628 3264 et
1655 3212 1721 3266 10
1751 3214 1795 3274 C

138 3285 338 3345 vacuae.
366 3272 487 3345 _Duc
520 3272 823 3345 terdecies,
871 3272 1001 3327 liunt
1029 3274 1131 3341 50;
1177 3278 1466 3345 unicuique
1491 3272 1598 3334 lilio
1626 3298 1719 3335 ve-

136 3343 289 3420 niunt
319 3342 391 3395 10
443 3342 691 3420 ampulla:
724 3343 773 3397 in
823 3347 1159 3420 portionem;
1192 3342 1582 3420 divide—autem
1631 3367 1726 3420 per

138 3412 352 3482 tertiam
381 3422 616 3481 partem,
648 3413 751 3468 hoc
782 3412 865 3468 est
892 3417 956 3468 da
986 3416 1158 3482 primo
1185 3416 1293 3469 filio
1322 3417 1390 3472 10
1421 3421 1583 3472 semis
1606 3412 1723 3473 αἰη-

134 3480 343 3559 pullas;
379 3480 445 3535 ac
472 3483 669 3559 deinde
694 3483 759 3536 da
788 3480 1024 3559 secundo
1053 3484 1088 3559 _5
1114 3485 1298 3559 plenas
1347 3495 1400 3541 et
1422 3488 1455 3542 5
1486 3505 1679 3547 vacuas
1706 3510 1719 3556 ;

134 3550 675 3629 similiterquedabis
707 3554 889 3629 tertio,
916 3563 969 3607 et
992 3556 1095 3608 erit
1114 3550 1278 3629 'trium
1310 3572 1461 3625 aequa
1508 3550 1723 3629 gerula;

135 3635 328 3673 uorum
360 3620 578 3687 divisio,
603 3630 719 3675 tam
752 3622 803 3676 in
832 3626 953 3678 oleo
985 3641 1145 3694 quain
1170 3636 1223 3679 et
1250 3628 1299 3680 in
1332 3620 1495 3683 vitro.

474 3713 553 3768 De
582 3716 805 3769 exercitu
832 3717 885 3770 in
906 3716 972 3770 50
1002 3718 1137 3771 villis
1168 3722 1401 3775 collato.

229 3805 286 3859 lu
323 3806 451 3860 villa
490 3810 526 3931 ὲ
567 3808 782 3865 luerunt
809 3809 1016 3865 collecti
1046 3812 1241 3865 milites
1626 3817 1658 3867 2

1627 3888 1658 3931 ,ί

1627 3888 1658 3935 4

499 3951 534 4004 5
1628 3958 1658 4005 8

501 4019 538 4073 6
1600 4028 1659 4076 lli

505 4092 541 4144 5
1592 4096 1661 4149 32

503 4160 540 4214 6
1593 4170 1661 4219 ut
1716 4160 1720 4164 Α

508 4233 540 4282 7
1564 4240 1663 4291 128

506 4307 541 4357 8
1558 4310 1663 4363 2511

505 4376 541 4431 υ
1561 4382 1665 4434 512

481 4450 547 4501 10
1529 4450 1666 4505 iuet

474 4521 535 4571 11
1523 4520 1664 4573 €018

477 4592 543 4647 12
1528 4588 1668 4644 4096

475 4660 546 4713 13
1528 4660 1669 4715 8102

469 4732 495 4785 1
508 4732 542 4781 4
1498 4732 1672 4787 16581

478 4801 545 4851 13
1494 4804 1592 4856 527
1604 4805 1669 4855 68

472 4872 542 4924 te;
1493 4874 1670 4928 65556

480 4942 545 4994 17
1458 4944 1672 5003 151072

478 5014 551 5067 18
1460 5012 1671 5069 262141

479 5084 497 5135 1
513 5086 548 5136 9
750 5126 756 5131 .
1460 5082 1674 5139 524288

471 5154 552 5208 ‘20
1432 5156 1677 5211 1018.576

476 5227 545 5281 2|
1427 5224 1677 5282 209715;.)

472 5297 553 5352 2‘2
1428 5297 1676 5354 4194214

474 5368 557 5423 93
1428 5366 1677 5424 8388128

470 5439 551 5493 24
1398 5437 1678 5493 16776856

474 5506 558 5559 25
1204 5554 1217 5559 ,
1397 5507 1682 5563 55555712

473 5577 557 5630 26
1398 5579 1680 5635 67107421

476 5648 558 5700 27
1367 5648 1681 5706 131214818

478 5717 561 5769 28
1357 5718 1682 5775 268429696

475 5785 558 5841 29
1358 5790 1681 5845 531385932)!

481 5855 563 5914 50
1329 5858 1683 5918 1073718181.

854 1875 1045 1941 pensat
1071 1868 1277 1941 solidos
1301 1882 1587 1939 argenteos
1618 1874 1704 1941 15,
1741 1866 1787 1925 B

1138 391 1224 445 DE
1270 390 1749 447 ARITlIMETlClS
1812 390 2425 452 PROPOSITIONIBUS.
3283 404 3389 456 ti7t

131 506 251 575 quia
284 506 783 577 siveiqumquagies
810 504 1022 574 quines;
1056 506 1180 577 sive
1208 507 1487 577 quinquies
1519 507 1587 561 50
1615 507 1700 561 di-
1733 514 1780 568 Λ

2339 509 2415 563 De
2441 513 2665 583 vestigiis
2695 512 2865 568 boum.

1884 596 2097 675 Nullum
2124 600 2344 653 omnino
2373 601 2469 675 bos
2494 603 2773 670 vestigium
2807 605 2857 657 in
2890 605 3073 659 ultima
3106 607 3216 675 riga
3242 608 3389 673 facit,

1810 681 1876 721 eo
1888 669 2044 747 quod
2075 668 2188 736 ipse
2210 670 2468 747 praecedit
2492 668 2753 747 aratrum,
2787 682 2843 727 et
2869 676 3009 747 hunc
3037 668 3276 747 aratrum
3301 668 3391 735 se;

1810 741 2033 804 quitur;
2073 746 2341 810 quotquot
2383 741 2527 793 enim
2569 741 2657 795 hic
2702 746 3051 810 prmcedcndo
3096 746 3148 800 in
3179 749 3390 803 exculta

1814 816 1954 880 terra
1978 809 2199 880 vestigia
2232 808 2375 873 facit,
2404 810 2603 880 totille
2630 808 2964 880 subsequens
2984 816 3280 872 excolendo
3307 836 3393 873 re-

1811 878 2059 955 solvitur.
2110 877 2399 955 lfropterea
2430 878 2585 955 illius
2603 877 2824 955 omnino
2855 884 3060 938 nullum
3101 889 3391 955 reperitur,

1814 945 1864 998 itl
1896 955 1977 1001 est
2011 947 2062 999 in
2094 947 2279 1000 ultima
2310 950 2421 1016 riga
2453 950 2754 1017 vestigium.

2236 1045 2311 1100 De
2346 1048 2470 1117 rigis
2499 1066 2624 1119 quas
2655 1052 2781 1119 facit
2811 1052 2979 1106 homo.

1849 1207 1860 1217 ι
1886 1135 1961 1190 Ex
1992 1151 2099 1217 u_no
2129 1138 2304 1204 capite
2332 1139 2506 1203 campi
2556 1150 2684 1206 tres,
2726 1151 2780 1195 et
2823 1158 2889 1197 ex
2920 1144 3112 1211 altero,
3142 1160 3261 1214 qua:
3310 1142 3407 1201 fa-'

1816 1218 1964 1261 cmnt
1991 1223 2132 1275 rigas
2165 1224 2409 1261 versuras
2440 1218 2671 1277 septem.

2391 1297 2469 1352 De
2500 1298 2620 1352 bove
2649 1299 2683 1351 ά
2702 1310 2821 1354 tcto.

1889 1387 2043 1442 Prior
2070 1388 2162 1454 qui
2209 1389 2323 1442 dari
2374 1389 2471 1441 sibi
2503 1388 2641 1442 duos
2684 1393 2893 1457 rogavit
2942 1392 3129 1456 boves,
3165 1396 3397 1451 habebat

1818 1458 1873 1525 4,
1925 1469 1979 1539 at
2008 1474 2137 1512 vero
2168 1460 2284 1539 Aqui
2326 1459 2898 1539 rogabatur_habebat
2927 1461 2991 1527 8;
3024 1466 3170 1519 dedit
3198 1468 3397 1536 quippe

1817 1537 2037 1609 rogatus
2064 1529 2357 1610 postulanti
2378 1528 2615 1618 duosnet
2635 1530 3188 1618 habjuleriuntnuterque
3213 1528 3244 1588 6
3262 1554 3275 1600 ;
3295 1528 3394 1618 :q'ui

1817 1600 1960 1653 enim
2005 1600 2227 1666 propior
2270 1607 2589 1666 acceperat,
2660 1600 2888 1654 reddidit
2933 1602 2968 1655 2
3035 1600 3185 1659 danti
3231 1600 3397 1675 priori

1817 1669 2173 1743 qui__li_abebat
2225 1666 2277 1731 6,
2312 1676 2367 1721 et
2414 1668 2682 1743 babuit_8,
2717 1670 2861 1743 quod
2892 1681 2972 1726 est
3000 1673 3218 1743 duplum
3263 1692 3293 1730 a
3323 1676 3395 1742 4;

1818 1748 1875 1792 ct
1904 1738 1978 1793 illi
2007 1748 2383 1793 remanserunt
2410 1736 2465 1807 4,
2495 1738 2638 1806 quod
2668 1736 2750 1793 est
2774 1741 3023 1811 simplum
3054 1736 3121 1798 ab
3150 1744 3204 1799 8.

2424 1842 2501 1897 De
2530 1844 2807 1899 sororibis.

1899 1934 2076 1989 Primo
2108 1934 2346 1989 omnium
2376 1949 2477 2001 ego
2505 1943 2561 1989 et
2590 1952 2745 1991 soror
2779 1952 2895 1991 mea
2942 1939 3314 1997 introissemus
3343 1944 3397 1999 in

1826 2005 2001 2079 navim
2033 2013 2088 2079 et
2107 2005 2612 2079 transfretassemus
2637 2006 2803 2079 ultra,
2824 2008 3270 2079 transfretatoque
3297 2013 3397 2067 flu-

1828 2076 1913 2129 vio
1944 2075 2262 2129 dimisissem
2306 2090 2548 2129 sororem
2580 2076 2646 2128 de
2688 2077 2805 2129 navi
2847 2086 2901 2130 et
2940 2075 3267 2134 reduxissem
3300 2100 3397 2136 na-

1826 2147 1931 2199 vim
1955 2144 2019 2199 ad
2050 2146 2217 2214 ripam
2245 2164 2257 2197 :
2290 2153 2414 2198 tunc
2442 2159 2571 2200 vero
2598 2144 2909 2201 introissent
2934 2164 3148 2209 sorores
3169 2152 3395 2205 duorum

1825 2216 2088 2287 virorum,
2113 2216 2325 2287 illorum
2347 2214 2599 2287 videlicet
2621 2215 2709 2285 qui
2732 2216 2797 2269 ad
2829 2216 2977 2272 littus
3006 2234 3395 2287 remanserant;

1827 2286 1930 2359 illis
1962 2286 2141 2353 itaque
2182 2284 2399 2359 feminis
2447 2286 2568 2338 navi
2617 2284 2876 2359 egressis,
2925 2304 3078 2342 soror
3117 2306 3235 2343 mea
3282 2284 3400 2359 qua:

1825 2355 2333 2426 primatransierat,
2370 2355 2597 2426 intraret
2628 2355 2695 2426 ad
2724 2370 2830 2421 me,
2863 2359 3147 2426 navimque
3174 2355 3397 2416 reduce-

1826 2435 1909 2478 ret
1940 2442 1952 2477 :
1986 2425 2073 2477 illa
2120 2424 2431 2489 egrediente
2467 2423 2629 2489 foras,
2667 2423 2777 2478 duo
2825 2428 2875 2479 in
2922 2423 3284 2483 navi'fratrcs
3317 2432 3401 2483 in-

1827 2502 2079 2559 trassent,
2116 2498 2363 2563 ultraque
2401 2494 2704 2559 venissent;
2739 2504 2865 2550 tunc
2894 2513 3029 2551 unus
3066 2513 3132 2552 ex
3165 2500 3266 2551 illis
3296 2516 3401 2554 una

1825 2581 1946 2619 cum
1976 2581 2161 2619 sorore
2184 2581 2277 2618 sua
2308 2564 2485 2618 navim
2517 2565 2809 2633 ingressus,
2841 2568 2903 2619 ad
2934 2583 3030 2622 nos
3061 2570 3397 2623 transfretas-

1824 2646 1939 2700 set;
1974 2651 2075 2699 ego
2117 2643 2171 2689 et
2200 2636 2288 2688 ille
2317 2638 2405 2702 qui
2437 2636 2798 2700 navigaverat,
2832 2651 3019 2689 sorore
3076 2653 3193 2690 mea
3224 2654 3401 2693 tema-

1826 2714 1989 2757 neute
2020 2704 2175 2765 foris,
2211 2704 2346 2756 ultra
2380 2704 2740 2774 venissemus;
2778 2720 2980 2774 nosque
3008 2706 3073 2759 ad
3106 2708 3284 2761 littora
3308 2726 3403 2764 ve-

1826 2785 1963 2837 ctus,
2000 2790 2103 2826 una
2134 2790 2201 2826 ex
2231 2774 2333 2826 illis
2362 2772 2570 2827 duabus
2606 2776 2855 2841 qumlibet
2895 2772 3232 2843 mulieribus,
3265 2780 3401 2833 ultra

1827 2846 2004 2917 navim
2048 2845 2351 2917 reduceret,
2396 2859 2554 2899 soror
2590 2860 2744 2917 teque
2788 2861 2906 2900 mea
2934 2862 3133 2917 secum
3166 2859 3400 2917 recepta,

1830 2915 2033 2982 pariter
2078 2914 2143 2967 ad
2175 2930 2273 2967 nos
2300 2914 2442 2968 ultra
2485 2916 2797 2969 venissent:
2848 2925 2901 2968 et
2931 2915 3018 2968 ille
3055 2919 3205 2982 cujus
3250 2914 3403 2971 soror

1830 2984 1964 3037 ultra
1996 2994 2330 3038 remanserat
2367 2985 2542 3037 navim
2574 2984 2875 3050 ingressus,
2908 3001 3024 3038 eam
3055 3001 3235 3039 secum
3266 2989 3403 3041 ultra

1829 3055 2133 3107 reduceret.
2169 3054 2282 3106 Tali
2316 3054 2475 3119 igitur
2495 3053 2681 3121 sicque
2707 3054 3029 3108 sollicizante
3058 3058 3234 3109 studio
3268 3059 3404 3111 facta

1828 3136 1905 3178 cst
1939 3124 2233 3193 navigatio,
2268 3124 2414 3176 nullo
2446 3122 2680 3177 l'ufcante
2710 3124 3098 3192 inquinationis
3133 3130 3404 3197 contagio.

2364 3214 2443 3268 De
2471 3215 2589 3285 lupo
2618 3224 2667 3267 et
2696 3232 2874 3284 capra.

1899 3308 2070 3362 Simili
2115 3321 2345 3374 namque
2390 3315 2577 3361 tenore
2617 3308 2867 3360 ducerem
2911 3309 3059 3377 prius
3102 3325 3317 3378 capram
3357 3321 3409 3366 et

1828 3379 2156 3433 dimitterem
2190 3379 2221 3429 fi
2245 3379 2320 3431 ris
2364 3378 2546 3445 lupum
2574 3385 2627 3430 et
2655 3378 2901 3441 caulum;
2938 3386 3063 3432 tunc
3095 3381 3285 3433 deinde
3313 3397 3410 3435 vc-

1829 3451 2022 3513 nirem,
2079 3449 2373 3518 lupumque
2425 3448 2559 3501 ultra
2616 3449 2941 3512 transirem,
2997 3449 3228 3517 lupoque
3279 3450 3410 3505 foris

1831 3521 2013 3582 misso,
2042 3534 2333 3585 rursusque
2363 3533 2580 3584 capram
2610 3520 2728 3569 navi
2762 3526 3033 3585 receptam
3087 3518 3223 3571 ultra
3256 3522 3413 3573 redu-

1778 3618 1784 3625 ·
1829 3605 2029 3650 cerem,
2076 3603 2404 3656 capramque
2452 3588 2597 3640 foras
2645 3588 2885 3651 missam,
2925 3587 3138 3641 caulum
3172 3598 3412 3644 transv0«

1831 3660 2012 3712 iterem
2047 3660 2203 3719 ultra,
2244 3666 2407 3725 atque
2438 3658 2629 3711 iterum
2676 3657 3040 3728 remigassem,
3088 3674 3412 3728 capramqtte

1831 3737 2159 3798 assumptam
2193 3728 2329 3781 ultra
2361 3728 2655 3781 duxissem.
2697 3726 2891 3795 Sicque
2935 3726 3175 3798 faciente
3204 3769 3218 3791 ,
3272 3726 3410 3783 facta

1833 3802 1935 3854 erit
1966 3799 2248 3868 remigatio
2277 3798 2505 3852 salubris
2528 3799 2731 3867 absque
2762 3797 3017 3864 voragine
3048 3797 3410 3853 lacerationis.

2314 3889 2390 3941 De
2427 3890 2652 3958 pondere
2690 3889 2928 3957 plaustri.

1905 3980 2106 4034 Eodem
2140 3995 2355 4046 quoque
2401 3979 2607 4042 ordine,
2638 3989 2696 4032 ut
2745 3980 3008 4047 superius,
3042 3982 3189 4049 prius
3220 3981 3414 4035 intras-

1834 4059 1953 4104 sent
1998 4051 2106 4104 duo
2152 4049 2401 4112 infantes,
2450 4057 2504 4102 et
2554 4049 2888 4113 transissent,
2934 4067 3174 4120 unusque
3214 4068 3280 4105 ex
3314 4053 3413 4107 illis

1838 4120 2122 4174 reduceret
2146 4120 2354 4183 navim;
2389 4128 2516 4173 tunc
2545 4130 2717 4174 mater
2759 4122 2931 4174 navim
2956 4122 3192 4189 ingressa
3237 4132 3415 4175 trans-

1837 4192 1987 4255 isset,
2019 4190 2213 4246 deinde
2246 4189 2385 4244 filius
2412 4193 2527 4256 ejus
2557 4190 2849 4245 reduceret
2878 4192 3075 4254 navim,
3104 4204 3207 4259 qua
3242 4200 3415 4245 trans-

1837 4270 2012 4322 vecta,
2066 4260 2233 4314 frater
2288 4262 2429 4315 illius
2485 4263 2663 4313 nav’m
2720 4262 3008 4326 ingressus,
3065 4260 3224 4313 ambo
3277 4261 3415 4314 ultra

1842 4332 2153 4394 tran~irent,
2196 4345 2515 4396 rursumque
2547 4330 2683 4381 illius
2720 4331 2966 4397 quiante
3015 4330 3305 4384 transierat
3332 4332 3417 4385 in-

1838 4415 2054 4467 gressus
2078 4399 2272 4461 navim,
2298 4413 2527 4465 eamque
2545 4397 2610 4453 ad
2634 4397 3178 4462 fratremreducerel,
3201 4400 3421 4468 jamque

1841 4470 2114 4522 reductam
2148 4468 2513 4534 ingrediantur
2540 4468 2719 4533 ambo,
2751 4479 2805 4523 et
2834 4476 3109 4533 transeant
3141 4488 3153 4523 :
3185 4469 3273 4522 tali
3296 4470 3421 4525 sub—

1844 4540 2140 4605 reinigante
2193 4538 2408 4608 ingenio
2456 4538 2558 4593 elit
2602 4542 2813 4608 expleta
2860 4540 3149 4607 navigatiq,
3203 4540 3423 4593 forsitan

1842 4609 1957 4664 sine
1986 4609 2281 4678 naufragio.

2553 4681 2727 4734 Aliud.

1916 4772 2173 4826 Similiter
2189 4780 2247 4823 ut
2272 4771 2518 4839 superius
2537 4771 2856 4824 transissent
2878 4771 3022 4838 prius
3044 4769 3149 4825 duo
3172 4770 3424 4835 ἱιιΐιηςιος,

1844 4851 1901 4896 et
1926 4857 2063 4895 unus
2089 4856 2158 4895 ex
2189 4841 2294 4894 illis
2325 4840 2499 4893 navim
2540 4841 2842 4911 reduceret,
2888 4843 2940 4911 in
2989 4855 3095 4911 qua
3142 4850 3296 4911 pater
3346 4860 3428 4897 m-

1844 4926 2077 4979 gressus,
2134 4911 2272 4964 ultra
2324 4912 2621 4966 transisset.
2676 4909 2743 4963 Et
2791 4911 2878 4965 ille
2930 4909 3102 4966 iulans
3143 4909 3302 4971 unus.
3337 4914 3430 4979 qui

1847 4981 1993 5051 prius
2014 4996 2133 5036 cum
2169 4980 2331 5037 fratre
2362 4983 2670 5045 transierat,
2696 4982 2873 5035 navim
2904 4981 2969 5037 ad
3007 4982 3174 5051 ripam
3229 4980 3432 5036 educe-

1846 5060 1949 5115 ret,
1980 5051 2031 5105 in
2065 5068 2169 5120 qua
2202 5051 2367 5106 frater
2397 5052 2538 5113 illius
2568 5068 2752 5106 rursus
2778 5054 3072 5119 ingressus,
3104 5051 3260 5103 ambo
3288 5052 3426 5103 ultra

1848 5122 2158 5188 venissent;
2192 5138 2436 5191 unusque
2476 5138 2544 5177 ex
2583 5124 2685 5177 iﬂis
2707 5120 2851 5177 foras
2895 5136 3174 5191 egressus,
3209 5130 3262 5173 et
3295 5124 3383 5183 alii
3408 5137 3432 5174 r

1850 5192 1915 5246 ad
1947 5206 2172 5247 matrem
2204 5190 2484 5262 reduceret
2514 5193 2713 5258 navim,
2763 5194 2814 5245 in
2871 5206 2974 5259 qua
3021 5190 3269 5262 videlicet
3308 5192 3430 5262 navi

1852 5273 2023 5316 mater
2054 5266 2292 5328 ingressa
2335 5260 2474 5315 ultra
2519 5265 2831 5325 venissent;
2863 5276 2968 5329 qua
3008 5261 3316 5329 egrediente
3347 5260 3428 5313 fn-

1851 5348 1958 5395 ras,
1992 5330 2132 5385 filius
2160 5330 2276 5399 ejus
2302 5332 2392 5399 qui
2423 5340 2547 5385 ante
2576 5346 2696 5386 cum
2731 5330 2893 5387 fratre
2925 5339 3227 5394 transuerat,
3253 5331 3432 5384 navim

1850 5416 2040 5457 rursus
2066 5402 2357 5468 ingressus,
2390 5415 2507 5454 eam
2539 5402 2605 5455 ad
2642 5400 2862 5455 fratrem
2888 5405 3029 5456 ultra
3058 5402 3358 5463 reduceret,
3380 5400 3435 5452 in

1851 5487 1955 5540 qua
1978 5472 2137 5527 ambo
2162 5470 2383 5539 ingressi
2404 5470 2539 5525 ultra
2563 5471 2856 5534 venissent,
2874 5481 2928 5525 et
2949 5472 3099 5523 fieret
3118 5469 3331 5540 expleta
3346 5484 3437 5540 sa-

1852 5537 2020 5598 lubris
2043 5537 2392 5609 transvectio,
2416 5542 2565 5597 nullo
2576 5539 2898 5596 formidante
2920 5540 3107 5594 mortis
3134 5537 3437 5608 naufragio.

2339 5633 2421 5689 De
2457 5650 2638 5705 campo
2674 5644 2725 5687 et
2762 5631 2955 5686 ovibus.

1927 5728 2043 5797 Ipse
2070 5742 2294 5797 Campus
2322 5685 2924 5797 liabetﬂinrlongitudine
2952 5720 3113 5797 pedes
3134 5685 3433 5797 ducentos,
3500 5719 3505 5725 ’

1856 5808 1909 5851 et
1940 5792 1992 5851 i'n
2023 5792 2305 5866 latitudine
2334 5794 2501 5866 pedes
2528 5802 2797 5866 centum:
2828 5792 2930 5866 duc
2948 5792 3037 5866 bis
3057 5794 3436 5866 quinquenniis

3458 3962 3475 3993 Α

3460 4010 3477 4035 f,

1857 5838 1924 5923 Et}
1942 5838 2645 5947 'J'ue21’i'i'i'ii',"ii'uiiiw{6{:3
2656 5838 2930 5918 Ἵὶὲίίιᾱὲῑ
2941 5838 3223 5915 (1ύάἶὲἱῖᾱέ
3232 5838 3487 5929 Ἑὲῖρλν
