3920 6238
182 377 308 437 ’11⁵1

458 506 821 574 Argumentum
844 507 907 558 de
932 506 1154 559 clavibus
1179 510 1535 559 terminorum.

363 602 466 647 An.
484 596 619 645 (τισιν.
696 594 948 645 Auctor.
1038 595 1283 647 Amano.
1376 600 1468 646 Διι.
1497 595 1629 646 (Ian.

392 691 411 724 ι
522 676 585 727 28
706 690 753 725 vt
848 680 908 729 5t
1036 692 1085 728 xi
1196 681 1258 729 56
1383 693 1462 729 ιγι
1550 680 1603 728 ll

396 753 429 786 ιι
526 739 589 787 15
711 751 772 785 vu
844 739 907 789 ΞΟ
1031 754 1097 789 xu
1193 742 1253 790 22
1382 754 1476 789 xv"
1550 740 1613 789 50

396 811 448 847 ιιι
528 799 592 849 54
712 812 790 847 vni
845 802 907 851 39
1032 815 1117 851 xui
1195 804 1253 852 lt
1381 817 1493 851 xuii
1556 804 1613 851 19

398 872 467 911 tm
527 861 590 909 23
714 872 761 908 ιι
842 861 908 910 28
1030 876 1128 911 xnn
1197 867 1259 913 53
1385 876 1466 913 xtx
1552 866 1615 914 58

396 935 428 973 v
524 922 585 971 11
710 921 903 971 x‘t‘l
1033 936 1095 974 xv
1187 924 1251 972 22

266 1021 333 1079 Si
364 1022 487 1095 quis
511 1036 611 1093 per
639 1024 970 1095 perscriptos
994 1025 1272 1093 regulares
1296 1024 1541 1095 quolibet
1568 1021 1790 1095 decem-

193 1090 528 1165 nnvennalis
550 1090 686 1165 cycli
724 1090 867 1165 anno
900 1090 1163 1150 terminos
1193 1090 1381 1165 omnes
1424 1090 1665 1165 invenire
1697 1106 1792 1165 cu-

193 1163 303 1232 pit,
350 1172 529 1235 sumat
570 1161 786 1235 semper
811 1163 1326 1235 septuagesimalem
1369 1179 1402 1235 ἓ
1442 1178 1517 1235 vn
1550 1161 1670 1215 ldus
1690 1164 1795 1235 3a-

196 1229 415 1297 itttarii;
439 1229 967 1299 Quadragesimalem
996 1229 1079 1289 ἐν
1100 1232 1329 1289 Kalend.
1365 1232 1649 1292 Februan;
1690 1229 1792 1283 Pa—

196 1302 446 1372 gehalern
477 1318 506 1355 a
536 1320 585 1357 vi
619 1302 742 1357 ldus
786 1303 998 1369 Martii;
1046 1304 1406 1372 Rogationem
1452 1318 1481 1354 a
1534 1317 1641 1355 xvn
1674 1302 1791 1355 Kal.

198 1368 362 1434 Iaii;
393 1371 742 1428 Pentecostes
768 1391 881 1430 am
917 1368 1034 1430 Kal.
1072 1368 1225 1435 Miii;
1254 1382 1307 1431 et
1337 1372 1425 1426 ubi
1458 1372 1571 1439 ipse
1599 1387 1795 1425 nume-

199 1443 572 1568 mutanti
597 1458 742 1525 annu
763 1456 1055 1528 annotatus
1077 1443 1467 1506 terminabitur,
1494 1441 1563 1495 ibi
1594 1445 1796 1511 absque

341 1526 378 1568 o
405 1519 694 1568 termrnum
723 1524 981 1568 Inveniet.

341 1526 378 1568 ο
405 1519 694 1568 terminum
723 1519 981 1570 inveniet.

701 1604 781 1659 De
808 1606 1041 1664 Adventu
1074 1604 1303 1659 Domini.

278 1691 481 1748 Notum
521 1696 590 1752 sit
632 1696 883 1753 omnibus
925 1693 1232 1750 Hominibus
1278 1704 1339 1750 ιιι
1364 1695 1675 1764 quicunque
1702 1694 1799 1749 ad-

204 1772 437 1819 ventum
482 1764 691 1821 Domini
735 1766 1022 1834 diligenter
1048 1765 1161 1821 vult
1186 1765 1484 1829 celebrare,
1528 1765 1708 1834 videat
1742 1776 1801 1819 ut

204 1848 320 1889 nec
349 1843 475 1906 ante
497 1850 532 1889 v
560 1834 788 1891 Kalend.
816 1833 1099 1906 Decemb.,
1129 1849 1231 1891 nec
1260 1841 1382 1906 post
1407 1834 1590 1906 Nonas
1629 1833 1801 1902 ipsius
1837 1833 1877 1889 ii

206 1904 421 1975 mensis
450 1913 707 1971 transeat,
734 1906 827 1961 sed
850 1906 903 1960 in
930 1903 1012 1975 liis
1040 1912 1247 1975 septem
1262 1902 1467 1975 diebus
1490 1902 1804 1975 ubicunque

205 1972 339 2027 dies
367 1973 677 2029 Dominicns
702 1974 1003 2039 advenerit,
1033 1972 1119 2030 ibi
1146 1974 1265 2029 sine
1313 1973 1476 2029 dubio
1505 1982 1562 2028 et
1601 1974 1805 2041 absque

208 2042 333 2113 ullo
374 2044 737 2113 ambiguitatis
782 2058 990 2107 errore,
1039 2044 1318 2100 celebrare
1362 2044 1585 2097 valebit.
1620 2042 1803 2098 Brevis

208 2112 369 2170 enim
393 2111 553 2171 lectio
584 2115 792 2170 avidius
818 2114 1035 2185 legitur,
1064 2114 1221 2170 citius
1248 2113 1585 2183 intelligitur.

212 2222 300 2280 De
330 2228 485 2282 annis
512 2227 576 2281 ab
600 2228 751 2283 initio
779 2229 959 2283 mundi
985 2226 1325 2288 inveniendis,
1359 2234 1408 2279 et
1435 2243 1528 2296 per
1556 2212 1704 2296 ipsos
1724 2228 1808 2280 in—

291 2296 423 2351 dici.
466 2300 664 2368 cydani
698 2298 939 2364 solerem,
975 2299 1271 2366 bissextum.
1305 2296 1504 2362 cyclum
1534 2299 1804 2351 decemno-

291 2381 444 2419 venit:
465 2368 584 2432 tem,
612 2376 662 2419 et
687 2368 774 2421 Iun
792 2384 943 2421 :rem.

295 2453 361 2526 Si
387 2454 467 2513 vis
494 2456 636 2511 scire
658 2465 794 2526 quot
818 2457 929 2511 sint
958 2456 1082 2512 anni
1113 2448 1181 2510 ab
1202 2462 1410 2526 origine
1437 2454 1643 2526 mundi,
1671 2456 1809 2509 mul-

219 2524 414 2647 ti‘ﬁllica
438 2524 898 2609 quindeciesO409,
931 2526 1067 2581 ﬁunt
1091 2524 1261 2590 6135;
1294 2525 1431 2607 adde
1457 2525 1733 2607 regulares
1755 2524 1817 2588 7,

220 2609 256 2647 a
336 2608 369 2647 e
390 2603 552 2647 etiam
579 2597 927 2647 indictionem
950 2597 1074 2647 anni
1101 2605 1380 2647 praesentis
1410 2595 1465 2647 ill
1488 2611 1533 2647 s.
1565 2609 1663 2647 IDSI
1686 2606 1812 2647 sunt

336 2608 369 2667 e
390 2595 554 2667 etiam
579 2596 927 2667 indictionem
950 2597 1074 2667 anni
1101 2595 1380 2667 praesentis
1410 2595 1535 2667 ill's,
1565 2594 1663 2667 ipsi
1686 2606 1812 2650 sunt

221 2663 359 2744 anni
380 2664 460 2744 ab,
478 2664 706 2744 origine
724 2667 930 2721 mundi.
960 2663 1116 2744 i’ost'
1131 2665 1402 2744 expletam
1432 2663 1806 2744 indictionem,

220 2733 283 2805 id
311 2739 417 2801 est,
445 2743 568 2805 post
591 2736 853 2805 decimam
882 2736 1148 2805 quintam,
1174 2733 1283 2792 non
1310 2735 1623 2803 quindecies
1646 2734 1811 2805 40u9,

221 2802 577 2883 sicutmodo,
620 2802 1052 2883 sed_quindispiqs
1077 2805 1184 2883 illi
1224 2802 1585 2874 multiplicare
1608 2804 1806 2883 debes;

223 2882 286 2944 et
308 2872 505 2944 deinde
543 2883 667 2943 post
693 2872 828 2931 alios
862 2876 1167 2944 quindecim
1215 2872 1407 2937 annos,
1438 2891 1544 2928 non
1580 2874 1807 2943 quinde-

222 2942 343 3014 cies
382 2940 503 3014 ιιι),
535 2940 630 2997 sed
668 2940 978 3014 quindecies
1003 2944 1130 2998 4H.
1174 2944 1242 2998 Et
1282 2946 1474 3014 iterum
1517 2940 1641 3014 post
1678 2944 1812 2998 alios

219 3011 541 3135 ggniﬁtgm
570 3011 762 3081 annos,
797 3031 903 3071 non
932 3015 1244 3084 quindecies
1286 3013 1411 3079 411,
1455 3011 1551 3107 sed
1580 3013 1809 3089 quinde-

221 3094 344 3135 cies
372 3094 495 3135 412.
1525 3098 1536 3107 ‘

300 3148 363 3224 Si
390 3150 467 3224 de
486 3152 801 3224 ipsisua‘nnis
841 3155 1145 3224 approbare
1173 3153 1407 3209 volueris
1429 3161 1594 3221 quota
1622 3153 1701 3224 sit
1720 3154 1802 3224 in-

223 3218 425 3286 dictio,
454 3218 538 3276 his
569 3222 743 3290 adjice
790 3218 1064 3291 regulares
1099 3223 1154 3288 8,
1190 3224 1306 3277 hos
1352 3218 1534 3291 divide
1560 3238 1659 3291 per
1686 3222 1755 3274 15
1788 3240 1801 3275 :

222 3298 371 3359 quot
395 3294 777 3361 remanserint,
800 3290 917 3361 ipsa
947 3296 1051 3348 erit
1079 3291 1316 3361 indictio.
1351 3290 1408 3345 Si
1436 3290 1575 3345 nihil
1596 3306 1809 3361 reman-

225 3360 403 3426 serit,
446 3360 654 3416 decima
692 3360 880 3432 quinta
921 3363 1045 3417 erit.
1090 3361 1217 3432 Ideo
1266 3360 1299 3415 8
1353 3361 1627 3431 regulares
1674 3360 1811 3430 adji-

226 3432 472 3501 ciuntur,
502 3432 628 3501 quia
658 3431 875 3501 quando
903 3432 1132 3487 mundus
1159 3431 1330 3487 factus
1360 3440 1465 3497 est,
1504 3432 1657 3501 quasi
1686 3439 1811 3501 octo

227 3500 366 3553 anni
395 3499 463 3554 de
490 3499 649 3572 cyclo
678 3499 1045 3572 indictionum
1068 3508 1473 3572 remanserant,
1517 3499 1624 3572 non
1666 3499 1812 3572 quod

228 3576 372 3641 ante
393 3569 575 3641 mundi
604 3571 910 3641 exordium,
942 3570 1028 3625 vel
1066 3569 1120 3624 in
1150 3570 1268 3641 ipso
1295 3570 1478 3624 mundi
1518 3569 1813 3641 primordio

230 3638 399 3692 tuerit
431 3638 677 3707 indictio,
710 3655 831 3709 qua:
858 3654 960 3695 nec
987 3646 1181 3710 postea
1204 3640 1304 3695 fuit
1330 3655 1502 3709 usque
1522 3638 1589 3697 ad
1616 3642 1815 3697 Roma-

231 3722 431 3785 norum
465 3716 699 3785 tempus,
730 3708 826 3785 sed
865 3708 1072 3785 quia'iu
1105 3708 1196 3765 illo
1239 3725 1382 3785 anno
1416 3708 1537 3785 ’quo
1586 3710 1815 3785 indictio

230 3777 471 3849 primum
493 3777 709 3833 inventa
759 3777 983 3849 incaépit
1008 3780 1331 3849 computari,
1374 3777 1530 3833 annis
1566 3780 1632 3833 ab
1664 3779 1817 3834 initio

232 3846 431 3919 mundi
460 3849 711 3919 transacti
752 3846 1436 3919 perquindenampartem
1466 3857 1690 3917 propter
1720 3862 1814 3919 cy:

233 3916 388 3987 clum
418 3914 772 3971 indictionum
812 3914 1019 3987 divisis,
1060 3914 1395 3987 quindenarii
1427 3914 1651 3972 numero
1691 3914 1819 3971 anni

235 3984 272 4037 ’Ζ
301 3984 550 4057 deerant,
580 3988 735 4055 quasi
765 3987 818 4057 in
858 3984 1155 4057 primordio
1189 3988 1373 4057 mundi
1418 3988 1449 4040 Ἰ
1498 3987 1820 4043 indictiones

234 4056 665 4124 pmcessissent,
697 4065 756 4111 et
782 4055 815 4109 8
845 4055 1211 4112 remanerent.
1250 4056 1319 4111 Et
1346 4058 1453 4113 hoc
1492 4072 1599 4110 non
1639 4056 1818 4113 solum

236 4124 496 4195 decyclo
525 4124 902 4191 indictionum,
953 4127 1048 4181 sed
1077 4128 1238 4181 etiam
1268 4127 1337 4181 de
1383 4126 1503 4179 aliis
1546 4125 1818 4195 solaribus

238 4193 329 4248 vel
359 4193 635 4275 lunaribus
654 4195 839 4275 cxclis,
868 4209 968 4275 per
990 4207 1161 4249 annos
1185 4196 1253 4249 ab
1282 4195 1490 4275 origine
1522 4194 1712 4275 mundi.
1735 4208 1822 4247 se-

234 4262 479 4333 eundum
496 4262 796 4333 cujuslibet
826 4262 961 4333 cjcli
991 4279 1274 4319 numerum
1306 4262 1507 4319 divisos
1537 4263 1819 4319 invenien-

238 4329 329 4386 dis
358 4329 762 4401 intelligendum
789 4329 894 4405 est.

549 4446 630 4499 Ad
652 4446 853 4517 cyclum
880 4446 1105 4502 solerem
1130 4445 1509 4499 inveniendum.

310 4538 373 4595 Si
402 4539 481 4594 vis
506 4539 646 4594 scire
672 4548 870 4608 quotus
909 4537 979 4592 sit
1015 4536 1249 4608 circulus
1279 4536 1493 4601 solaris,
1526 4551 1679 4592 sume
1724 4552 1819 4591 an-
1850 4519 1902 4579 Ῐ)

240 4625 347 4681 nos
376 4609 444 4664 ab
471 4606 887 4681 originenmndi
912 4616 1176 4681 quotquot
1204 4606 1423 4681 fuerint,
1450 4616 1506 4661 et
1533 4607 1673 4681 adde
1700 4622 1822 4665 cum

241 4680 332 4735 his
374 4676 647 4747 regulai-es
685 4678 774 4743 17,
820 4685 876 4733 et
922 4676 1098 4733 divide
1136 4692 1233 4746 per
1264 4676 1365 4741 28;
1406 4678 1550 4801 quod
1596 4677 1829 4746 desuper

242 4748 444 4801 fuerit.
474 4750 593 4801 inse
618 4756 705 4801 est
745 4748 925 4801 evclus
952 4746 1163 4801 solaris.
1206 4745 1264 4801 Si
1308 4747 1420 4801 nibi
1476 4748 1825 4801 remanserit.

240 4748 469 4872 get-iri.
474 4750 593 4818 ipse
618 4756 705 4803 est
745 4748 925 4819 cyclus
952 4746 1163 4803 solaris.
1206 4746 1264 4801 Si
1308 4746 1437 4801 nihil
1476 4748 1825 4813 remanserit,

383 4833 424 4871 τι

608 4908 691 4962 Ad
718 4916 1079 4962 concurrentes
1114 4905 1468 4960 inveniendos.

321 4994 383 5049 Si
412 4995 493 5076 vis
520 5005 685 5051 nosse
730 5004 864 5077 quot
890 4995 1000 5077 sint
1041 5005 1450 5077 concurrentes,
1482 5002 1609 5049 tene
1654 5008 1827 5077 annos

248 5065 322 5120 ab
350 5066 558 5132 origine
584 5064 787 5134 mundi.
816 5072 871 5120 et
890 5068 956 5119 ad
988 5066 1132 5134 ipsos
1162 5065 1297 5119 adde
1324 5074 1570 5133 quartam
1597 5071 1827 5133 partem;

244 5145 305 5190 et
328 5141 601 5204 quotquot
630 5133 844 5201 fuerint,
872 5133 1267 5204 comprehende
1298 5136 1351 5188 in
1383 5150 1582 5199 unum;
1618 5135 1715 5187 hos
1746 5134 1830 5186 di-

244 5203 376 5258 vide
404 5203 503 5273 per
546 5212 799 5275 septem:
832 5204 976 5275 quod
1026 5213 1156 5258 tunc
1200 5205 1541 5275 remanserit,
1591 5206 1705 5272 ipse
1745 5211 1830 5256 est

248 5273 691 5329 eosscdrrens.’8i
721 5273 865 5329 nibll‘
881 5276 1221 5338 remanserit,
1256 5274 1286 5323 7
1320 5280 1499 5326 erunt.

632 5389 715 5445 Ad
740 5390 1021 5445 bissextum
1057 5386 1441 5443 inveniendum.

321 5477 382 5535 Si
407 5490 566 5536 nosse
592 5476 869 5537 desideras
912 5487 1109 5552 quotus
1152 5480 1222 5535 sit
1261 5494 1434 5552 attnus
1472 5486 1593 5552 post
1628 5478 1833 5552 bissex-

250 5558 399 5624 t_nm,
428 5556 583 5605 sume
610 5553 880 5624 annos‘ab
901 5548 1108 5624 origine
1136 5548 1359 5624 mundi,_
1390 5550 1490 5603 hos
1534 5548 1833 5624 divideper

249 5616 288 5671 4
309 5635 338 5692 ;_
359 5628 492 5687 quot
514 5620 873 5692 remanserint
900 5616 1048 5675 verbi
1079 5621 1247 5692 gratia
1275 5636 1289 5672 :
1320 5619 1362 5673 si
1393 5628 1672 5692 unus,_au_t
1690 5616 1828 5692 duo,

250 5686 343 5741 vel
372 5695 508 5768 tres,
536 5689 656 5768 talis
678 5688 783 5768 erit
809 5703 983 5768 anuus
1011 5686 1133 5759 post
1161 5690 1493 5756 bissextum;
1524 5689 1567 5744 si
1593 5688 1724 5743 nihil
1748 5704 1833 5745 re-

251 5757 533 5824 manserit,
564 5757 833 5816 bissextus
859 5758 979 5816 erit.

1388 375 1479 433 DE
1532 374 1973 435 ARGUMENTIS
2009 376 2239 432 LUNAZ.

3360 371 3464 425 7l8

2037 492 2119 544 Ad
2147 494 2342 561 cyrlum
2374 488 2887 543 deccmnorennnlem
2914 486 3297 539 inveniendum.

1955 584 2011 637 Si
2041 584 2181 637 scire
2207 581 2361 650 cupis
2393 588 2590 649 quotus
2617 571 2686 633 sit
2713 593 2887 631 annus
2908 576 3465 650 cyelidecemnoven-

1802 649 1846 704 Δ
1888 653 2046 715 nalis,
2079 667 2230 706 sume
2257 645 2593 717 supradictus
2635 663 2827 706 annos.
2862 645 2983 701 cum
3017 647 3098 700 his
3124 645 3260 699 adde
3308 658 3467 717 regu-

1888 724 2029 776 lares
2055 732 2283 791 septem,
2312 721 2411 775 lios
2441 720 2640 788 partire
2669 733 2764 787 per

1890 793 2011 846 talis
2036 787 2133 845 est'
2152 792 2334 860 cyclus
2361 787 2892 845 decemnovennalis.

1890 863 1977 928 rit,
2008 859 2451 916 decimusenonus
2480 861 2604 913 erit.

2234 949 2315 1001 Ad
2336 948 2545 1019 cyclum
2575 948 2715 1002 (una:
2741 946 3123 1001 inveniendum.

1963 1039 2020 1093 Si
2050 1038 2187 1094 seire
2214 1037 2365 1105 cupis
2392 1045 2591 1104 quotus
2625 1038 2695 1091 sit
2725 1037 2907 1107 cyclus
2949 1038 3107 1098 lunae,
3145 1043 3470 1107 teneamus

1895 1118 1954 1164 ut
1979 1124 2141 1177 supra
2170 1102 2438 1170 diximus,
2467 1123 2589 1162 cum
2617 1109 2697 1162 his
2718 1102 2855 1160 adde
2880 1107 3155 1173 regulares
3173 1104 3233 1177 4;
3266 1104 3362 1177 hos
3386 1102 3469 1156 di-

1894 1178 2015 1232 vide
2041 1173 2138 1247 per
2169 1178 2235 1231 19
2260 1195 2273 1232 :
2305 1177 2448 1245 quod
2475 1178 2813 1247 remanserit,
2845 1177 2956 1245 ipse
2978 1185 3063 1229 est
3092 1176 3277 1245 cyclus
3307 1173 3467 1235 lunae;

1897 1249 1939 1305 si
1970 1246 2100 1303 nihil
2125 1248 2463 1310 remanserit,
2496 1246 2650 1300 deciu
2676 1263 2737 1300 us
2762 1261 2933 1301 nonus
2962 1246 3082 1299 erit.

2966 717 3069 770 uod
3103 715 3425 770 remanserit
3451 754 3464 776 ,

2975 788 2990 841 i
3025 786 3157 840 nihil
3188 798 3434 839 remanse
3452 813 3465 824 -

2224 1362 2233 1371 '
2325 1356 2406 1409 Ad
2443 1366 2649 1427 epactas
2685 1356 3043 1411 inveniendus.

1968 1448 2023 1503 Si
2051 1449 2130 1502 vis
2159 1448 2297 1503 scire
2324 1456 2484 1517 quota
2508 1448 2580 1502 sit
2607 1456 2819 1517 epacta,
2848 1462 3002 1500 sume
3027 1460 3205 1517 annos
3227 1444 3293 1499 ab
3321 1444 3476 1517 initio

1899 1518 2104 1584 mundi,
2144 1519 2279 1573 adde
2314 1514 2589 1586 regulares
2630 1514 2683 1581 6,
2723 1518 2822 1572 hos
2852 1517 3027 1569 divide
3058 1531 3155 1583 per
3185 1515 3290 1580 i9;
3334 1514 3477 1583 quod

1900 1603 2031 1642 vero
2059 1588 2398 1652 remanserit,
2429 1587 2723 1656 multiplica
2758 1586 3042 1649 undecies;
3094 1587 3241 1653 ipsos
3285 1587 3478 1638 iterum

1900 1657 2078 1713 divide
2104 1672 2200 1725 per
2229 1658 2327 1722 53;
2376 1657 2521 1726 quod
2558 1657 2901 1723 remanserit,
2932 1657 3045 1723 ipsa
3092 1657 3196 1709 erit
3240 1663 3429 1726 epacta
3466 1671 3479 1705 :

1902 1728 1947 1782 si
1980 1722 2118 1782 nihil
2147 1722 2499 1792 remanserit,
2519 1727 2587 1780 39
2617 1726 2739 1789 erit,
2764 1726 2815 1779 id
2846 1734 2930 1779 est.
2956 1722 3045 1778 illa
3088 1740 3207 1793 quae
3245 1722 3297 1778 in
3336 1722 3485 1793 prin—

1903 1797 2045 1866 cipio
2073 1798 2269 1851 dicitur
2296 1797 2459 1863 nulla.

1907 1885 1987 1940 De
2011 1888 2163 1941 annis
2187 1884 2252 1939 ab
2295 1882 2651 1939 incarnatione
2686 1883 2897 1938 Domini
2924 1883 3265 1948 inveniendis,
3312 1890 3361 1935 ct
3389 1896 3479 1949 per

2344 1957 2483 2025 ipsos
2508 1963 2694 2007 caetera
2720 1970 2835 2025 qua:
2863 1971 3041 2024 supra.

1975 2047 2031 2102 Si
2063 2049 2142 2102 vis
2163 2062 2299 2103 scire
2328 2056 2460 2116 quot
2483 2048 2590 2101 sint
2611 2047 2734 2100 anni
2766 2048 2832 2100 ab
2863 2046 3234 2116 incarnatione
3270 2046 3479 2116 Domini

1908 2119 2076 2172 nostri
2099 2116 2247 2181 Jesu,
2271 2114 2566 2185 mult‘plica
2589 2118 2658 2169 62
2678 2117 3006 2185 quindecies,
3034 2114 3162 2169 ﬁunt
3190 2114 3323 2177 950;
3351 2115 3486 2170 addc

1908 2189 2187 2257 regulares
2215 2187 2303 2251 i2,
2336 2185 2472 2242 adde
2502 2187 2848 2242 indictionem
2876 2186 3113 2255 ejusdem
3141 2187 3265 2239 anni
3291 2185 3356 2238 de
3379 2201 3487 2257 quo

1908 2255 2224 2327 computare
2252 2258 2487 2312 volueris
2511 2274 2525 2319 ;
2554 2256 2720 2326 junge
2761 2258 2952 2319 simul,
2983 2264 3040 2311 et
3062 2264 3349 2327 iquotquot
3377 2255 3490 2309 fue-

1909 2325 2186 2391 rint,“ipsi
2216 2337 2341 2382 sunt
2380 2327 2507 2381 anni
2536 2328 2605 2380 ab
2646 2325 3018 2382 incarnatione
3061 2325 3275 2381 Domini
3319 2327 3488 2380 nostri

1908 2395 2033 2452 Jesu
2057 2395 2274 2451 Christi.
2309 2396 2426 2452 Hoc
2456 2404 2661 2450 tantum
2702 2406 2908 2450 memor
2953 2404 3072 2449 esto
3112 2396 3395 2459 sollicitus,
3431 2405 3491 2448 ut

1911 2466 2324 2523 succedentibus
2355 2467 2508 2520 annis
2545 2480 2759 2534 semwr
2788 2480 2911 2520 cum
2942 2466 3007 2518 ad
3036 2465 3301 2520 decimam
3330 2465 3491 2534 quin;

1913 2545 2021 2591 tam
2070 2537 2415 2591 indictionem
2469 2532 2803 2605 perveneris.
2846 2534 3299 2605 Verbi_gratiaA:_
3331 2537 3375 2587 si
3420 2532 3492 2586 (i2

1910 2607 2220 2676 quindecies
2250 2606 2302 2661 in
2333 2602 2557 2659 numero
2594 2606 2965 2676 computat)”,
3007 2602 3211 2676 ἀθίηίὲίὲ,
3232 2602 3517 2676 εὕρωσι·-

1914 2671 2105 2747 putare
2126 2677 2307 2738 debes,
2339 2675 2391 2729 id
2422 2682 2525 2741 est,
2551 2671 2799 2797 sequenti
2828 2688 2970 2727 anno
2997 2681 3121 2743 post
3146 2671 3213 2725 15
3244 2673 3489 2726 indictio-

1914 2762 2065 2797 nem:
2096 2754 2218 2797 post
2264 2744 2333 2797 t5
2360 2759 2552 2797 annos.
2601 2745 2617 2797 i
2698 2752 2780 2797 est
2808 2742 3025 2797 quando
3054 2743 3224 2797 prima
3268 2743 3489 2797 indictin

1912 2742 2065 2811 nem;
2096 2754 2218 2814 post
2264 2744 2333 2797 t5
2360 2759 2552 2814 annos,
2601 2742 2654 2814 id
2698 2752 2780 2798 est
2808 2742 3025 2813 quando
3054 2743 3224 2811 prima
3268 2743 3490 2814 indictiu

1912 2812 2111 2870 iterum
2137 2818 2257 2879 erit,
2287 2829 2394 2867 non
2424 2812 2495 2866 (ἢ
2522 2812 2856 2882 quindecies,
2889 2815 3034 2882 sicut
3073 2813 3256 2877 modo,
3296 2814 3391 2867 sed
3421 2812 3491 2865 65

1912 2886 2227 2955 multiplica.
2259 2882 2326 2938 Et
2352 2880 2567 2952 quando
2599 2884 2789 2955 iterum
2812 2884 2983 2955 prima
3016 2880 3196 2955 fuerit,
3219 2882 3287 2955 6i
3311 2883 3487 2955 multi-

1913 2952 2087 3023 plica,
2116 2966 2170 3009 et
2211 2969 2336 3009 cum
2380 2968 2567 3008 rursus
2606 2953 2780 3022 prima
2830 2952 3011 3016 fuerit,
3061 2952 3130 3005 65
3176 2952 3491 3019 quindecies

1913 3025 2227 3095 multiplica.

1919 3110 1922 3113 λ
2071 3091 2085 3095 ⁷
2282 3093 2366 3147 Ad
2388 3091 2723 3146 indictionem
2747 3091 3125 3144 inveniendam.

1835 3182 1879 3243 C
1915 3255 1926 3263 _
1982 3185 2037 3240 Si
2076 3184 2211 3263 scire
2241 3184 2391 3263 cupis
2418 3190 2583 3263 quota
2622 3181 2693 3235 sit
2736 3180 3174 3263 indictio,msuine
3215 3179 3492 3263 annosab

1913 3254 2283 3325 incarnatione
2312 3248 2757 3325 'Doininirnostri
2803 3248 3191 3325 Jesu_t_}hristi,
3237 3265 3359 3304 cum
3408 3250 3487 3302 his

1911 3324 2047 3378 adde
2086 3324 2365 3391 regulares
2393 3322 2447 3389 5,
2482 3318 2578 3391 hos
2608 3321 2906 3391 divideper
2943 3318 3034 3384 15;
3059 3329 3194 3391 quot
3217 3334 3492 3391 remanse-

1912 3395 2038 3457 rint,
2073 3384 2193 3447 talis
2220 3394 2324 3448 erit
2354 3384 2612 3457 indictio;
2648 3391 2695 3446 si
2723 3384 2857 3444 nihil
2895 3384 3238 3455 remanserit,
3258 3387 3337 3441 .15
3363 3385 3488 3442 erit.

2212 3487 2523 3575 Ad'cyclum
2553 3502 2777 3557 solerem
2804 3499 3186 3554 inveniendum.

1986 3595 2039 3649 Si
2080 3596 2162 3649 vis
2191 3610 2353 3650 nosse
2391 3602 2802 3663 quotus_ann_us_
2838 3588 2907 3644 sit
2933 3589 3142 3663 solaris_
3168 3587 3327 3663 cycli,
3366 3593 3488 3640 tene

1916 3680 2084 3719 annos
2106 3666 2174 3719 ab
2205 3658 2574 3718 incarnatione
2596 3660 2805 3714 Domini
2829 3666 3095 3727 quotquot
3121 3658 3336 3723 fuerint,
3369 3673 3488 3710 cum

1916 3735 2000 3787 his
2025 3734 2161 3787 adde
2191 3732 2464 3800 regulares
2486 3728 2542 3797 9,
2566 3739 2622 3784 et.
2648 3736 2915 3800 quotquot
2945 3729 3164 3800 fuerint,
3193 3728 3515 3800 dividepen

1916 3802 1988 3856 28
2017 3820 2031 3856 :
2065 3802 2209 3872 quod
2237 3796 2575 3872 remanserit,
2613 3796 2727 3870 ipse
2758 3796 2839 3857 est
2868 3799 3051 3869 cyclus
3077 3798 3308 3862 solaris;
3336 3799 3381 3851 si
3414 3796 3492 3850 ni-

1920 3874 1994 3928 hil
2019 3870 2358 3937 remanserit,
2388 3870 2460 3926 28
2490 3871 2613 3927 erit.
3158 3876 3161 3877 '

2623 3962 2777 4015 Item.

1991 4056 2046 4109 Si
2078 4057 2157 4110 vis
2182 4070 2343 4110 nosse
2358 4063 2492 4124 quot
2520 4054 2629 4109 sint
2655 4055 2710 4107 in
2741 4051 2929 4124 ordine
2956 4052 3100 4124 cycli
3118 4050 3330 4124 solaris.
3358 4050 3501 4124 scias

1922 4125 2310 4180 annosDomini
2326 4122 2458 4194 quot
2478 4124 2693 4187 fuerint,
2714 4130 2853 4194 etes
2875 4122 3004 4194 ipsis
3025 4122 3283 4194 subtrahe
3304 4122 3355 4185 8,
3370 4122 3494 4194 quia

1920 4204 2007 4253 .tot
2044 4196 2170 4248 anni
2200 4190 2477 4249 restabant
2512 4194 2579 4247 de
2626 4192 2818 4248 eodem
2864 4192 3016 4262 cyclo
3056 4190 3241 4255 solari,
3281 4190 3495 4262 quando

1928 4265 2182 4324 Dominus
2212 4265 2519 4319 incarnatus
2563 4271 2665 4328 est,
2712 4271 2768 4317 et
2794 4260 2927 4331 quot
2974 4268 3278 4331 remanent,
3322 4260 3499 4331 divide
3548 4328 3549 4331 η

1927 4350 2024 4407 per
2049 4334 2157 4407 28;
2201 4344 2336 4407 quot
2375 4333 2754 4404 superfuerint,
2801 4330 2901 4403 ipsi
2948 4338 3073 4387 sunt
3108 4331 3235 4385 anni
3263 4330 3499 4383 in'serie

1928 4405 2166 4475 i‘jusdem
2196 4405 2351 4475 cycli.
2488 4474 2491 4475 ν
2534 4474 2541 4475 ί
3016 4410 3024 4419 ‘

2462 4474 2542 4526 Ad
2584 4481 2964 4527 concurrentes.

2003 4566 2060 4620 Si
2090 4573 2479 4620 concurrentes
2509 4564 2749 4618 invenire
2771 4564 2942 4633 cupis,
2972 4573 3314 4633 sumeannos
3335 4557 3403 4610 ab
3429 4556 3504 4610 in-

1932 4637 2250 4689 carnatione
2297 4635 2507 4689 Domini
2544 4643 2815 4703 quotquot
2842 4629 3079 4703 "fuerint,
3128 4629 3210 4683 his
3254 4635 3503 4703 quartam

1932 4715 2141 4774 partem
2182 4719 2397 4772 semper
2424 4696 2581 4767 adde,
2612 4710 2668 4756 et
2696 4696 2913 4771 insuper
2950 4701 3375 4774 addequatuor;
3408 4696 3509 4749 hos

1913 4768 2107 4827 divide
2136 4788 2232 4841 per
2261 4768 2338 4825 7':
2373 4780 2505 4839 quot
2532 4786 2661 4825 vero
2689 4768 3066 4841 remanserint,
3094 4768 3194 4839 ipsi
3220 4775 3348 4822 sunt
3368 4780 3499 4820 con-

1929 4840 2227 4896 currentes.
2259 4842 2313 4895 Si
2345 4841 2477 4894 nihil
2501 4840 2837 4916 remanserjt,
2870 4840 2899 4892 7
2943 4847 3122 4894 erunt.

2518 4949 2594 5001 Ad
2624 4948 2919 5003 bissextum.

2012 5040 2068 5095 Si
2094 5052 2422 5107 cognoscere
2450 5039 2601 5109 cupis
2630 5047 2827 5109 quotus
2863 5038 2933 5092 sit
2966 5052 3138 5109 annus
3175 5050 3205 5089 a
3243 5033 3503 5109 bisseno,

1942 5119 2069 5164 tene
2096 5104 2298 5179 annos,
2336 5124 2473 5179 quos
2515 5104 2675 5177 Supra
2715 5108 2977 5179 diximus,
3019 5106 3165 5164 nullo
3204 5104 3386 5179 addito
3423 5104 3506 5179 vel

1944 5182 2219 5247 adempto.
2246 5172 2559 5233 Hus'divide
2583 5172 2679 5247 per
2705 5176 2771 5243 ι;
2802 5184 2938 5247 quot
2966 5173 3356 5247 remanserint,
3390 5172 3509 5247 talis

1944 5250 2047 5302 erit
2075 5244 2248 5302 anuus
2286 5257 2410 5316 post
2437 5244 2765 5309 biSsektum;
2801 5244 2846 5298 si
2870 5244 2999 5297 nihil
3029 5244 3366 5306 remanserit,
3398 5244 3507 5296 bis-

1944 5327 2132 5372 sextus
2170 5318 2289 5371 erit.

2295 5384 2377 5437 Ad
2404 5385 2602 5455 cyclum
2632 5383 3165 5437 decemnovennalem.

2010 5477 2065 5531 Si
2099 5491 2257 5533 nosse
2302 5478 2383 5531 vis
2419 5484 2615 5543 quotus
2654 5476 2725 5529 sit
2760 5476 2942 5545 cyclus
2985 5470 3511 5533 decemnovennalis,

1943 5557 2067 5602 tene
2097 5562 2266 5600 annos
2290 5548 2354 5599 ab
2379 5548 2745 5601 incarnatione
2770 5546 3001 5610 Domini,
3029 5553 3083 5596 et
3112 5557 3272 5597 unum
3299 5554 3514 5606 semper

1939 5617 2129 5684 adiice.
2167 5616 2274 5671 Hos
2311 5618 2509 5684 partire
2556 5632 2651 5686 per
2696 5617 2761 5671 10
2811 5624 2864 5669 et
2893 5614 2953 5677 9;
2988 5613 3145 5686 quod
3171 5610 3522 5686 _r_emauseiit,

1940 5680 2054 5755 ipse
2085 5694 2166 5740 est
2200 5680 2384 5756 cycl'us
2413 5680 2915 5743 decemnovennalis
2945 5702 2957 5737 :
2988 5680 3032 5739 si
3076 5680 3207 5737 nihil
3237 5694 3521 5736 remanse—
3618 5698 3629 5707 ι

1938 5759 2028 5828 rit,
2064 5756 2129 5810 19
2159 5758 2281 5812 erit.
