3922 6246
537 357 649 456 θεέ

787 399 992 458 ΒΕΒΔΞ
1031 399 1484 462 VENEBABILIS
1521 401 1670 461 ΟΡΡ.
1699 401 1876 460 PARS
1898 401 1942 462 Ι.
1971 401 2170 461 SECT.
2210 401 2274 460 ll.
2306 429 2379 448 --
2404 402 2852 464 DlDASCALICA
2888 405 3140 464 SPURIA
3178 406 3268 464 ET
3307 405 3558 466 DUDIA.'

3659 405 3788 463 Im

511 516 648 596 timo
676 513 796 571 ldus
822 516 1315 596 .lanuar'iinumera
1339 535 1352 585 ;
1381 519 1449 596 a_d
1474 519 1766 596 terminum
1788 518 2103 596 Quadrage:
2129 535 2181 596 Α
2209 520 2494 596 terminum
2525 519 2908 596 Rogationem,
2939 537 2968 575 a
2999 520 3209 596 decimo
3223 520 3478 596 _septimo
3520 517 3764 576 Kalenda

507 586 660 657 sinite
699 600 729 638 a
760 588 946 657 quinto
993 586 1353 644 Kalendarum
1397 589 1674 645 Februarii
1723 605 1978 655 numera;
2013 586 2096 644 'ad

507 656 792 712 terminum
824 656 1067 726 Pasch-az,
1093 675 1126 714 a
1150 660 1339 730 quinto
1367 658 1492 716 ldus
1517 659 1705 719 Martis
1731 673 1956 716 numera
1982 674 2001 727 ;
2028 658 2096 714 ad

661 785 685 791 -—
719 785 886 793 ...ι’-ι-

1977 787 2260 796 .—

2205 605 2324 644 rum
2351 589 2497 658 Maii,
2527 606 2786 655 numera;
2814 591 2878 645 ad
2903 591 3190 646 terminum
3222 589 3600 657 Pentecostes,
3625 604 3659 645 a
3685 597 3789 645 ter-

2205 659 2282 716 tio
2312 659 2669 717 Kalendarum
2695 661 2838 728 Maii,
2871 675 3116 716 numera.

2533 787 2608 795 .—

2617 787 2818 796 *-

2821 787 3088 795 ———-———

661 785 685 791 "
773 786 3088 797 ~‘W-_-—————*

526 779 3792 846 Μ

1469 928 1669 1073 ΙΝ
1807 924 2825 1092 CIRCULOS

816 1200 1108 1302 BEATI
1207 1199 1598 1301 CYBILLI
1697 1198 1826 1298 ET
1926 1196 2345 1299 DIONYSII
2471 1195 2852 1299 ROMANI
2951 1197 3075 1295 AC
3167 1195 3455 1296 BEDIE

1295 1414 1815 1508 STUDIOSI,
1845 1410 2384 1494 CUJUSDAM
2440 1410 2996 1492 PREFATIO.

579 1640 1066 1716 Dionysiusalibas
1100 1652 1299 1708 genere
1335 1637 1632 1716 Romanus,
1666 1636 1948 1716 paschales
1981 1639 2088 1693 cir-
2123 1639 2170 1701 Β
2202 1638 2365 1716 ,ιρι-,ἥρ
2393 1644 2648 1716 quantum
2668 1633 2916 1716 futurum.
2949 1632 3019 1687 sit
3048 1633 3262 1716 (quant
3301 1639 3482 1716 tamen
3530 1632 3791 1716 adhibui)

506 1719 660 1769 culos
710 1709 839 1766 mira
873 1711 1133 1764 brevitate
1188 1709 1512 1777 composuit.
1553 1716 1612 1761 ut
1640 1716 1768 1776 pote
1814 1709 2093 1777 utriusque

507 1783 699 1847 linguzr
729 1782 919 1848 peritia
946 1779 1182 1846 insignis.
1215 1776 1362 1843 Quos
1392 1777 1633 1848 quidem,
1663 1785 1722 1829 ut
1745 1776 1858 1848 ipse
1897 1776 2093 1848 ait,’ah

504 1845 648 1906 anno
678 1845 1048 1903 ducentesimo
1085 1847 1500 1916 quadragesimo
1533 1855 1726 1916 octavo
1774 1845 2093 1916 Diocletiani

504 1927 718 1988 tyranni
751 1936 928 1988 potius
956 1915 1117 1987 quam
1160 1916 1415 1988 principis
1446 1915 1739 1988 inchoavit.
1771 1915 1877 1969 Sed
1914 1915 2094 1988 lucar-

505 1983 763 2046 n'ationis'
799 1983 1077 2042 dotnin'ieze
1134 1983 1300 2052 magis
1339 1983 1509 2056 quam
1578 1984 1819 2056 ejusdem
1873 1987 2089 2056 tyranni

506 2061 824 2115 memoriam
861 2071 1021 2124 agere
1042 2056 1371 2111 deliberans.
1404 2053 1645 2124 quinque
1678 2053 2092 2109 decennovena-

505 2130 587 2185 les
616 2129 843 2183 circulos
871 2121 1055 2190 edidit,
1082 2126 1276 2192 quibus
1315 2121 1488 2178 annos
1534 2121 1733 2178 Christi
1785 2125 2087 2192 annotavit.

509 2200 786 2267 Siquidem
817 2211 1034 2267 sanctus
1075 2191 1308 2267 Cyrillus
1333 2209 1504 2267 usque
1549 2191 2093 2267 ad_ipsius_Dionysii

507 2261 755 2336 tempora
803 2265 1107 2334 paschalem
1125 2261 1533 2336 'obset'varttiatn
1557 2263 1796 2336 quinque
1822 2261 2094 2336 decenno-

507 2331 790 2392 vernilibus
804 2331 1027 2390 'eirculis
1047 2331 1553 2400 comprehenderat.
1577 2332 1820 2396 Quorum
1844 2333 2093 2398 quintum

507 2409 764 2477 praefatus
802 2405 1223 2477 Dionysiussuis
1262 2402 1503 2477 quinque
1533 2400 1842 2477 anteposuit
1867 2418 1878 2460 ;
1903 2416 1977 2477 _ac
2015 2402 2094 2456 sic

509 2471 776 2544 incipiens
805 2478 870 2528 ab
901 2471 1042 2526 anno
1072 2472 1356 2544 dominicae
1385 2471 1795 2544 lncarnationis,
1826 2471 2094 2539 quingen-

508 2550 581 2600 tis
610 2541 823 2614 triginta
855 2543 1169 2614 duobus,in
1184 2541 1554 2614 septingentis
1591 2541 1775 2614 viginti
1808 2545 1961 2614 duos,
1994 2557 2091 2614 sua

504 2611 856 2684 dispositione
873 2612 1156 2684 .perdoxit.
1181 2611 1285 2664 Sed
1315 2611 1568 2684 quoniam
1593 2611 1668 2675 lii,
1691 2612 2096 2684 exa‘ctipredire

509 2686 563 2739 in
595 2679 654 2738 se
684 2685 828 2738 nullo
857 2679 1016 2735 modo
1039 2688 1311 2750 poterant,
1342 2681 1433 2747 qui
1480 2695 1510 2733 a
1548 2689 1738 2750 sancto
1768 2679 1968 2748 Cyrillo
2000 2695 2097 2734 no-

507 2756 728 2823 naginta
775 2754 1014 2823 quinque
1042 2749 1620 2823 anniscomprchensi
1658 2749 1909 2823 luerunt,
1953 2751 2093 2802 sicut

508 2819 609 2879 nec
634 2825 705 2876 illi
737 2839 871 2891 quos
894 2821 1082 2891 eodem
1113 2819 1292 2891 spatio
1328 2827 1630 2891 temporum
1655 2820 1770 2888 ipse
1800 2821 2090 2891 ordinave-

507 2895 632 2960 rat(
681 2888 949 2959 nunquam
999 2890 1142 2944 enim
1198 2888 1297 2942 nisi
1339 2888 1488 2960 linito
1534 2903 1674 2960 anno
1717 2903 1913 2954 magno
1965 2889 2094 2942 solis

509 2958 760 3031 Innchue
787 2958 1074 3031 computus
1098 2967 1244 3031 totus
1269 2972 1335 3031 es
1370 2958 1730 3031 integro,_sine
1761 2960 1934 3026 aliqua
1967 2974 2088 3031 con-

508 3027 720 3086 fusione
745 3030 1028 3097 reperitur,
1057 3037 1115 3080 ut
1139 3027 1277 3082 idem
1311 3028 1563 3097 l'atetur)_;
1596 3027 1794 3080 idcirco
1849 3030 2089 3095 praecipit

513 3114 597 3165 ut,
629 3095 857 3168 peractis
896 3114 990 3152 sex
1017 3098 1190 3159 annis,
1221 3097 1313 3167 qui
1359 3099 1426 3150 de
1455 3095 1645 3164 quinto
1694 3097 1896 3151 circulo
1946 3099 2090 3168 beati

509 3167 698 3242 Cyrilli
742 3180 869 3224 tunc
919 3167 1178 3235 temporis
1223 3179 1570 3242 supererant,
1612 3170 1831 3242 eosdem
1879 3167 2090 3242 sobrius

509 3237 683 3295 lector
723 3255 827 3293 non
865 3248 1093 3305 repetat,
1141 3237 1236 3290 sed
1269 3251 1296 3288 a
1329 3251 1424 3289 suo
1475 3237 1670 3304 pritno.
1703 3237 1794 3302 qui
1823 3237 2089 3304 quingen-

509 3311 580 3364 tis
613 3311 825 3376 triginta
867 3306 1257 3376 duobusiaunis
1278 3306 1424 3376 omni
1450 3305 1825 3376 przetitulatur,
1868 3307 2086 3358 ordien-

511 3381 638 3434 dum
673 3375 776 3432 non
819 3380 1044 3445 ignoret.
1078 3375 1244 3438 Cujus
1275 3375 1523 3445 quinque
1567 3375 2090 3445 dcccnnovenalihus

511 3444 952 3515 circulis,vigmti
981 3455 1088 3499 tres
1111 3445 1197 3497 alii
1221 3444 1415 3515 adjecti
1439 3459 1688 3515 magnum
1713 3459 1912 3515 annum
1942 3444 2092 3497 eom-

512 3513 942 3587 pleverttnlpqui
969 3515 1271 3582 quingentis
1300 3514 1514 3587 triginta
1538 3513 1748 3587 duobus
1776 3513 1930 3566 annis
1965 3527 2088 3581 per-

515 3582 712 3650 iicitur,
739 3582 923 3653 viginti
957 3594 1084 3638 octo
1124 3592 1377 3638 censtans
1423 3582 1652 3653 circulis
1674 3583 2090 3653 decennoveua-

517 3658 678 3710 libus.
709 3651 816 3713 Uni
858 3671 1028 3708 annus
1060 3661 1345 3721 propterea
1376 3668 1472 3720 per
1499 3668 1595 3706 sua
1643 3651 1694 3705 in
1739 3666 1797 3706 se
1843 3651 2088 3718 vestigia,

515 3728 634 3779 sine
665 3726 768 3778 ulla
795 3726 1109 3778 confusione
1127 3722 1441 3784 revolvitur,
1475 3722 1728 3790 quoniam
1756 3721 2090 3776 cireulusso-

516 3796 651 3848 laris
701 3795 882 3860 \iginti
926 3803 1070 3856 octo,
1123 3801 1178 3844 et
1217 3792 1418 3844 lunaris
1451 3792 1636 3845 decem
1684 3806 1878 3844 novem
1938 3792 2092 3844 annis

514 3866 813 3932 peragitur,
835 3863 924 3927 qtii
950 3879 1072 3914 cum
1099 3876 1164 3914 eo
1195 3870 1380 3932 tenore
1402 3877 1509 3929 quo
1533 3860 1734 3927 pariter
1756 3860 1917 3932 empti
1945 3867 2090 3932 sunt,

514 3929 794 3986 iiniuntur.
833 3933 1046 3997 Magnus
1079 3946 1249 3983 annos
1274 3931 1686 3997 quingentorum
1719 3931 1936 3997 triginta
1959 3929 2093 3982 duo-

515 4019 636 4056 rum
675 4017 935 4054 annorum
969 4002 1211 4054 iteratur.
1244 4008 1300 4052 ut
1334 4000 1599 4068 paschalis
1656 3999 1796 4068 ratio
1825 3999 1889 4052 ad
1920 4000 2091 4052 solem

515 4073 778 4124 ctlnnam
813 4072 1084 4137 pertinens
1141 4066 1373 4122 inerrato
1419 4077 1717 4136 repetatur.
1775 4066 1970 4136 Sicque
2035 4070 2093 4121 lit

516 4143 716 4193 ntduin
752 4143 800 4193 in
833 4157 898 4192 co
933 4149 1056 4192 sunt
1083 4139 1267 4204 viginti
1298 4147 1420 4191 octo
1446 4138 1582 4208 cycli
1607 4137 2088 4208 decennovenales.

519 4212 632 4263 sive
657 4211 885 4268 lunares,
905 4209 1016 4260 sint
1047 4210 1206 4259 etiam
1233 4208 1284 4259 in
1311 4208 1424 4273 ipso
1447 4207 1633 4260 decem
1657 4215 1711 4258 et
1739 4222 1929 4260 novem
1955 4207 2089 4275 cycli

515 4279 736 4333 solarcs.
775 4284 1009 4340 (-‘lt‘ttt'lllll
1066 4278 1254 4328 solaris
1285 4293 1426 4328 nono
1457 4290 1597 4328 anno
1625 4275 1707 4328 sui
1749 4276 1886 4345 cycli
1924 4278 2086 4329 etiam

519 4327 926 4401 hibisco-loliis
973 4327 1444 4414 Diony,-iiiucipit,
1478 4327 2084 4414 etinioctai'o‘desiiiit.
2120 4327 2168 4386 υ

515 4415 992 4470 Deccmnovenalis
1025 4412 1147 4467 vero
1179 4412 1492 4468 nianilcstus
1519 4413 1571 4466 in
1598 4412 1725 4481 ipsis
1756 4423 1922 4466 lotam
1950 4416 2084 4468 longe

514 4488 780 4540 rationem
826 4486 980 4551 regit.
1037 4485 1375 4551 Quapropter
1429 4483 1609 4536 decies
1659 4485 1846 4536 novies
1900 4485 2086 4551 viginti

515 4566 664 4619 octo,
690 4573 782 4608 seu
812 4558 976 4607 vri-les
1022 4564 1190 4606 octies
1219 4553 1589 4606 novemdecim
1640 4553 1996 4619 multiplicati,
2035 4556 2086 4609 in

516 4625 839 4692 quingentos
891 4624 1103 4691 triginta
1151 4622 1286 4673 duos
1343 4630 1549 4674 certum
1596 4631 1677 4674 cst
1711 4623 2088 4685 proculdubio

517 4696 795 4748 eaunilari.
830 4699 945 4756 Uno
993 4708 1214 4743 numero
1263 4706 1523 4743 annorum
1556 4692 1838 4742 coniicitur
1871 4694 1886 4761 (
1914 4694 2090 4761 υινάίο

516 4773 660 4817 ctum
686 4773 786 4824 est)
822 4777 1041 4827 magnus
1071 4776 1258 4822 annus,
1285 4761 1373 4826 qui
1404 4761 1669 4827 paschalis
1701 4760 1909 4811 dicitur.
1960 4760 2088 4812 Nam

517 4842 573 4884 ct
597 4833 645 4883 in
665 4835 886 4900 epactis,
907 4842 961 4884 et
991 4834 1039 4882 in
1069 4831 1533 4888 concurrentibus,
1568 4831 1678 4900 sive
1702 4830 1864 4897 Cyclas
1889 4832 2090 4883 decen-

516 4899 788 4964 novenali,
824 4904 903 4952 vol
938 4903 1128 4958 lunari,
1191 4914 1398 4951 necnon
1452 4899 1684 4950 termino
1736 4900 1972 4965 paschali
2029 4915 2091 4952 ac

516 4971 792 5022 Dontinica
845 4970 1060 5021 l’asclrm
1093 4984 1212 5021 rum
1246 4969 1368 5020 luna
1417 4968 1582 5034 ipsius
1632 4967 1756 5027 diei,
1789 4969 1962 5033 qualis
1996 4969 2092 5020 fuit

517 5040 978 5106 quingentestmus
999 5040 1300 5103 trigcsituus
1321 5038 1586 5089 secundus
1609 5038 1890 5090 dominici:
1913 5037 2092 5089 lncaro

518 5111 750 5161 nationis
792 5124 980 5167 annus,
1039 5109 1158 5160 talis
1206 5108 1308 5159 erit
1367 5107 1680 5161 millesimus
1730 5109 2092 5171 sexagesimus

523 5189 780 5244 quartus:
816 5178 1092 5242 qualisque
1127 5177 1220 5227 t'uit
1252 5175 1413 5242 ipsius
1443 5175 1702 5227 ἱιι(εθι·η.ιιί
1736 5175 1892 5227 Verbi
1919 5191 2092 5230 annus

519 5264 741 5313 primus.
776 5256 829 5296 ct
858 5249 920 5297 ab
953 5261 1017 5296 eo
1047 5245 1507 5311 quingentesimus
1537 5246 1836 5297 tricesimus
1879 5248 2090 5311 tertius,

519 5317 636 5368 talis
651 5320 747 5368 crit
764 5318 922 5367 etiam
940 5316 1250 5366 millesimus
1263 5315 1681 5365 sexcentesitnus
1695 5314 2094 5382 decintusquin-

520 5395 627 5447 tus,
655 5395 707 5436 et
731 5387 983 5447 deinceps
1027 5385 1135 5449 pari
1183 5383 1371 5434 ordine
1406 5399 1572 5448 usque
1604 5383 1669 5434 ad
1715 5383 1874 5434 linem
1898 5385 2093 5452 triplici

521 5469 779 5504 annorum
812 5453 1017 5504 Donnoi
1050 5453 1186 5504 serie
1219 5452 1414 5518 ubique
1446 5453 1581 5503 hanc
1603 5451 1948 5506 concordiam
1978 5468 2094 5506 ser-

523 5534 697 5582 vante,
723 5538 948 5588 quarum
981 5522 1147 5588 prima
1179 5523 1397 5573 omnino
1432 5522 1710 5588 prxleriit,
1743 5522 1998 5584 secunda,
2031 5537 2093 5575 ac

521 5591 564 5642 si
620 5592 882 5643 secundus
951 5605 1120 5642 annus
1182 5601 1426 5657 magnus,
1477 5589 1648 5643 adhuc
1694 5591 1969 5656 imminet;
2025 5589 2094 5646 de

2201 1709 2254 1762 in
2286 1708 2370 1762 his
2402 1702 2634 1768 circulis,
2668 1704 2809 1758 Deus
2836 1702 2984 1757 solus
3025 1704 3191 1756 novit.
3223 1702 3357 1756 Cum
3402 1703 3521 1758 haec
3546 1706 3615 1758 ita
3644 1702 3778 1768 sint,

2197 1777 2458 1846 quaeritur
2481 1775 2547 1828 de
2574 1789 2716 1827 anno
2741 1772 3022 1826 dominica:
3052 1773 3336 1846 passionis,
3364 1773 3482 1846 qui,
3516 1788 3546 1846 a_
3576 1773 3783 1846 Nativi-

2198 1839 2308 1902 tate
2331 1845 2633 1900 tricesimus
2661 1852 2901 1913 quartus,
2927 1839 3214 1913 terminum
3243 1839 3485 1913 Paselize,
3516 1843 3780 1898 decimam

2200 1926 2472 1982 quartam,
2503 1911 2726 1972 scilicet,
2763 1913 2942 1965 lunam
2974 1912 3101 1981 (qua
3132 1911 3272 1964 Deus
3300 1911 3368 1965 ad
3395 1913 3780 1967 immolandum

2199 1985 2472 2051 traditur),
2499 1984 2622 2036 facit
2653 1997 2940 2037 occurrere
2967 1996 3062 2049 per
3088 1990 3475 2051 concurrentes
3492 1991 3546 2035 et
3569 1983 3781 2050 regula-

2197 2069 2287 2108 res
2317 2050 2561 2122 ejusilctn
2591 2052 2762 2110 lineae.
2798 2051 2924 2106 licet
2948 2051 3213 2122 catholica
3255 2050 3287 2122 li
3309 2055 3384 2105 les
3415 2051 3630 2116 habeat,
3665 2063 3783 2118 post

2198 2120 2471 2192 peractam
2504 2138 2716 2177 caenam
2750 2122 2893 2174 feriae
2937 2120 3452 2192 quintartraditum,
3482 2129 3539 2192 et
3579 2122 3782 2176 decima

2195 2189 2380 2261 quinta
2416 2195 2538 2246 luna
2596 2193 2738 2244 ferite
2785 2189 3319 2261 sextmcrucilisum.
3347 2189 3406 2261 In
3433 2191 3588 2258 cujus
3632 2207 3781 2260 quaa-

2196 2258 2391 2317 stionis
2419 2263 2750 2315 obscuritate
2784 2258 3039 2313 Dominus
3090 2259 3227 2312 lleda
3271 2259 3560 2326 plurimum
3593 2258 3771 2314 obser-

2197 2342 2374 2395 vatus,
2407 2333 2535 2384 nihil
2584 2331 2714 2383 lucis
2747 2325 2961 2393 infudit,
2994 2329 3093 2382 nisi
3121 2325 3326 2382 tantum
3355 2329 3502 2396 quod
3538 2327 3776 2398 Evange-

2200 2400 2392 2455 liorum
2427 2401 2583 2454 tidem
2614 2399 2771 2467 hujus
2799 2399 2896 2451 viri
2925 2399 3232 2453 auctoritati
3260 2397 3524 2468 praetulit,
3544 2400 3632 2468 qui
3651 2397 3778 2454 bea-

2197 2479 2307 2524 tum
2360 2469 2719 2537 Theophilum
2747 2469 3144 2536 quodammodo
3187 2467 3398 2520 videtur
3435 2467 3779 2537 secutus,qui

2195 2539 2274 2594 ait
2301 2540 2582 2593 Dominum
2617 2539 2902 2592 undecimo
2939 2537 3296 2591 Kalendarum
3327 2538 3588 2605 Aprilium
3618 2540 3779 2592 tradi-

2198 2617 2333 2673 tum,
2364 2611 2487 2664 licet
2517 2625 2678 2661 unum
2714 2607 2928 2674 adjiciat
2966 2607 3250 2678 praedictus
3302 2607 3404 2678 vir,
3438 2616 3493 2660 et
3523 2607 3775 2678 duodeci-

2195 2695 2286 2734 tuo
2316 2679 2672 2733 Kalendarum
2704 2678 2992 2744 Aprilium,
3022 2686 3078 2731 et
3119 2676 3385 2729 decimam
3411 2685 3656 2744 quartam
3700 2677 3777 2731 lu-

2196 2747 2320 2822 nani
2347 2747 2668 2822 tunefuisse
2705 2747 2916 2822 scribit.
2939 2747 3037 2822 Qui
3069 2745 3229 2799 etiam
3257 2747 3308 2799 in
3341 2760 3407 2799 eo
3432 2747 3777 2822 ab_ouinipus

2198 2818 2578 2874 ecclesiasticis
2619 2816 2938 2871 doctoribus
2982 2816 3273 2883 discrepat,
3303 2815 3770 2885 quodHDomin'utn

2195 2888 2402 2942 decima
2421 2903 2560 2942 nona
2582 2887 2705 2939 luna
2731 2885 3042 2940 crucitixum
3075 2883 3432 2939 demonstrat.
3452 2884 3586 2938 Nam
3609 2883 3778 2939 Theo-

2198 2957 2395 3026 philus,
2439 2959 2580 3013 sicut
2629 2963 2684 3009 et
2709 2955 3055 3026 alii,_de_cima
3078 2953 3266 3026 quinta
3311 2953 3439 3026 luna
3466 2955 3774 3009 cruciﬁxum

2195 3023 2406 3090 astruit,
2431 3027 2556 3080 dum
2586 3033 2780 3080 octavo
2827 3024 3048 3080 Kalend.
3080 3024 3247 3093 April.
3277 3023 3442 3077 refert
3463 3039 3586 3079 eum
3609 3037 3775 3079 resur-

2195 3099 2398 3151 rexisse
2422 3111 2452 3150 a
2488 3096 2736 3164 mortuis,
2783 3103 2908 3164 post
2955 3093 3114 3148 tnu3~
3156 3109 3274 3160 qua:
3309 3101 3636 3164 tractaverat
3661 3109 3773 3164 cum

2196 3168 2306 3220 suis
2335 3166 2673 3234 coepiscopis
2703 3162 2796 3218 dei
2819 3165 3027 3234 origine
3077 3165 3284 3217 mundi.
3317 3163 3484 3232 Igitur
3524 3165 3656 3218 tanti
3683 3163 3771 3216 viri

2191 3237 2293 3289 hoc
2327 3233 2489 3290 unutn
2516 3233 2803 3305 peecatuin
2827 3233 2897 3287 ita
2928 3233 3265 3305 indulserunt
3295 3235 3544 3305 posteri,
3576 3241 3634 3288 ut
3659 3248 3770 3305 eum

2191 3314 2486 3372 sequantur
2518 3301 2588 3358 'in
2639 3303 2892 3357 omnibus
2957 3301 3234 3357 Ecclesirs.
3289 3301 3399 3372 Sed
3457 3304 3586 3359 milii
3640 3302 3772 3357 aliud

2192 3371 2444 3438 occurrit,
2475 3373 2618 3442 quod
2650 3389 2756 3426 non
2790 3372 2964 3442 debeo
2993 3373 3248 3426 oblivioni
3271 3371 3507 3442 tradere.
3543 3378 3692 3428 Anno
3712 3373 3772 3426 ab

2190 3441 2564 3499 lncarnatione
2607 3443 2816 3495 Domini
2848 3441 2969 3505 52.),
3005 3443 3304 3510 imperante
3357 3441 3573 3498 Justino
3614 3447 3772 3511 impe-

2193 3523 2396 3576 ratore,
2423 3513 2792 3567 sani-tissimus
2823 3514 3215 3566 monachorum
3249 3511 3411 3565 Pater
3435 3512 3770 3577 Benedictus,

2193 3583 2247 3637 in
2283 3582 2434 3638 Italia
2465 3583 2748 3636 virtutibus
2769 3583 2980 3644 claruit,
3015 3593 3069 3634 ut
3100 3590 3326 3635 testatur
3355 3581 3541 3638 Victor
3568 3581 3771 3648 Capua-

2193 3653 2377 3706 nensis
2405 3652 2711 3719 episc0pus,
2741 3665 2835 3704 seu
2859 3648 3056 3705 Paulus
3077 3649 3440 3706 Cassiniensis
3469 3653 3772 3713 monachus,

2193 3721 2458 3790 hujusque
2505 3720 2745 3789 Dionysii
2770 3722 3187 3790 contemporalis
3216 3721 3457 3786 exstitit;
3493 3723 3602 3790 qui,
3635 3721 3772 3774 vide-

2196 3789 2340 3853 licet,
2376 3791 2701 3844 Denedictus
2752 3791 2927 3851 l’utrr,
2967 3789 3208 3843 Sabbato
3237 3801 3429 3844 sancto
3463 3789 3682 3846 Pascbre
3715 3804 3773 3843 ex

2194 3859 2297 3913 hac
2327 3860 2434 3913 vita
2460 3859 2705 3927 migravit
2731 3875 2800 3912 xit
2832 3859 3053 3912 Kalend.
3091 3859 3376 3926 Aprilium,
3411 3861 3558 3916 sicut
3590 3861 3773 3922 legitur

2194 3929 2247 3983 in
2278 3930 2438 3994 gestis
2456 3929 2828 3981 veracissimis.
2861 3940 2883 3964 η
2920 3929 3227 3995 llequisitus
3254 3929 3375 3983 talis
3394 3945 3571 3985 annus
3599 3932 3651 3984 in
3674 3931 3770 3986 cir-

2195 4000 2329 4054 culis
2358 3999 2553 4067 sznpius
2598 3999 2906 4051 nominandi
2949 3998 3210 4068 Dionysii,
3262 3999 3314 4051 in
3348 4015 3459 4068 quo
3486 4001 3773 4056 Sabbatnm

2196 4055 2738 4134 sani-tum'contingat
2780 4068 3048 4135 prmdictis
3084 4055 3381 4135 Kalendis;
3400 4055 3562 4124 tertio
3584 4055 3637 4123 in
3674 4078 3775 4123 toto

2196 4154 2339 4191 anno
2408 4151 2602 4204 magno
2657 4137 2881 4190 inveniri
2927 4140 3160 4205 poterit;
3211 4139 3264 4191 in
3317 4139 3513 4205 tribus,
3557 4140 3774 4200 scilicet,

2197 4207 3003 4277 tantumdecetnnovenalibus
3033 4208 3220 4277 cyclis,
3260 4206 3308 4259 id
3349 4217 3456 4272 est,
3511 4207 3567 4272 4,
3616 4207 3687 4261 22
3729 4216 3776 4262 et

2194 4276 2283 4330 97.
2335 4275 2441 4346 sed
2499 4276 2623 4346 dum
2676 4275 2991 4330 Benedictus
3056 4275 3233 4342 Pater,
3285 4287 3406 4346 post
3449 4283 3650 4332 annum
3686 4277 3775 4331 Do-

2195 4348 2321 4400 tnini
2373 4344 2493 4409 529,
2535 4345 2736 4413 Cassini
2783 4346 3054 4398 miraculis
3099 4344 3771 4413 vivctis'eoruscavit,con-

2189 4425 2296 4470 stat
2339 4418 2482 4484 quod
2528 4414 2645 4468 nec
2684 4412 2770 4479 92,
2822 4430 2919 4468 nec
2973 4415 3064 4477 Ἦ,
3124 4417 3259 4485 cycli
3317 4432 3386 4470 ex
3435 4417 3544 4472 hoc
3590 4412 3772 4471 mundo

2191 4487 2438 4554 decessit.
2472 4485 2571 4550 Qui
2615 4499 2741 4554 vero
2771 4485 2893 4554 vitae
2942 4486 3058 4552 ejus
3099 4486 3360 4540 mirabilis
3413 4489 3622 4542 relator
3650 4501 3772 4554 papa

2191 4553 2477 4620 Gregorius
2507 4569 2648 4606 anno
2697 4553 2762 4607 ab
2813 4553 3187 4609 lncarnatione
3223 4555 3435 4610 Domini
3479 4556 3587 4610 (it25
3637 4553 3774 4620 ebi’it,

2192 4635 2410 4696 certuar
2447 4632 2528 4676 est
2556 4624 2696 4696 quod
2758 4637 2855 4675 nec
2891 4633 3103 4696 quarto
3155 4625 3295 4696 cycli
3346 4641 3415 4678 ex
3467 4626 3634 4696 hujus
3669 4627 3773 4679 vitae

2194 4694 2444 4762 mruntuis
2476 4694 2710 4746 moriens
2738 4693 2966 4745 transiit.
3001 4693 3210 4761 Quippe
3241 4693 3360 4762 ejus
3391 4693 3767 4750 ttionasteriutn

2197 4777 2227 4834 a
2289 4761 2650 4834 Longobardis
2705 4775 2769 4814 eo
2803 4772 3041 4834 “mortuo
3086 4779 3198 4831 jam
3239 4761 3415 4817 fuerat
3468 4780 3765 4834 pervasurn.

2195 4830 2374 4902 Quare
2405 4831 2500 4902 nisi
2548 4845 2753 4902 summa
2798 4831 2927 4902 liiles
2963 4830 3237 4899 gesturum
3267 4845 3435 4900 esset,
3469 4830 3768 4902 prmlibatus

2195 4901 2373 4966 cyclus
2399 4901 2464 4970 de
2488 4899 3036 4970 utrinsque,Domini,
3070 4902 3298 4963 scilicet,
3333 4918 3398 4957 ac
3430 4899 3604 4970 servi,
3635 4916 3768 4958 tran-

2196 4971 2298 5046 situ
2349 4969 2666 5046 calumniam
2716 4969 3011 5046 induceret.
3061 4972 3175 5037 Qua
3225 4974 3499 5046 calumnia
3531 4969 3775 5046 impulsus

2196 5037 2462 5114 discutere
2492 5039 2628 5114 coepi
2657 5038 2782 5114 quid
2822 5038 3023 5114 faceret
3056 5045 3427 5114 controversia
3451 5037 3773 5114 hujus'modi,

2197 5115 2252 5160 et
2281 5110 2511 5175 primum
2541 5108 2607 5162 de
2660 5109 2813 5161 annis
2864 5109 3072 5163 Domini
3105 5111 3171 5164 ad
3202 5108 3592 5168 clironicoru'm
3649 5114 3772 5169 dicta

2199 5191 2284 5228 tne
2336 5178 2554 5230 contuli.
2601 5176 2811 5230 Eusebii
2844 5181 3072 5233 maxime
3099 5181 3476 5245 Caesariensis,
3511 5193 3569 5240 et
3609 5183 3778 5238 Hieror

2199 5246 2342 5318 nymi
2371 5245 2714 5318 divinzelggis
2740 5247 3068 5318 interpretis,
3106 5261 3164 5302 ut
3185 5260 3312 5318 quot
3343 5255 3472 5306 anni
3509 5269 3686 5308 essent
3718 5254 3772 5304 ab

2198 5313 2572 5388 lucarnatione
2592 5314 2786 5366 Christi
2814 5313 2988 5388 usque
3030 5318 3096 5370 ad
3128 5313 3416 5388 imperium
3465 5321 3773 5377 Diocletiani

2199 5383 3023 5461 comprehenderem,“quoniam
3069 5383 3413 5461 inde'usque
3456 5390 3529 5446 ad
3555 5393 3770 5461 primum

2199 5451 2396 5527 annum
2428 5452 2700 5527 cyclorum
2732 5451 2983 5527 Dionysii
3009 5472 3241 5510 CCXLVIII
3283 5451 3774 5527 déprebeiidissetu.

2200 5521 2406 5601 [astans
2445 5535 2572 5599 ergo
2610 5522 2830 5601 diutius.
2863 5521 2931 5577 ab
2963 5521 3447 5601 unius_nativi_tate
3508 5545 3683 5599 usque
3723 5526 3776 5581 ad

2199 5593 2420 5645 alterius
2471 5593 2845 5660 principatum,
2913 5597 3156 5666 comperi
3214 5598 3450 5668 spatium
3527 5593 3780 5656 cetum

594 5775 617 5802 τι
657 5765 799 5820 Obiit
828 5781 912 5818 an.
939 5763 1064 5832 543,
1089 5771 1147 5821 ut
1173 5763 1283 5820 Leo
1309 5762 1572 5823 Ostiensis
1601 5764 1816 5830 asserit,
1841 5765 1992 5835 cyclo
2021 5765 2150 5827 solis
2179 5763 2269 5835 20,
2299 5766 2364 5824 2t
2400 5763 2584 5835 Mart,
2612 5767 2664 5822 in
2693 5766 2948 5825 Sabbato.
