3922 6246
487 435 498 445 ι
522 406 626 458 8711

888 404 1088 459 ΒΕυᾹῦ
1125 405 1284 462 VEN.
1318 400 1519 463 ΟΡΕΠ.
1553 406 1734 463 PARS
1765 408 1811 463 1.
1851 405 2048 464 SECT.
2076 407 2098 461 1

2214 436 2242 450 -
2271 405 2734 462 DIDASCALICA
2769 404 2974 460 DUBIA
3010 403 3096 458 ΕΤ
3133 401 3410 460 SPUBIA.

3695 391 3796 448 880

609 537 662 584 Si
697 537 774 586 vis
803 545 958 601 quota
989 536 1058 587 sit
1087 535 1304 590 indictio
1333 536 1492 601 scire,
1526 551 1679 589 sume
1727 549 1896 588 annos
1924 535 1991 586 ab
2023 534 2104 586 ln-
2134 534 2181 592 Α
2211 535 2380 600 quies,
2419 535 2553 591 ﬁunt
2597 537 2683 590 75.
2719 539 2868 593 Adde
2908 541 2972 593 ad
3020 541 3134 594 dies
3186 540 3314 595 200.
3349 537 3615 603 Januarii,
3665 536 3795 591 lunt

533 623 845 676 carnatione
869 622 1100 684 Domini,
1133 625 1181 675 id
1207 633 1309 686 est,
1340 623 1466 677 775.
1499 623 1591 677 His
1618 638 1831 690 semper
1853 621 2026 691 adiice
2049 621 2104 684 5,

537 709 671 763 ﬁunt
695 710 818 764 778.
870 712 977 765 llos
1012 714 1209 779 partire
1240 729 1335 782 per
1367 715 1456 777 15,
1492 724 1775 769 remanent
1807 715 1893 768 15.
1925 714 2104 767 Tertia

533 799 738 852 decima
789 811 872 853 est
913 801 1135 856 indictio
1177 805 1302 856 anni
1334 804 1654 871 praesentis;
1683 803 1726 856 si
1760 802 1892 856 nihil
1920 816 2108 858 rema-

530 895 643 950 net,
680 885 744 940 15
773 899 872 941 est.

607 978 664 1033 Si
692 994 852 1033 nosse
884 980 964 1033 vis
987 989 1179 1047 quotus
1207 987 1277 1036 stt
1305 980 1539 1036 circulus
1562 983 1724 1048 lunai,
1758 997 1906 1036 sume
1935 997 2106 1036 annos

537 1063 768 1128 Domini,
805 1075 860 1119 ut
903 1078 1025 1134 puta
1056 1066 1198 1131 774;
1232 1078 1286 1122 et
1331 1069 1586 1123 subtrahe
1634 1083 1849 1138 semper
1893 1071 2022 1136 duo,
2054 1083 2102 1123 i-t

531 1168 809 1212 remanent
840 1157 967 1211 762.
1009 1158 1115 1213 llos
1167 1162 1362 1226 partire
1412 1177 1506 1228 per
1538 1162 1602 1214 l0
1646 1169 1704 1216 et
1728 1157 1785 1225 9,
1829 1171 2108 1216 remanent

531 1248 655 1310 duo,
698 1249 966 1303 secundus
997 1249 1232 1304 circulus
1263 1251 1400 1304 luna:
1447 1253 1956 1308 decemnovennalis
1981 1261 2103 1316 est;

527 1338 741 1407 quoties
770 1339 899 1392 nihil
938 1351 1203 1404 remanet,
1247 1339 1310 1393 l9
1335 1350 1437 1394 est.

603 1429 660 1484 Si
691 1431 768 1483 vis
801 1431 942 1484 scire
972 1442 1148 1499 quum
1192 1432 1300 1484 sint
1331 1446 1463 1498 epac
1489 1448 1554 1494 αι,
1587 1442 1834 1501 computa
1878 1446 1908 1485 a
1933 1433 2106 1500 primo

533 1534 677 1573 anno
701 1520 1200 1584 decemnovennali,
1229 1536 1395 1589 usque
1422 1525 1471 1574 in
1501 1523 1640 1576 diem
1666 1537 1823 1597 quem
1844 1508 2102 1589 volueris,

532 1621 588 1665 ut
623 1623 747 1678 puta
799 1612 850 1664 in
885 1613 1126 1678 quintum
1173 1628 1394 1666 annum.
1433 1614 1650 1668 Dimitte
1688 1629 1900 1683 semper
1929 1615 1982 1680 1,
2015 1630 2105 1669 re-

531 1710 754 1756 manent
796 1701 849 1754 1.
880 1703 1172 1772 Multiplica
1223 1719 1317 1772 per
1347 1704 1376 1754 4
1411 1719 1578 1757 annos
1611 1706 1698 1772 11,
1731 1719 1946 1760 annuas.
1977 1690 2106 1774 epa—

532 1805 665 1858 ctss,
702 1805 754 1847 et
777 1783 949 1848 iacies
981 1806 1168 1863 quater
1195 1797 1467 1860 undecim,
1505 1796 1592 1849 64.
1620 1795 1688 1848 14
1717 1808 1797 1852 eat
1829 1806 2014 1866 epacta
2047 1798 2099 1851 in

2213 625 2338 677 115.
2370 623 2445 679 De
2473 625 2540 678 60
2590 627 2669 680 bis
2703 627 2822 681 lio.
2859 630 3155 683 Remanent
3193 630 3250 683 6.
3305 628 3411 696 Ipsi
3441 637 3568 680 sunt
3614 629 3793 695 [uncti

2211 713 2347 765 luna:
2379 715 2544 782 ipsius
2573 717 2711 784 quod
2763 719 2978 784 luserit,
3024 719 3076 772 id
3116 728 3219 784 est,
3277 717 3412 772 hora
3444 729 3500 771 et
3559 725 3794 786 putidus

2210 801 2353 853 horic
2378 806 2642 857 secunda.

2278 892 2333 944 Si
2370 893 2538 959 ipsam
2569 895 2746 948 lunam
2773 897 2850 950 vis
2895 895 3160 962 invenire,
3201 902 3480 949 memento
3515 894 3666 959 quod
3706 893 3794 944 ha-

2213 981 2393 1042 bueris
2444 983 2495 1036 in
2543 1000 2773 1052 summa,
2827 997 3114 1056 antequam
3165 1003 3264 1057 per
3309 986 3383 1040 40
3430 986 3713 1054 patriciis.
3745 995 3798 1039 α

2208 1069 2418 1136 quoties
2448 1071 2718 1128 deduxisti
2744 1074 2838 1143 40,
2880 1085 2957 1130 tot
2984 1090 3132 1130 asses
3161 1076 3383 1143 adiicias
3412 1076 3480 1127 ad
3523 1088 3798 1128 summam

2213 1159 2480 1221 eamdem,
2529 1173 2580 1215 et
2609 1163 2798 1217 iterum
2832 1165 3125 1234 multiplica
3167 1174 3317 1222 tuum
3345 1165 3606 1219 circulum
3659 1166 3797 1215 lunx

2211 1250 2412 1315 sexies,
2457 1250 2648 1320 junges
2686 1254 2751 1306 atl
2800 1267 3084 1321 summam,
3135 1257 3331 1310 deinde
3362 1270 3458 1325 per
3503 1254 3596 1320 30,
3635 1260 3695 1306 et
3723 1254 3800 1305 lu-

2209 1351 2332 1393 nam
2354 1341 2592 1408 ejusdem
2622 1342 2726 1397 diei
2760 1345 3020 1402 invenies.

2277 1429 2335 1484 Si
2362 1432 2441 1483 vis
2483 1432 2622 1486 scire
2652 1434 2859 1487 initium
2889 1436 3314 1504 quadragesima:
3361 1433 3580 1502 quando
3622 1446 3800 1483 annus

2206 1519 2513 1572 communis
2546 1531 2649 1584 est,
2679 1523 2901 1587 require
2930 1539 2959 1575 ει
2993 1525 3186 1590 pascha
3210 1537 3376 1588 usque
3408 1523 3460 1574 in
3487 1521 3609 1573 ldus
3643 1520 3800 1586 Apri-

2208 1605 2308 1669 les,
2360 1619 2490 1674 quot
2520 1610 2636 1662 dies
2687 1613 2884 1664 ibidem
2933 1609 3222 1677 inveneris,
3270 1613 3493 1666 totidem
3539 1618 3798 1676 computa

2207 1695 2322 1748 dies
2371 1711 2401 1749 a
2432 1697 2658 1752 Kalend.
2695 1700 2850 1754 Mart.
2904 1711 3074 1767 retro,
3129 1702 3232 1756 hoc
3260 1703 3362 1755 erit
3408 1702 3626 1754 initium
3657 1700 3799 1765 Qua-

2207 1786 2549 1856 dragesimte.
2581 1791 2806 1854 Quando
2829 1808 2956 1846 vero
2991 1794 3374 1847 embolismalis
3403 1807 3579 1845 amnis
3611 1793 3796 1856 fuerit,

534 1881 774 1934 secundo
803 1883 1004 1935 circulo
1031 1884 1560 1938 decemnovennalis.
1593 1883 1667 1939 Ita
1697 1901 1790 1952 per
1820 1901 2007 1940 omnes
2039 1888 2103 1942 10

2214 1892 2458 1945 computa
2489 1895 2516 1930 a
2550 1882 2722 1948 pridie
2771 1883 2953 1936 Iduum
2984 1885 3152 1952 April.
3188 1898 3352 1950 usque
3382 1884 3434 1936 in
3469 1882 3704 1945 Pascha,
3745 1894 3797 1934 et

527 1984 582 2023 et
606 1971 638 2025 9
671 1985 840 2024 annos
869 1968 1096 2026 sub'liac
1138 1974 1472 2029 hreviatione
1505 1976 1856 2046 computabis.
1963 2012 1992 2038 ,-

600 2081 656 2135 Si
685 2096 842 2135 nosse
876 2083 952 2134 vis
1004 2083 1354 2151 adjectiones,
1385 2085 1435 2138 id
1465 2095 1567 2150 est,
1602 2096 1984 2141 concurrentes
2011 2100 2102 2143 se-

537 2174 782 2236 ptimanae
811 2174 947 2236 dies,
985 2189 1135 2229 sume
1185 2191 1354 2229 annos
1394 2177 1460 2230 ab
1493 2176 1863 2232 lncarnatione
1893 2177 2102 2231 Domini

530 2270 662 2328 quot
712 2263 924 2327 luerim,
977 2275 1031 2317 ut
1081 2274 1200 2331 puta
1233 2264 1336 2318 76S
1385 2282 1476 2333 per
1526 2267 1872 2321 indictiooem
1911 2279 2101 2323 “cutt-

529 2354 674 2416 dam,
717 2362 770 2407 et
799 2367 1055 2407 annorum
1081 2356 1170 2422 qui
1203 2355 1403 2407 fuerint
1446 2365 1691 2424 quartam
1726 2363 1930 2424 partem
1959 2369 2102 2411 scm-

529 2456 623 2506 per
648 2441 775 2509 ipsis
823 2441 982 2506 adde,
1021 2442 1069 2494 id
1103 2453 1201 2506 est,
1245 2458 1386 2496 nunc
1420 2443 1524 2496 100
1575 2454 1628 2497 et
1654 2443 1704 2495 1.
1761 2443 1918 2497 Fiunt
1944 2444 2107 2498 simul

531 2529 657 2588 955.
689 2532 780 2586 1128
809 2533 942 2584 adde
973 2534 1245 2602 regulares
1274 2534 1327 2601 1,
1359 2543 1414 2588 et
1443 2536 1574 2588 liunt
1607 2533 1731 2588 959.
1767 2535 1874 2588 llos
1902 2538 2111 2604 partire-

529 2635 622 2687 pcr
653 2621 709 2686 7,
740 2635 1014 2675 remanent
1066 2625 1120 2676 7.
1173 2625 1387 2691 Septem
1442 2635 1565 2677 sunt
1602 2632 1801 2692 epactte
1850 2627 2000 2689 solis,
2049 2625 2100 2678 id

527 2721 632 2777 est,
679 2723 1059 2769 concurrentes
1105 2715 1412 2783 Septimana:
1472 2713 1611 2779 dies,
1665 2728 1760 2782 per
1806 2713 2100 2783 superscri-

529 2813 646 2871 ptas
675 2802 996 2876 indictione;
1015 2802 1068 2856 2.

602 2915 656 2970 Si
689 2916 768 2968 vis
793 2916 931 2969 scire
955 2925 1147 2984 quotus
1206 2919 1275 2969 sit
1305 2933 1476 2971 annus
1519 2919 1650 2989 cycli
1696 2919 1761 2974 10
1786 2925 1844 2974 et
1874 2917 1908 2976 9
1935 2933 2102 2972 anno-

522 3021 665 3071 rum,
697 3022 854 3060 sume
889 3021 1058 3060 annos
1089 3007 1300 3060 Domini
1333 3020 1464 3077 quot
1495 3010 1707 3074 iuerint,
1738 3020 1794 3063 ut
1823 3019 1945 3076 puta
1970 3010 2096 3072 764,

512 3105 576 3148 .et
626 3111 785 3148 unum
833 3111 1047 3166 semper
1095 3096 1290 3167 adiice,
1327 3109 1382 3152 et
1426 3097 1712 3153 llunt765.
1769 3099 1876 3153 Hos
1908 3099 2103 3168 partire

530 3199 625 3248 per
663 3183 725 3236 10
771 3191 824 3236 et
854 3184 906 3246 9,
945 3195 1222 3238 remanent
1267 3187 1320 3240 5.
1357 3187 1582 3252 Quintus
1633 3197 1715 3240 est
1745 3201 1915 3241 annus
1961 3185 2096 3255 cycli
2128 3198 2175 3262 ο

527 3274 1067 3336 decenmoveunalis;
1102 3275 1240 3342 quod
1269 3277 1312 3328 si
1363 3276 1490 3329 nihil
1533 3276 1866 3340 remanserit,
1902 3275 1969 3329 19
1993 3285 2096 3330 est.

600 3367 657 3421 Si
692 3382 852 3422 nosse
883 3368 964 3422 vis
995 3377 1153 3436 quota
1186 3367 1252 3420 sit
1283 3368 1522 3430 indictio,
1554 3382 1707 3421 sume
1752 3383 1952 3422 annum
1997 3367 2101 3421 Do-

532 3454 686 3519 mini,
717 3467 770 3510 ct
814 3457 986 3526 adjice
1014 3456 1068 3510 ὅ.
1103 3457 1308 3511 Partire
1338 3473 1430 3525 per
1462 3458 1550 3522 15,
1578 3466 1632 3511 et
1667 3459 1804 3525 quod
1837 3466 2094 3521 remanat,

526 3550 640 3615 ipsa
663 3556 756 3601 est
783 3547 1000 3602 indictio
1029 3549 1155 3602 anui
1185 3549 1479 3616 prmsentis.

603 3638 656 3692 Si
699 3640 777 3691 vis
822 3638 960 3692 scire
1009 3649 1185 3706 quota!
1228 3640 1332 3691 sint
1373 3649 1573 3706 epactaa
1604 3639 1852 3706 lunares,
1902 3642 2100 3707 partire

532 3743 703 3781 annos
743 3728 952 3782 Domini
1001 3741 1097 3796 per
1129 3726 1194 3778 10
1243 3727 1378 3790 ct9,
1425 3737 1480 3780 et
1515 3728 1654 3794 quod
1697 3737 1936 3780 remanet
1963 3729 2100 3780 mul-

528 3821 704 3888 tiplica
752 3835 846 3889 per
896 3821 982 3874 11.
1031 3821 1158 3873 ltem
1203 3818 1397 3881 partire
1442 3833 1534 3886 per
1576 3816 1679 3884 30,
1723 3825 1776 3871 et
1825 3827 2102 3872 remanent

525 3919 746 3978 epactm.

601 3999 659 4054 Si
685 4011 847 4051 nosse
880 4012 961 4050 vis
1003 4007 1386 4052 concurrentes
1430 4001 1741 4065 septimana:
1772 3997 1907 4062 dies,
1946 4011 2099 4052 sume

524 4103 721 4143 annum
779 4087 1010 4150 Domini,
1043 4096 1097 4139 et
1127 4087 1438 4139 earumdem
1471 4103 1733 4139 annorum
1769 4089 1856 4152 qui
1907 4087 2103 4141 l'oerint

525 4188 776 4246 quartum
823 4191 1036 4240 semper
1083 4175 1256 4243 adiice
1303 4190 1463 4241 super
1507 4190 1703 4227 annum
1747 4175 1974 4228 Domini.
2009 4176 2101 4229 llis

525 4281 743 4334 quoque
773 4265 804 4316 4
831 4266 988 4329 adde,
1037 4265 1159 4332 quia
1192 4263 1430 4334 quinque
1479 4273 1858 4318 concurrentes
1885 4261 2102 4318 fuerunt

526 4360 834 4414 Nativitatis
884 4357 1093 4410 Domini
1119 4375 1134 4410 :
1159 4359 1255 4412 bos
1287 4359 1487 4422 partire
1517 4373 1609 4427 per
1651 4359 1706 4424 7,
1743 4369 1795 4413 et
1825 4361 2108 4415 remanent

526 4461 724 4519 cpacta:
763 4449 912 4500 solis.

580 4539 654 4592 ‘Si
685 4538 764 4592 vis
794 4538 936 4590 scire
960 4543 1155 4604 quotus
1185 4538 1247 4589 sil
1283 4551 1456 4589 annus

535 4630 694 4694 nalis,
746 4643 896 4682 sume
944 4643 1137 4680 annum
1176 4627 1411 4694 Domini,
1453 4639 1505 4682 et
1533 4643 1694 4682 unum
1726 4631 1949 4695 addens,
1979 4631 2104 4700 quia

529 4719 770 4775 secundo
799 4718 1038 4787 ejusdem
1084 4731 1226 4771 anno
1273 4727 1430 4771 natus
1473 4726 1579 4782 est;
1610 4717 1808 4786 partire
1833 4732 1927 4786 per
1960 4714 2026 4771 10
2053 4727 2108 4771 et

526 4815 584 4878 9.
619 4825 670 4867 et
707 4812 850 4882 quod
897 4809 1236 4876 remanserit,
1288 4811 1402 4879 ipse
1457 4820 1542 4865 est
1569 4823 1740 4865 annus
1787 4810 1974 4866 circuli
2004 4810 2102 4865 de-

527 4904 988 4962 cemnovennalis.

608 4995 661 5049 Si
690 5006 847 5044 nosse
875 4992 956 5042 vis
984 5001 1181 5058 qualus
1209 4990 1389 5059 cydns
1411 4991 1621 5045 lunaris
1667 5001 1768 5055 est,
1822 5006 1976 5045 sume
2014 5007 2108 5045 an-

530 5099 629 5141 nos
659 5083 867 5138 Domini
900 5091 956 5137 et
983 5097 1169 5146 unum,
1217 5084 1392 5136 divide
1422 5099 1518 5149 per
1543 5085 1598 5150 9,
1627 5093 1680 5137 et
1709 5086 1848 5149 quod
1891 5099 2104 5138 reman-

531 5178 681 5238 serit,
715 5175 827 5244 ipse
848 5183 931 5228 est
955 5189 1122 5227 annus
1149 5175 1332 5228 circuli
1367 5177 1590 5227 lunaris.

609 5269 664 5323 Si
717 5269 794 5320 vis
841 5267 979 5320 scire
1022 5265 1346 5319 bissextilem
1387 5281 1604 5328 annum,
1658 5268 1862 5333 partire
1905 5279 2104 5318 annum

535 5360 745 5412 Domini
791 5373 883 5427 per
912 5357 967 5422 4,
999 5366 1256 5426 quantum
1291 5359 1631 5422 remanserit,
1664 5366 1740 5410 tat
1769 5357 1894 5410 anui
1921 5366 2045 5411 sunt
2075 5372 2103 5410 a

531 5452 785 5505 bissexti).

608 5544 665 5596 Si
708 5556 862 5596 nosse
889 5543 965 5595 vis
995 5551 1122 5608 quot
1161 5551 1386 5608 punctos
1412 5554 1742 5608 unaquaque
1781 5543 1906 5594 luna
1936 5542 1990 5596 in
2017 5542 2104 5597 die

533 5633 705 5686 luceat
727 5632 1018 5685 secundum
1049 5631 1342 5696 Romanos,
1370 5646 1521 5686 sume
1543 5630 1660 5685 dies
1682 5645 1709 5681 a
1739 5630 2012 5702 Januario,
2044 5643 2104 5689 ut

535 5732 660 5790 puta
688 5723 741 5776 in
767 5724 902 5777 Non.
933 5721 1106 5775 Ilartii
1138 5721 1227 5776 66.
1254 5722 1388 5778 Vide
1413 5731 1610 5791 quotus
1637 5721 1707 5775 sit
1731 5723 1918 5793 cyclus
1939 5725 2103 5791 lunae,

536 5829 589 5869 ut
636 5824 755 5883 puta
805 5814 860 5869 6.
915 5812 1206 5882 Multiplica
1250 5815 1421 5882 ipsum
1463 5812 1720 5868 circulum
1771 5817 1908 5871 lunae
1949 5815 2144 5893 quin-_

2200 1980 2338 2033 quot
2370 1970 2487 2023 dies
2539 1972 2734 2026 ibidem
2771 1974 3044 2037 habueris,
3080 1974 3299 2028 tetidem
3331 1975 3446 2028 dies
3498 1976 3725 2042 require
3768 1988 3796 2025 ι

2201 2059 2432 2131 Kalend.
2471 2063 2624 2118 Mart.
2657 2074 2800 2129 ante,
2830 2075 2882 2118 et
2912 2068 3012 2118 hoc
3041 2066 3140 2118 erit
3183 2067 3391 2117 initium
3424 2064 3792 2131 Quadragesi-

2205 2125 2326 2231 mai.
2360 2153 2426 2206 Et
2455 2154 2554 2207 hoc
2583 2155 2708 2209 nolo
2740 2167 2790 2210 te
2833 2155 3040 2220 fallere,
3071 2157 3191 2224 quia
3230 2157 3607 2209 communibus
3637 2156 3795 2206 annis

2205 2241 2408 2296 Pascha
2441 2258 2652 2312 semper
2694 2256 2817 2300 ante
2869 2247 3040 2314 pridie
3089 2248 3209 2299 ldus
3265 2245 3465 2313 Aprilis
3530 2245 3789 2299 habetur.

2200 2330 2563 2386 Embolismus
2584 2348 2795 2402 semper
2819 2344 2971 2388 antea
3021 2336 3348 2388 extenditur.

2272 2422 2328 2481 Si
2355 2423 2429 2477 vis
2457 2425 2597 2479 scire
2645 2433 2804 2494 quota
2869 2425 2935 2478 sit
2980 2435 3188 2493 epacta:
3215 2439 3355 2478 anno
3386 2439 3498 2494 quo
3525 2422 3788 2489 volneris,

2201 2524 2450 2581 computa
2481 2527 2644 2584 quota
2673 2515 2744 2569 sit
2769 2516 2888 2568 bina
2921 2517 2972 2570 in
3009 2531 3056 2568 it
3086 2515 3319 2570 Kalend.
3348 2517 3568 2582 Aprilis,
3595 2525 3652 2568 et
3674 2516 3788 2583 ipsa

2205 2604 2327 2656 luna
2357 2605 2470 2658 erit,
2509 2615 2719 2673 epacta.
2772 2605 2930 2659 Verbi
2976 2609 3187 2674 gratia:
3217 2609 3260 2659 ei
3310 2606 3435 2659 luna
3458 2605 3621 2658 fuerit
3647 2605 3705 2668 9,
3740 2605 3788 2656 ia

2203 2708 2256 2746 ι]
2282 2691 2508 2748 Kalend.
2540 2693 2712 2764 April.
2748 2695 2859 2763 ipsa
2908 2697 3020 2749 erita
3069 2705 3276 2763 epacta,
3310 2695 3390 2747 vel
3422 2708 3787 2761 quonumere

2203 2782 2381 2838 lunam
2405 2785 2696 2851 inveneris,
2730 2786 2899 2853 ipsum
2928 2800 3205 2838 numerum
3235 2795 3423 2854 epacta
3457 2783 3703 2836 habebit.
3725 2781 3782 2837 1η

2204 2877 2365 2944 quali.
2405 2887 2585 2932 autem
2626 2879 2853 2932 articulo
2897 2877 2980 2933 vel
3005 2879 3254 2947 iunctura
3305 2879 3356 2931 in
3405 2878 3591 2932 eodem
3641 2893 3782 2933 anno

2203 2978 2447 3037 epactam
2491 2968 2762 3031 habueris,
2798 2970 2848 3023 in
2899 2970 3016 3038 ipso
3060 2953 3345 3024 terminum
3384 2969 3698 3036 paschalem
3727 2977 3780 3022 et

2197 3057 2413 3127 cyclum
2446 3057 2582 3112 lunae
2614 3059 2810 3113 ibidem
2842 3058 3071 3114 tenebis.

2274 3150 2330 3204 Si
2370 3152 2450 3205 vis
2475 3152 2616 3205 scire
2637 3161 2798 3219 quota
2822 3151 2894 3204 sit
2919 3153 3040 3206 luna
3064 3153 3116 3206 in
3141 3151 3296 3206 initio
3323 3149 3783 3220 Quadrageeirnz,

2204 3255 2452 3314 computa
2485 3244 2542 3299 in
2570 3260 2675 3314 quo
2705 3247 2934 3300 volueris
2966 3260 3126 3313 anne,
3161 3244 3212 3299 in
3236 3254 3397 3316 quota
3431 3243 3556 3298 leris
3584 3258 3785 3299 evene-

2207 3342 2278 3395 rit
2320 3340 2579 3394 terminus
2611 3339 2907 3408 paschalis,
2958 3349 3011 3395 et
3055 3342 3109 3394 in
3161 3340 3276 3408 ipsa
3319 3339 3450 3393 leria
3482 3338 3684 3403 incipe,
3732 3344 3784 3388 et

2210 3441 2454 3496 computa
2485 3445 2515 3482 a
2547 3419 2776 3483 secunda
2807 3430 2927 3483 luna
2952 3446 3045 3497 per
3061 3431 3293 3498 singulas
3323 3430 3504 3490 lerias,
3535 3441 3708 3494 asque
3727 3426 3778 3478 in

2209 3522 2563 3587 Dominicam,
2595 3533 2647 3576 et
2677 3521 3067 3590 quodammodo
3091 3521 3159 3574 ibi
3186 3521 3362 3572 lunam
3385 3519 3682 3581 inveneris,
3705 3517 3780 3570 sic

2210 3615 2312 3668 erit
2343 3613 2494 3667 initio
2524 3612 2972 3681 Qnatlragesitnar.
2997 3610 3259 3665 Similiter
3287 3624 3340 3663 et
3371 3610 3424 3663 in
3460 3608 3782 3678 Rogationes

2164 3685 2169 3690 ’
2203 3703 2382 3756 lunam
2404 3711 2682 3767 computa,
2714 3701 2768 3754 in
2795 3701 2912 3769 ipsa
2941 3699 3071 3754 leria
3099 3714 3127 3752 a
3155 3697 3220 3752 21
3256 3713 3427 3768 usque
3459 3699 3510 3752 in
3550 3696 3777 3752 secunda

2199 3790 2334 3843 feria
2365 3799 2486 3855 post
2519 3789 2874 3854 Dominicam,
2904 3797 2958 3843 et
2985 3787 3254 3857 quomodo
3278 3788 3350 3841 ibi
3388 3786 3686 3849 inveneris,
3711 3785 3778 3838 ita

2203 3877 2309 3930 erit
2343 3877 2465 3930 luna
2497 3878 2832 3946 negationis.
2866 3877 2925 3931 Si
2977 3879 3029 3930 in
3060 3891 3111 3930 ιι
3140 3875 3365 3930 Kalend.
3408 3878 3582 3944 April.
3625 3873 3780 3928 fuerit

2207 3969 2330 4023 luna
2365 3967 2450 4031 15,
2485 3983 2579 4022 seu
2636 3970 2722 4034 14,
2764 3975 2855 4020 aut
2898 3965 2985 4030 l3,
3032 3967 3116 4021 vel
3149 3966 3350 4030 minus,
3383 3965 3436 4018 in
3477 3966 3593 4033 ipsa
3633 3965 3777 4016 luna.

2205 4058 2350 4113 tione
2381 4059 2581 4128 poteris
2611 4058 2810 4110 Pascha
2842 4057 3139 4118 celebrare.
3174 4053 3268 4109 Sin
3294 4049 3472 4107 a'utem
3504 4053 3561 4107 in
3594 4067 3645 4106 st
3671 4050 3774 4108 Xa.

2202 4152 2348 4205 lenti.
2383 4151 2547 4217 April.
2578 4148 2738 4202 fuerit
2759 4162 2788 4202 a
2823 4149 2910 4214 l6,
2944 4159 3034 4200 aut
3072 4147 3159 4212 17,
3190 4147 3277 4200 vel
3307 4144 3559 4214 amplius,
3587 4145 3642 4198 in
3673 4144 3778 4212 ipsa

2207 4241 2500 4300 lunatiooe,
2526 4239 2675 4291 nullo
2699 4238 2855 4291 modo
2884 4237 3084 4305 poteris
3119 4241 3312 4303 pascha
3338 4236 3637 4302 celebrare,
3683 4233 3778 4287 nisi

2213 4333 2428 4393 peracta
2473 4322 2588 4392 ipsa
2630 4322 2920 4390 Iunatione,
2953 4331 3007 4377 et
3049 4323 3153 4376 alia
3183 4322 3548 4390 subsequente
3588 4321 3772 4390 pascha

2210 4415 2265 4468 in
2295 4415 2383 4469 illa
2417 4415 2690 4468 lunatione
2719 4414 2835 4468 sine
2877 4413 2979 4468 ulla
3019 4413 3368 4482 ambiguitate
3410 4403 3616 4481 poteris
3643 4410 3777 4466 cele-

1493 4537 1677 4591 circuli
1709 4538 2097 4593 daemonum
2125 4539 2181 4600 Β
2211 4509 2392 4561 brare.
2424 4506 2481 4562 Si
2530 4522 2661 4600 vero
2775 4521 2870 4560 vm
2910 4504 3030 4559 ldus
3282 4506 3442 4600 fuerit
3640 4505 3776 4600 luna.

2206 4605 2296 4647 aut
2325 4604 2444 4662 post
2457 4611 2528 4647 vn
2562 4596 2682 4646 Idus
2704 4595 2856 4647 Mart.
2882 4610 3050 4662 usque
3075 4596 3130 4648 in
3157 4596 3338 4648 Nonas
3359 4593 3558 4663 April.,
3591 4596 3644 4648 in
3669 4595 3778 4663 ipsa

2208 4683 2481 4739 lunatione
2515 4685 2715 4752 pascha
2747 4685 2892 4737 nullo
2921 4683 3082 4737 modo
3111 4683 3433 4738 celebrabis.

2278 4797 2336 4851 Si
2363 4797 2444 4848 vis
2489 4796 2628 4849 scire
2673 4804 2834 4862 quota
2883 4796 2950 4848 sit
2983 4795 3103 4848 luna
3133 4794 3289 4848 initio
3329 4794 3776 4864 Quadragesilnc.

2209 4903 2360 4942 sume
2405 4887 2583 4940 lunam
2632 4887 2845 4940 Pascha:
2891 4885 3016 4938 anni
3062 4885 3216 4954 cujus
3247 4887 3506 4952 volueris,
3554 4895 3611 4941 et
3661 4887 3777 4939 tolle

2209 4979 2332 5034 inde
2382 4992 2596 5045 semper
2642 4977 2730 5038 η,
2764 4987 2818 5030 et
2847 4973 2991 5044 'quot
3019 4988 3318 5042 remanent,
3341 5013 3344 5015 λ
3366 4987 3479 5028 tota
3514 4977 3640 5031 luna
3686 4975 3780 5029 erit

2213 5068 2366 5122 initio
2391 5067 2845 5137 Quadragesinue,
2883 5066 3042 5118 Verbi
3090 5067 3260 5134 gratia
3288 5084 3302 5119 :
3335 5066 3392 5122 Si
3421 5063 3493 5119 15
3537 5067 3640 5120 erit
3669 5065 3778 5118 luna

2212 5157 2454 5220 Pascltr,
2487 5155 2609 5208 tolle
2638 5154 2762 5208 inde
2792 5152 2888 5217 13,
2921 5165 3201 5212 remanent
3225 5155 3280 5209 5.
3320 5154 3504 5210 Tertia
3538 5155 3649 5207 erit
3669 5153 3777 5206 luna

2212 5246 2262 5298 in
2296 5244 2447 5297 initio
2476 5244 2904 5312 Quadragesimz

2282 5356 2337 5412 Si
2369 5358 2445 5411 vis
2491 5357 2629 5410 scire
2681 5358 2892 5426 quando
2928 5358 3198 5412 bissextus
3250 5356 3346 5418 sit,
3391 5369 3549 5409 sume
3591 5368 3776 5409 annm

2212 5447 2442 5510 Domini,
2478 5457 2534 5500 ut
2558 5456 2644 5501 est
2682 5462 2854 5502 annus
2881 5462 3119 5517 praesens
3160 5445 3292 5501 688.
3333 5444 3446 5500 Hos
3470 5444 3782 5516 putireper

2209 5541 2263 5595 6.
2292 5539 2349 5595 Si
2387 5538 2519 5594 nihil
2565 5540 2903 5604 remanserit,
2955 5538 3225 5590 bissextus
3252 5543 3357 5591 est.
3417 5536 3477 5594 Si
3520 5548 3707 5596 anu
3733 5538 3783 5600 1,

2212 5639 2304 5684 aut
2331 5627 2388 5692 3.
2421 5640 2512 5682 aut
2538 5628 2574 5682 2
2615 5627 2993 5692 remanserint,
3027 5623 3292 5683 bissextus
3320 5641 3432 5683 non
3474 5637 3582 5683 est.
3617 5629 3686 5686 Et
3723 5641 3784 5683 ae

2217 5723 2312 5776 tibi
2339 5721 2560 5774 forsitan
2607 5719 2783 5783 aliqua
2827 5716 2996 5784 caligo
3018 5715 3218 5770 erroris
3263 5726 3524 5771 occurrat
3552 5734 3653 5787 per
3677 5733 3781 5772 on-

2212 5827 2332 5868 uem
2379 5819 2684 5878 computum
2738 5820 2898 5874 quem
2945 5805 3118 5876 ducis,
3173 5806 3222 5863 si
3263 5806 3398 5863 nihil
3438 5807 3781 5879 superfuerit,
