3922 6246
530 409 635 460 8κῦ

944 468 947 469 ν
992 409 1191 462 ιιευέιί
1236 407 1685 462 VliNlillABHJS
1723 406 1873 462 Ol‘l’.
1919 404 2131 460 PAllSl

2244 405 2391 461 ECT.
2432 405 2493 459 Il.
2535 433 2601 444 -—
2631 403 2831 459 DUllM
2873 402 2959 457 ΕΤ
2998 400 3243 460 SPURIA

3693 399 3788 457 ιεη

531 537 627 588 per
656 520 910 573 haberent
938 521 1334 584 a'quittoclium,
1360 520 1479 588 quia
1512 532 1700 572 omnes
1729 516 2109 570 ditnidietatem
2142 518 2190 575 Α
2221 515 2276 568 In
2319 513 2648 568 Rhodiorum
2680 512 2892 567 climate
2929 513 3153 580 singulis
3181 511 3249 565 de
3286 525 3381 565 sex
3421 510 3638 578 integra
3676 512 3789 566 bon

534 611 773 663 omnium
809 611 1181 677 parallelorum
1218 610 1496 673 viderent,
1540 608 1722 676 sicque
1764 620 1861 659 nec
1898 614 2102 669 noctes,

531 717 630 755 nec
685 701 797 754 dies
853 701 1317 765 abbreviarentur-,
1372 701 1722 768 omnibusque
1771 707 1911 751 esset
1969 697 2107 749 idem

530 788 741 849 Oriens,
795 788 932 838 idem
979 786 1239 838 Occidens
1283 794 1337 837 et
1384 784 1650 838 Meridies.
1703 784 1884 836 Restat
1932 791 2107 834 autem

537 888 735 927 terram
781 875 1058 927 rotundam
1107 875 1233 938 dici,
1283 881 1337 927 et
1381 874 1450 926 ob
1490 874 1746 927 declivem
1797 874 2111 941 positionem

534 964 809 1016 hOtninum
842 964 1065 1017 diversis
1113 963 1285 1015 modis
1325 964 1446 1016 caeli
1488 972 1667 1030 partes
1718 962 1942 1025 intueri;
1992 975 2111 1012 nam

536 1055 729 1107 declivi
760 1067 882 1108 vere
911 1053 1266 1107 abscondunt.
1302 1054 1556 1106 lliemalis
1590 1054 1778 1120 tr0pici
1812 1068 1968 1105 unam
2004 1067 2115 1119 par-

537 1156 643 1196 tetn
678 1145 942 1210 videmus,
976 1154 1028 1198 et
1060 1156 1168 1198 tres
1200 1145 1383 1209 latent,
1416 1146 1684 1197 mstivales
1718 1154 1825 1198 tres
1851 1145 2111 1208 videmus,

536 1245 589 1287 et
619 1250 718 1287 una
753 1237 913 1299 latet;
960 1245 1011 1287 et
1050 1215 1262 1302 quando
1292 1237 1369 1288 sol
1406 1238 1455 1287 in
1490 1236 1593 1289 illis
1626 1244 1739 1299 est,
1787 1250 1881 1304 per
1912 1245 2113 1289 tantum

531 1327 767 1394 spatium
815 1342 935 1379 eum
987 1326 1224 1379 videmus
1266 1336 1519 1393 quantum
1563 1327 1796 1393 ipsorum
1846 1326 2114 1395 cyclorum

542 1418 695 1470 nobis
738 1428 976 1485 apparet.
1029 1418 1298 1470 Habemus
1325 1433 1538 1486 quoque
1566 1420 1811 1471 diversos
1850 1430 2023 1482 ortus,
2066 1426 2119 1471 et

536 1523 759 1561 «cessus
800 1520 852 1561 et
897 1508 1145 1561 meridies
1192 1508 1483 1561 secundum
1530 1508 1850 1561 firmamenti
1896 1508 2119 1560 volutio-

542 1612 661 1651 nem
686 1640 700 1660 ,
736 1608 789 1651 et
818 1612 971 1652 terra:
1003 1598 1391 1666 globositatetu.
1432 1598 1564 1652 Nam
1595 1614 1715 1652 cum
1756 1591 1839 1653 est
1870 1600 2121 1652 meridies

548 1688 931 1752 Orientalibus,
965 1698 1112 1740 ortus
1144 1699 1222 1740 est
1265 1688 1731 1751 Meridionalihus;
1777 1698 1831 1742 et
1870 1703 1991 1742 cum
2030 1702 2119 1742 oc-

542 1792 697 1831 casus
727 1778 1101 1844 Orientalibus,
1135 1789 1282 1833 ortus
1311 1791 1391 1834 est
1420 1781 1864 1835 Occidentalibus.

1242 1868 1419 1921 Zama.
1460 1854 1465 1863 ³

622 1960 786 2013 Terra
818 1974 1027 2028 quoque
1058 1975 1151 2028 per
1179 1976 1339 2014 zonas
1369 1970 1452 2015 est
1482 1962 1670 2025 divisa,
1700 1974 1921 2029 quarum
1949 1959 2124 2014 media

549 2063 761 2119 perusta
802 2062 881 2104 est
908 2052 1036 2105 solis
1063 2052 1391 2120 frequentia,
1421 2062 1470 2105 et
1502 2053 1726 2105 aliorum
1760 2053 2121 2120 planetarum,

546 2142 840 2195 secundum
891 2141 989 2194 hos
1033 2142 1123 2209 qni
1170 2143 1329 2195 etiam
1374 2142 1477 2195 illis
1527 2144 1757 2195 calorem
1808 2141 2124 2206 attribuunt,

550 2230 671 2283 dua:
698 2238 956 2282 extremae
988 2232 1103 2283 sine
1132 2230 1327 2283 caloris
1354 2230 1648 2293 beneficio,
1680 2231 1797 2284 alia:
1827 2232 1973 2297 dote,
2004 2231 2127 2287 hinc

549 2321 761 2384 calore,
793 2320 915 2373 hinc
943 2320 1137 2387 frigore
1168 2330 1549 2388 temperantur.
1594 2321 1651 2374 Si
1683 2320 1979 2374 latitudinis
2008 2336 2125 2375 ma-

549 2410 878 2479 gnitudinem
923 2410 1253 2478 perpendere
1292 2410 1549 2476 volueris,
1586 2411 1818 2478 intellige
1845 2425 1873 2461 a
1902 2411 2128 2478 Septen-

556 2499 731 2551 trione
758 2498 1015 2551 circulum
1044 2498 1284 2564 protendi
1312 2498 1362 2550 in
1387 2498 1641 2551 Austrum
1673 2509 1776 2551 tam
1807 2497 1858 2551 in
1889 2497 2127 2551 inferiori

550 2590 928 2658 hemisphaerio
984 2603 1142 2657 quam
1191 2590 1242 2640 in
1286 2588 1567 2655 superiori.
1616 2588 1767 2641 llunc
1812 2598 1990 2642 autem
2037 2602 2129 2655 per

553 2694 852 2748 sexagenas
900 2679 1076 2732 divide
1127 2688 1180 2731 et
1229 2678 1463 2732 attribue
1512 2678 1696 2732 vicina:
1745 2678 1948 2747 frigida:
1997 2694 2125 2743 sex,

555 2778 864 2838 temperatae
908 2771 1162 2838 quinque,
1197 2779 1431 2838 perusta:
1460 2780 1600 2832 octo,
1649 2779 1955 2838 temperata:
1996 2770 2128 2823 ulte-

553 2857 682 2914 riori
711 2861 977 2927 quinque,
1012 2859 1215 2927 frigida!
1244 2872 1357 2911 sex.
1395 2857 1532 2909 Ecce
1560 2872 1622 2909 ea
1656 2857 1995 2923 praportione
2025 2872 2127 2924 qua

554 2965 616 3003 se
643 2952 848 3003 numeri
892 2950 977 3001 isti
1020 2948 1216 3001 habent
1246 2948 1569 3012 atlinvicem,
1604 2946 1787 3001 eadem
1831 2961 2040 3016 quoque
2071 2962 2129 3001 se

552 3040 753 3094 habent
781 3052 1032 3090 zonarum
1067 3038 1447 3091 dimensiones.

1227 3123 1465 3180 Climola.

2217 609 2510 671 accrescit,
2560 614 2614 659 et
2660 607 2710 658 in
2760 605 2979 672 singulis
3016 604 3135 659 aliis
3174 604 3381 673 integra
3416 603 3707 657 decrescit.
3744 605 3790 657 In

2216 692 2564 747 llorestenieo
2588 692 2811 762 singulis
2837 692 2905 745 de
2933 705 3027 745 sex
3052 691 3175 745 dua:
3202 690 3379 755 bone,
3406 699 3467 744 et
3492 691 3550 743 in
3580 690 3698 744 aliis
3724 702 3794 742 to-

2222 786 2380 837 tidem
2411 784 2691 837 decrescit.
2735 785 2859 836 llzcc
2896 794 3075 836 autem
3106 781 3293 835 divisio
3334 782 3620 835 climatum
3665 782 3791 833 facta

2216 883 2299 925 est
2340 873 2639 927 secundum
2670 873 3039 941 computistas,
3081 873 3171 925 sed
3212 873 3366 925 aliter
3404 871 3573 924 etiam
3615 886 3796 925 secun-

2215 964 2346 1015 dum
2390 962 2759 1031 philosophos,
2802 962 2890 1028 qui
2931 970 3172 1014 naturam
3215 962 3382 1029 ipsam
3426 960 3797 1028 perpendnnt,

2218 1064 2272 1105 ut
2321 1055 2370 1105 in
2419 1054 2632 1107 climate
2682 1052 3009 1106 Rhodiorum
3040 1062 3371 1121 compertum
3420 1064 3527 1105 e5t.
3584 1051 3717 1104 Nam
3756 1054 3799 1103 in

2220 1145 2389 1212 primo
2420 1160 2513 1198 sex
2548 1146 2811 1198 mensium
2843 1143 3155 1197 duodecima
3188 1158 3310 1209 pars
3341 1143 3590 1208 accedit,
3622 1142 3674 1193 id
3708 1153 3799 1203 est,

2218 1236 2435 1289 dimidia
2490 1237 2655 1301 hora;
2720 1236 2773 1289 in
2825 1237 3095 1299 secundo,
3144 1235 3467 1299 undecima;
3523 1234 3581 1287 in
3635 1232 3801 1296 tertio,

2219 1338 2408 1396 quarta
2465 1338 2520 1382 et
2570 1327 2822 1391 dimidia;
2872 1329 2925 1381 in
2975 1334 3184 1396 quarto,
3231 1334 3452 1395 quarta;
3500 1324 3555 1378 in
3608 1322 3804 1393 quinto,

2219 1429 2405 1483 sexta;
2439 1418 2492 1471 in
2520 1427 2694 1483 sexto,
2727 1417 3064 1471 duodecima.

2859 1507 3210 1562 memotus.

2264 1598 2458 1652 .Terra
2504 1612 2717 1668 quoque
2760 1607 3025 1664 movetur,
3067 1598 3207 1663 quod
3250 1606 3623 1651 terr-temetum
3656 1608 3806 1647 voca-

2223 1703 2371 1752 mus;
2404 1680 2546 1743 unde
2573 1689 2765 1741 dantur
2792 1687 3135 1755 conjecturae.
3162 1687 3328 1741 Terra
3357 1687 3423 1740 ad
3456 1686 3808 1740 imitationem

2231 1779 2546 1831 arteriarum
2602 1794 2695 1845 per
2724 1793 2855 1845 quas
2900 1780 3119 1847 spiritus
3164 1778 3421 1832 discurrit
3465 1779 3519 1830 in
3576 1777 3807 1841 herniae,

2155 1855 2201 1914 Β
2232 1865 2393 1921 habet
2417 1880 2693 1931 cavernas,
2728 1868 2985 1920 foramina
3015 1878 3067 1921 et
3098 1876 3365 1932 tracones,
3397 1880 3492 1933 per
3520 1881 3649 1936 qua:
3680 1865 3810 1919 venti

2227 1965 2280 2007 et
2327 1955 2546 2009 flumina
2590 1956 2916 2011 discurrunt.
2966 1956 3096 2011 Nam
3145 1956 3365 2010 ﬂumina
3414 1970 3569 2010 mare
3622 1956 3813 2007 intrant

2229 2046 2430 2110 omnia,
2462 2060 2563 2099 nec
2592 2054 2769 2099 tamen
2788 2044 3083 2111 redundat,
3112 2046 3231 2113 quia
3257 2044 3323 2097 ad
3352 2059 3482 2099 suos
3513 2044 3701 2097 alveos
3728 2057 3811 2109 per

2230 2140 2480 2187 tracones
2530 2133 2777 2186 redeunt.
2829 2132 2885 2186 In
2934 2148 3191 2189 cavernas
3244 2142 3297 2186 et
3340 2133 3611 2187 foramina
3661 2134 3811 2186 etiam

2229 2222 2447 2289 quidam
2488 2222 2629 2276 venti
2669 2222 2903 2286 intrant,
2945 2222 3084 2277 ttnde
3122 2223 3247 2276 dum
3285 2234 3605 2291 qumruutur
3645 2236 3811 2276 erum-

2231 2326 2391 2379 pere,
2424 2318 2573 2365 tanto
2602 2318 2764 2365 ruunt
2792 2312 2988 2379 impetu
3008 2354 3023 2380 ,
3068 2323 3315 2368 utterrte
3353 2324 3536 2383 partes
3568 2314 3677 2367 illis
3706 2313 3813 2365 fini~

2232 2404 2374 2456 limae
2407 2403 2530 2458 inde
2556 2413 3009 2457 commoveantur.
3054 2404 3156 2457 Alii
3200 2404 3381 2459 dicunt
3412 2405 3555 2475 quod
3587 2413 3724 2458 terra
3751 2403 3811 2458 sit

2230 2507 2461 2546 concava
2493 2494 2545 2546 in
2577 2493 2790 2547 modum
2820 2493 3085 2559 fornacis,
3118 2495 3199 2547 vel
3231 2495 3460 2548 duorum
3494 2494 3810 2560 hemispha-

2230 2584 2453 2648 riorum,
2476 2597 2596 2651 qua:
2616 2588 2735 2638 cum
2760 2584 3044 2654 aliquando
3065 2586 3234 2641 moles
3256 2588 3519 2640 montium
3542 2593 3807 2648 corruant,

2232 2672 2354 2725 inde
2396 2680 2691 2725 moveatur.
2735 2673 2838 2726 Alii
2876 2672 3056 2727 dicunt
3096 2689 3252 2741 supra
3295 2674 3551 2745 abyssum
3598 2675 3808 2728 locatam

2232 2769 2465 2825 terram;
2498 2770 2551 2814 et
2579 2770 2722 2814 mota
2749 2762 3000 2830 abyssus,
3033 2772 3327 2817 moveatur.
3374 2766 3478 2818 Alii
3508 2765 3697 2818 dicunt
3721 2764 3809 2817 Le-

2233 2853 2444 2907 viathan
2488 2854 2685 2908 animal
2729 2863 2924 2908 terram
2954 2856 3266 2924 complecti,
3311 2866 3569 2926 tenetque
3599 2856 3805 2910 caudam

2232 2956 2382 2996 more
2410 2957 2529 3005 suo,
2561 2943 2649 3011 qui
2690 2943 2973 3012 aliquando
3011 2946 3123 2999 sole
3153 2956 3400 3011 exustus,
3448 2949 3637 3001 nititur
3674 2947 3807 3000 illum

2232 3034 2709 3101 comprehendere,
2738 3037 2919 3102 sicque
2963 3033 3342 3104 indignationis
3387 3040 3509 3107 ejus
3537 3048 3683 3093 motu
3716 3050 3807 3092 ter-

2234 3133 2348 3173 ram
2391 3135 2601 3188 quoque
2639 3121 2865 3175 moveri.
2908 3123 3094 3177 llaurit
3134 3139 3345 3193 quoque
3387 3127 3680 3194 aliquando
3722 3128 3808 3180 im-

624 3200 910 3269 Sctenuum
941 3214 1077 3282 quod
1110 3214 1197 3281 qui
1229 3213 1282 3266 in
1316 3214 1491 3267 medio
1519 3223 1747 3280 perusta:
1774 3222 1940 3281 esset,
1969 3214 2127 3268 talem
2156 3194 2203 3256 (ἶ
2234 3209 2542 3286 mensitates
2572 3209 2825 3263 fluctuum
2847 3254 2861 3277 ,
2896 3221 2951 3263 ut
2988 3213 3145 3266 etiam
3178 3217 3359 3267 omnia
3388 3218 3560 3271 maria
3593 3220 3807 3272 sentiant

556 3306 782 3359 haberet
816 3304 1214 3373 dispositionem
1238 3344 1253 3370 ,
1284 3303 1424 3372 quod
1454 3318 1667 3371 semper
1712 3304 1930 3356 haberet
1956 3304 2131 3372 aequi-

560 3399 828 3461 noctium;
875 3411 1062 3451 omnes
1092 3396 1234 3449 enim
1282 3394 1564 3463 parallelos
1609 3394 1818 3447 videres
1859 3393 2129 3458 dimidios,

554 3496 617 3541 et
642 3488 694 3540 in
727 3489 830 3539 line
860 3488 940 3539 sui
972 3485 1264 3537 horizontis
1290 3492 1543 3551 utrosque
1575 3484 1741 3551 polos.
1787 3483 1892 3537 Sed
1936 3494 2134 3551 quanto

556 3575 728 3643 magis
758 3573 1115 3642 Septentrioni
1147 3571 1449 3637 accederet,
1482 3580 1631 3625 tanto
1661 3573 1827 3640 magis
1856 3572 1927 3625 illi
1960 3582 2135 3640 partes

554 3663 676 3732 ejus
714 3664 1071 3726 elevareutur,
1115 3672 1167 3716 et
1211 3662 1391 3714 Austri
1438 3662 1888 3728 deprimerentur,
1935 3670 1990 3716 et
2034 3663 2135 3717 hoc

557 3749 852 3803 secundum
902 3752 1109 3804 diversa
1159 3750 1407 3813 climata,
1468 3749 1518 3802 id
1574 3758 1687 3813 est,
1740 3750 2133 3804 inclinationes.

560 3843 694 3895 Sunt
739 3842 879 3894 enim
926 3852 1067 3906 ueto,
1114 3838 1402 3892 secundum
1449 3840 1580 3893 alios
1621 3848 1857 3907 septem;
1909 3840 2001 3895 sed
2046 3842 2137 3908 qui

559 3935 681 3986 net'o
712 3932 994 3995 volebant,
1036 3930 1278 3999 quaedam
1311 3939 1414 3983 tam
1450 3939 1680 3998 perustae
1720 3946 1877 3998 quam
1919 3928 2135 3998 frigida-

564 4040 683 4078 rum
711 4023 1043 4077 asserebant.
1076 4021 1429 4091 Frequentior
1461 4031 1637 4075 autem
1679 4035 1806 4075 usus
1842 4032 1967 4075 octo
1995 4020 2143 4075 vole-

563 4116 655 4167 bat
674 4155 689 4178 ,
722 4113 821 4165 tria
851 4126 976 4165 vero
1004 4118 1130 4164 sunt
1159 4111 1317 4179 hujus
1346 4112 1681 4163 habitabiles.
1731 4109 1964 4163 Primum
1994 4108 2137 4177 quod

559 4215 646 4257 est
672 4205 811 4258 inter
838 4202 1051 4256 Meroen
1077 4210 1133 4255 et
1161 4201 1415 4270 Syenem,
1445 4202 1497 4254 in
1528 4216 1633 4269 quo
1658 4201 1773 4255 dies
1800 4202 2139 4271 longissimus

563 4304 650 4348 est
704 4294 955 4348 tredecim
1003 4293 1283 4353 horarum,
1334 4291 1679 4346 brevissimus
1724 4291 1999 4357 undecim,
2053 4291 2140 4344 ubi

563 4388 684 4437 duae
715 4386 858 4437 horta
889 4384 1084 4437 faciunt
1123 4382 1498 4435 differentiam.
1532 4382 1656 4437 Inde
1684 4384 1843 4436 etiam
1874 4383 2026 4437 clima
2057 4394 2143 4436 ra-

566 4478 798 4538 diorum,
824 4474 915 4528 ubi
946 4474 1060 4528 dies
1085 4474 1395 4541 longissima
1426 4482 1508 4526 est
1534 4475 1835 4542 quindecim
1866 4474 2137 4540 horarum,

572 4566 884 4621 brevissima
930 4576 1093 4629 octo;
1140 4565 1211 4618 ibi
1244 4564 1594 4619 differentiam
1626 4579 1718 4618 sex
1748 4566 1893 4620 hora:
1920 4567 2139 4621 faciunt.

572 4657 821 4710 Ultimum
867 4656 1021 4708 clima
1068 4665 1267 4707 nostra:
1287 4652 1639 4707 habitationis
1678 4654 1871 4707 dicitur
1895 4655 2145 4711 Boreale-

569 4746 768 4809 nicum,
796 4758 825 4796 a
859 4745 1145 4797 Borestene
1187 4743 1325 4805 lacu,
1356 4746 1563 4808 moote,
1591 4743 1807 4797 civitate
1855 4746 2139 4812 Armeniae,

570 4839 655 4891 ubi
683 4879 698 4903 ,
738 4835 1043 4901 secundum,
1083 4834 1277 4890 Bedam
1322 4834 1389 4888 de
1433 4833 1804 4907 Temporibus,
1852 4837 2143 4907 longissimi

567 4931 685 4982 dies
712 4934 838 4979 sunt
865 4924 1157 4978 octodecim
1191 4923 1466 4987 horarum,
1498 4924 1584 4976 ubi
1616 4938 1745 4988 sex;
1793 4926 1862 4979 ibi
1893 4926 2145 4982 diﬂeren-

568 5019 699 5071 tiam
728 5023 932 5083 septem
967 5014 1108 5067 horae
1140 5012 1355 5066 faciunt.
1390 5012 1445 5067 Si
1484 5013 1638 5067 aliter
1663 5014 1731 5067 ab
1760 5017 2039 5085 astrologis
2067 5017 2148 5071 di-

571 5111 746 5169 citur,
797 5103 973 5157 forsan
1023 5104 1176 5156 aliter
1222 5117 1433 5171 quoque
1480 5102 1689 5156 climata
1738 5104 2041 5172 disponunt.
2088 5106 2145 5161 Si

578 5209 705 5247 vero
751 5192 943 5259 aliquis
988 5199 1189 5243 tantum
1238 5189 1584 5257 procederet,
1626 5190 1715 5258 qui
1769 5194 1945 5259 polum
1990 5208 2146 5260 supra

570 5282 827 5336 verticem
871 5279 1126 5341 haberet,
1176 5278 1262 5330 illc
1308 5277 1586 5330 dimidium
1628 5286 1830 5331 tantum
1876 5279 2147 5334 zodiacum

575 5373 801 5435 videret,
834 5378 887 5420 et
918 5376 1086 5419 totum
1120 5367 1491 5433 azquiuoctiale
1524 5368 1850 5431 parallelum,
1886 5369 2028 5422 unde
2059 5372 2150 5422 ha-

579 5470 663 5516 lzet
696 5472 746 5515 et
778 5475 869 5528 per
901 5457 1179 5512 dimidium
1211 5473 1410 5511 annum
1442 5460 1579 5511 diem
1612 5460 1945 5523 continuum,
1979 5471 2028 5515 et
2058 5476 2153 5529 per

578 5548 855 5601 dimidium
914 5554 1119 5599 noctem
1181 5547 1508 5599 continuam.
1566 5545 1861 5601 Videndum
1923 5552 2043 5617 quid
2100 5552 2151 5603 in

582 5637 751 5705 primo
790 5635 1001 5687 climate
1041 5634 1261 5699 singulis
1304 5636 1580 5688 mensibus
1612 5636 1679 5689 de
1728 5652 1819 5689 sex
1864 5640 2024 5692 triens
2066 5656 2155 5695 ac-

581 5724 808 5781 crescit,
852 5734 901 5775 et
943 5722 993 5774 in
1024 5722 1139 5774 aliis
1178 5736 1269 5775 sex
1315 5723 1586 5777 mensibus
1628 5735 1826 5779 tantum
1872 5729 2150 5786 decresc't.

2239 3300 2293 3352 in
2324 3299 2599 3354 reddendo
2628 3299 3048 3365 inundationem,
3071 3312 3121 3356 et
3148 3304 3272 3357 inde
3298 3314 3456 3359 terra:
3484 3316 3805 3360 moveantur.

2309 3389 2435 3443 Post
2460 3390 2759 3459 singulares
2789 3399 2943 3443 terra:
2974 3394 3325 3460 proprietates
3353 3395 3421 3449 de
3445 3396 3805 3449 communibus

2236 3486 2390 3533 terra:
2420 3488 2476 3533 et
2514 3493 2667 3548 aqua:
2696 3480 3041 3548 disseramus,
3084 3492 3207 3536 sunt
3235 3484 3379 3537 enim
3427 3487 3543 3540 haec
3586 3486 3690 3541 duo
3716 3486 3808 3537 ele-

2240 3578 2419 3621 menta
2470 3567 2697 3623 invicem
2744 3568 2843 3623 sibi
2892 3570 3067 3634 mista,
3119 3583 3176 3625 ut
3222 3572 3365 3627 enim
3408 3574 3616 3644 liquido
3656 3583 3810 3644 pateat

2239 3656 2364 3725 quid
2412 3672 2597 3711 eorum
2649 3658 2754 3711 alio
2806 3658 2876 3711 sit
2921 3660 3186 3727 superius.
3253 3656 3384 3715 Nam
3440 3664 3493 3717 in
3548 3662 3837 3730 superficie.

2241 3756 2396 3799 teme
2417 3760 2589 3815 aquas
2617 3746 2877 3813 videmus,
2906 3757 2961 3802 et
2992 3750 3043 3801 in
3075 3750 3224 3803 venis
3250 3749 3367 3819 ejus
3397 3750 3657 3817 fodiendo
3682 3754 3810 3805 inve-

2242 3837 2438 3891 nimus.
2464 3837 2661 3891 Verum
2690 3849 2864 3892 autem
2894 3841 3159 3894 Oceanum
3191 3843 3241 3895 in
3270 3844 3449 3897 medio
3477 3846 3704 3912 perusta:
3732 3859 3808 3911 po-

2240 3931 2401 3984 situm
2433 3932 2553 3985 ideo
2580 3932 2785 4002 physici
2814 3932 3085 4000 referunt,
3119 3944 3176 3988 ut
3220 3936 3383 4003 ignis,
3420 3938 3584 4002 solis,
3622 3948 3676 3992 et
3698 3937 3807 3989 alia-

2241 4035 2357 4073 rum
2409 4022 2741 4089 planetarum
2785 4026 2935 4093 aquis
2980 4038 3436 4094 contemperetur.
3481 4028 3643 4085 Calor
3688 4029 3808 4083 enim

2243 4110 2522 4165 humorem
2553 4114 2803 4177 attrahit,
2832 4124 2885 4167 et
2914 4116 3038 4169 inde
3074 4119 3325 4183 pascitur.

2858 4204 3206 4262 Relrusionea.

2312 4289 2557 4345 Oceanus
2587 4292 2676 4346 ille
2706 4306 2864 4346 verus
2891 4304 2944 4348 et
2974 4296 3402 4352 mediterraneus
3430 4300 3568 4353 duas
3598 4300 3717 4355 facit
3740 4315 3810 4354 re-

2244 4379 2499 4447 fusioues,
2530 4383 2752 4436 alteram
2783 4384 2850 4437 ab
2877 4385 3096 4442 Oriente
3124 4389 3174 4443 in
3208 4390 3462 4446 Austrum
3482 4435 3497 4459 ,
3532 4395 3740 4448 alteram
3766 4393 3807 4445 in

2244 4470 2705 4543 Septentrionem,
2749 4470 2967 4528 alteram
2999 4477 3066 4531 ab
3093 4478 3410 4546 Occidente;
3461 4485 3593 4538 item
3635 4485 3683 4536 in
3718 4486 3809 4534 Au-

2246 4569 2416 4614 strum
2464 4571 2518 4615 et
2566 4561 3011 4630 Septentrionem.
3056 4566 3163 4622 Sed
3214 4568 3295 4623 itis
3344 4573 3556 4635 duabus
3605 4588 3716 4643 qua
3756 4572 3809 4624 ad

2245 4653 2499 4704 Austrum
2543 4662 2852 4719 verguntur,
2899 4658 3193 4710 secundum
3235 4665 3522 4728 quosdam,
3574 4666 3710 4717 nulla
3745 4670 3812 4723 est

2200 4782 2219 4795 λα
2246 4742 2499 4811 cognitio.
2547 4741 2675 4807 Quae
2721 4758 2847 4797 vero
2896 4745 2947 4797 in
2997 4745 3431 4819 Septentrionem
3487 4755 3805 4815 conveniunt,

2248 4843 2396 4889 tanto
2441 4836 2639 4905 impetu
2686 4848 3031 4903 concurrunt,
3084 4848 3139 4893 ut
3187 4842 3513 4909 impulsione
3552 4863 3645 4901 sua
3689 4846 3809 4900 illam

2251 4921 2512 4978 famosam
2564 4924 2923 4979 accessionem
2969 4938 3022 4982 et
3061 4932 3423 4987 recessionem
3468 4935 3681 5001 faciant,
3719 4945 3807 4989 ter-

2248 5027 2467 5084 ramque
2493 5014 2658 5069 modo
2689 5016 2935 5081 obruant,
2975 5019 3137 5072 modo
3160 5028 3422 5089 retegant.
3458 5024 3531 5077 Ut
3576 5026 3654 5078 sol
3684 5024 3809 5076 ﬂam-

2248 5102 2349 5156 mis
2379 5100 2491 5157 suis
2520 5104 2659 5159 solet
2684 5119 2848 5172 aquas
2876 5107 3147 5163 attrahere
3175 5110 3397 5174 Oceani,
3431 5128 3555 5179 quae
3583 5114 3702 5168 dum
3728 5129 3808 5166 non

2251 5193 2432 5246 valent
2479 5192 2531 5245 in
2578 5207 2704 5246 aere
2750 5194 2839 5247 diu
2885 5198 3161 5261 sustineri,
3204 5199 3448 5265 pondere
3494 5204 3807 5261 relabuntur;

2251 5282 2410 5346 unde,
2444 5282 2789 5337 inundatione
2818 5284 2978 5351 facta,
3000 5287 3289 5355 aliquando
3322 5298 3484 5345 terrae
3518 5295 3806 5347 obruuntur.

2252 5372 2355 5423 Alii
2386 5371 2567 5425 dicunt
2593 5374 2715 5441 quia
2747 5376 2887 5429 venti
2930 5392 3093 5446 aquas
3138 5379 3449 5448 impellant,
3484 5398 3537 5439 et
3570 5389 3645 5441 sic
3673 5398 3812 5439 ternas

2253 5463 2511 5525 obruant;
2542 5477 2769 5531 cumque
2810 5464 2925 5518 illas
2955 5469 3289 5538 remiserint,
3334 5475 3399 5527 ad
3435 5476 3649 5532 alveum
3686 5490 3811 5530 suum

2254 5561 2607 5606 revertantur.
2657 5554 2762 5607 Alii
2794 5556 2977 5610 dicunt
3008 5560 3365 5619 habitationes
3397 5581 3617 5624 nosrras
3647 5569 3813 5624 vicinas

2255 5660 2375 5699 esse
2403 5645 2481 5698 ori
2510 5644 2819 5710 Leviathan,
2854 5650 2941 5715 qui
2973 5649 3095 5703 dum
3126 5653 3301 5709 haurit
3332 5656 3553 5728 fluetus,
3590 5672 3718 5719 terra
3742 5673 3815 5729 ap-

2256 5746 2439 5805 paret;
2474 5747 2524 5793 et
2555 5738 2677 5793 dum
2709 5741 2946 5806 remittit,
2980 5742 3239 5800 obruitur.
3920 5814 3922 5823 ι

3902 48 3912 405 l
