3922 6246
95 429 196 487 885

734 537 1064 593 Exestianes.

161 642 304 695 Sunt
340 646 603 708 prmterea
635 637 981 689 mstuationes
1012 634 1280 700 minores,
1310 632 1544 697 scilicet,
1580 644 1692 684 ma-

96 730 216 787 lint
264 740 324 787 et
365 730 605 784 ledoncs.
655 725 936 791 Ledones,
984 738 1014 778 a
1043 724 1223 791 quinta
1256 723 1378 777 luna
1404 764 1416 786 ,
1448 721 1695 777 similiter

94 830 147 877 et
171 834 203 875 ι
235 822 501 892 vigesima
532 818 827 886 incipiunt;
870 826 924 871 et
949 827 1073 886 quot
1105 816 1252 869 horis
1286 814 1544 869 accedunt
1570 854 1583 874 ,
1620 819 1697 865 tot

98 914 384 969 recedunt.
433 911 645 964 Malinze
671 918 795 963 sunt
821 907 1078 976 majores,
1102 921 1221 976 quze
1254 920 1284 959 a
1312 908 1465 959 tertia
1490 904 1696 959 decima

98 1011 150 1055 et
186 1002 451 1071 vigesima
484 1001 710 1067 septima
744 1000 863 1051 luna
897 998 1194 1067 incipiunt,
1225 1006 1276 1050 et
1306 1010 1399 1050 sex
1431 995 1618 1049 diebus
1646 1003 1700 1048 et

105 1092 412 1162 quindecim
455 1090 604 1143 horis
652 1090 880 1154 durant,
929 1097 982 1143 et
1022 1097 1143 1141 sunt
1188 1087 1404 1141 citiores
1447 1086 1499 1139 in
1549 1098 1701 1137 acce-

106 1167 304 1252 dendo,
363 1185 630 1239 tardiores
678 1182 733 1235 in
786 1181 1109 1235 recedendo.
1169 1180 1439 1234 Exaestuat
1490 1190 1703 1245 quoque

108 1290 253 1331 mare
282 1279 429 1329 inter
454 1273 597 1327 diem
626 1280 681 1327 et
710 1281 924 1327 noctem
955 1280 1067 1334 ter;
1099 1270 1180 1324 bis
1215 1271 1267 1323 in
1296 1269 1481 1323 aestivo
1511 1266 1615 1331 die,
1650 1276 1703 1321 et

108 1365 273 1421 semel
309 1366 364 1417 in
398 1372 588 1428 nocte;
620 1363 702 1417 bis
724 1364 777 1415 in
804 1360 1017 1415 hiemali
1046 1368 1221 1426 nocte,
1251 1362 1415 1416 semel
1445 1359 1496 1413 in
1519 1360 1625 1424 die,
1651 1367 1705 1410 et

106 1460 432 1513 dodrantem
492 1467 547 1513 et
602 1453 935 1510 semunciam
995 1453 1143 1509 horae
1194 1453 1387 1518 durat;
1445 1452 1538 1507 sed
1592 1452 1704 1505 sive

108 1556 441 1609 estestnent,
481 1546 597 1600 sive
628 1555 790 1599 vento
830 1543 1193 1613 impellantur,
1226 1543 1346 1597 dein
1375 1550 1428 1597 et
1457 1542 1577 1595 dein
1608 1541 1703 1593 llu-

110 1650 227 1694 ctus
254 1638 603 1700 ordinantur,
634 1650 860 1705 quorum
892 1635 1132 1688 decimus
1160 1643 1241 1688 est
1280 1632 1562 1687 maximus.
1599 1634 1705 1684 An-

111 1739 261 1798 gctur
288 1742 507 1797 quoque
539 1740 689 1779 mare
719 1725 1012 1779 secundum
1047 1724 1195 1777 luna:
1230 1723 1621 1775 incrementum
1653 1730 1705 1772 et

112 1822 519 1874 detrimentum.
568 1817 703 1872 Nam
749 1816 1038 1885 incipiente
1085 1815 1177 1869 illa
1218 1828 1480 1874 crescere,
1512 1813 1706 1866 ere-cit

1372 415 1589 475 MUNDI
1629 407 2107 472 CONS'HTUTIO.

1724 534 1770 592 Α
1801 542 1919 582 nem
1953 527 2065 580 civi.
2095 534 2194 580 ttes
2224 523 2839 587 t'.lmosas,-Adritnetum
2868 528 2988 577 octo
3016 521 3211 584 millia,
3251 520 3381 589 liip~
3426 502 3433 529 ³

3278 405 3382 463 839

1801 634 1958 688 pone.
2009 618 2065 671 Et
2091 632 2217 685 ropa
2272 616 2430 671 habet
2481 617 2531 670 in
2580 617 2921 672 Occidentem
2978 614 3280 681 Hispaniam
3332 629 3384 667 et

1798 714 1997 782 Calpen
2020 754 2033 777 ,
2088 729 2117 764 η
2147 712 2575 778 Septentrionem
2610 712 2907 766 Mmotidem
2944 712 3185 780 paludem
3208 753 3221 772 ,
3255 726 3393 766 νοτ-ν

1800 820 1893 859 sus
1920 807 2050 859 Aust
2078 819 2171 858 um
2204 802 2483 857 Graeciam.

2480 891 2532 945 Ν
2536 892 2717 945 ebulw.

1877 986 1999 1040 ιιωε
2029 986 2134 1039 duo
2163 984 2421 1040 elementa
2462 983 2695 1039 invicem
2723 983 2824 1037 sibi
2856 983 3008 1035 mista
3046 989 3190 1036 sunt.
3223 980 3386 1035 Terra

1804 1079 1947 1130 enim
1977 1083 2357 1138 evanesceret,
2392 1072 2492 1127 nisi
2523 1088 2781 1142 aquarum
2812 1072 3130 1125 humoribus
3168 1073 3386 1139 conglu-

1807 1169 2066 1222 tinaretur
2114 1184 2127 1219 :
2176 1183 2293 1233 qua:
2339 1165 2463 1218 dum
2511 1165 2797 1231 aliquando
2846 1164 3098 1217 humores
3148 1163 3384 1220 exhalat.

1806 1260 2156 1313 ascendentes
2191 1240 2698 1319 nebulm'dicuntur,
2729 1255 2855 1309 dum
2885 1254 3003 1308 caeli
3046 1253 3231 1307 faciem
3265 1270 3390 1321 ape-

1808 1352 1948 1406 riunt
1976 1350 2173 1413 nubes,
2206 1351 2332 1405 dum
2364 1349 2410 1403 vi
2442 1357 2721 1403 ventorum
2749 1338 3110 1416 stringuntur,
3144 1355 3231 1399 aut
3261 1346 3395 1399 solis

1806 1444 1987 1497 calore
2016 1441 2312 1511 depluunt,
2359 1450 2413 1495 et
2440 1440 2693 1494 dicuntur
2725 1437 2937 1507 pluviae.
2988 1436 3186 1491 Pluvia:
3216 1445 3391 1490 autent

1805 1545 1961 1598 sunt,
1994 1548 2113 1588 cum
2141 1533 2296 1603 juges
2339 1542 2465 1587 sunt
2502 1541 2557 1587 et
2606 1532 2798 1595 lentae;
2848 1531 3046 1585 imbres
3075 1529 3237 1593 ﬁunt,
3270 1543 3390 1581 cum

1806 1628 2068 1680 salutares
2099 1625 2366 1690 veniunt,’
2399 1633 2457 1678 ut
2495 1623 2547 1678 in
2591 1636 2718 1677 vere
2758 1636 2878 1676 cum
2911 1621 3150 1693 gramina
3196 1622 3396 1689 produ-

1808 1726 1967 1782 cunt;
2000 1716 2163 1771 nimbi
2195 1724 2356 1781 sunt,
2386 1730 2508 1769 cum
2552 1714 2731 1768 subito
2759 1722 2815 1769 et
2850 1714 3107 1767 damnose
3153 1712 3393 1763 veniunt.

2517 1804 2570 1858 Ν
2575 1808 2591 1857 ἱ
2596 1822 2696 1859 res.

112 1925 257 1965 mare
290 1926 390 1976 per
416 1909 531 1963 dies
562 1917 808 1976 septem,
852 1917 907 1961 et
936 1921 1031 1975 per
1060 1906 1279 1960 totidem
1312 1904 1583 1973 proximos
1608 1904 1703 1957 de-
1737 1892 1785 1950 B
1882 1898 2017 1955 Cum
2063 1888 2317 1953 humores
2361 1896 2676 1951 nebularum
2722 1895 3052 1958 ascendunt,
3094 1892 3137 1945 si
3185 1902 3397 1946 terreno

110 2000 326 2055 crescit.
394 2000 599 2054 Rursus
654 2014 752 2069 per
804 2007 1092 2066 sequentes
1145 2006 1353 2066 septem
1408 1998 1701 2063 recrescit,

113 2104 278 2158 usque
310 2089 381 2143 ad
411 2090 728 2160 vigesimum
760 2088 992 2157 primum
1019 2086 1183 2153 diem,
1212 2097 1263 2143 et
1293 2088 1419 2142 inde
1448 2097 1586 2141 terra
1616 2086 1707 2140 de-

112 2181 310 2236 crescit
355 2193 523 2250 usque
564 2180 630 2233 ad
662 2180 977 2249 vigesimum
1017 2189 1261 2233 octavum
1303 2180 1465 2234 diem.
1512 2179 1707 2231 Notan-

112 2270 236 2325 dum
263 2286 397 2325 vcro
438 2272 564 2324 licet
607 2270 710 2326 hoc
752 2272 911 2325 modo
950 2279 1226 2338 augeatur,
1272 2286 1375 2326 non
1423 2282 1597 2327 tamen
1640 2272 1705 2325 ad

113 2363 389 2435 preprium
421 2372 618 2418 statum
640 2405 655 2429 ,
688 2363 788 2417 nisi
819 2372 940 2432 post
966 2374 1087 2418 octo
1112 2379 1283 2418 annos
1322 2366 1521 2420 redeat.
1560 2364 1707 2419 Luna

112 2470 325 2525 quoque
375 2471 483 2525 quo
533 2456 652 2526 plus
704 2455 1164 2525 Septentrionales
1211 2466 1391 2527 partes
1438 2458 1703 2525 attigerit,

116 2553 261 2600 tanto
294 2547 417 2615 plus
447 2563 595 2603 mare
612 2532 851 2614 crescit;
886 2550 1061 2604 minus
1093 2562 1245 2615 vero,
1274 2562 1380 2617 quo
1418 2548 1507 2601 illa
1539 2548 1708 2617 magis

115 2638 370 2690 Austrum
431 2638 695 2706 possidet.
760 2638 954 2691 Dicunt
1008 2638 1214 2707 physici
1273 2638 1459 2693 lunare
1514 2652 1709 2705 cerpus

115 2728 376 2796 quasdam
422 2727 748 2783 inﬂuxiones
792 2736 847 2784 et
887 2729 1205 2783 emuxiones
1250 2728 1465 2794 habere,
1511 2738 1565 2783 et
1609 2728 1711 2783 hoc

117 2819 282 2888 magis
322 2834 393 2874 ex
439 2820 683 2875 dulcibus
730 2822 881 2891 aquis
931 2822 1197 2890 provenit,
1244 2822 1433 2876 solaris
1474 2837 1602 2877 vero
1641 2823 1709 2877 de

117 2909 289 2963 salsis.
342 2911 547 2965 Praeter
580 2911 677 2964 has
704 2910 1006 2965 relusiones
1047 2922 1172 2965 sunt
1214 2914 1332 2966 aliae
1376 2914 1704 2969 rel‘usiunum

119 2998 435 3063 relusiuncs,
480 3013 597 3068 qua:
644 2999 801 3053 factae
841 2999 1091 3054 dicuntur
1134 3015 1228 3069 per
1271 3001 1574 3066 Herculem,
1618 3006 1707 3073 qui

119 3104 234 3143 cura
263 3088 655 3146 habitationem
701 3098 941 3145 nostram
970 3090 1155 3145 dulces
1196 3102 1372 3147 tamen
1412 3108 1577 3162 aquas
1610 3092 1703 3147 ha-

121 3179 246 3235 bere
296 3181 537 3247 videret,
592 3181 843 3252 perfregit
892 3181 1103 3236 radices
1148 3182 1373 3237 duorum
1420 3185 1703 3251 montium,

120 3268 356 3334 scilicet,
386 3269 719 3334 Adamantis,
753 3281 805 3323 et
832 3268 1044 3338 Calpes,
1078 3286 1301 3339 quorum
1332 3273 1486 3337 alter,
1522 3274 1573 3326 id
1604 3282 1708 3344 est,

122 3358 288 3425 Atlas,
316 3360 578 3414 remansit
610 3359 662 3413 in
691 3359 1028 3425 Mauritania,
1053 3362 1246 3429 Calpes
1276 3364 1326 3415 in
1360 3363 1635 3431 IliSpania.

691 3448 1144 3503 Mediterraneum.

191 3537 333 3593 [nter
364 3539 465 3593 hos
492 3548 736 3605 montes,
773 3539 821 3591 id
856 3549 975 3603 est,
1007 3539 1205 3607 Calpen
1236 3550 1288 3593 et
1324 3541 1673 3599 Adamantem
1694 3587 1710 3611 ,

123 3628 313 3682 fretum
344 3629 648 3683 immissum
693 3630 1030 3684 latitudinem
1062 3630 1222 3686 habet
1251 3635 1483 3704 quinque
1524 3638 1713 3691 millia-

123 3725 232 3789 ria,
262 3725 560 3795 dividitque
588 3725 821 3780 Africam
854 3728 922 3781 ab
968 3728 1198 3798 Europa.
1245 3728 1398 3785 Facit
1426 3741 1603 3786 autem
1637 3734 1714 3785 l‘a-

122 3832 298 3873 mosos
346 3818 536 3883 sinus,
582 3812 841 3873 Galicia‘m
893 3819 947 3873 in
996 3818 1330 3875 Narbonensi
1381 3822 1597 3890 regione
1646 3824 1709 3875 ad

124 3920 357 3963 montem
396 3909 747 3963 Pessulanum
771 3952 786 3975 ,
816 3908 939 3962 facit
969 3909 1239 3964 Corsicam
1269 3911 1496 3965 insulam
1518 3953 1532 3975 ,
1568 3912 1713 3965 dici-

96 4008 316 4068 .turque
345 3998 683 4068 Tyrrhenum
718 4001 769 4052 in
802 3999 997 4053 ﬁnibus
1044 4000 1203 4053 Italiae
1243 4019 1254 4052 :
1304 4003 1393 4071 qui
1426 4001 1711 4073 Carthagi-

125 4106 240 4144 nem
271 4092 489 4158 reSpicit
510 4132 527 4155 ,
555 4091 785 4155 scilicet,
820 4091 961 4145 inter
1001 4092 1205 4148 Italiam
1239 4106 1290 4149 et
1321 4096 1554 4151 Siciliam
1578 4145 1593 4167 ,
1623 4101 1707 4154 di-

123 4183 256 4233 citur
309 4179 543 4244 Ionium,
594 4182 740 4235 circa
795 4181 1038 4238 Siciliam
1093 4187 1452 4253 Adriaticum,
1510 4191 1601 4258 qui
1659 4194 1708 4245 in

124 4269 338 4324 Oriente
389 4270 589 4324 Italiam
643 4272 831 4337 alluit;
888 4272 1121 4343 facitque
1175 4278 1438 4331 maritima
1489 4278 1711 4334 Crescite

126 4360 234 4414 loca
278 4375 465 4415 versus
509 4366 762 4416 Austrum
815 4364 1067 4431 plurima,
1118 4365 1383 4438 Cyprum,
1439 4371 1707 4437 Ithodum,

126 4451 467 4523 Carpathum,
500 4462 554 4508 et
578 4454 663 4509 ubi
692 4456 886 4510 desinit
918 4456 1059 4531 dare
1082 4460 1369 4514 terminum
1398 4462 1535 4517 inter
1568 4463 1709 4517 Afri-

1812 1992 2013 2061 t'rigore
2054 1992 2468 2061 praeveniuntur,
2519 1989 2570 2041 in
2619 1987 2767 2043 nives
2808 1994 3232 2041 eunvcrtuntur:
3276 2000 3395 2049 quae

1813 2084 1981 2156 magis
2010 2084 2064 2139 in
2095 2092 2304 2138 montes
2342 2081 2537 2136 cadere
2565 2080 2775 2144 solent,
2802 2091 2960 2147 quam
3006 2077 3056 2130 iu
3102 2076 3218 2130 loca
3248 2090 3391 2127 cam-

1814 2159 2044 2247 pestria,
2079 2175 2159 2229 vel
2188 2175 2309 2243 quia
2356 2172 2458 2226 illis
2500 2172 2668 2240 magis
2703 2169 2963 2225 celsitudo
3007 2169 3265 2220 montium
3298 2164 3394 2219 ob-

1810 2275 1952 2331 stet,
1987 2265 2069 2319 vel
2100 2264 2222 2333 quia
2255 2263 2324 2316 ibi
2359 2261 2528 2332 magis
2556 2261 2816 2330 spiracula
2850 2258 3061 2327 frigoris
3093 2255 3390 2310 abundant.

1814 2356 1952 2412 Sunt
1978 2364 2158 2408 autem
2187 2352 2458 2421 duplices,
2491 2367 2607 2421 qua:
2639 2352 2690 2404 in
2724 2347 2981 2403 muleebri
3014 2362 3142 2402 aere
3169 2346 3363 2401 cadunt
3385 2385 3401 2405 ,

1814 2460 1869 2504 ut
1898 2463 2123 2519 grossae,
2151 2461 2271 2514 qua:
2314 2444 2493 2498 statim
2538 2444 2872 2511 liquescunt;
2914 2449 2965 2493 ct
2998 2440 3112 2492 alia:
3159 2440 3398 2503 minuta,

1813 2558 1934 2610 qua:
1980 2542 2031 2595 in
2063 2537 2285 2593 uredine
2313 2534 2526 2605 frigoris
2552 2532 2807 2589 cadentes
2839 2534 2963 2587 tecti
3007 2529 3262 2584 foramina
3307 2542 3402 2595 ρέα

1815 2641 2051 2687 netrant.
2085 2629 2251 2691 Nives
2278 2630 2437 2683 etiam
2487 2627 2541 2680 in
2584 2625 2693 2679 alto
2737 2625 2869 2678 mari
2903 2638 3008 2677 non
3039 2623 3269 2685 cadunt,
3302 2621 3394 2674 sed

1814 2737 1970 2777 secus
2000 2719 2166 2775 littus.
2198 2717 2331 2772 Nam
2358 2715 2525 2770 calida
2551 2724 2634 2769 est
2660 2729 2794 2783 aqua
2826 2714 2969 2766 salsa
2992 2756 3006 2779 ,
3037 2723 3089 2765 et
3123 2724 3399 2765 terrenum

1813 2815 1981 2883 frigus
2030 2811 2250 2881 impedit
2308 2825 2375 2864 ne
2423 2821 2600 2863 aerem
2663 2820 2823 2875 super
2865 2820 2924 2859 se
2968 2805 3210 2872 attingit.
3264 2803 3397 2856 llinc

1814 2916 2025 2975 quoque
2056 2902 2319 2958 sententia
2363 2901 2454 2952 illa
2493 2897 2769 2963 astruitur,
2805 2896 2928 2965 quia
2970 2894 3049 2948 sol
3094 2895 3162 2948 de
3206 2893 3394 2947 calidis

1812 2998 1966 3065 aquis
1993 2996 2156 3048 maris
2186 3001 2456 3061 pascatur.
2488 2990 2635 3044 Luna
2665 3004 2793 3043 vero
2822 2987 2889 3042 de
2917 2987 3161 3041 dulcibus
3196 2995 3395 3037 tantum

1812 3099 1865 3144 et
1896 3087 2124 3158 frigidis,
2166 3100 2287 3154 qua:
2324 3092 2379 3139 et
2423 3083 2637 3151 proprio
2675 3080 2855 3135 calore
2895 3087 3041 3133 caret
3081 3087 3136 3131 et
3176 3076 3397 3130 lumine.

1817 3178 1919 3234 Alii
1941 3179 2126 3233 dicunt
2145 3175 2322 3231 omnia
2346 3175 2587 3229 caelestia
2610 3185 2836 3240 corpora
2859 3169 2925 3224 de
2946 3169 3192 3223 dulcibus
3225 3171 3400 3237 pasci;

1815 3284 1939 3324 nam
1977 3267 2164 3322 dulces
2206 3278 2359 3335 aqum
2402 3278 2548 3318 mare
2584 3263 2846 3316 intrantes
2914 3260 3157 3314 feruntur
3198 3260 3247 3311 in
3290 3258 3405 3327 ejus

1806 3357 2123 3431 superficie,
2156 3356 2297 3409 unde
2346 3369 2492 3407 mare
2539 3352 2639 3407 sibi
2691 3351 2961 3404 attrahere
3002 3349 3253 3403 dicuntur
3293 3350 3407 3415 pla-

1816 3458 1974 3504 netae.
2010 3447 2094 3501 Fit
2125 3445 2375 3517 quaestio,
2422 3459 2541 3497 eum
2570 3442 2740 3497 calida
2788 3442 2859 3496 sit
2891 3455 3051 3509 aqua,
3084 3454 3249 3507 quare
3282 3449 3405 3491 tunc

1817 3541 1979 3595 homo
2012 3548 2259 3595 contactu
2288 3539 2429 3592 illius
2457 3537 2708 3606 frigescat
2737 3535 2906 3605 magis
2937 3549 3093 3603 quam
3126 3543 3300 3586 terrae.
3341 3534 3408 3584 Et

1815 3634 2079 3690 Solvitur:
2116 3633 2236 3701 quia
2279 3635 2380 3686 hoc
2410 3631 2479 3685 de
2518 3628 2763 3683 dulcibus
2803 3637 3008 3680 tantmn
3048 3624 3249 3691 evenit,
3294 3640 3398 3677 non

1817 3729 1884 3781 de
1922 3725 2098 3779 salsis.
2145 3724 2236 3776 Vel
2280 3728 2453 3789 potest
2494 3721 2593 3772 hoc
2632 3718 2792 3772 etiam
2834 3731 2954 3770 esse
2997 3726 3101 3768 tam
3145 3716 3210 3769 de
3249 3715 3407 3769 salsis

1818 3831 1975 3884 quam
2005 3815 2071 3867 de
2100 3812 2363 3878 dulcibus,
2407 3821 2462 3865 et
2493 3808 2733 3878 frigescit
2768 3824 2833 3862 ex
2874 3807 2976 3861 hoc
3014 3807 3181 3874 magis
3223 3809 3403 3866 homo,

1815 3908 1937 3977 quia
1970 3906 2385 3976 conglutinatior
2423 3919 2558 3973 aqua
2591 3913 2695 3966 est,
2729 3913 2783 3956 et
2823 3904 2990 3970 magis
3031 3900 3268 3953 adhzeret
3309 3900 3403 3951 In»

1819 4000 1947 4053 tnini
1978 4014 2138 4070 quam
2169 4007 2330 4058 terra,
2373 3996 2417 4048 si
2459 3996 2535 4048 illi
2578 3995 2904 4061 imponatur,
2938 3992 3165 4059 ideoque
3194 3990 3401 4041 subtili-

1819 4092 1910 4144 tati
1942 4105 2091 4158 aqua:
2132 4089 2232 4140 huc
2262 4086 2543 4150 attribuas,
2575 4100 2694 4153 qua:
2735 4084 2901 4154 magis
2932 4096 3092 4151 peros
3131 4091 3398 4150 penetrat,

1817 4193 1905 4236 aut
1936 4184 2038 4235 illis
2066 4171 2125 4235 se
2151 4178 2404 4247 applicat.
2439 4178 2524 4232 Fit
2551 4192 2762 4247 quoque
2787 4177 3034 4246 quaestio,
3063 4191 3181 4230 eum
3206 4176 3271 4229 de
3299 4176 3407 4229 sal-

1816 4273 1889 4326 sis
1932 4270 2082 4339 aquis
2120 4269 2329 4324 nebulae
2371 4267 2709 4337 proveniant,
2741 4282 2860 4327 cum
2896 4265 3089 4332 pluvia:
3120 4264 3299 4319 dulces
3331 4267 3403 4318 ad.

1819 4379 1917 4418 nos
1943 4363 2289 4427 descendant,
2313 4362 2433 4430 quia
2467 4361 2665 4427 poteris
2692 4359 2957 4425 imputare
2984 4357 3096 4411 sive
3129 4358 3407 4411 immensis

1819 4456 2075 4509 tractibus
2101 4454 2263 4515 aeris,
2290 4452 2405 4505 sive
2430 4450 2598 4504 calori
2628 4450 2777 4504 solis.
2812 4449 2962 4517 Quod
2991 4458 3166 4503 autem
3202 4458 3405 4501 tantam

126 4560 235 4600 eam
262 4558 315 4603 et
344 4550 545 4619 Asiam,
578 4552 763 4620 incipit
792 4552 941 4606 Nilus
969 4568 1154 4610 versus
1183 4556 1633 4625 Septentrionem.
1658 4570 1706 4614 et
1751 4589 1797 4648 ι)
1826 4559 2139 4619 potestatem
2180 4546 2341 4601 habet
2380 4545 2551 4614 ignis,
2585 4544 2828 4599 videntes-
2872 4544 2924 4597 in
2967 4543 3164 4596 amaris
3206 4541 3407 4607 herbis,

126 4636 315 4691 dicitur
346 4639 743 4707 Hellespontus,
780 4642 917 4694 inter
944 4642 1136 4697 Seston
1170 4655 1222 4697 et
1250 4647 1498 4715 Abydon,
1531 4650 1583 4701 in
1620 4651 1709 4702 nl-

128 4729 303 4781 teriori
334 4729 555 4789 Pontus,
592 4730 714 4783 inde
742 4729 1053 4794 Pmpontis,
1087 4732 1210 4785 inde
1244 4733 1570 4802 Bosphorus,
1606 4737 1707 4790 ibi-

127 4822 225 4885 que
250 4817 443 4871 desinit
465 4819 593 4872 dare
626 4820 934 4873 terminum.
971 4819 1115 4875 Inter
1146 4822 1409 4891 EnrOpam
1443 4834 1495 4879 et
1525 4827 1706 4879 Asiam

128 4916 228 4961 stat
273 4908 489 4974 Tanais,
543 4910 633 4977 qui
681 4911 750 4965 de
798 4912 1033 4981 Riphzeis
1091 4915 1361 4969 montibus
1408 4918 1600 4985 oritur,
1657 4927 1712 4973 et

128 5009 427 5069 stagnantes
475 4999 748 5054 Maeotides
783 5003 1015 5068 lpaludes
1062 5002 1206 5058 facit.
1256 5005 1511 5061 Similiter
1558 5017 1611 5062 et
1655 5010 1709 5063 in

127 5091 341 5149 Oriente
361 5090 612 5162 Caspium
641 5093 875 5159 erumpit
905 5095 1248 5163 Erythreum,
1270 5102 1358 5167 qui
1388 5111 1439 5154 et
1468 5100 1710 5157 Rubeum

130 5180 345 5251 dicitur,
376 5200 499 5241 nam
542 5182 693 5236 alluit
725 5182 872 5236 littus
903 5183 1179 5250 Rubrum;
1225 5188 1364 5242 unde
1406 5206 1554 5259 aqua:
1601 5208 1711 5244 ma-

132 5274 255 5327 rinae
279 5276 612 5340 colorantur,
647 5274 852 5345 fertque
900 5274 973 5328 ibi
1018 5275 1219 5345 lapides
1258 5284 1536 5345 pretiosos.
1584 5283 1709 5337 Asia

133 5364 545 5433 magnitudinem
578 5365 808 5436 EurOpte
839 5373 895 5421 et
924 5366 1116 5421 Africae
1148 5368 1409 5435 possidet,
1442 5380 1495 5426 et
1526 5373 1709 5442 incipit

134 5451 197 5505 ab
244 5452 411 5507 hortis
462 5453 637 5521 Eden,
696 5455 749 5510 id
806 5465 906 5521 est,
961 5473 992 5511 a
1035 5457 1339 5514 deliciarum
1395 5460 1597 5529 hortis;
1656 5466 1708 5517 in

135 5544 346 5601 Oriente
386 5555 439 5599 et
486 5546 537 5600 in
588 5549 786 5601 Austro
831 5548 950 5602 Nilo
993 5551 1329 5623 terminatur,
1380 5554 1431 5605 in
1476 5555 1706 5624 Septen-

138 5638 300 5694 trione
330 5635 517 5692 Tanai.
554 5637 734 5692 Africa
776 5639 829 5692 in
869 5643 1079 5709 angulis
1122 5643 1233 5697 suis
1276 5644 1434 5697 habet
1462 5644 1705 5714 Cyrenen

135 5730 390 5786 civitatem
411 5769 428 5797 ,
476 5738 529 5784 et
571 5729 983 5785 Catabathmutn
1014 5748 1198 5788 versus
1226 5734 1481 5789 Austrum
1524 5735 1574 5789 in
1607 5736 1706 5792 Oc-

137 5823 415 5881 cidentem.
460 5824 829 5882 Mauritaniam
862 5836 914 5881 et
946 5825 1210 5882 Atlantem
1233 5872 1246 5898 ,
1292 5829 1342 5885 iu
1378 5830 1705 5901 Septentrio-

1820 4655 1953 4712 quas
2008 4642 2076 4695 ad
2131 4640 2440 4711 patientiam
2471 4647 2658 4706 gustus
2710 4635 2982 4701 excoquit,
3038 4636 3117 4689 vel
3176 4636 3226 4688 in
3281 4650 3407 4689 aere

1814 4733 1956 4786 dulci
2010 4730 2414 4783 amaritudinem
2470 4727 2663 4779 amittit
2720 4726 2912 4778 humor
2969 4740 3206 4786 ainarus,
3265 4727 3401 4778 sient

1814 4823 1996 4876 dulces
2020 4836 2170 4890 aqum
2202 4822 2253 4873 in
2286 4834 2434 4874 mare
2462 4819 2683 4882 cadunt,
2711 4824 2764 4870 et
2793 4832 3001 4870 rursum
3032 4831 3124 4884 per
3153 4827 3400 4871 traeones

1814 4912 2073 4983 quosdam
2102 4912 2167 4965 ad
2207 4914 2418 4965 alveum
2466 4926 2620 4965 suum
2670 4918 3009 4962 revertuntur
3040 4908 3241 4962 dulces.
3294 4906 3407 4959 line

1813 5016 1991 5061 autem
2020 5005 2257 5071 experiri
2315 5005 2535 5072 poteris.
2594 5002 2725 5055 Nam
2782 5000 2825 5055 si
2856 5001 3041 5056 dulces
3089 5014 3258 5070 aquas
3314 5014 3408 5069 per

1816 5103 1988 5171 algim
2022 5101 2183 5155 maris
2214 5084 2494 5163 celaveris,
2528 5106 2889 5149 amarescent.

2502 5184 2732 5238 Grande.

1883 5281 2083 5343 Nubes,
2114 5286 2171 5332 ut
2196 5277 2450 5342 diximus,
2483 5277 2533 5330 vi
2557 5285 2861 5341 ventorum,
2914 5278 2995 5331 vel
3046 5279 3177 5333 solis
3232 5280 3410 5334 calore

1814 5373 2200 5432 dissolvuntur,
2229 5380 2283 5424 et
2314 5370 2373 5424 lit
2403 5369 2579 5437 pluvia
2606 5385 2619 5431 ;
2653 5386 2771 5439 qua:
2790 5372 2834 5423 si
2869 5381 3082 5425 terreno
3125 5373 3319 5441 frigore
3349 5375 3399 5425 in

1813 5464 2050 5522 cadendo
2084 5461 2504 5531 praeveniuntur,
2542 5461 2593 5513 in
2648 5459 2963 5528 grandinem
2996 5473 3399 5516 commutantur

1812 5566 1863 5610 et
1892 5555 2239 5609 dealbentur:
2272 5566 2494 5621 quarum
2526 5551 2719 5618 duplex
2767 5563 2845 5605 est
2878 5568 3065 5621 genus.
3120 5552 3251 5607 Nam
3300 5555 3398 5607 mi-

1811 5660 1939 5704 nuta
1967 5649 2072 5701 nivi
2102 5646 2327 5701 admista
2356 5647 2499 5700 venit
2523 5646 2575 5698 in
2611 5645 2823 5711 frigore.
2862 5648 2977 5703 Alia
3012 5648 3059 5698 in
3115 5646 3293 5701 vernis
3343 5661 3399 5701 et

1810 5741 2010 5798 wstivis
2042 5740 2228 5795 diebus
2257 5751 2309 5795 et
2333 5739 2500 5809 magis
2528 5755 2683 5804 titiam
2710 5740 2760 5791 in
2796 5748 2976 5794 nocte.
3032 5738 3208 5794 Nubes
3233 5740 3393 5794 etiam

1815 5845 2015 5902 quanto
2039 5835 2195 5891 altius
2220 5836 2517 5898 elevantur,
2552 5834 2814 5904 incipiunt
2846 5836 3147 5902 attenuari,
3193 5845 3249 5891 et
3306 5848 3397 5901 ενα·
