3922 6246
182 319 278 374 889

1450 316 1660 372 ΜιΞΝθΙ
1700 315 2169 376 CONSTITUTIO.

3321 324 3427 378 891)

179 434 228 485 in
249 428 422 484 medio
451 427 643 494 posita,
671 426 847 479 lumen
876 423 1001 480 solis
1026 439 1091 479 ne
1122 424 1259 478 lunze
1292 424 1594 479 infundatur
1641 428 1743 480 im-
1772 429 1820 486 Α
1849 427 1958 480 rius
1985 443 2101 482 cum
2131 429 2197 483 ad
2232 429 2296 484 l2
2329 438 2527 499 partem
2580 433 2802 496 venerit,
2837 435 3042 488 videtur
3083 437 3215 489 sicut
3239 447 3290 490 et
3325 439 3409 490 lu-

180 520 338 590 pedit,
370 529 424 571 et
455 519 680 572 verbera
711 517 826 584 ejus
860 517 923 568 ad
955 517 1131 567 lunam
1162 530 1328 582 usque
1382 517 1742 584 protenditur,

179 623 226 667 et
252 618 334 665 est
355 612 576 679 eclipsis
608 610 767 671 lunze,
791 608 930 676 quod
952 608 1236 674 deliquium
1261 608 1512 660 dicimus.
1545 608 1626 660 Fit
1646 622 1742 659 au-

178 715 276 759 tem
307 714 414 757 tam
442 706 495 757 in
527 704 760 757 inferiori
792 702 1165 766 hemisphaerio
1189 717 1343 769 quam
1380 703 1430 754 in
1462 703 1742 768 superiori,

177 806 276 846 tam
320 795 373 847 in
402 795 624 846 Oriente
653 807 810 858 quam
855 791 904 844 in
929 791 1233 844 Occidi-nte.
1263 793 1374 843 Non
1409 802 1581 843 tamen
1613 807 1747 845 sem-

176 899 264 951 per
312 867 544 946 lit,'cum
576 893 659 935 est
705 881 912 934 decima
941 892 1148 946 quarta,
1195 881 1272 931 vel
1303 880 1506 932 decima
1537 881 1740 948 quinta,

173 973 262 1026 sed
296 984 411 1037 post
437 988 530 1023 sex
554 985 766 1024 menses
797 985 1028 1035 semper.
1060 968 1189 1022 Cum
1223 979 1399 1022 autem
1451 971 1502 1021 in
1552 971 1742 1022 eodem

171 1063 320 1130 signo
346 1061 400 1113 lit
432 1071 486 1113 et
540 1062 730 1114 eodem
765 1074 970 1121 mense,
1022 1075 1123 1110 non
1158 1058 1254 1112 nisi
1310 1069 1428 1124 post
1459 1059 1746 1112 novemde-

171 1153 268 1204 cim
301 1166 495 1205 annos.
521 1152 654 1205 Cum
680 1161 854 1204 autem
885 1151 934 1202 in
968 1151 1153 1201 eodem
1181 1150 1354 1216 signo,
1379 1159 1432 1202 et
1461 1164 1664 1215 mense,
1691 1161 1746 1203 et

170 1239 299 1307 signi
325 1250 498 1306 parte,
535 1256 639 1291 non
674 1240 774 1290 nisi
815 1247 931 1302 post
960 1253 1021 1290 t.v
1053 1252 1220 1290 annos
1244 1237 1442 1290 evenit.
1473 1237 1626 1302 Quod
1653 1252 1744 1292 ve-

172 1343 231 1383 ro
253 1331 304 1383 iu
349 1329 542 1384 eodem
571 1331 744 1397 signo,
792 1344 997 1389 mense,
1027 1340 1194 1396 parte,
1224 1328 1490 1380 revocatis
1539 1327 1745 1381 cunctis

172 1417 396 1486 planetis
425 1418 494 1471 ad
527 1419 700 1470 locum
731 1433 904 1478 suum,
959 1432 1062 1468 non
1117 1415 1214 1468 nisi
1268 1425 1389 1484 post
1441 1415 1741 1482 quindecim

170 1520 375 1561 menses
401 1521 668 1560 annorum
699 1508 776 1560 lit.
818 1505 1047 1572 Eclipsis
1076 1504 1204 1558 solis
1237 1504 1290 1557 in
1323 1506 1587 1572 trigesima
1621 1504 1741 1556 luna

172 1599 248 1662 lit,
278 1597 356 1650 sol
383 1595 652 1663 eclipsim.
706 1596 833 1650 Nam
862 1595 1094 1651 declinat
1128 1594 1210 1649 vel
1239 1596 1302 1648 ad
1351 1595 1625 1658 Austrum,
1660 1596 1741 1648 vel

171 1685 233 1739 sd
279 1687 740 1755 Septentrionem.
794 1687 926 1740 Cum
975 1697 1150 1740 autem
1180 1687 1259 1738 sol
1293 1686 1342 1739 in
1374 1687 1562 1740 eodem
1590 1688 1742 1754 signo

171 1748 369 1844 pariter
403 1788 455 1832 et
490 1792 675 1831 mense
705 1777 782 1840 lit,
815 1786 932 1845 post
965 1791 1030 1829 LV
1079 1790 1282 1840 annos;
1314 1775 1406 1828 sed
1436 1777 1520 1843 qui
1551 1775 1737 1829 eodem
1778 1748 1818 1806 Β

167 1869 333 1934 signo,
360 1883 549 1922 mense
593 1877 647 1921 et
702 1878 847 1949 parte
875 1866 950 1932 lit,
985 1866 1248 1920 revocatis
1278 1865 1525 1918 omnibus
1574 1866 1740 1918 stellis

167 1960 227 2012 ad
259 1959 492 2028 priorem
521 1958 715 2020 locum,
751 1959 848 2011 hoc
871 1967 972 2021 est,
1004 1967 1121 2024 post
1149 1973 1214 2010 xv
1263 1957 1423 2009 millia
1451 1971 1737 2012 annorum.

629 2049 703 2102 De
731 2050 909 2103 ordine
937 2051 1276 2118 planetarum.

231 2141 379 2194 Nunc
402 2141 470 2194 de
496 2139 776 2193 ordinibus
803 2140 1153 2192 disseramus.
1187 2139 1360 2204 Plato,
1389 2154 1614 2207 sequens
1646 2140 1739 2192 AS-

171 2233 394 2300 gyptios,
429 2233 522 2299 qui
549 2234 650 2285 hoc
675 2239 1078 2298 persuaserunt,
1129 2231 1179 2282 in
1233 2231 1470 2296 proxima
1521 2232 1739 2296 regione

165 2333 276 2389 post
298 2323 476 2374 lunam
509 2321 678 2374 solem
710 2321 937 2374 asseruit
972 2320 1069 2373 hac
1101 2320 1326 2372 ratione.
1355 2320 1498 2372 Luna
1526 2322 1738 2389 proprio

168 2417 357 2470 lumine
386 2425 560 2480 caret,
580 2415 701 2483 quia
735 2424 1006 2469 mutuatur
1027 2429 1054 2464 a
1079 2414 1214 2467 sole.
1251 2413 1378 2468 Nam
1410 2415 1454 2466 si
1483 2414 1660 2467 Venus
1683 2424 1739 2468 et

165 2502 451 2558 Mercurius
503 2503 577 2556 illi
625 2512 679 2556 et
729 2504 866 2556 lunze
924 2502 1407 2566 interponerentur,
1457 2501 1740 2567 aliquando

162 2591 280 2645 solis
319 2593 497 2644 lumen
531 2592 897 2660 prteriperent.
953 2591 1104 2642 Ratio
1153 2590 1364 2652 quidem
1411 2604 1575 2656 parva
1627 2598 1730 2651 est,

166 2696 277 2736 nam
300 2684 476 2737 omnis
514 2683 700 2736 umbra
729 2683 949 2736 minoris
977 2681 1238 2750 corporis,
1264 2697 1292 2734 a
1324 2682 1510 2748 majori
1535 2682 1737 2736 lumine

167 2781 316 2838 tecta,
351 2781 813 2834 estenuatur,nec
849 2773 1004 2840 longe
1052 2771 1412 2838 protenditur;
1445 2772 1631 2837 sicque
1657 2772 1736 2823 ha:

163 2862 271 2916 dote
297 2864 425 2915 nihil
462 2865 601 2916 luna:
633 2863 974 2930 impedirent.
1007 2861 1210 2915 Tullius
1241 2861 1522 2914 Chaldaeos
1552 2861 1729 2930 sequi-

166 2963 258 3015 tur,
291 2951 472 3006 dicens
497 2952 664 3006 solem
691 2951 924 3004 medium
956 2951 1287 3017 planetarum
1316 2965 1436 3002 esse
1479 2965 1724 3014 numero,

1849 531 1938 568 na.
1976 516 2147 571 Venus
2195 533 2321 572 vero
2370 535 2488 573 cum
2541 522 2604 573 ad
2637 523 2667 574 7
2723 535 2922 589 partem
2955 525 3092 593 signi
3122 541 3148 575 a
3181 526 3294 578 sole
3325 542 3414 578 re-

1849 611 2083 670 cesserit,
2124 611 2327 664 videtur
2355 615 2502 680 quasi
2528 613 2636 681 jam
2668 616 2856 678 major.
2884 615 3028 668 Luna
3060 631 3266 683 quoque
3315 617 3417 669 ibi-

1850 702 1967 751 dcm
1993 700 2281 766 videretur,
2306 706 2346 755 si
2373 706 2638 772 proprium
2667 707 2841 759 lumen
2873 708 3112 759 haberet.
3139 709 3287 771 Quod
3313 723 3410 759 au-

1851 802 1953 843 tem
1986 795 2288 860 superiores
2319 805 2372 848 et
2403 797 2680 851 inferiores
2711 800 2822 852 sole
2847 799 3108 863 feruntur,
3142 802 3414 866 tripliciter

1849 896 1942 949 per
1975 885 2306 950 conjecturas
2337 887 2656 951 ostenditur,
2705 891 2814 942 sive
2859 905 2951 951 per
2982 893 3412 944 intersi-Ctionem

1847 970 2186 1037 circulorum,
2221 974 2336 1027 sive
2375 977 2512 1042 quod
2540 979 2668 1028 ~sint
2717 980 2962 1046 eplcycli,
2995 979 3042 1030 id
3096 991 3197 1043 est,
3228 995 3410 1044 supcr-

1847 1059 2134 1114 cirrnlarcs
2164 1073 2354 1114 terram
2388 1082 2490 1116 non
2525 1067 2767 1119 habendo
2794 1077 3059 1127 centrum.
3087 1071 3250 1122 sulem
3281 1087 3405 1135 qu:.--

1847 1151 1891 1203 si
1924 1160 2162 1205 centrum
2190 1169 2374 1206 cursus
2407 1158 2486 1207 sui
2509 1157 2764 1220 efficiunt,
2811 1162 2923 1212 sive
2953 1162 3283 1214 altitudinem
3333 1177 3414 1215 sn-

1848 1241 1913 1293 lis
1942 1243 2122 1294 circuli
2155 1246 2480 1299 emetiuntur
2506 1247 2708 1302 obtusis
2724 1251 2847 1303 sive
2875 1252 3047 1304 acutis
3063 1253 3410 1315 anfractibus,

1847 1331 2288 1394 quemadmodum
2321 1335 2650 1391 latitudinem
2682 1341 2882 1392 zodiaci
2916 1342 3139 1408 plani-tm
3162 1343 3413 1401 evadunt,

1846 1435 1962 1486 qua
1990 1420 2224 1488 subjecta
2257 1425 2424 1477 oculis
2471 1427 2675 1492 pictura
2717 1430 3064 1484 demonstrat.
3124 1431 3226 1484 Sed
3277 1447 3408 1496 quo-

1848 1508 1986 1561 niam
2037 1512 2360 1565 mentionem
2417 1517 2680 1580 quomodo
2730 1518 3005 1571 zodiacum
3051 1520 3416 1587 perambulent

1849 1598 2087 1668 fecimus,
2113 1605 2317 1669 plenius
2347 1606 2468 1660 inde
2489 1609 2746 1663 dicamus.

2377 1694 2452 1750 De
2497 1698 2643 1750 lineis
2672 1699 2887 1752 zodiaci.

1918 1778 2095 1832 Venus
2121 1791 2175 1833 et
2229 1781 2349 1836 luna
2397 1784 2462 1838 ad
2513 1788 2874 1840 extremitates
2922 1790 3120 1844 zodiaci
3167 1792 3413 1858 perlatas,

1844 1865 2118 1920 duodecim
2153 1869 2316 1924 lineas
2364 1873 2515 1926 divisi
2551 1878 2882 1941 perveniunt.
2935 1879 3109 1933 Venus
3153 1889 3326 1932 tamen
3361 1883 3410 1932 in

1845 1955 2048 2008 duobus
2107 1962 2392 2012 momentis
2447 1965 2680 2025 excedit,
2729 1966 3021 2022 Mercurius
3081 1979 3202 2021 octo
3253 1971 3418 2022 lineas

1844 2046 1960 2111 ejus
1993 2049 2340 2112 perambulat.
2371 2051 2459 2103 Sol
2507 2052 2637 2104 duas
2687 2055 2886 2108 medias
2913 2066 3114 2114 servat.
3151 2074 3248 2109 nec.
3302 2060 3413 2125 illus

1844 2135 1943 2188 nisi
1975 2137 2022 2188 in
2058 2137 2209 2189 Libra
2253 2140 2478 2201 excedit,
2526 2143 2666 2195 unde
2712 2144 2931 2196 Ovidius
2979 2165 2989 2197 :
3044 2145 3414 2214 Exspatiantnr

1842 2227 1974 2294 equi.
2006 2226 2142 2279 Mars
2164 2241 2388 2293 quatuor
2414 2233 2761 2298 perambulat,
2787 2235 2990 2300 Jupiter
3014 2239 3282 2304 quinque;
3317 2238 3409 2290 sed

1843 2315 1973 2365 ctlti
2016 2318 2338 2383 frequentius
2368 2321 2593 2372 auomali
2629 2322 2775 2375 llunt.
2831 2325 3092 2378 Saturnus
3140 2337 3244 2380 tres
3295 2339 3406 2378 tau-

1845 2411 1976 2455 tum.
1998 2402 2130 2456 Cum
2162 2407 2226 2455 sit
2251 2407 2507 2459 dubitatio
2536 2408 2601 2461 de
2631 2411 2817 2462 ordine
2841 2413 2987 2474 solis,
3016 2414 3277 2474 Mercurii,
3314 2414 3414 2466 Vi:-

1841 2494 2002 2558 neris,
2051 2495 2191 2545 nulla
2247 2503 2422 2548 tamen
2472 2505 2553 2549 est
2605 2499 2670 2552 de
2719 2501 2958 2564 cmteris;
2993 2517 3111 2554 nam
3145 2511 3346 2554 tantum
3381 2520 3406 2553 a

1839 2582 1972 2646 sole,
2006 2593 2057 2636 ct
2083 2599 2112 2635 a
2145 2599 2202 2636 se
2231 2584 2455 2638 invicem
2491 2599 2845 2652 recesserunt,
2871 2601 2926 2642 ut
2955 2592 3092 2656 quod
3131 2592 3208 2644 Sol
3244 2593 3291 2642 in
3316 2607 3405 2642 an-

1841 2688 1909 2726 no
1941 2674 2161 2740 perlicit,
2197 2677 2296 2728 hoc
2337 2678 2472 2730 Mnes
2519 2679 2569 2730 in
2595 2679 2822 2746 duobus,
2854 2679 3056 2749 Jupiter
3088 2682 3137 2735 in
3189 2696 3281 2741 sit,
3308 2681 3412 2735 Sa-

1843 2774 2028 2819 turnus
2061 2766 2112 2819 in
2147 2767 2382 2834 triginta.

2404 2856 2479 2911 De
2500 2861 2828 2912 transitoriis.

1910 2943 2144 3008 lpsorum
2175 2960 2384 3011 quoque
2436 2951 2763 3014 planetarum
2795 2948 2884 3002 alii
2926 2959 3047 3002 sunt
3093 2949 3410 3018 hippolitici,

163 3056 257 3094 non
280 3044 472 3110 spatio,
506 3058 624 3097 nam
657 3042 775 3111 plus
807 3056 835 3095 a
865 3041 1203 3098 firmamento
1226 3056 1430 3109 quanta
1462 3051 1600 3094 terra
1634 3057 1718 3093 re-
1759 3079 1804 3142 c
1836 3032 1924 3085 alii
1956 3034 2275 3100 stationarii,
2309 3037 2397 3089 alii
2448 3040 2763 3106 retrogradi,
2796 3040 2881 3091 alii
2929 3042 3176 3094 anomali.
3216 3042 3409 3108 Hippo-

161 3131 328 3183 cessit.
380 3134 495 3186 Νοη
531 3140 706 3185 tamen
753 3147 1006 3201 negamus
1035 3129 1294 3185 Venerem
1325 3139 1379 3184 et
1409 3131 1725 3185 Mercurium

159 3220 434 3287 aliquando
465 3223 793 3289 superiores,
823 3221 962 3288 quod
995 3222 1160 3274 etiam
1189 3221 1421 3273 historia:
1475 3223 1724 3289 probant.

161 3314 382 3372 llsbctnr
411 3319 556 3372 enim
584 3318 636 3370 in
663 3316 881 3370 historia
926 3316 1098 3369 Caroli
1129 3316 1267 3383 quod
1317 3317 1610 3369 Mercurius
1634 3333 1729 3384 per

159 3420 336 3459 novem
362 3409 477 3461 dies
499 3408 549 3461 in
573 3409 688 3460 sole
713 3415 962 3472 tanquam
987 3403 1192 3457 macula
1215 3415 1517 3472 appareret.
1545 3404 1725 3469 Quano

158 3499 221 3553 do
247 3516 375 3555 vero
412 3501 694 3554 intraverit
737 3500 822 3552 vel
866 3499 1110 3561 exiverit,
1165 3499 1328 3550 nubes
1378 3499 1725 3564 pcrhibebant

159 3587 350 3643 ridere.
386 3590 438 3642 In
477 3589 717 3642 Romana
750 3601 963 3655 quoque
997 3587 1212 3639 historia
1246 3589 1459 3653 dicitur,
1485 3590 1726 3658 Augusto

163 3676 355 3730 Cresare
397 3678 542 3732 .lulio
571 3676 822 3744 adoptivo
871 3677 1004 3744 patri
1054 3675 1299 3730 funebres
1330 3681 1611 3745 exsequias
1644 3679 1723 3730 la-

161 3767 342 3835 ciente,
377 3768 635 3821 Venerem
673 3767 904 3830 fulsisse,
935 3781 1089 3834 quam
1116 3768 1229 3834 ejus
1256 3768 1461 3821 stellam
1495 3770 1718 3820 censuit.

163 3856 220 3908 lli
246 3859 345 3911 duo
375 3875 493 3911 cum
528 3859 659 3912 inira
685 3860 853 3912 solem
884 3865 1027 3918 sunt,
1072 3858 1214 3908 clare
1244 3858 1487 3909 videntur
1520 3855 1570 3906 in
1602 3870 1718 3906 me-

161 3946 303 4000 ridie.
331 3946 500 4002 Causa
532 3963 659 4001 vero
705 3958 809 4013 est,
834 3947 954 4013 quia
987 3955 1111 3998 sunt
1151 3947 1431 3998 viciniores
1463 3956 1635 4012 terra},
1670 3957 1721 4000 ct

161 4037 375 4105 majores
400 4047 676 4109 apparent,
713 4052 811 4091 nec
840 4037 921 4089 sol
953 4037 1070 4089 illas
1101 4036 1371 4089 obscurat.
1404 4021 1533 4089 Cum
1589 4053 1719 4092 vero

157 4137 302 4188 supra
325 4127 494 4179 solem
518 4135 664 4189 sunt,
689 4127 904 4178 claritas
932 4125 1051 4192 ejus
1076 4140 1178 4177 non
1211 4127 1466 4190 permittit
1495 4128 1610 4179 illas
1640 4127 1718 4179 vi-

154 4214 276 4278 deri,
310 4226 555 4286 tanquam
598 4216 707 4284 jam
750 4217 856 4269 sint
887 4217 1157 4282 minores;
1185 4230 1306 4268 cum
1337 4216 1540 4269 directe
1586 4232 1716 4284 quo-

154 4319 247 4370 que
270 4307 348 4359 sol
376 4307 498 4362 illas
529 4307 853 4371 reverberat,
883 4316 937 4359 ut
965 4315 1088 4360 ante
1118 4307 1200 4360 vel
1224 4313 1367 4359 retro
1397 4311 1615 4374 pasitas,
1640 4307 1712 4360 si-

152 4393 330 4453 militer
349 4409 439 4452 aut
470 4397 760 4462 modicum,
795 4407 886 4450 aut
918 4397 1136 4451 minime
1161 4397 1424 4451 videntur.

318 4554 320 4556 τ
520 4489 597 4542 De
619 4491 800 4544 media:
827 4491 964 4542 [una
993 4490 1318 4544 obscuritate.

213 4571 284 4631 De
330 4577 451 4631 luna
503 4593 716 4646 quoque
765 4577 885 4630 talis
933 4578 1156 4630 habetur
1209 4580 1537 4645 conjectura,
1572 4581 1709 4648 quod

148 4661 210 4714 sit
236 4666 472 4731 quaedam
513 4665 774 4718 nubecula
794 4666 932 4718 inter
961 4679 1059 4718 nos
1088 4676 1140 4720 et
1170 4667 1346 4719 lunam
1378 4669 1571 4736 posita,
1605 4671 1706 4722 im-

148 4750 348 4816 pediens
377 4753 531 4806 nobis
564 4754 754 4820 partim
786 4753 1080 4808 claritatem
1112 4755 1280 4818 lunae;
1312 4771 1433 4810 nam
1466 4757 1579 4826 ipsa
1609 4761 1703 4813 ad-

148 4841 479 4896 tuinistratrix
507 4850 592 4897 est
611 4843 960 4913 corpulentia:
992 4855 1096 4898 tam
1138 4847 1503 4912 superioribus
1545 4864 1703 4918 quam

149 4929 492 5002 inferioribus,
542 4942 598 4989 et
634 4935 938 4988 cribrantur
989 4937 1060 4990 ibi
1088 4937 1303 5006 quidam
1335 4939 1521 5006 atomi,
1554 4941 1706 5010 cujus

150 5017 442 5087 liquidiores
468 5035 643 5094 partes
673 5037 884 5078 sursum
912 5025 1041 5078 dant
1069 5028 1480 5094 corpulentiam.
1513 5031 1705 5086 Sordi-

148 5110 309 5166 diores
333 5127 508 5171 autem
539 5117 622 5171 his
644 5115 982 5170 inferioribus
1005 5123 1058 5167 et
1084 5117 1300 5168 caducis
1325 5117 1703 5187 infunduntur,

151 5207 196 5252 et
220 5199 286 5255 ibi
300 5218 610 5271 evaporant.
639 5209 843 5262 Lunam
860 5207 1131 5275 quoquein
1146 5223 1205 5259 ea
1232 5219 1380 5275 parte
1403 5215 1702 5280 aspectibus

149 5294 323 5347 nostris
341 5295 624 5364 subtrahit,
648 5298 1092 5368 quemadmodum
1118 5300 1333 5361 nebula,
1371 5318 1486 5367 qua:
1518 5306 1602 5357 ubi
1634 5306 1704 5361 de

148 5383 393 5440 montibus
411 5385 646 5450 exhalat,
683 5390 855 5442 oculis
899 5390 1044 5442 illum
1088 5389 1282 5442 nostris
1306 5390 1373 5442 ibi
1401 5393 1696 5451 abscondit.

513 5476 592 5530 De
632 5479 870 5547 epicyclis
919 5489 964 5532 et
1012 5481 1308 5534 intersectis.

203 5561 409 5628 Quando
442 5565 619 5621 Venus
643 5575 702 5621 et
744 5568 1035 5624 Mercurius
1086 5573 1216 5625 solis
1260 5573 1552 5640 vicinitate,
1613 5579 1696 5632 vel

148 5659 432 5730 remotione,
494 5660 796 5727 videantur,
846 5663 925 5717 vel
960 5680 1061 5719 non
1118 5666 1420 5723 videantur.
1483 5669 1690 5725 Mercu—

1837 3122 1988 3188 litici,
2021 3123 2072 3176 id
2104 3133 2205 3190 εει,
2239 3127 2553 3194 transitorti,
2589 3130 2828 3197 suntqui
2853 3131 3096 3198 depriori
3130 3132 3280 3200 signo
3304 3145 3408 3184 ten-

1833 3213 1961 3266 dunt
1990 3214 2040 3266 in
2068 3216 2347 3281 posterius.
2403 3215 2642 3285 Cumque
2676 3221 2773 3272 hoc
2807 3235 2994 3275 omnes
3026 3223 3142 3274 alia:
3193 3222 3408 3283 faciant,

1789 3348 1795 3356 .
1832 3308 2096 3372 praecipue
2123 3308 2200 3358 sol
2233 3317 2280 3360 et
2307 3308 2448 3370 luna,
2483 3310 2550 3359 ita
2581 3311 2718 3362 enim
2769 3312 2819 3362 hi
2843 3325 2886 3364 tt
2943 3313 3007 3364 de
3051 3315 3408 3366 anterioiibns

1829 3398 1993 3465 signis
2026 3399 2088 3456 ad
2123 3400 2411 3467 posteriora
2448 3403 2687 3465 tendunt,
2742 3404 2880 3468 (ιυηά
2926 3420 3192 3470 nunquam
3241 3414 3404 3466 stent,

1831 3505 2096 3557 nunquam
2126 3491 2595 3560 retrogrediantur.
2651 3493 2702 3547 Si
2730 3494 2920 3560 aliquis
2952 3506 3185 3561 Opponat
3235 3496 3401 3547 solum

1829 3581 2138 3646 subsistere,
2174 3584 2290 3647 quia
2339 3585 2454 3649 plus
2504 3586 2550 3635 in
2601 3586 2828 3650 geminis
2877 3596 3115 3637 moretur
3143 3602 3296 3650 quam
3348 3587 3401 3638 in

1828 3670 2127 3738 Sagittario,
2161 3672 2470 3738 dicithuod
2500 3673 2597 3725 hoc
2624 3675 2815 3725 morari
2849 3691 2948 3725 non
2978 3686 3056 3726 est
3082 3679 3398 3746 subsistere,

1827 3759 1919 3810 sed
1950 3758 2087 3821 quod
2121 3758 2290 3826 majus
2337 3761 2564 3826 spatium
2599 3762 2666 3813 ibi
2696 3763 2885 3816 habeat
2918 3763 3204 3830 complere,
3240 3780 3396 3832 quam

1826 3859 1879 3902 et
1905 3850 2022 3902 aliis
2052 3851 2238 3918 signis,
2269 3852 2359 3903 ubi
2384 3852 2497 3905 axis
2529 3852 2643 3920 ejus
2696 3865 2798 3904 tam
2826 3854 2928 3907 alta
2973 3871 3075 3905 nou
3120 3863 3218 3917 est,
3259 3855 3397 3922 quod

1827 3950 1970 4010 patet
2027 3943 2077 3992 in
2132 3944 2501 3996 exccntritate.
2540 3944 2849 3996 Stationarii
2892 3955 3013 3995 sunt
3061 3947 3148 4010 qui
3198 3946 3400 3997 diutius

1827 4047 1988 4098 prope
2012 4033 2239 4096 aliquam
2265 4035 2422 4082 lixam
2446 4032 2653 4082 stellam
2679 4033 2944 4096 videntur,
2968 4048 3121 4102 quam
3154 4035 3391 4088 soleant:

1825 4137 1927 4174 non
1956 4122 2166 4189 quidem
2196 4134 2355 4184 Stant,
2388 4123 2480 4176 sed
2510 4124 2801 4177 secundum
2844 4141 3035 4179 cursus
3065 4129 3140 4179 sui
3174 4127 3395 4195 ligurum

1821 4214 1901 4266 vel
1934 4213 2246 4276 ascendunt,
2272 4215 2352 4267 vel
2385 4216 2738 4281 descendunt,
2765 4226 2816 4269 et
2845 4232 2947 4269 non
2973 4220 3192 4270 multum
3219 4221 3268 4270 in
3295 4235 3392 4271 na-

1821 4302 1977 4356 turali
2004 4318 2158 4356 cursu
2201 4305 2508 4368 procedunt.
2542 4305 2677 4355 Sunt
2706 4315 2881 4358 autem
2915 4308 3129 4374 legitimi
3156 4308 3389 4374 termini,

1739 4412 1791 4470 Ι)
1824 4392 1874 4446 in
1906 4393 2096 4460 quibus
2141 4393 2380 4445 videntur
2412 4395 2733 4458 stationarii,
2767 4395 2813 4447 id
2847 4404 2946 4459 est,
2982 4411 3101 4447 cum
3134 4397 3332 4451 dzstant
3360 4413 3388 4448 a

1819 4485 1934 4537 sole
1965 4499 2056 4551 per
2103 4484 2199 4535 tria
2261 4484 2430 4552 signa,
2469 4485 2553 4538 vel
2604 4502 2697 4552 per
2745 4496 2990 4554 quatuor,
3025 4488 3162 4555 quod
3194 4489 3249 4540 lit
3299 4504 3397 4557 per

1817 4574 2161 4642 triangulum,
2197 4573 2277 4627 vel
2331 4575 2771 4643 quadrangulum,
2819 4576 2870 4629 id
2916 4585 3017 4638 cst,
3050 4579 3098 4629 in
3158 4579 3390 4645 trigono,

1813 4666 1896 4718 vel
1925 4677 2228 4734 tetragono,
2259 4668 2357 4718 hoc
2384 4674 2485 4729 est,
2516 4668 2564 4718 in
2601 4667 2812 4729 triceto,
2851 4668 2931 4720 vel
2964 4671 3013 4720 in
3046 4669 3386 4735 quadriceto.

1809 4754 1978 4808 Causa
1999 4765 2174 4808 autem
2209 4756 2362 4822 hujus
2391 4757 2634 4810 stationis
2667 4757 2974 4824 perhibetur
3002 4759 3081 4813 sol
3112 4773 3251 4813 esse.
3289 4760 3386 4815 Est

1809 4855 1983 4899 autem
2016 4847 2172 4899 statio
2196 4847 2292 4898 alia
2329 4847 2607 4912 matutina,
2642 4849 2744 4901 alia
2776 4851 3099 4917 vespertina.
3124 4850 3380 4906 Matutino

1809 4945 1910 5002 cst,
1945 4951 2062 4989 cum
2096 4947 2216 4990 ante
2247 4948 2421 4991 ortum
2451 4940 2579 4992 solis
2612 4952 2690 4994 est
2721 4941 2772 4994 in
2800 4943 3052 4997 Statione.
3090 4943 3156 4998 Et
3187 4953 3374 4996 notan-

1808 5029 1932 5081 dum
1967 5029 2104 5096 quod
2145 5029 2194 5082 in
2250 5033 2548 5098 vespertina
2594 5034 2820 5085 statione
2863 5043 3064 5084 tantum
3113 5033 3242 5085 liunt
3292 5048 3377 5091 rc-

1809 5123 2073 5188 trograde.
2114 5120 2266 5173 Verbi
2301 5121 2487 5188 gratia,
2519 5123 2560 5174 si
2584 5121 2789 5190 Jupiter
2812 5124 2880 5177 de
2907 5123 3143 5178 Geminis
3194 5139 3381 5192 proce-

1805 5211 1894 5264 dat
1923 5212 1973 5262 in
2001 5210 2287 5272 Cancrum,
2318 5220 2373 5263 et
2420 5212 2542 5262 item
2592 5213 2773 5274 redeat
2822 5213 2873 5267 in
2907 5213 3182 5283 Geminos,
3232 5217 3375 5283 quod

1803 5317 1920 5355 cum
1963 5302 2173 5369 quidam
2203 5299 2252 5354 in
2282 5302 2593 5370 quibusdam
2646 5303 2809 5373 signis
2847 5307 3012 5361 semel
3055 5314 3257 5360 tantum
3307 5305 3382 5360 la-

1802 5398 1961 5454 ciant,
1996 5391 2255 5445 Saturnus
2301 5402 2473 5447 tamen
2505 5409 2714 5462 semper
2742 5395 2823 5448 bis
2872 5395 2936 5449 ad
2969 5395 3245 5464 quodlibet
3294 5396 3380 5449 si-

1802 5501 1962 5553 gnum
2014 5484 2329 5551 regreditur,
2381 5494 2436 5538 et
2483 5485 2764 5554 aliquando
2817 5487 2975 5538 tertio
3018 5485 3259 5553 pervenit
3307 5484 3371 5538 ad

1802 5578 1962 5640 idem,
1998 5575 2136 5643 quod
2163 5591 2362 5629 moram
2405 5577 2484 5630 sui
2541 5591 2728 5631 cursus
2773 5579 3065 5636 secundum
3119 5579 3374 5649 quosdam

1800 5669 1981 5723 cilicii.
2005 5667 2130 5722 Nam
2158 5666 2446 5721 secundum
2470 5667 2602 5721 alios
2625 5668 2928 5739 magnitudo
2943 5670 3146 5728 circuli.
3182 5670 3381 5742 Pytha-
