3922 6246
498 372 600 453 sat

975 399 1180 455 BEDE
1218 398 1669 458 VENERABILIS
1707 402 1857 457 OPP.
1899 402 2077 460 PARS
2114 400 2155 458 Ι.
2196 401 2387 460 SECT.
2426 403 2493 460 11.
2530 432 2602 447 -—
2640 405 2846 462 DUBIA
2888 406 2974 463 ET
3011 408 3255 464 SPUlllA

3663 409 3781 465 8"!

492 524 652 578 geras
682 520 856 563 autem
888 525 1059 578 neque
1079 513 1455 581 retrogradari,
1498 528 1666 581 neque
1704 523 1869 577 stare,
1902 527 2072 582 neque
2102 514 2151 573 Α
2176 512 2343 567 solem
2371 514 2554 581 incipit
2582 514 2879 579 obscurari,
2912 524 2968 570 et
2996 518 3294 573 recedendo
3342 520 3398 573 in
3440 520 3780 577 duodecima

492 599 796 653 anomalam
829 600 1057 668 aliquam
1086 616 1206 655 esse
1233 602 1460 666 dicebat,
1490 604 1583 657 sed
1609 619 1796 658 omnes
1825 606 2076 673 inaequali

491 690 665 755 spatio
693 691 946 758 temporis
970 692 1245 759 mqualiter
1266 695 1534 761 complere
1556 686 1783 762 spatium
1808 697 2071 752 locorum.

494 778 778 843 Quomodo
809 782 1121 849 retrograde
1145 782 1447 851 videantur,
1482 785 1563 837 vel
1593 788 1922 853 stationarie,
1951 804 2074 843 cum

489 877 669 923 tamen
702 887 807 923 non
838 872 964 939 sint,
999 872 1163 942 figura
1185 874 1536 929 demonstrat.
1568 878 1863 941 Anomalae,
1891 878 1939 931 id
1967 889 2067 943 est,

487 963 811 1032 irregulares
856 973 1001 1028 sunt,
1033 981 1153 1019 cum
1203 968 1285 1019 vel
1315 967 1533 1029 diutius,
1565 970 1645 1022 vel
1691 967 1871 1034 citius,
1914 971 2073 1024 solito

490 1065 788 1113 tlmranlur,
819 1054 898 1105 vel
929 1054 1191 1118 oriuntur,
1220 1064 1311 1108 aut
1332 1058 1445 1109 initi
1472 1058 1630 1111 solito
1653 1058 1771 1112 loco
1791 1069 2068 1126 apparent,

488 1141 627 1208 quod
660 1157 779 1195 cum
804 1144 919 1195 aliis
950 1146 1368 1213 etiameveniat,
1405 1147 1634 1201 maxime
1683 1158 1858 1201 tamen
1894 1150 2066 1215 Marti,

486 1233 659 1300 quiin
708 1233 1094 1300 posterioribus
1142 1238 1350 1291 duobus
1377 1238 1531 1291 annis
1580 1254 1845 1308 nunquam
1889 1249 2071 1294 servat

487 1321 660 1389 legem
699 1324 955 1389 priorum.
993 1325 1170 1378 Venus
1220 1338 1397 1380 autem
1430 1337 1483 1381 et
1529 1329 1746 1381 Martius
1796 1344 2066 1399 nunquam

483 1411 537 1463 in
570 1412 759 1465 triceto
791 1414 871 1467 vel
897 1415 949 1467 in
975 1414 1288 1481 quadriceto
1312 1418 1625 1487 regulariter
1654 1419 1851 1472 distant
1874 1435 1899 1470 a
1927 1420 2065 1481 sole,

482 1515 583 1553 nec
614 1517 642 1553 a
668 1502 924 1556 chronico
954 1514 1075 1559 ortu
1098 1504 1362 1571 oriuntur,
1390 1517 1482 1561 aut
1510 1509 1779 1573 occidunt,
1804 1511 1925 1578 quia
1960 1524 2064 1563 non

481 1591 599 1654 plus
622 1605 648 1641 a
678 1591 792 1643 sole
822 1592 1025 1645 distant
1050 1610 1211 1661 quam
1247 1595 1423 1648 Venus
1465 1612 1558 1663 per
1581 1597 1787 1665 signum
1818 1609 1869 1652 et
1912 1600 2068 1653 dimi-

483 1679 649 1743 dium,
685 1681 905 1735 Martius
954 1698 1049 1750 per
1077 1685 1285 1752 signum
1318 1695 1372 1739 et
1398 1686 1529 1739 duas
1556 1699 1731 1755 partes
1762 1689 1935 1751 unius.
1964 1692 2068 1746 ibi-

483 1786 588 1837 que
607 1785 758 1825 suam
776 1773 1224 1829 stationaritatem
1238 1784 1291 1828 ct
1308 1777 1823 1846 retrogradationem
1851 1783 2065 1846 patiun-

2180 614 2328 674 parte
2348 605 2653 673 illuminari,
2685 616 2736 661 et
2765 608 2971 664 duobus
2985 610 3172 665 diebus
3195 615 3572 670 tantummodo
3610 616 3775 670 latet.

2787 720 2861 772 De
2874 720 3147 777 obsidibus.

2251 806 2305 860 ln
2330 806 2797 865 intersectionibus
2823 827 3033 881 quoque
3062 814 3272 869 absides
3290 819 3779 887 autsuntquidam

2177 898 2415 953 tramites
2463 901 2551 967 qui
2603 901 2853 956 dicuntur
2898 912 2989 956 aut
3027 906 3284 973 fragendo
3312 922 3408 975 per
3435 910 3646 975 spiras,
3678 924 3781 978 per

2175 1000 2305 1054 quas
2333 987 2569 1041 stellaria
2600 1004 2827 1057 corpora
2858 990 3131 1056 incedunt,
3184 994 3353 1050 infixo
3403 998 3630 1067 triginta
3686 1013 3785 1052 oc-

2174 1076 2442 1131 cultantur
2468 1086 2559 1130 aut
2590 1078 2789 1144 plures,
2823 1081 2916 1135 sed
2950 1085 3185 1137 minores
3215 1084 3432 1140 diutius.
3479 1087 3621 1141 Nam
3659 1102 3781 1141 mae

2171 1155 2495 1231 jores‘citius
2521 1166 2790 1225 videntur.
2819 1172 3272 1240 lncipiuntautem
3298 1178 3602 1241 obscurari,
3641 1193 3777 1234 eum

2172 1256 2252 1308 SOI
2274 1254 2339 1309 ab
2358 1256 2533 1325 aliqua
2552 1258 2758 1314 illarum
2777 1261 2912 1316 ultra
2931 1264 3229 1332 quindecim
3250 1277 3429 1336 partes
3450 1267 3781 1325 deStituitur

2172 1351 2335 1407 terra,
2363 1346 2504 1414 quod
2535 1348 2637 1403 iter
2656 1346 2958 1418 quindecim
2987 1353 3175 1408 diebus
3206 1356 3439 1424 perficit,
3466 1359 3778 1415 recedens-

2172 1451 2276 1493 aue
2304 1437 2370 1493 ab
2394 1453 2455 1493 ea
2483 1439 2785 1508 quindecim
2815 1442 3001 1498 diebus
3022 1440 3305 1504 'obscurat.

2598 1528 2674 1611 ρε
2701 1547 2944 1586 consensu
2986 1534 3327 1602 planetarum.

2243 1616 2310 1670 Ut
2358 1618 2589 1676 diximus
2630 1636 2791 1690 supra
2820 1623 2872 1677 in
2904 1625 3093 1682 triceto
3140 1629 3223 1683 vel
3271 1630 3593 1699 quadriceto
3651 1636 3778 1690 sole

2170 1707 2501 1775 reapiciendo
2531 1711 2772 1780 planetas
2803 1714 2936 1769 fiunt
2961 1717 3311 1773 stationarios
3342 1725 3679 1792 retrogadi,
3716 1734 3779 1779 et

2171 1807 2445 1854 contra‘se
2473 1802 2682 1869 quoque
2714 1803 3051 1871 respiciendo
3102 1823 3349 1876 magnum
3380 1810 3483 1864 sibi
3517 1798 3778 1880 praebent

485 1869 604 1927 tur;
638 1863 856 1932 propius
894 1876 1071 1919 autem
1115 1866 1285 1920 videri
1327 1879 1549 1935 possunt
1592 1870 1873 1938 aliquando
1904 1887 2062 1939 supra

2488 1857 2503 1869 .
2601 1857 2611 1867 .
2807 1857 2819 1871 .
2902 1857 2905 1858 ν
2994 1857 3039 1859 ρ
3380 1857 3483 1864 ----
3517 1857 3778 1880 την-μνη-

2172 1878 2516 1943 consensum.
2550 1892 2680 1945 Nam
2713 1894 2831 1947 cum
2863 1896 3093 1951 salubris
3122 1898 3390 1954 salubrem
3434 1905 3789 1969 respexerit,

478 1950 637 2004 simul
665 1962 719 2004 et
748 1952 905 2017 infra,
935 1956 1093 2007 simul
1126 1967 1291 2020 retro,
1326 1964 1417 2010 aut
1450 1969 1610 2019 ante,
1662 1961 1802 2012 unde
1828 1972 1881 2014 et
1929 1963 2066 2017 duos

481 2040 757 2096 Luciferos
780 2044 1023 2097 videmur
1052 2044 1249 2100 habere
1280 2087 1295 2111 ,
1329 2048 1575 2102 similiter
1614 2050 1746 2102 duos
1777 2052 2060 2118 Hesperos,

477 2146 601 2183 cum
631 2146 758 2185 vero
789 2133 1087 2188 Mercurius
1134 2144 1260 2189 ante
1300 2146 1402 2203 est,
1441 2138 1675 2191 vindicat
1718 2140 1816 2193 sibi
1868 2156 2062 2195 nomen

478 2222 726 2276 Luciferi.
763 2224 940 2278 Venus
965 2235 1140 2279 autem
1170 2237 1252 2281 est
1278 2243 1470 2281 nomen
1504 2240 1728 2295 naturze,
1760 2232 1811 2283 id
1836 2242 1935 2297 est,
1971 2247 2066 2284 na-

482 2317 743 2383 turaliter,
770 2318 1071 2388 ubicunque
1096 2322 1209 2374 hace
1232 2324 1383 2376 stella
1414 2332 1516 2389 est,
1543 2324 1721 2379 Venus
1746 2328 2062 2394 appellatur.

476 2405 608 2460 Cutn
644 2423 771 2461 vero
802 2410 971 2464 solem
1005 2413 1261 2478 prmcedit
1289 2413 1341 2466 in
1370 2424 1512 2478 ortu,
1566 2416 1780 2469 Lucifer
1829 2418 2062 2482 dicitur;

475 2511 595 2549 cum
618 2498 731 2551 sole
752 2500 1032 2555 occidente
1057 2508 1384 2569 apparuerit,
1413 2505 1700 2573 llesperns,
1728 2507 1808 2563 vel
1838 2508 2058 2574 Vesper,

472 2599 523 2640 ct
548 2598 629 2642 est
662 2604 854 2644 nomen
879 2592 1062 2645 officii.
1088 2592 1283 2646 Dicunt
1308 2610 1521 2664 quoque
1544 2597 1769 2651 Aristot.
1818 2610 1873 2654 et
1922 2600 2063 2654 Peri-

479 2680 689 2745 patetici
719 2683 943 2737 naturali
969 2699 1131 2739 cursu
1175 2687 1311 2739 volvi
1338 2689 1577 2755 planetas
1607 2704 1727 2743 cum
1754 2692 2061 2746 firmamen-

473 2782 551 2838 to,
583 2774 675 2826 sed
716 2790 903 2828 omnes
942 2778 1214 2831 celeritate
1249 2781 1416 2848 ipsius
1462 2781 1749 2848 prrrteriri.
1796 2784 2055 2839 Saturnus

479 2863 530 2915 in
560 2870 766 2917 tantum
799 2880 919 2918 cum
947 2866 1067 2933 ejus
1090 2868 1366 2921 celeritate
1390 2872 1683 2932 contendit,
1731 2875 1869 2938 quod
1923 2874 2060 2927 infra

472 2954 606 3006 duos
633 2969 802 3009 annos
845 2965 900 3009 et
929 2956 1208 3011 dimidium
1248 2958 1395 3012 illum
1438 2962 1705 3027 prmccdat
1756 2962 2061 3019 firmamen-

475 3049 585 3096 tum
615 3044 771 3099 unius
799 3053 1001 3099 tantum
1032 3048 1170 3116 signi
1203 3050 1551 3119 longitudine.

1157 3139 1230 3192 De
1252 3151 1386 3194 ortu.

544 3227 850 3284 Notandum
882 3246 1092 3300 quoque
1119 3233 1260 3302 quod
1304 3247 1451 3288 ortus
1475 3236 1612 3289 alius
1660 3236 1968 3301 matutinus,
1998 3252 2058 3290 a-

473 3318 578 3372 lius
601 3325 956 3389 vespertinus.
995 3326 1310 3392 Matutinus,
1334 3329 1421 3382 ubi
1447 3329 1620 3397 aliqua
1643 3328 1793 3383 stella
1820 3330 1947 3382 sol-is
1974 3346 2061 3384 or-

472 3418 581 3461 tnui
640 3415 893 3478 pra'ccdit
939 3425 1057 3483 post
1113 3419 1341 3472 mediam
1395 3429 1646 3488 noctem;
1702 3424 2057 3489 veSpertinus,

475 3502 560 3553 ubi
596 3512 715 3569 post
741 3517 991 3557 occasum
1034 3508 1163 3559 solis
1191 3508 1365 3574 aliqua
1396 3511 1551 3563 stella
1577 3513 1904 3579 apparuerit.
1968 3514 2060 3568 Est

476 3604 735 3661 praeterea
766 3603 916 3649 ortus
959 3595 1092 3647 alius
1126 3597 1448 3662 mundanus,
1479 3600 1613 3654 alius
1643 3598 1899 3665 beliacus,
1926 3603 2060 3655 alius

474 3684 816 3738 achrouicus.
851 3685 1149 3739 Mundanus
1196 3697 1299 3753 est,
1331 3702 1452 3741 cum
1500 3689 1565 3743 de
1611 3689 1849 3744 inferiori
1899 3690 2063 3743 hemi-

471 3774 704 3837 Spl.1Bt'l0
735 3778 786 3827 in
813 3776 1058 3844 superius
1082 3778 1151 3830 ali
1174 3794 1260 3847 ina
1290 3781 1444 3834 stella
1477 3782 1777 3837 emerserit.
1812 3782 2061 3838 Heliseus

474 3872 577 3924 est,
608 3878 728 3915 cum
756 3866 831 3916 sol
866 3866 1125 3919 recedens
1156 3870 1224 3919 ab
1259 3870 1432 3935 aliqua
1466 3872 1618 3923 stella
1651 3872 1914 3938 permittit
1940 3888 2057 3926 eam

470 3953 660 4008 videri.
690 3956 979 4023 Arrenius,
1010 3972 1130 4010 cum
1161 3958 1336 4027 aliqua
1368 3961 1544 4025 stella,
1577 3963 1659 4014 vel
1704 3962 1868 4027 sidus,
1917 3966 2061 4018 occi-

470 4047 570 4113 dit,
603 4057 653 4102 et
685 4051 988 4118 oppositum
1017 4050 1159 4103 illius
1190 4067 1282 4118 per
1314 4050 1634 4107 diametrum
1658 4054 1852 4108 oritur.
1886 4054 2058 4109 Chro-

473 4154 570 4192 nos
600 4153 776 4193 autem
810 4152 1021 4209 tempus
1048 4144 1451 4210 interpretatur.

1113 4230 1189 4282 De
1221 4248 1423 4285 occasu.

544 4323 776 4376 Occasus
805 4337 1018 4391 quoque
1064 4324 1201 4377 alius
1253 4327 1573 4390 mundanus,
1625 4327 1757 4380 alius
1787 4328 2051 4394 heliacus,

471 4413 609 4466 alius
633 4412 968 4466 achronicus.
1022 4413 1321 4467 Mundanus
1350 4425 1451 4480 est,
1480 4430 1602 4468 cum
1654 4418 1915 4481 superiori
1962 4419 2055 4470 he-

2170 1988 2391 2046 angetur
2445 1981 2765 2047 salubritas;
2801 1985 2843 2038 si
2876 1986 3100 2040 adversa
3125 1987 3438 2044 -adversam
3464 2032 3478 2053 ,
3539 2003 3778 2063 augetur

2169 2067 2461 2123 adversitas
2488 2089 2501 2137 ;
2525 2073 2565 2125 si
2586 2073 2814 2127 salubris
2829 2074 3127 2141 adversam,
3162 2079 3246 2132 vel
3270 2095 3299 2131 e
3330 2096 3620 2147 converso,
3654 2086 3766 2136 mi-

2170 2159 2349 2212 nuitur
2398 2167 2745 2229 utrarumque
2777 2162 3023 2220 effectus.
3080 2167 3375 2222 Mercurius
3403 2180 3605 2236 autem,
3636 2174 3769 2239 quia

2167 2256 2249 2301 est
2279 2250 2605 2316 indifferens,
2641 2254 2759 2321 plus
2794 2264 2970 2309 tamen
3005 2256 3174 2310 bonus
3206 2274 3365 2326 quam
3396 2260 3767 2325 malus,sem-

2168 2352 2263 2404 per
2286 2339 2401 2393 talis
2430 2340 2677 2408 efficitur,
2709 2346 2883 2413 qualis
2918 2344 3008 2399 illa
3050 2362 3211 2415 quam
3256 2352 3499 2415 respicit,
3531 2362 3586 2405 et
3608 2351 3777 2420 ejus-

2166 2430 2288 2483 dem
2319 2433 2535 2485 coloris.
2585 2434 2717 2487 Nam
2748 2436 2790 2489 si
2819 2436 3098 2491 adversam
3130 2442 3455 2507 reSpcxerit,
3508 2452 3666 2506 anget
3708 2449 3768 2496 α

2166 2520 2429 2574 accelerat
2480 2523 2623 2574 illius
2680 2526 3103 2590 proceritatem;
3145 2510 3190 2579 si
3233 2542 3361 2581 vero
3412 2543 3765 2597 prosperam,

2116 2641 2119 2645 ~
2165 2622 2322 2678 auget
2348 2620 2401 2664 et
2426 2613 2689 2667 accelerat
2716 2614 2831 2683 ejus
2861 2615 3280 2683 adversitatcm;
3315 2617 3434 2685 plus
3467 2628 3646 2673 tamen
3674 2628 3764 2674 est

2164 2704 2507 2758 accommoda
2538 2708 2895 2775 prosperitati.

2761 2796 2832 2850 De
2866 2780 3162 2853 domiciliis.

2236 2885 2293 2939 Si
2323 2886 2374 2939 in
2408 2887 2630 2954 singulis
2660 2886 2941 2940 domiciliis
2992 2890 3186 2957 singuli
3237 2888 3467 2955 planetae
3510 2904 3761 2946 accesse-

2165 2975 2293 3040 rint,
2322 2975 2605 3042 plurimum
2638 2975 2735 3027 sibi
2769 2974 3163 3044 obsequuntur.
3198 2976 3328 3031 Illud
3356 2987 3536 3032 autem
3585 2978 3767 3033 domi-v

2162 3065 2342 3119 cilium
2392 3065 2675 3134 cujuslibet
2729 3065 2848 3118 dico
2902 3067 3226 3136 principale,
3273 3070 3325 3121 in
3367 3082 3475 3138 quo
3530 3068 3761 3137 quilibet

2173 3154 2381 3221 planeta
2410 3155 2460 3206 in
2492 3154 2695 3219 origine
2725 3154 2905 3207 mundi
2948 3165 3193 3223 repertus
3222 3167 3325 3211 est.
3360 3156 3509 3210 Luna
3537 3157 3759 3227 quidem

2169 3252 2222 3295 et
2243 3242 2321 3295 sol
2346 3242 2551 3310 singula
2586 3242 2783 3294 habent
2812 3242 3100 3309 domicilia,
3132 3248 3226 3299 sed
3256 3247 3482 3314 quilibet
3505 3246 3574 3300 de
3596 3250 3762 3303 certis

2166 3331 2420 3399 quinque,
2450 3330 2648 3383 habent
2668 3331 2775 3384 duo
2797 3328 2960 3385 unum
2986 3333 3385 3388 secundarium.
3414 3336 3468 3389 ln
3493 3338 3762 3405 principio

2166 3421 2343 3491 itaque
2374 3423 2554 3476 mundi
2588 3424 2715 3477 luna
2756 3420 2851 3477 fuit
2885 3424 2938 3477 in
2972 3423 3200 3491 Canem,
3226 3441 3346 3496 qua:
3372 3442 3493 3481 cum
3523 3430 3761 3483 constel-

2164 3515 2363 3570 latione
2390 3531 2483 3569 sua
2528 3531 2741 3584 semper
2770 3515 2909 3570 bona
2941 3518 3244 3586 portendat.
3278 3520 3547 3589 prrecipne
3577 3530 3758 3575 tamen

2163 3605 2390 3659 Cancro.
2422 3605 2477 3660 Si
2507 3607 2677 3661 solem
2728 3622 2910 3663 secum
2956 3607 3228 3675 habuerit,
3270 3612 3663 3664 incrementum
3705 3619 3762 3666 et

2162 3694 2549 3759 corpulentiam
2578 3696 2740 3749 rebus
2774 3696 3008 3750 maxime
3031 3697 3284 3764 infundit,
3315 3699 3458 3768 quod
3484 3702 3537 3753 in
3562 3699 3756 3753 ﬂorida

2163 3794 2348 3839 testate
2376 3787 2539 3853 patet.
2570 3785 2661 3840 Sol
2694 3801 2822 3841 vero
2850 3796 3094 3854 repertus
3127 3787 3223 3840 fuit
3252 3789 3304 3841 in
3333 3789 3531 3850 Leone,
3560 3789 3616 3840 in
3649 3803 3759 3855 quo

2165 3876 2449 3944 praecipue
2480 3885 2772 3943 potestates
2817 3889 2941 3929 suas
2987 3877 3233 3945 designat
3280 3879 3523 3931 siccitate
3548 3887 3607 3931 et
3636 3877 3749 3931 fer-

2163 3982 2312 4033 vore,
2340 3967 2481 4021 unde
2510 3979 2563 4022 et
2585 3968 2918 4023 caniculares
2946 3962 3064 4022 dies
3091 3975 3217 4022 sunt
3243 3968 3361 4022 aliis
3402 3966 3745 4032 fervidiores,

2162 4069 2221 4113 ut
2245 4061 2358 4114 sole
2382 4063 2648 4116 existente
2670 4063 2721 4115 in
2742 4077 2841 4116 suo
2868 4060 3162 4117 domicilio.
3193 4062 3539 4116 Caniculares
3565 4069 3753 4114 autem

2163 4150 2276 4205 dies
2302 4150 2548 4204 dicuntur
2569 4166 2598 4204 a
2628 4153 2894 4216 canicula,
2927 4168 3084 4219 quam
3127 4163 3252 4207 tunc
3296 4151 3587 4221 ingreditur
3647 4151 3753 4203 sol.

2162 4241 2474 4307 Mercurius,
2501 4243 2642 4296 sicut
2668 4236 2915 4297 infirmus
2940 4244 3202 4308 omnium,
3253 4246 3480 4313 primam
3522 4232 3759 4297 obtinuit

2162 4332 2500 4402 electionem,
2532 4333 2793 4403 elegitque
2813 4336 2880 4387 ab
2906 4333 3346 4388 antecedentibus
3383 4333 3605 4397 Canem,
3642 4331 3756 4387 Ge-

2170 4423 2371 4487 minos;
2411 4424 2935 4490 aconsequentibus,
2992 4422 3248 4489 Leonem,
3301 4422 3591 4490 Virginem,
3650 4423 3756 4475 bac

477 4502 789 4567 tniSplimrio
822 4504 870 4554 in
902 4502 1124 4556 inferius
1155 4504 1402 4572 quaslibet
1434 4506 1586 4574 stella
1612 4505 1904 4559 descendit.
1954 4506 2061 4559 lie-
2094 4522 2144 4582 υ
2173 4513 2400 4577 ratione,
2436 4520 2490 4565 ut
2520 4513 2589 4566 ibi
2620 4512 2759 4579 quod
2792 4512 2949 4565 vellet
3000 4511 3303 4578 designaret
3357 4511 3757 4580 principaliter.

470 4596 653 4659 liacus,
680 4611 800 4649 eum
834 4596 934 4663 sol,
968 4595 1033 4649 ad
1080 4596 1313 4666 aliquam
1341 4598 1550 4652 stellam
1584 4599 1869 4666 accedens,
1905 4600 2052 4653 illam

470 4689 635 4742 videri
670 4704 773 4742 non
809 4688 1086 4757 permittit.
1116 4690 1407 4744 Acronicus
1435 4700 1538 4755 est,
1572 4706 1692 4745 cum
1719 4690 1894 4759 aliqua
1920 4690 2054 4744 stel-

470 4780 519 4833 la
545 4780 624 4833 vel
667 4780 876 4847 signum
926 4780 1143 4842 occidit,
1176 4790 1232 4835 et
1279 4783 1579 4851 Oppositum
1611 4781 1686 4837 illi
1719 4797 1814 4852 per
1842 4782 2058 4838 diame-

470 4880 611 4924 trum
643 4870 837 4923 oritur.

588 4943 593 4947 ’
894 4959 975 5011 De
1000 4960 1334 5011 occultatione
1355 4960 1636 5013 stellarum.

539 5048 671 5106 Cum
720 5050 1057 5106 oceultentur
1087 5050 1281 5115 stellze,
1313 5050 1424 5103 sive
1455 5065 1483 5102 a
1514 5051 1649 5114 sole,
1682 5054 1793 5105 sive
1824 5054 1890 5104 ab
1917 5052 2060 5103 absi—

464 5145 620 5199 dibns
645 5144 778 5209 suis,
804 5157 908 5197 non
940 5152 1117 5197 tamen
1147 5157 1338 5198 omnes
1364 5143 1475 5211 pari
1508 5140 1679 5209 spatio
1702 5143 2057 5195 occultantur.

466 5235 599 5288 Nam
647 5237 908 5289 Saturnus
939 5250 1082 5289 ccxx
1115 5234 1305 5289 diebus
1334 5234 1397 5286 ad
1443 5231 1612 5301 majus
1642 5232 1956 5298 occultatur,
1994 5231 2060 5284 ad

467 5328 644 5379 minus
688 5340 815 5377 vero
855 5341 886 5378 x
928 5336 1158 5380 tantum.
1202 5326 1410 5393 Jupiter
1458 5342 1621 5381 xxxv:
1650 5326 1717 5381 ad
1748 5326 1945 5394 majus,
1992 5325 2057 5377 ad

469 5414 647 5467 minus
677 5428 729 5477 x,
765 5414 1032 5468 similiter.
1067 5414 1205 5467 Mars
1238 5427 1416 5469 autem
1464 5418 1741 5469 anomalus
1764 5427 1874 5483 est.
1910 5416 2063 5470 Unde

470 5509 519 5561 in
552 5505 729 5560 Cestis
758 5506 935 5560 Caroli
968 5521 1062 5575 per
1096 5507 1356 5576 integrum
1386 5522 1582 5560 annum
1616 5508 1779 5562 latere
1810 5511 2060 5576 perhibe-

472 5610 573 5653 tur.
623 5599 802 5651 Venus
844 5610 1021 5652 autem
1071 5614 1199 5653 Lvnt
1248 5598 1437 5652 diebus
1466 5598 1532 5653 ad
1564 5598 1753 5668 majus,
1788 5602 1851 5652 ad
1887 5600 2062 5651 minus

469 5700 645 5745 autem
664 5706 754 5744 ιιι.
777 5690 1066 5745 Mercurius
1081 5690 1144 5745 ad
1163 5689 1333 5759 majus
1352 5705 1433 5743 xv:
1453 5690 1662 5756 diebus,
1683 5691 1747 5743 ad
1772 5689 1947 5742 minus
1966 5702 2060 5739 xit.

471 5779 623 5838 Luna
651 5784 952 5838 accedendo
975 5784 1026 5837 in
1044 5783 1356 5839 duodecima
1376 5794 1527 5853 parte
1547 5782 1684 5850 signi
1705 5781 1862 5837 unius
1880 5788 2061 5834 contra

2160 4602 2361 4658 Tamen
2386 4605 2427 4657 si
2454 4602 2833 4671 hospitalitatis
2854 4615 3012 4654 causa
3034 4599 3173 4653 alius
3192 4598 3407 4668 planeta
3432 4600 3544 4653 illic
3566 4598 3762 4654 fuisset

2160 4699 2453 4766 ingressus,
2486 4696 2621 4750 dixit
2648 4710 2706 4749 se
2729 4694 2863 4749 velle
2893 4693 2965 4747 illi
2992 4693 3215 4758 obsequi
3238 4692 3421 4747 colore
3450 4698 3505 4746 et
3531 4689 3757 4746 effectu.

2162 4790 2361 4857 Venus,
2399 4790 2471 4843 uti
2502 4789 2749 4857 proxima
2774 4787 2914 4849 loco,
2942 4783 3241 4854 proximam
3263 4782 3389 4838 fecit
3408 4782 3761 4846 electionem,

2158 4881 2305 4935 etab
2332 4876 2771 4933 antecedentibus
2814 4876 2975 4940 elegit
3016 4872 3286 4937 Taurum,
3328 4887 3360 4925 a
3390 4884 3759 4940 consequen—

2162 4962 2300 5026 tibus
2348 4972 2585 5034 Libram,
2638 4968 2823 5023 eadem
2874 4965 3102 5030 ratione,
3140 4972 3198 5018 ut
3224 4979 3354 5019 suos
3404 4964 3630 5018 eﬂ’ectus
3686 4959 3764 5014 ibi

2161 5062 2569 5113 demonstraret.
2600 5056 2656 5110 Si
2688 5070 2815 5109 vero
2841 5057 3011 5110 malus
3070 5058 3289 5124 planeta
3333 5054 3464 5109 illuc
3504 5051 3767 5115 intraret,

2163 5152 2323 5208 vellet
2368 5150 2441 5203 illi
2481 5148 2770 5215 adversari,
2801 5160 2853 5204 et
2883 5166 2976 5204 sua
3008 5148 3370 5218 prosperitate
3418 5143 3563 5197 vires
3612 5140 3769 5196 illius

2163 5245 2424 5308 minuere,
2470 5239 2733 5307 praecipue
2775 5242 2977 5296 habens
3022 5236 3379 5301 Mercurium,
3414 5235 3577 5290 vellet
3602 5250 3768 5294 acce-

2162 5336 2336 5390 lerare
2365 5347 2639 5400 prospera.
2667 5334 2800 5387 Cum
2825 5347 2953 5385 vero
2986 5331 3180 5384 bonum
3212 5342 3309 5381 sua
3337 5330 3764 5386 constellatione

2166 5427 2447 5495 plurimum
2480 5424 2742 5493 designet,
2771 5421 3034 5489 praecipue
3065 5427 3243 5471 tamen
3268 5418 3336 5474 de
3366 5421 3512 5475 felici
3544 5436 3763 5476 connu-

2166 5516 2253 5573 bio
2277 5519 2721 5587 iucundissimum
2757 5516 2948 5581 pignus
2977 5509 3151 5564 affert.
3183 5511 3257 5565 Ea
3292 5528 3508 5582 quoque
3532 5512 3769 5589 ,ι’-ιιὶσιιο

2165 5610 2306 5663 Mars
2352 5609 2589 5663 Arietem
2630 5612 2683 5657 et
2721 5602 3065 5669 Scorpionem
3122 5602 3306 5672 elegit,
3356 5611 3413 5655 ut
3463 5602 3766 5657 maximam

2164 5701 2445 5771 portendat
2472 5696 2874 5763 adversitatem,
2904 5702 2959 5748 et
2988 5694 3255 5762 praecipue
3282 5693 3629 5761 flagrantiam
3676 5691 3767 5747 ln-

2164 5798 2326 5854 dicat.
2377 5794 2582 5863 Jupiter
2637 5790 2810 5864 pisces
2836 5799 2888 5848 et
2913 5789 3244 5860 sagittarium
3288 5786 3469 5857 elegit,
3504 5784 3600 5854 qui
3627 5793 3772 5840 tem-
