3922 6246
130 362 235 419 893

1418 362 1632 421 HUNDI
1672 358 2154 417 CONSTITUTIO.
2206 398 2211 405 .

3303 365 3414 427 89‘

130 488 343 546 paratur
366 483 439 532 de
464 478 726 545 adversis,
750 491 971 550 augetur
994 498 1020 534 ιι
1046 482 1333 549 prosperis.
1368 480 1498 534 Cum
1530 478 1716 532 Martio
1747 478 1795 536 Α
1826 474 1948 526 inde
1973 487 2143 526 annus
2175 472 2497 541 bissextilis;
2530 477 2671 544 quod
2713 493 2841 532 vero
2886 480 3172 548 liquescat,
3202 480 3271 535 ita
3297 484 3379 535 dis

127 568 393 620 accelerat
432 570 505 621 ad
538 570 792 624 bonitatis
837 587 946 625 sua:
1002 572 1214 635 indicia,
1244 572 1311 626 de
1342 571 1484 625 felici
1526 585 1718 637 regno-

130 672 243 708 rum
272 667 480 713 eventu
504 659 761 727 disparuit.
790 660 1052 715 Saturnus
1075 666 1179 715 duo
1200 663 1446 716 continua
1466 664 1716 726 obtinuit,

128 746 354 809 scilicet,
380 751 679 817 Aquarium
701 762 752 803 et
771 752 1173 819 Capricoruum,
1201 768 1317 805 cum
1349 754 1498 805 bonis
1518 752 1715 814 mitior,

128 852 244 888 Cum
275 839 437 890 malis
467 854 684 906 smvror,
713 855 833 894 cum
868 843 1127 895 Mercurio
1155 845 1204 894 in
1235 842 1548 895 crudelitate
1578 842 1719 893 cele-

128 926 258 989 rior,
306 928 564 996 interque
615 932 785 985 malas
828 931 1225 999 designationes
1254 934 1445 1001 frigore
1473 940 1526 985 et
1556 932 1717 983 n'inia

127 1017 421 1083 asperitate
467 1020 720 1075 abundat.

642 1109 719 1164 De
756 1113 945 1181 {rigore
983 1114 1219 1167 Saturni.

196 1196 291 1251 Est
309 1208 500 1253 autem
524 1202 868 1255 interomncs
889 1204 1128 1272 planetas
1151 1204 1412 1259 Saturnus
1441 1203 1720 1270 frigidissi-

133 1304 272 1354 mus,
306 1292 468 1360 cujus
499 1294 679 1361 plures
709 1308 887 1347 causa:
918 1293 1205 1348 redduntur
1236 1294 1553 1360 fabularum,
1597 1294 1718 1361 quia

126 1392 291 1433 senex
344 1382 452 1435 fuit
498 1385 714 1452 quidem
767 1386 871 1440 vir.
923 1386 1090 1441 Senes
1138 1397 1311 1440 autem
1351 1396 1474 1440 sunt
1513 1386 1717 1454 frigida:

125 1478 353 1537 naturae,
411 1474 555 1527 unde
578 1484 631 1528 et
653 1475 845 1543 flegma
875 1476 926 1529 in
948 1473 1025 1529 eis
1054 1475 1307 1540 abundat,
1352 1476 1490 1543 quod
1540 1476 1719 1530 hieme

125 1560 341 1613 crescit.
377 1560 473 1616 Vel
507 1563 628 1617 ideo
659 1564 880 1631 frigidus
907 1563 1232 1632 perhibetur,
1289 1566 1414 1632 quia
1470 1565 1718 1618 remotis-

126 1649 298 1704 simus
347 1653 474 1707 sita
503 1656 645 1723 sole,
688 1657 770 1710 vel
818 1658 938 1725 quia
969 1658 1048 1709 sol
1077 1657 1127 1710 in
1156 1656 1379 1711 Saturni
1429 1657 1717 1711 domiciliis

128 1740 356 1807 positus,
393 1747 786 1800 remotissimus
814 1757 896 1801 est
922 1763 952 1800 a
981 1750 1153 1814 nobis,
1201 1757 1324 1802 tunc
1349 1750 1469 1817 quia
1520 1749 1716 1817 frigore

1824 580 2102 634 ponamus.
2148 564 2238 619 Sol
2272 567 2323 619 in
2349 567 2611 637 principio
2635 570 2817 623 arietis
2837 585 2959 625 esse
2984 581 3227 637 ponatur,
3264 560 3423 627 idem

1824 666 1941 721 post
1969 670 2170 709 cccuv
2220 655 2332 709 dies
2363 656 2500 711 adeo
2535 658 2743 712 vicinus
2772 660 2875 713 erit
2904 661 3079 714 eidem
3111 662 3241 727 parti
3270 664 3409 715 arie-

1827 746 1911 808 tis,
1946 746 2084 812 quod
2116 747 2159 798 si
2191 745 2365 799 adhuc
2395 762 2491 800 sex
2527 746 2672 800 lima:
2703 757 2985 811 restarent,
3016 750 3257 803 eamdem
3286 766 3409 818 par-

1826 845 1930 887 tem
1978 836 2282 901 attingeret.
2319 834 2395 888 De
2424 836 2628 902 reliquo
2685 837 2968 907 diligenter
3021 840 3404 895 animadverte.

1826 924 1879 976 ln
1907 934 2016 976 toto
2037 939 2134 977 suo
2150 926 2352 977 ambitu
2377 926 2457 993 (ut
2480 924 2737 995 diximus)
2763 936 2962 981 tantum
2984 930 3208 994 spatium
3236 931 3406 996 ponit.

1828 1012 2117 1066 Videamus
2141 1014 2301 1080 igitur
2332 1016 2581 1081 primum,
2614 1016 2906 1070 secundum
2958 1020 3214 1084 arqualem
3262 1032 3410 1071 com-

1824 1105 2177 1170 putationem,
2222 1115 2479 1171 quantum
2523 1106 2573 1158 in
2607 1108 2827 1174 singulis
2870 1109 3034 1177 signis
3067 1118 3245 1176 ponat.
3279 1108 3409 1161 Nam

1822 1193 2111 1246 secundum
2158 1198 2507 1261 compotistas
2541 1196 2592 1247 in
2622 1198 2859 1263 quolibet
2906 1201 3060 1266 signo
3107 1200 3251 1264 lonit
3303 1214 3409 1253 xtx

1822 1285 1938 1337 dies
1968 1292 2073 1337 etx
2102 1267 2264 1339 li'oras
2294 1296 2342 1339 et
2378 1286 2676 1349 dimidiam,
2720 1296 2774 1341 et
2812 1304 2875 1341 ex
2924 1288 3005 1342 Itis
3047 1288 3115 1341 ad
3166 1289 3409 1342 eamdem

1822 1389 2091 1428 summam
2127 1376 2349 1429 redibis.
2386 1376 2516 1429 Nam
2566 1378 2851 1431 duodecies
2900 1394 3006 1432 xxx
3056 1390 3178 1432 sunt
3221 1396 3410 1442 ccccx,

1823 1465 2115 1519 duodecies
2145 1481 2176 1517 x
2209 1470 2353 1520 liora:
2379 1467 2580 1520 faciunt
2607 1470 2843 1535 quinque
2876 1469 3010 1533 dies,
3035 1478 3090 1522 et
3120 1469 3412 1524 duodecies

1821 1552 2040 1605 dimidia
2070 1550 2194 1607 facit
2227 1553 2576 1621 quadrantem
2611 1572 2624 1606 :
2658 1571 2783 1609 erce
2813 1556 3001 1610 eadem
3031 1572 3257 1611 suunna.
3295 1560 3410 1612 Plii-

1829 1646 2037 1712 Ιοεοιιιιὶ
2086 1661 2232 1711 vero,
2280 1647 2355 1699 rei
2398 1647 2676 1699 veritatem
2724 1651 3172 1716 contemplantes,
3224 1651 3412 1718 depre-

1823 1736 2124 1790 henderunt
2154 1738 2321 1791 solem
2354 1736 2472 1803 plus
2504 1740 2554 1789 in
2588 1752 2694 1790 uno
2725 1738 2902 1805 signo,
2934 1749 2988 1790 et
3017 1739 3191 1791 minus
3223 1739 3273 1791 in
3305 1740 3413 1793 alio

129 1833 443 1896 premimur.
499 1836 632 1889 Cum
680 1852 806 1891 vero
843 1839 894 1891 in
944 1841 1054 1893 suis
1105 1840 1391 1893 domiciliis
1457 1840 1720 1895 Saturnus
1750 1820 1796 1880 Β
1826 1823 2131 1889 immorari;
2171 1827 2310 1879 υηάε
2337 1826 2387 1878 in
2419 1826 2661 1880 Geminis
2693 1828 2827 1880 ἀυοδ
2859 1828 2975 1881 dies
3014 1842 3174 1895 δηῐιεν
3213 1845 3314 1883 ΠΧ
3358 1841 3416 1884 θι

136 1936 252 1973 cum
307 1924 429 1977 sole
474 1926 679 1993 positus
717 1929 893 1993 fuerit,
942 1929 1303 1997 gravissimam
1346 1931 1470 1984 facit
1513 1930 1723 1999 frigoris

136 2009 435 2076 uredinem,
486 2030 585 2068 nec
626 2017 780 2069 aliter
822 2025 903 2070 est
934 2018 1176 2086 frigidus;
1205 2020 1309 2073 nisi
1339 2034 1430 2087 per
1453 2021 1722 2074 effectum.

134 2096 262 2152 Mala
290 2103 438 2155 enim
466 2106 871 2161 constellatione
894 2122 986 2161 sua
1011 2118 1198 2162 enecat
1224 2110 1486 2173 homines,
1518 2110 1725 2165 enecati

142 2204 264 2243 vero
329 2204 461 2247 sunt
512 2195 704 2265 frigidi,
739 2199 824 2253 vel
866 2199 1038 2263 aliter,
1079 2203 1198 2266 quia
1250 2204 1725 2270 supercmlestibus

134 2280 280 2345 aquis
322 2282 684 2339 vicinissintus
709 2295 822 2352 est;
847 2295 900 2341 et
928 2289 1045 2342 ideo
1069 2292 1121 2343 lit
1145 2291 1383 2359 frigidus.
1417 2293 1492 2347 De
1531 2295 1725 2362 quibus

135 2368 309 2433 plures
334 2372 532 2428 dantur
553 2376 894 2443 coiijecturm,
921 2382 1187 2447 quomodo
1217 2384 1382 2437 fertur
1415 2386 1721 2451 rotundum,

134 2468 183 2509 et
235 2474 500 2530 perpetuo
554 2468 787 2521 volubile
809 2471 1101 2525 consistere
1150 2478 1335 2542 possit.

560 2555 640 2607 De
678 2558 1108 2623 supercwleslt'bus
1137 2564 1301 2629 aquis.

205 2634 383 2691 Prima
419 2645 725 2710 conjectura
755 2656 857 2712 est,
886 2650 1023 2713 quod
1040 2650 1144 2702 sint
1173 2652 1225 2703 in
1250 2661 1500 2706 exteriori
1531 2670 1721 2723 super—

146 2722 260 2779 ficie
288 2729 413 2782 caeli
447 2734 713 2785 exstantia
753 2744 808 2789 et
844 2736 1169 2792 subsidentia
1198 2740 1336 2805 loca,
1377 2753 1431 2797 ut
1460 2722 1618 2799 etiam
1669 2748 1721 2802 in

148 2820 429 2883 superficie
467 2828 643 2889 terrae,
678 2823 731 2877 in
759 2826 950 2894 quibus
998 2843 1161 2897 aquas
1207 2833 1465 2886 contineri
1498 2836 1716 2902 dicunt;

152 2918 266 2959 cum
290 2917 438 2965 tanta
474 2927 600 2965 vero
622 2916 893 2970 celeritate
922 2920 1224 2986 volvuntur,
1250 2932 1303 2975 ut
1326 2939 1425 2977 non
1452 2924 1716 2995 labantur,

102 3080 105 3083 Ι
160 2996 293 3061 Quod
319 2999 389 3053 de
417 3002 577 3069 pleno
600 3019 723 3059 vase
746 3007 982 3075 quolibet
1009 3012 1216 3077 probari
1240 3023 1431 3080 potest.
1460 3016 1589 3068 Nam
1614 3033 1719 3085 quo

154 3085 333 3153 majori
361 3090 565 3159 impetu
596 3110 755 3149 manu
775 3097 1231 3170 circumvolvitur,
1260 3115 1326 3156 eo
1346 3105 1715 3162 minus'effun-

1828 1929 1859 1965 x
1894 1913 2053 1966 horas
2075 1924 2130 1966 et
2158 1914 2433 1965 dimidiam
2468 1924 2727 1967 moratur.
2763 1917 2803 1967 E
2832 1924 3017 1968 contra
3051 1918 3102 1968 in
3132 1917 3414 1985 Sagittario

1827 2004 1961 2058 duos
1987 2005 2101 2058 dies
2127 2005 2303 2058 minus
2330 2019 2492 2072 quam
2524 2020 2634 2059 xxx
2658 2007 2837 2073 ponit;
2864 2015 2919 2059 et
2942 2009 3041 2060 hoc
3067 2007 3188 2060 inde
3209 2008 3411 2073 evenit,

1827 2095 1967 2164 quod
2016 2096 2132 2149 axis
2180 2110 2274 2149 sua
2326 2096 2596 2150 escentris
2644 2105 2746 2163 est,
2780 2109 2831 2151 et
2865 2098 3225 2153 vicinissimus
3249 2110 3330 2153 est
3360 2102 3412 2153 iu

1831 2185 2073 2241 Geminis
2106 2188 2463 2251 firmamento,
2496 2198 2549 2243 et
2581 2190 2975 2242 remo:issimus
3017 2206 3045 2242 a
3086 2200 3245 2252 terra,
3294 2201 3345 2243 et
3384 2204 3416 2243 e

1827 2292 2089 2331 converso
2112 2279 2164 2330 in
2194 2278 2502 2346 Sagittario.
2548 2281 2603 2333 Si
2646 2282 2723 2333 vis
2761 2280 2827 2333 ad
2856 2280 3105 2334 eumdem
3149 2296 3411 2335 summam

1827 2367 2025 2431 redire,
2061 2362 2162 2420 huc
2193 2367 2351 2420 modo
2379 2368 2579 2435 poteris
2610 2368 3035 2437 deprehendere.
3073 2369 3127 2420 ln
3170 2369 3412 2423 Geminis

1828 2456 1966 2509 duos
1997 2458 2109 2511 dies
2131 2471 2291 2525 supra
2316 2474 2421 2511 xxx
2446 2470 2705 2525 moratur,
2736 2460 2874 2514 unde
2896 2459 2948 2513 in
2980 2462 3229 2529 proximo
3257 2462 3414 2530 signo

1828 2564 1857 2600 x
1892 2548 2050 2601 horas
2084 2548 2292 2611 minuit,
2327 2558 2379 2601 et
2403 2549 2473 2601 ita
2507 2565 2674 2618 usque
2696 2551 2762 2603 ad
2791 2551 3135 2618 Sagittarium
3170 2554 3413 2605 minuen-

1824 2636 1910 2699 do,
1943 2636 2079 2689 duos
2108 2638 2242 2691 infra
2268 2654 2371 2691 xxx
2400 2640 2685 2708 relinquit;
2716 2642 2839 2696 inde
2873 2643 3061 2696 iterum
3082 2646 3403 2710 ascendens,

1825 2724 1876 2777 in
1908 2726 2148 2793 quolibet
2186 2729 2339 2794 signo
2364 2744 2450 2780 xvi
2502 2731 2665 2783 sumit
2712 2746 2880 2799 usque
2908 2732 2971 2785 ad
3015 2732 3291 2786 Geminos.
3336 2734 3408 2787 lta

1822 2817 2038 2885 quidem
2094 2818 2563 2886 deprehenderunt
2589 2836 2728 2886 esse,
2785 2824 2897 2877 sive
2951 2823 3063 2877 lucc
3096 2824 3163 2877 sit
3219 2840 3406 2891 causa,

1822 2910 2119 2977 quodiuter
2145 2912 2322 2964 radios
2348 2913 2436 2979 qui
2466 2905 2729 2975 serviunt,
2776 2915 2854 2968 vel
2889 2913 3100 2978 finiunt,
3152 2914 3412 2969 Geminos

1822 3000 2022 3054 absidis
2051 3002 2167 3068 plus
2197 3001 2691 3064 contineatur,'sive
2714 3004 2793 3057 sol
2820 3004 2891 3056 ibi
2910 3004 3066 3061 altius
3091 3006 3411 3070 ascendens,

1822 3092 2031 3160 longius
2058 3092 2286 3160 Spatium
2317 3092 2477 3145 habet
2506 3092 2583 3146 ire
2612 3095 2664 3146 in
2705 3093 2796 3147 illo
2823 3095 2976 3164 signo
3006 3110 3166 3162 quam
3196 3096 3244 3147 in
3268 3096 3414 3161 alio;

146 3171 300 3229 ditur.
328 3157 579 3236 Secunda
610 3174 875 3254 est,'quod
904 3188 975 3242 ibi
1015 3157 1333 3259 vaporaliter
1362 3196 1713 3263 quemadmo-

1824 3157 1937 3238 neci
1954 3184 2074 3239 ideo
2104 3185 2374 3253 longiores
2406 3186 2521 3238 dies
2549 3185 2691 3251 facit,
2726 3187 2849 3253 quia
2892 3194 3089 3254 quanto
3120 3196 3203 3240 est
3230 3187 3409 3251 altior,

147 3264 264 3321 dum
296 3269 383 3325 hic
414 3273 584 3327 nubes
636 3278 885 3343 pendent,
934 3283 1324 3337 contineantur.
1375 3288 1555 3340 Tertia
1607 3300 1710 3353 est,

148 3360 280 3423 quod
331 3372 551 3433 propter
600 3369 732 3422 solis
780 3373 1150 3439 remotionem,
1200 3390 1228 3427 a
1273 3391 1377 3444 quo
1419 3378 1716 3447 praecipuus

150 3448 611 3519 calor'exltibetur,
643 3457 888 3514 indurato
917 3462 1213 3531 glacialiter
1250 3467 1384 3519 (mlo
1422 3469 1711 3523 coﬂzereat.

151 3535 292 3595 Unde
322 3543 512 3600 dicunt
564 3548 851 3603 Saturnum
906 3549 1305 3620 frigidissimum
1361 3557 1713 3623 planetarum,

149 3627 265 3695 quia
296 3632 401 3687 illis
427 3637 578 3704 aquis
608 3637 1011 3693 vicinissimum.
1048 3642 1138 3696 Est
1165 3646 1325 3698 etiam
1370 3656 1576 3713 quarta,
1625 3647 1717 3702 flr-

150 3736 467 3792 tnamentum
501 3740 557 3784 ut
582 3732 746 3786 fixum
772 3748 876 3788 non
906 3736 1071 3803 volvi,
1106 3738 1199 3791 sed
1230 3739 1409 3794 stellas
1437 3742 1511 3795 illi
1552 3758 1717 3812 appo-

151 3813 290 3881 sitas,
347 3836 447 3875 nec
497 3824 647 3888 lixas,
698 3828 1113 3891 moveri;et‘lti
1140 3843 1207 3882 an
1258 3831 1595 3899 quadratum,
1649 3848 1716 3887 an

152 3906 426 3962 rotundum
484 3912 556 3965 sit
602 3912 865 3968 dubitant.
931 3914 1230 3971 Novissime
1271 3920 1500 3985 quaestio
1539 3920 1715 3975 divina

153 3990 333 4050 virtute
381 3997 623 4064 solvitur,
675 4002 797 4069 quia
842 4003 914 4056 ibi
962 4012 1241 4058 teneantur
1296 4010 1587 4061 secundum
1624 4009 1715 4065 Dei

152 4080 490 4153 voluntatem,
524 4089 645 4143 licet
671 4090 757 4145 bic
788 4093 975 4147 modus
1001 4094 1241 4149 homines
1272 4095 1455 4163 lateat,
1482 4114 1614 4165 quas
1644 4100 1718 4154 ibi

156 4169 203 4223 in
230 4188 379 4231 usum
411 4178 714 4235 divinorum
745 4183 976 4236 servavit
1002 4184 1159 4249 Deus,
1194 4186 1275 4239 vel
1306 4197 1360 4239 ut
1387 4188 1562 4255 ignem
1592 4191 1714 4244 cmli

156 4270 441 4332 temperent
475 4287 487 4321 :
518 4283 679 4338 super
716 4272 816 4324 has
853 4273 1153 4339 spirituales
1180 4275 1299 4327 cmli
1336 4284 1484 4340 sunt,
1515 4274 1567 4328 iu
1600 4280 1715 4344 qui-

157 4346 245 4403 bus
274 4357 531 4423 angelica:
562 4358 788 4412 virtutes
826 4360 1184 4414 continentur.
1230 4363 1532 4418 Secundum
1585 4367 1716 4421 alios

156 4440 294 4507 nihil,
324 4446 426 4499 nisi
457 4448 631 4502 inane.

354 4534 471 4599 Quo
492 4549 716 4607 tempore
740 4558 920 4595 cursus
970 4544 1232 4611 perﬁciant
1258 4546 1497 4611 planetas.

223 4619 482 4679 Saturnus
509 4642 608 4694 pro
633 4630 813 4681 circuli
844 4633 1211 4699 amplitudine,
1253 4649 1349 4702 pro
1376 4638 1715 4703 retrogradao

162 4711 310 4781 tione,
332 4735 433 4788 pro
456 4721 865 4787 stationaritate,
892 4726 1246 4780 declinatione
1262 4729 1338 4781 vel
1355 4727 1418 4781 ad
1438 4734 1713 4793 Austrum,

162 4806 235 4859 vel
254 4809 847 4879 Aquilonem,sensum,
877 4815 959 4867 vel
990 4816 1182 4882 visum,
1211 4832 1408 4871 annum
1428 4831 1584 4872 suum
1610 4834 1719 4873 non

166 4896 257 4951 nisi
286 4902 501 4970 triginta
538 4904 693 4956 annis
726 4904 951 4971 perficit,
980 4915 1033 4960 et
1062 4907 1265 4963 duobus
1294 4909 1448 4963 annis
1476 4919 1529 4964 et
1558 4909 1723 4964 dimi-

166 4981 243 5041 dio
266 5005 428 5047 unum
458 4991 671 5061 signum
718 4994 923 5047 transit.
974 4994 1177 5065 Jupiter
1224 4999 1498 5055 duodecim
1545 5001 1719 5066 annis,

168 5080 293 5137 unde
314 5086 537 5155 singulis
566 5085 719 5140 anuis
748 5086 1007 5141 solaribus
1036 5090 1241 5158 signum
1270 5108 1431 5146 unum
1456 5104 1720 5161 peragrat.

169 5165 293 5227 Mars
312 5176 363 5228 in
384 5176 589 5230 duobus
618 5178 791 5243 annis,
826 5178 963 5231 unde
995 5195 1097 5231 uno
1128 5196 1264 5232 anno
1286 5194 1489 5237 sextum
1514 5186 1721 5253 signum

172 5272 418 5332 peragrat,
435 5266 540 5345 nisi
572 5266 834 5321 efficiatur
858 5272 1152 5323 anomalus.
1211 5271 1412 5324 llabent
1442 5275 1583 5325 enim
1618 5272 1723 5327 Ge-

174 5358 243 5403 sta
269 5354 438 5411 Caroli
467 5357 608 5425 quod
641 5358 692 5411 in
730 5361 936 5431 integro
984 5378 1124 5417 anno
1173 5379 1274 5416 non
1315 5365 1383 5417 sit
1424 5366 1586 5418 visus.
1633 5367 1724 5421 Sol

176 5435 288 5496 iufra
311 5461 509 5502 cccuv
540 5447 726 5500 diebus
756 5459 804 5502 et
835 5452 1277 5518 quadrante-diei,
1310 5470 1423 5521 qutt-
1448 5456 1499 5507 in
1530 5456 1720 5522 primo,

178 5536 387 5590 secundo
414 5547 467 5592 et
498 5540 674 5602 tertio,
725 5554 865 5593 anno
906 5557 1010 5595 non
1058 5555 1420 5612 computatur;
1456 5546 1505 5597 in
1537 5559 1726 5610 quarto

180 5632 288 5678 vero
308 5626 424 5681 dies
453 5628 787 5685 intercalaris
812 5633 1166 5701 componitur,
1200 5635 1287 5704 qui
1309 5636 1572 5690 bissextus
1596 5637 1725 5689 dici-

184 5720 359 5785 ων,εο
388 5723 527 5791 quod
581 5724 661 5780 bis
701 5727 749 5780 in
780 5734 925 5781 sexta
977 5726 1093 5781 ldus
1144 5727 1308 5783 Martii
1360 5737 1721 5797 computetur;

1751 4494 1801 4553 D

1822 3284 1967 3329 tanto
1998 3275 2165 3343 magis
2195 3290 2222 3326 a
2255 3283 2408 3342 raptu
2440 3275 2763 3329 flrrnamenti
2795 3278 3087 3344 impellitur
3117 3276 3185 3328 ab
3208 3289 3329 3328 ortu
3357 3279 3410 3329 iu

1819 3376 2085 3416 occasum.
2117 3361 2193 3415 De
2222 3362 2341 3415 aliis
2373 3378 2584 3431 quoque
2613 3364 2844 3431 planetis
2876 3364 3013 3416 idem
3046 3365 3245 3417 e‘venit.
3278 3365 3407 3423 Nam

1822 3455 2087 3509 Saturnus
2120 3453 2171 3506 itt
2203 3453 2498 3521 Scorpione
2552 3453 2913 3508 vicinissimus
2942 3462 3026 3508 est
3054 3456 3411 3518 firmamento,

1820 3547 1943 3598 luna
1985 3546 2035 3597 in
2084 3545 2280 3609 Tauro,
2316 3542 2524 3613 Jupiter
2555 3547 2609 3599 in
2634 3545 2869 3612 Virgine.
2895 3546 3028 3599 Cum
3060 3546 3155 3601 illo
3180 3548 3223 3599 si
3254 3546 3417 3601 fuerit

1822 3637 2019 3697 Venus.
2054 3638 2322 3707 significat
2374 3638 2573 3691 bonum
2625 3638 3113 3707 conjugiumalicui
3145 3640 3411 3707 futurum;

1823 3729 1962 3781 unde
1989 3726 2167 3781 Venus
2199 3728 2250 3779 in
2283 3726 2465 3801 specie
2498 3728 2729 3795 Virginis
2781 3731 3065 3783 venatricis
3114 3733 3433 3807 occurrisse,

1821 3817 2013 3870 dicitur
2036 3816 2250 3879 ZEneze,
2286 3832 2404 3886 quae
2434 3818 2509 3871 illi
2534 3818 2728 3872 bonum
2761 3818 2877 3873 fieri
2924 3821 3232 3889 conjugium
3282 3809 3445 3890 por-\

1821 3906 2094 3961 tendebat.
2146 3907 2287 3960 Mars
2337 3909 2388 3961 iit
2440 3908 2659 3973 Leone;
2716 3924 2836 3963 cum
2896 3925 3000 3977 quo
3048 3912 3092 3963 si
3124 3913 3203 3964 sol
3239 3914 3413 3980 fuerit,

1822 3997 2132 4051 incendium
2179 3998 2479 4051 animorum
2509 4007 2564 4050 et
2592 3998 2733 4051 aeris
2772 3997 3037 4066 designat.
3072 3999 3163 4053 Sol
3194 4000 3213 4070 (
3244 4011 3299 4053 ut
3324 4003 3417 4054 di-

1825 4100 1968 4142 ctum
1998 4087 2101 4160 est)
2135 4086 2186 4139 in
2229 4088 2471 4141 Getttluis
2500 4088 2709 4140 vicinus
2741 4087 3108 4154 firmamento,
3146 4088 3319 4143 Venus
3360 4092 3414 4146 in

1821 4178 2124 4245 sagittario,
2180 4177 2325 4230 Mars
2358 4178 2411 4229 in
2442 4178 2787 4246 Capricorno.
2832 4178 2889 4231 lit
2930 4180 3187 4247 appositis
3236 4190 3413 4235 autem

1819 4270 1984 4338 signis
2004 4277 2126 4322 sunt
2151 4277 2307 4324 terrae
2336 4270 2666 4324 vieinissimi.
2692 4270 2867 4325 Venus
2894 4271 2947 4323 iu
2974 4286 3202 4326 cccxux
3227 4274 3416 4328 diebus

1820 4376 2033 4414 cursum
2056 4362 2309 4430 complet.
2341 4362 2522 4427 Maris,
2548 4365 2671 4431 quia
2702 4362 2850 4414 ocior
2872 4372 2975 4427 est,
3005 4378 3196 4417 novem
3227 4365 3417 4419 diebus

1825 4452 1999 4503 minus
2027 4468 2040 4515 ;
2086 4450 2182 4504 sed
2214 4467 2332 4504 cum
2366 4452 2557 4519 Str-pius
2584 4453 2893 4506 efficiuntur
2933 4455 3249 4520 retrogradi,
3287 4456 3406 4522 plus

1826 4551 2067 4612 possunt.
2102 4542 2272 4604 Luna,
2299 4543 2589 4596 secundum
2636 4541 2984 4605 Macrobium,
3031 4541 3202 4594 ambit
3232 4543 3411 4598 zodia-

1822 4648 1941 4686 cum
1994 4633 2046 4685 in
2108 4648 2271 4687 xxvtu
2339 4634 2583 4695 diebus;
2638 4633 2732 4686 sed
2798 4632 2899 4685 hoc
2958 4631 3085 4687 dicit
3138 4633 3203 4685 ad
3261 4649 3407 4688 con-

1820 4723 2221 4795 demnationem
2270 4722 2585 4790 septenarii,
2617 4723 2729 4792 qui,
2760 4731 2948 4791 quater
2996 4721 3407 4791 multiplicatus,

1822 4812 1953 4868 facit
1976 4826 2165 4867 xxvm.
2201 4814 2308 4869 Sed
2332 4829 2519 4869 revera
2551 4814 2688 4869 infra
2725 4830 2867 4869 xxvii
2899 4816 3033 4880 dies,
3059 4825 3113 4871 et
3140 4827 3260 4871 ueto
3305 4820 3420 4873 fere

1826 4903 2005 4967 horas,
2040 4912 2208 4958 totum
2239 4904 2516 4958 zodiacum
2550 4906 2904 4973 perambulat,
2937 4904 3030 4961 sed
3064 4922 3167 4960 non
3198 4906 3407 4961 illumi-

1827 5004 1980 5050 nalur
2003 5011 2069 5051 eo
2088 5006 2347 5065 tempore.
2398 4998 2551 5051 Yerlii
2581 5000 2773 5065 gratia,
2803 4999 2847 5053 si
2878 5000 2957 5053 sol
2988 5010 3037 5053 et
3063 5000 3183 5053 luna
3214 5000 3413 5066 pariter

1827 5086 1990 5139 fuerit
2028 5088 2088 5143 .in
2123 5088 2382 5155 principio
2414 5087 2632 5151 Arietis,
2682 5089 2804 5142 luna
2859 5088 3147 5156 procedens
3179 5089 3230 5140 in
3266 5104 3417 5144 xxvtt

1828 5177 2017 5233 diebus
2047 5188 2100 5231 ct
2123 5190 2244 5241 octo
2274 5181 2385 5233 fere
2418 5181 2561 5233 horis
2594 5181 2835 5249 pervenit
2858 5180 2923 5232 ad
2955 5179 3091 5232 idem
3120 5189 3371 5246 punctum
3400 5198 3423 5247 ;

1829 5270 1921 5323 sed
1953 5267 2126 5320 solem
2164 5267 2236 5320 ibi
2266 5282 2369 5320 ucu
2402 5269 2625 5331 invenit,
2656 5268 2777 5336 quia
2804 5266 2915 5336 jam
2944 5276 2997 5321 et
3027 5267 3139 5336 ipse
3164 5282 3259 5321 sua
3302 5269 3418 5338 lege

1830 5368 2165 5428 pTOCUSSCI'al
2194 5371 2359 5425 usque
2388 5356 2529 5410 circa
2562 5358 2718 5410 finem
2766 5357 2984 5422 Arietis,
3016 5357 3081 5411 ad
3113 5373 3269 5426 quem
3298 5374 3416 5411 con-

1830 5449 2161 5515 sequendum
2209 5457 2393 5515 postea
2443 5446 2563 5500 luna
2607 5447 2753 5516 ponit
2791 5447 2929 5502 duos
2973 5449 3090 5502 dies
3112 5456 3166 5501 et
3190 5459 3418 5515 quatuor

1832 5542 2023 5604 horas;
2077 5550 2131 5593 et
2180 5552 2304 5594 tunc
2354 5542 2805 5597 reilluminabitur
2854 5540 2921 5595 ab
2970 5541 3081 5607 illo,
3128 5553 3303 5608 neque
3352 5540 3418 5594 de

1833 5632 2146 5687 accensione
2192 5632 2257 5684 ad
2310 5634 2683 5687 accensionem
2742 5633 3001 5687 intersunt
3060 5645 3183 5683 xxxx
3224 5630 3337 5686 d'es
3366 5642 3421 5687 et

1832 5741 1905 5780 xu
1954 5724 2120 5793 horae,
2170 5740 2288 5794 qua:
2321 5741 2424 5781 non
2480 5733 2855 5818 computarxtur
2888 5726 2940 5781 in
2984 5728 3151 5796 primo
3210 5741 3413 5782 tuente.
