3922 6246
406 397 411 401 ”
441 393 548 448 895

933 386 1132 441 ιιῑθε
1178 380 1624 438 νιεκειιιιιιιιε
1661 379 1811 437 OPP.
1853 378 2026 434 PARS

2144 377 2335 433 SECT.
2369 379 2430 434 ll.
2473 408 2542 420 -
2581 379 2790 436 ιιῑιιιιι
2827 377 2916 436 ET
2958 376 3232 436 SPUMK.

3603 376 3738 434 89‘-

427 507 594 560 :Onde
630 516 831 557 tantum
885 503 1046 556 habet
1093 515 1213 552 ιιιι
1267 499 1402 562 dies,
1436 496 1486 548 in
1518 495 1750 548 secundo
1797 510 2020 563 mmpu-
2052 497 2097 552 Α
2129 479 2442 561 imperfecti.
2491 505 2744 563 quantum
2783 495 2851 550 ad
2890 505 3126 567 nostntm
3175 497 3368 560 visum,
3417 499 3542 562 quia
3600 514 3722 552 non

441 607 641 664 tantur,
673 606 727 650 et
751 607 872 648 tunc
899 596 1015 648 aliis
1047 593 1260 652 additm,
1296 589 1494 642 faciunt
1517 601 1753 640 mensem
1778 602 1878 638 ιιτ
1905 586 2017 640 dies

442 688 655 748 habere,
693 687 792 738 nisi
821 685 871 737 in
901 680 1373 739 dect-mnovennali
1433 692 1593 741 anno,
1653 676 2019 746 quando‘dies

439 775 771 828 subtrahitur
803 787 957 825 unus.

1007 859 1082 911 De
1109 859 1254 930 saltu
1293 860 1444 909 luna.
1954 871 1974 934 ’γ

515 952 620 1005 llac
655 960 827 1004 autem
856 952 1059 1001 ratione
1089 950 1202 1014 plus
1225 947 1415 999 damus
1445 947 1585 998 inme
1615 945 1834 1011 singulis
1862 958 1979 997 mez.

441 1040 587 1094 sibus
617 1056 773 1106 quant
807 1039 914 1104 ipsa
940 1045 1240 1091 consumat.
1267 1035 1397 1088 Illud
1428 1045 1603 1090 autem
1633 1035 1766 1086 adeo
1799 1049 2014 1100 parynn.

441 1137 545 1188 est.
579 1129 718 1194 quod
751 1128 970 1194 singulis
997 1127 1272 1178 mensibus
1301 1137 1614 1192 computare
1663 1123 1878 1176 difﬁcile
1907 1131 2018 1186 est;

442 1220 537 1274 sed
571 1219 621 1272 in
649 1227 762 1271 toto
794 1233 933 1270 anno
965 1218 1328 1270 tantummodo
1367 1217 1722 1284 supercrescit
1750 1229 1764 1266 ι
1797 1214 1926 1265 hora
1970 1221 2025 1266 et

442 1323 460 1364 ι
495 1321 762 1377 punctum,
795 1320 850 1362 et
877 1309 1084 1362 decima
1116 1324 1250 1361 nona
1285 1324 1406 1378 pars
1437 1307 1636 1376 puncti,
1669 1305 1756 1375 qui
1796 1305 2023 1375 singulis

445 1401 599 1455 annis
629 1400 904 1454 collectum
935 1399 1148 1454 decimo
1175 1413 1315 1471 nono
1338 1414 1480 1451 anno
1528 1399 1650 1451 facit
1695 1398 1836 1451 diem
1888 1398 2025 1450 inte-

442 1507 614 1560 grum,
650 1491 905 1558 illumque
943 1490 1082 1544 diem
1134 1491 1483 1542 transiliendo
1524 1488 1834 1551 auferimus,
1879 1501 2026 1540 com-

442 1590 686 1649 putantes
712 1591 820 1634 tres
850 1581 1147 1645 quationes
1198 1595 1316 1632 ut:
1359 1579 1564 1631 dierum
1610 1572 1832 1630 tantum.
1879 1574 2024 1628 Pun-

441 1679 585 1722 ctum
633 1679 804 1722 autem
851 1677 933 1722 est
979 1677 1164 1736 quarta
1214 1682 1335 1734 pars
1384 1666 1582 1719 lunaris
1636 1665 1806 1727 hora,
1837 1664 2022 1731 quinta

447 1773 573 1812 vero
604 1757 811 1810 solaris.
849 1757 956 1810 Iloc
986 1755 1126 1822 quod
1160 1755 1390 1808 diximus
1435 1764 1520 1808 est
1567 1753 1858 1809 secundum
1905 1752 2027 1806 illos

2123 585 2362 638 videmus
2407 585 2546 653 eos),
2593 587 2726 639 alter
2775 585 3074 640 solstitialia
3121 585 3293 654 signa,
3354 593 3518 640 totos.
3559 585 3722 640 Sunt

2121 682 2262 737 tunc,
2293 685 2349 727 ut
2369 690 2508 738 reor,
2543 676 2749 744 integri,
2781 686 2835 729 et
2864 675 3060 729 habent
3107 673 3508 729 distinctionem
3564 688 3722 729 suo-

2121 779 2239 818 rum
2278 767 2540 819 siderum.
2569 765 2625 822 Si
2657 766 2747 834 qui
2780 767 2850 819 ibi
2873 775 3018 832 sunt,
3051 765 3118 819 de
3147 766 3230 820 his
3249 764 3469 819 dubium
3513 774 3598 818 est
3643 779 3722 817 an

2122 853 2188 906 de
2219 858 2414 907 Austto
2459 855 2722 908 ducantur
2751 855 2808 908 in
2835 856 3292 922 Septentrionem,
3337 857 3421 910 vel
3467 864 3624 910 extra
3674 844 3735 907 ’τ

2127 942 2279 1011 signo
2319 945 2382 996 ad
2430 945 2660 1012 signum.
2713 945 2818 998 Sed
2844 946 2911 999 de
2941 945 3022 999 his
3067 946 3372 1007 dicendum.
3423 950 3544 1014 quia
3594 956 3719 1000 tam

2128 1047 2294 1085 zonas
2323 1049 2481 1100 quam
2514 1036 2794 1101 parallelos
2825 1033 3064 1088 dividunt
3093 1035 3145 1089 in
3176 1049 3463 1103 quaternas
3502 1047 3741 1104 partes.-

2653 1122 2729 1174 De
2758 1122 2920 1177 lacteo
2949 1123 3166 1176 circulo.

2196 1210 2288 1264 Est
2313 1222 2568 1278 praeterea
2599 1213 2670 1266 ibi
2695 1213 2895 1267 lactens
2918 1214 3170 1278 circulus,
3199 1215 3288 1284 qui
3321 1217 3380 1269 in
3413 1218 3723 1271 serenitate

2136 1299 2336 1354 videtur
2363 1319 2379 1364 ;
2410 1301 2479 1357 de
2504 1317 2569 1357 eo
2598 1302 2856 1358 fabulose
2883 1311 2936 1358 et
2968 1305 3200 1372 physica
3229 1318 3404 1358 causa!
3429 1306 3722 1362 dicuntur.

2124 1391 2262 1446 ltno
2313 1393 2561 1447 Martium
2609 1395 2910 1464 privignum
2965 1410 3121 1450 suum
3169 1397 3237 1452 de
3275 1396 3411 1451 Maia
3466 1399 3724 1466 genitum

2126 1481 2360 1547 lassavit,
2387 1485 2452 1536 ad
2476 1485 2628 1552 cujus
2657 1483 2780 1538 facti
2805 1486 3012 1554 insigne
3032 1485 3228 1540 cmlum
3255 1485 3323 1540 de
3353 1486 3493 1541 tacte
3518 1489 3739 1542 eodeur

2125 1572 2396 1638 respersit.
2421 1572 2522 1626 Alii
2552 1591 2564 1626 :
2593 1573 2846 1628 Hercules
2865 1587 3082 1627 stupeas
3106 1574 3262 1630 laetis
3280 1574 3734 1644 superﬂuitatcm

2125 1674 2152 1712 a
2182 1662 2422 1730 pluribus
2451 1663 2768 1729 nutricibus,
2804 1664 2875 1717 ibi
2909 1665 3121 1718 tandem
3143 1668 3401 1721 evomuit.
3435 1666 3655 1736 Pbysici
3700 1685 3717 1721 :

2128 1750 2240 1807 Duo
2273 1751 2645 1820 hemisphznria
2677 1753 2799 1808 fecit
2823 1756 2984 1816 Deus.
3019 1755 3069 1808 in
3095 1771 3324 1822 quorum
3369 1757 3724 1825 conglutina-

443 1847 532 1914 qoi
581 1847 758 1898 dicunt
813 1844 1204 1898 ﬁrmamentum
1261 1843 1560 1896 rationabili
1603 1852 1749 1896 motu
1789 1842 1931 1895 volvi
1956 1842 2024 1894 ab
2057 1824 2100 1882 Β
2128 1841 2270 1894 tione
2317 1840 2488 1908 major
2531 1841 2748 1896 claritas
2805 1842 3039 1898 infulsit.
3094 1843 3201 1898 Alii
3241 1862 3255 1898 :
3289 1845 3432 1912 quod
3481 1824 3592 1900 sint
3637 1848 3720 1902 ibi

445 1932 663 1990 Oriente
694 1950 786 2000 per
816 1934 1180 1997 Occidentem,
1224 1935 1419 1989 iterum
1467 1935 1518 1986 in
1555 1933 1852 1987 Orientem.
1903 1931 2024 1985 Pla-

447 2035 598 2079 netas
649 2040 772 2079 vero
822 2024 888 2077 ab
933 2023 1224 2078 Occidente
1273 2040 1368 2094 per
1421 2025 1692 2079 Orientem
1744 2025 1934 2078 iterum
1973 2027 2026 2078 in

445 2116 818 2181 Octidcntcm,
880 2116 1020 2180 quod
1073 2123 1319 2168 asserunt
1374 2114 1650 2169 Platonici.
1712 2113 2028 2167 Aristoteles

449 2219 576 2260 vero
603 2215 649 2257 et
678 2203 1013 2272 Peripatetici
1043 2205 1225 2256 dicunt
1254 2204 1492 2272 planetas
1540 2202 1840 2256 rationabili
1884 2212 2028 2255 motu

452 2293 646 2361 pariter
692 2309 810 2348 cum
867 2291 1201 2348 [irritamento
1251 2294 1411 2358 volvi,
1453 2292 1544 2347 sed
1595 2292 1716 2346 illas
1761 2293 2032 2347 celeritate

451 2377 768 2439 ﬁrmamenti
797 2385 1055 2452 ριωιυιίιὶ
1083 2402 1155 2449 vt,
1181 2385 1459 2439 videantur
1480 2385 1630 2452 qttasi
1661 2386 2029 2448 retrocedere;

451 2477 746 2533 secundum
796 2491 952 2543 quam
1004 2481 1322 2531 sententiam
1373 2485 1572 2545 quanto
1613 2485 1740 2529 sunt
1788 2478 2031 2540 altiores,

450 2577 598 2620 tanto
625 2577 746 2621 sunt
774 2568 1084 2632 celeriores,
1116 2579 1170 2621 ut
1199 2567 1460 2622 Saturnus
1491 2566 1865 2621 velocissimus
1906 2581 2034 2619 con-

454 2657 632 2711 tendat
677 2672 798 2711 eum
849 2658 1185 2713 ﬁrmamento
1239 2667 1386 2710 tanta
1416 2671 1510 2712 sua
1537 2657 1832 2722 celeritate,
1891 2656 2032 2726 quod

454 2747 588 2802 infta
614 2747 748 2803 duos
776 2763 946 2807 annos
973 2760 1029 2804 et
1052 2749 1334 2804 dimidium
1375 2764 1482 2803 non
1525 2748 1625 2804 nisi
1675 2763 1782 2801 uno
1829 2759 2032 2801 tantum

454 2838 605 2905 signo
651 2849 929 2904 prtuereat
959 2840 1107 2895 illud
1161 2841 1576 2894 ﬁrmamentum.
1617 2838 1767 2893 Luna
1798 2853 1944 2904 vero,
1980 2846 2036 2891 ιιι

461 2927 702 2984 onmium
751 2928 963 2992 inﬁma,
992 2938 1076 2984 est
1125 2929 1444 2986 tardissima.
1496 2928 1624 2983 Nam
1655 2930 1697 2981 si
1729 2927 1884 2981 hodie
1925 2928 2033 2980 visa

456 3019 526 3070 sit
555 3017 607 3070 in
641 3020 902 3086 principio
931 3021 1150 3084 Arietis,
1179 3034 1300 3086 cras
1329 3019 1535 3072 oriente
1567 3019 1769 3080 Ariete,
1803 3032 1908 3069 non
1964 3015 2034 3069 ibi

455 3105 632 3161 lunam
667 3107 928 3172 invenies,
977 3110 1070 3165 sed
1103 3119 1222 3178 post
1251 3111 1301 3163 in
1331 3109 1648 3164 duodecima
1698 3117 1849 3174 parts
1893 3107 2033 3161 illius

455 3194 644 3248 oritur.
697 3195 786 3255 Sol
827 3213 1034 3265 quoque
1058 3199 1105 3251 si
1137 3198 1187 3250 in
1219 3200 1386 3266 prima
1430 3208 1582 3264 parte
1629 3197 1826 3250 Arietis
1874 3196 2033 3251 hodie

458 3283 635 3350 fuerit,
666 3301 785 3339 eras
819 3287 1014 3342 ibidem
1043 3302 1145 3344 tuon
1177 3287 1474 3355 apparebit,
1507 3285 1600 3340 sed
1644 3296 1761 3351 post
1807 3300 1874 3339 ιν
1910 3301 2033 3352 par-

458 3381 563 3426 tem
617 3376 771 3428 uuius
814 3373 978 3430 horas.
1009 3375 1262 3429 naturalis
1289 3375 1532 3440 sequenti
1564 3374 1650 3428 die
1676 3375 1844 3430 oritur
1867 3373 1918 3425 in
1943 3386 2033 3427 se-

455 3462 628 3518 cunda
655 3474 802 3530 parte
832 3463 1069 3530 ejusdem
1101 3465 1234 3532 signi
1266 3483 1279 3528 ;
1309 3477 1361 3519 et
1394 3465 1442 3518 hi
1475 3466 1657 3521 dicunt
1689 3474 1884 3520 terram
1936 3464 2034 3517 im-

461 3553 732 3619 mobilem,
765 3563 817 3610 ct
841 3554 1014 3607 omnia
1065 3556 1336 3622 aequaliter
1372 3554 1509 3608 circa
1566 3556 1709 3609 illam
1760 3554 1917 3606 volvi.
1957 3554 2033 3608 Ad

395 3633 400 3639 ’
462 3660 620 3711 quam
665 3647 980 3697 sententiam
1010 3646 1214 3698 accedit
1261 3645 1486 3710 Tullius,
1518 3645 1604 3712 qui
1635 3642 2036 3698 dicitacutissi-

467 3749 612 3788 mum
666 3748 906 3786 somnum
961 3733 1118 3786 nimia
1177 3734 1449 3787 celeritate
1507 3731 1825 3796 ﬁrmamenti
1887 3733 2032 3795 fieri,

464 3823 839 3893 gravissimum
866 3838 991 3874 vero
1015 3822 1065 3874 in
1092 3823 1211 3875 luna
1246 3832 1460 3888 prouter
1488 3822 1704 3876 nimiam
1734 3821 2033 3874 tarditatem

460 3913 578 3980 eius
604 3909 1117 3963 circutnvolutionis.
1154 3910 1567 3963 Firmamentum
1591 3909 1839 3963 omnibus
1861 3923 2037 3976 atqua-

463 3999 587 4061 liter
638 4013 796 4066 supra
844 3997 1071 4051 volvitur
1111 4001 1346 4066 quinque
1407 3999 1576 4058 zonis,
1627 4013 1757 4066 quas
1805 3999 2033 4052 invicem

463 4087 702 4163 paralleli
757 4087 1036 4154 dividunt,
1093 4088 1180 4154 qui
1222 4088 1288 4139 ab
1334 4085 1550 4140 Oriente
1597 4086 1649 4140 in
1694 4087 2034 4142 Occidentem

463 4179 744 4232 (incitatur.
774 4176 936 4229 Sonat
962 4185 1136 4231 autem
1165 4176 1437 4245 aequaliter
1467 4177 1700 4242 distans;
1745 4195 1849 4232 non
1896 4179 2037 4246 quod

465 4281 651 4319 omnes
673 4268 862 4334 aequali
909 4266 1081 4334 spatio
1101 4265 1320 4330 distent,
1343 4267 1435 4319 sed
1457 4266 1560 4318 duo
1576 4276 1628 4320 et
1643 4267 1746 4321 duo
1765 4270 2038 4337 mqualiter

467 4354 574 4409 sibi
638 4355 884 4420 invicem,
937 4354 1007 4409 ita
1065 4356 1207 4424 quod
1257 4370 1477 4423 usquam
1525 4357 1623 4409 sibi
1677 4360 1917 4426 propius,
1957 4357 2037 4412 vel

2131 1931 2315 1984 breves
2360 1932 2549 1998 stella,
2599 1941 2649 1985 et
2702 1940 2984 1997 conserua,
3034 1933 3102 1988 de
3149 1949 3370 2001 quarum
3431 1937 3740 1992 vicinitate'

2130 2021 2381 2086 splendor
2411 2021 2498 2075 ille
2528 2021 2811 2086 efficiatur,
2841 2009 2894 2077 et
2926 2023 3159 2092 ipsarum
3188 2023 3326 2076 inter
3347 2039 3405 2079 se
3434 2026 3732 2082 distinctio
3781 2090 3784 2091 ν

2131 2112 2462 2179 obscuretur.
2539 2113 2642 2168 Alii
2678 2113 2860 2180 :quod
2912 2115 3078 2167 stella:
3105 2115 3311 2170 sodiaci
3351 2115 3421 2169 ibi
3473 2116 3722 2184 resplen-

2133 2205 2314 2268 dcatt',
2347 2213 2403 2259 et
2429 2204 2574 2274 juxta
2611 2206 2809 2272 tropica
2840 2205 2919 2258 sol
2949 2207 3025 2258 sui
3059 2205 3270 2261 luminis
3297 2215 3352 2262 et
3381 2207 3521 2277 ignis
3555 2209 3724 2264 bene-

2136 2292 2256 2345 ﬁcia
2277 2309 2459 2348 versus
2491 2301 2771 2363 utrumque
2800 2295 2978 2359 polum
3010 2295 3282 2350 estemlat.

2751 2379 2828 2434 De
2853 2383 3088 2436 zodiaca.

2207 2471 2464 2525 Zodiacus
2492 2489 2700 2542 quoque
2731 2474 2933 2528 duabus
2963 2475 3218 2530 extremis
3255 2475 3410 2530 litteis
3451 2477 3725 2532 termina-r

2137 2569 2242 2626 tur,
2272 2570 2324 2615 et
2358 2563 2551 2627 media,
2578 2579 2694 2632 qua:
2723 2565 2962 2630 ecliptica
2993 2553 3207 2626 dicitur,
3238 2565 3614 2633 intersecatur,
3660 2571 3715 2625 in

2137 2664 2238 2718 qua
2270 2651 2484 2718 eclipsis
2513 2654 2650 2706 solet
2673 2653 2810 2708 ﬁeri.
2845 2653 3102 2708 Prazterea
3130 2655 3380 2710 mdiacus
3426 2657 3724 2714 distinctus

2135 2748 2218 2791 est
2259 2753 2352 2806 per
2394 2754 2466 2792 ιιι
2503 2742 2672 2810 signa,
2713 2756 2936 2810 quorum
2979 2745 3387 2814 unumquodque
3414 2748 3467 2800 in
3496 2748 3730 2819 trigiut:

2138 2835 2316 2894 partes
2371 2827 2600 2882 divisum
2641 2841 2740 2897 est,
2772 2843 2826 2886 et
2856 2848 3288 2905 unamquamque
3344 2837 3577 2903 partium
3637 2839 3736 2895 sd—

2138 2933 2244 2973 uno
2272 2920 2359 2974 die
2391 2921 2599 2986 transit,
2628 2931 2682 2976 et
2711 2923 2782 2975 ita
2805 2923 3013 2993 signum
3040 2933 3242 2980 tantum
3271 2926 3326 2980 in
3358 2944 3466 2983 uno
3501 2944 3720 3001 "tense,

2139 3013 2240 3066 nisi
2270 3015 2410 3082 quod
2443 3024 2647 3068 tantum
2697 3018 2821 3072 inde
2852 3021 3121 3075 auferatur
3150 3023 3390 3090 quolibet
3418 3039 3626 3093 mense,
3659 3037 3723 3084 ιι

2139 3111 2316 3156 tamen
2343 3104 2393 3159 in
2425 3105 2681 3160 bissextili
2711 3122 2853 3162 anno
2879 3109 2996 3165 dies
3026 3111 3288 3166 naturalis
3335 3125 3715 3184 componatur.

2137 3193 2246 3246 Sub
2275 3195 2528 3260 parallelo
2559 3196 2671 3260 illo,
2695 3213 2850 3265 quem
2883 3198 3019 3263 disi,
3076 3215 3262 3256 secare
3308 3215 3576 3266 [tornatam
3599 3210 3727 3276 qu"

2135 3299 2344 3352 cunque
2394 3297 2660 3351 maneret,
2708 3302 2918 3355 semper
2965 3290 3184 3345 haberet
3228 3296 3606 3360 aqu'noctium
3666 3312 3716 3349 tv

2134 3366 2379 3426 solstitia.
2415 3375 2712 3429 Solstitium
2743 3393 2875 3432 voco
2903 3379 3284 3435 vieinissimam
3348 3385 3716 3441 accessionem

2135 3470 2189 3514 et
2237 3461 2524 3516 maximam
2571 3465 2943 3520 remotiouem.
2980 3467 3090 3522 Duo
3118 3471 3333 3539 quidem
3379 3473 3599 3530 haberet
3653 3491 3718 3530 es

2136 3551 2427 3617 vicinitate,
2455 3556 2585 3607 utin
2617 3555 2866 3610 Arieteet
2890 3557 3072 3620 Libra.
3107 3571 3160 3614 et
3181 3561 3288 3614 duo
3309 3577 3373 3616 ex
3396 3566 3718 3629 remotione,

2138 3648 2192 3690 nt
2221 3639 2270 3692 in
2316 3641 2520 3694 Cancro
2549 3652 2599 3696 et
2628 3644 2972 3710 Capricorno.
3023 3645 3174 3711 Quod
3219 3661 3397 3704 autem
3449 3649 3500 3704 in
3540 3653 3728 3716 medio

2137 3744 2366 3799 perustae
2396 3735 2598 3802 positus
2624 3750 2834 3804 semper
2883 3738 3102 3793 haberet
3151 3742 3554 3809 mquinoctium,
3603 3746 3723 3801 ha-c

2138 3829 2426 3886 estcausa,
2459 3825 2599 3892 quod
2649 3835 2900 3895 utrosque
2944 3829 3096 3895 polos
3127 3839 3180 3884 et
3202 3845 3388 3885 omnes
3440 3835 3726 3899 parallelos

2139 3909 2346 3962 videret
2372 3910 2644 3978 dimidios,
2676 3923 2729 3967 et
2754 3928 2965 3970 omnem
2995 3918 3140 3973 viam
3159 3917 3288 3972 solis
3315 3935 3472 3987 quam
3505 3920 3633 3976 ficit
3651 3923 3727 3978 ab

2138 4007 2256 4050 ortu
2281 4014 2444 4065 usque
2475 4000 2525 4053 in
2555 4016 2826 4057 occasum.
2851 4005 2928 4059 Ad
2951 4007 3349 4064 similitudinem
3374 4011 3721 4079 firmamenti,

2139 4086 2266 4139 solis
2321 4087 2530 4155 sphaera
2579 4088 2769 4144 alicubi
2799 4103 2877 4147 est
2911 4093 3172 4160 dill‘usior,
3201 4106 3255 4151 et
3281 4098 3477 4153 alicubi
3505 4112 3726 4156 contra-

2140 4175 2295 4240 Ctior,
2327 4189 2379 4229 ut
2410 4179 2509 4230 sub
2539 4181 2893 4248 aequinoctiali
2937 4184 3140 4240 circulo
3181 4195 3264 4242 est
3311 4186 3573 4255 diluit",
3621 4192 3730 4244 sub

2143 4268 2356 4335 tropicis
2413 4270 2768 4336 contractior;
2826 4273 3062 4340 alioquin
3117 4285 3390 4342 oporteret
3453 4279 3720 4333 circulum

2140 4356 2268 4410 solis
2296 4357 2347 4410 in
2380 4358 2596 4425 tropicis
2643 4359 2952 4414 viciniorem
3001 4375 3120 4416 esse
3175 4362 3511 4420 ﬁrmamento
3557 4382 3726 4436 quam

468 4444 744 4508 remotius,
804 4444 999 4497 distent
1035 4463 1047 4497 :
1080 4459 1304 4514 quorum
1365 4445 1469 4499 duo
1528 4445 1822 4501 brevissimi
1875 4459 2035 4513 sunt,
2069 4488 2120 4546 Β
2146 4447 2195 4498 in
2223 4447 2580 4528 aequinoctiali
2611 4449 2833 4517 circulo,
2867 4453 2908 4504 si
2939 4465 3041 4504 non
3080 4453 3146 4506 ad
3173 4453 3575 4510 similitudinem
3623 4457 3731 4510 ﬁn-

466 4532 690 4598 scilicet,
716 4534 977 4598 extremi;
1008 4537 1215 4591 medius
1235 4551 1385 4600 vero,
1411 4538 1499 4606 qui
1520 4548 1602 4592 est
1625 4537 2036 4606 aequinoctialis;

468 4622 754 4687 maximus,
790 4622 878 4694 qui
909 4625 975 4677 ab
1007 4625 1253 4680 omnibus
1282 4626 1489 4679 videtur
1514 4615 1788 4691 dimidius,
1823 4627 1920 4680 nisi
1961 4627 2042 4682 bis

470 4713 559 4779 qui
603 4723 727 4766 sunt
774 4715 872 4768 sub
900 4716 1057 4782 polo;
1093 4731 1214 4771 nam
1246 4717 1298 4770 hi
1329 4728 1497 4770 totum
1544 4717 1723 4771 videre
1770 4727 2038 4787 poterunt,

470 4800 561 4872 qui
591 4802 798 4855 illorum
831 4804 1161 4858 horizontem
1192 4807 1462 4862 terminat.
1492 4805 1702 4875 Tropici
1745 4823 1872 4862 vero
1920 4817 2045 4863 sunt

475 4887 806 4943 tttediositui.
835 4891 1074 4950 Arcticus
1104 4893 1316 4959 dicitur,
1343 4896 1431 4964 qui
1459 4910 1608 4949 ursas
1636 4904 1883 4965 utrasque
1913 4898 1962 4948 itt
1985 4911 2044 4950 se

471 4981 869 5050 complectitur,
894 4981 975 5035 cui
1007 4984 1279 5048 Oppositus
1306 4994 1387 5036 est
1416 4986 1756 5038 antarctieus.
1788 4984 2043 5052 Tropicus

475 5072 692 5126 estivus
728 5073 840 5126 sive
871 5072 1146 5138 terminus,
1175 5073 1265 5142 qui
1294 5074 1584 5129 secundum
1612 5077 1890 5143 quamdam
1933 5077 2045 5130 dis-

476 5161 799 5230 positionem
842 5162 1104 5218 Cancrum
1133 5176 1277 5217 secat
1314 5165 1366 5220 in
1390 5167 1584 5233 medio,
1620 5168 1724 5232 vel,
1754 5171 2044 5222 secundum

473 5256 784 5325 Ilyginium,
839 5258 890 5310 in
938 5268 1124 5314 octava
1166 5269 1336 5327 parte,
1384 5260 1448 5312 ad
1497 5275 1654 5328 quam
1704 5261 1783 5314 sul
1831 5264 2047 5316 veniens

478 5347 789 5410 revertitur;
821 5347 908 5417 qui
931 5348 1172 5406 aestivum
1203 5349 1487 5404 solstitium
1518 5351 1729 5420 dicitur,
1757 5355 2046 5408 secundum

475 5436 610 5494 alios
635 5437 881 5495 terminat
918 5437 1178 5493 Cancrum
1206 5451 1259 5495 et
1284 5441 1577 5497 zodiacum.
1622 5444 1771 5497 Alter
1814 5448 2048 5512 tropicus

483 5525 724 5584 hiemalis
771 5537 874 5588 est,
905 5529 1044 5588 unde
1073 5530 1138 5584 ad
1167 5544 1265 5584 uos
1294 5533 1373 5585 sol
1404 5532 1747 5599 convertitur,
1775 5534 1862 5602 qui
1891 5536 1958 5588 sit
1996 5537 2047 5590 in

481 5626 670 5672 octava
702 5629 850 5688 parte
888 5615 1212 5686 Capricorni.
1260 5623 1394 5674 Sunt
1440 5637 1647 5691 quoque
1695 5624 1801 5679 duo
1855 5625 2047 5690 colori,

483 5719 707 5761 ouorutu
759 5721 894 5762 unus
949 5709 1335 5775 xquittoctialia
1394 5712 1578 5765 dividit
1632 5713 1744 5780 (qui
1803 5711 2049 5768 dicuntur

2144 4537 2397 4591 momenti
2448 4539 2499 4592 in
2536 4552 2844 4594 convexum
2895 4540 3304 4606 diﬁunderetur.
3335 4555 3392 4600 et
3416 4548 3471 4600 in
3499 4547 3728 4615 trepicis

2142 4625 2564 4679 contraheretur.
2611 4625 2905 4695 Oppositio.
2937 4627 2992 4683 Si
3027 4628 3077 4682 in
3129 4631 3349 4699 tropicis
3397 4639 3728 4690 contractior

2143 4725 2221 4767 est
2251 4715 2480 4769 circulus
2506 4714 2656 4782 solis,
2689 4715 2811 4768 facit
2839 4718 2908 4770 ibi
2940 4716 3210 4772 breviores
3229 4720 3372 4788 dies,
3395 4723 3484 4777 ubi
3508 4720 3730 4783 breviis

2146 4807 2305 4862 habet
2335 4807 2466 4870 iter;
2491 4807 2545 4861 ia
2574 4807 2958 4878 aequinoctiali,
2990 4808 3080 4863 ubi
3109 4809 3365 4866 laxiorem
3410 4815 3573 4872 habet
3621 4816 3732 4870 dy.

2146 4898 2356 4959 culum.
2389 4908 2442 4952 et
2473 4900 2572 4954 iter
2603 4899 2830 4967 longius,
2877 4900 3001 4954 facit
3040 4899 3152 4956 dies
3204 4901 3500 4972 longiores;
3545 4907 3732 4975 sicque

2146 5005 2364 5044 necesse
2413 5000 2494 5043 est
2545 5003 2649 5042 non
2697 5003 2909 5057 semper
2958 4989 3029 5045 ibi
3079 4986 3291 5045 habere“
3320 4994 3724 5060 tequiuoetium.

2146 5080 2370 5134 Solutio.
2398 5079 2664 5146 Quidquid
2689 5081 2930 5135 recedita
2945 5078 3122 5134 medio
3145 5093 3353 5136 tumore
3381 5079 3733 5152 ﬁrmamenti,

2147 5173 2322 5224 minus
2367 5170 2657 5236 impellitur
2703 5170 2844 5223 illius
2893 5171 3091 5238 impetu
3125 5189 3137 5222 :
3171 5172 3243 5226 ita
3292 5172 3375 5227 sol
3423 5174 3628 5240 positus
3672 5177 3732 5232 in

2150 5261 2369 5329 tropicis
2424 5262 2598 5315 minus
2653 5261 2939 5329 impellitur
2993 5277 3152 5330 quam
3207 5264 3307 5317 sub
3367 5267 3733 5333 equinoctiali

2149 5352 2368 5415 circulo,
2396 5363 2450 5406 et
2480 5363 2676 5406 tantam
2729 5353 2915 5407 circuli
2969 5354 3302 5410 latitudinem
3353 5369 3733 5425 recoth

2151 5443 2374 5511 impetus
2399 5446 2658 5512 rapacitas
2690 5445 2878 5513 majori
2905 5446 3197 5502 celeritate.
3229 5447 3378 5512 Quod
3399 5457 3578 5505 autem
3601 5449 3737 5506 dicit

2153 5534 2471 5599 Macrobius,
2524 5551 2642 5590 esse
2694 5535 3025 5604 planetarum
3067 5537 3396 5592 celeritatem
3441 5540 3736 5611 aqualem,

2154 5627 2253 5681 hoc
2306 5627 2423 5682 ideo
2467 5631 2618 5691 dixit,
2673 5631 2797 5698 quia
2850 5629 3123 5700 :equaliter
3178 5631 3438 5697 nituntur,
3486 5632 3582 5688 sed
3621 5647 3734 5688 non

2154 5717 2425 5784 mqualitcr
2477 5730 2874 5785 promoventur,
2922 5729 2978 5776 ut
3018 5728 3258 5775 natantes
3303 5720 3468 5790 siquis
3526 5722 3732 5780 viribus
