3922 6246
195 363 313 421 ἶ897

1488 351 1706 411 υυΝθΙ
1745 343 2219 408 οοκετιτυτιο,

3367 342 3473 399 898

223 489 409 534 com"
432 486 755 541 torrentem.
779 489 885 532 Mn
902 482 1081 531 tamen
1102 473 1374 542 εαυειίιειι
1395 477 1793 541 promoventur,
1826 467 1873 526 Α
1900 459 2316 514 stationalitates
2340 465 2394 511 et
2437 454 2946 524 retrogradationcs.
2967 455 3248 522 Saturnus,
3277 467 3332 510 ut
3363 460 3477 514 vult

215 571 470 626 torrentis
491 572 696 637 impetu
721 568 934 622 diverse
959 567 1076 620 illos
1106 563 1445 630 impediente.
1475 561 1547 614 Ita
1573 560 1798 629 planetae

1920 547 2220 611 Iacrobius,
2255 561 2319 601 ex
2355 545 2721 615 magnitudine
2770 545 2976 608 circuli,
3028 559 3138 598 ιιι
3169 562 3336 601 annos
3377 562 3472 614 ρυ-

219 663 379 716 modo
411 660 764 722 stationarite,
788 658 948 712 modo
969 654 1308 723 retrograda,
1334 654 1492 704 modo
1515 650 1797 702 altitudine

1899 638 1994 691 nit.
2027 637 2174 690 Luna
2224 652 2376 702 vero,
2406 651 2471 689 ex
2518 635 2712 688 circuli
2759 637 3039 699 bri-vitate,
3072 652 3308 689 mensem
3364 649 3476 692 tan-

218 752 413 806 circali
446 751 770 818 impediente
797 749 862 800 ab
892 745 1079 814 aequali
1111 744 1460 812 promotione.
1487 741 1666 807 Itaque
1710 738 1802 805 qui

1920 743 2014 778 .um
2049 730 2214 794 ponit.
2268 728 2583 792 Quicunque
2614 740 2742 778 vero
2797 727 3127 792 planetarum
3173 739 3372 781 teneret
3406 729 3481 780 di-

217 850 370 897 eaaet
395 843 494 895 sub
531 849 762 907 perusta:
789 836 989 898 medio,
1038 849 1250 902 semper
1292 833 1510 886 haberet
1557 828 1799 897 tequino-

221 935 412 997 ctium,
436 941 487 985 et
513 943 746 998 quatuor
771 927 1030 1002 solstitia.
1081 924 1345 990 Quantum
1385 930 1561 973 autem
1610 919 1802 986 aliquis

217 1035 252 1075 a
279 1021 458 1075 medio
479 1030 714 1087 perusta
729 1019 794 1072 ad
824 1015 1289 1083 septentrionalem
1313 1013 1515 1079 plagam
1538 1010 1798 1072 tenderet,

223 1121 378 1166 tanto
408 1112 481 1165 illi
515 1113 667 1179 plaga
701 1110 786 1164 illa
812 1110 1133 1172 elevaretur,
1162 1114 1215 1158 et
1248 1103 1508 1156 Australis
1533 1101 1802 1167 deprime-

223 1214 413 1266 retur;
447 1213 498 1255 et
529 1212 660 1268 quot
712 1213 1011 1267 sexagenas
1027 1193 1467 1263 Septentrionalis
1487 1199 1801 1254 assumeret,

222 1299 309 1346 tot
330 1291 589 1345 Australis
610 1291 897 1354 amitteret,
915 1289 1178 1357 recipiens
1196 1287 1372 1340 statim
1398 1285 1805 1352 inmqualitatem

227 1380 442 1437 dierum
469 1392 526 1435 et
546 1382 804 1444 noctium,
838 1380 1009 1434 donec
1031 1379 1262 1442 tandem,
1296 1377 1396 1430 sub
1429 1376 1550 1444 polo
1582 1374 1802 1442 positus,

231 1479 408 1525 totum
437 1471 1089 1540 ﬁderethuinactialem
1129 1469 1410 1530 circulum,
1443 1477 1495 1520 et
1526 1465 1577 1518 in
1609 1465 1809 1518 astivis

227 1561 402 1630 skill
426 1562 705 1615 dimidium
723 1577 919 1616 annum
943 1559 1483 1614 baberetcontinuum
1508 1556 1677 1630 diem,
1694 1554 1808 1607 etin

223 1651 547 1708 hiemalibus
576 1647 744 1717 signis
773 1653 1050 1706 dimidium
1080 1664 1274 1703 annum
1309 1659 1542 1711 noctem,
1579 1627 1812 1699 videret-

223 1759 334 1812 qiie
362 1746 642 1800 dimidium
677 1747 921 1814 superius
953 1743 1406 1813 ltemispbmrium,
1440 1751 1491 1795 et
1527 1740 1803 1793 dimidium

223 1835 471 1891 inferius.

696 1926 773 1994 De
814 1928 1093 1980 meridiano
1133 1927 1344 1978 cirqua.

294 2021 431 2074 Sunt
463 2030 720 2087 praeterea
758 2020 865 2074 duo
890 2020 1098 2084 circuli,
1132 2020 1453 2072 meridianus
1477 2027 1532 2071 et
1562 2018 1797 2070 horizon.

211 2109 622 2164 ﬂeridionalem
651 2125 807 2163 suum
835 2125 1060 2179 quaque
1089 2111 1186 2163 sibi
1215 2123 1346 2177 gens
1368 2109 1550 2172 eilicit,
1583 2108 1670 2176 qui
1706 2108 1804 2159 du-

215 2201 367 2256 citur
395 2216 556 2270 super
580 2211 738 2270 caput
767 2216 952 2255 eorum
982 2216 1010 2254 a
1041 2202 1413 2270 Septentrione
1443 2200 1493 2252 in
1523 2201 1800 2263 Austrum,

214 2303 275 2347 et
307 2303 545 2347 mutatur
574 2294 626 2347 in
661 2293 898 2360 quolibet
927 2306 1105 2362 passu,
1152 2302 1204 2344 et
1235 2292 1356 2344 inde
1401 2301 1482 2344 est
1513 2292 1649 2357 quod
1683 2305 1800 2342 cum

217 2383 383 2437 nobis
409 2393 492 2437 est
517 2382 786 2446 meridies,
820 2382 1247 2437 Occidentalibus
1275 2383 1343 2434 sit
1368 2376 1578 2441 Oriens,
1607 2391 1660 2434 et
1693 2398 1805 2435 me-

217 2474 310 2528 dia
340 2490 440 2527 nox
465 2474 546 2526 bis
569 2474 654 2542 qui
687 2484 812 2527 sunt
839 2476 888 2527 in
912 2474 1090 2528 medio
1121 2473 1387 2527 inferioris
1415 2471 1800 2540 liciniSpba-rii.

215 2565 292 2623 Et
318 2566 398 2621 sic
427 2565 482 2621 in
512 2567 702 2622 ordine
724 2575 1003 2636 computa.

820 2658 898 2712 De
933 2659 1210 2711 horizonte.

297 2744 528 2799 ﬂorizon
562 2756 662 2810 est,
695 2747 804 2815 qui,
849 2748 1221 2800 consideratus
1269 2744 1320 2796 in
1369 2757 1519 2811 aquae
1563 2740 1802 2810 planitie,

215 2835 310 2889 vel
345 2844 523 2899 terrm,
554 2837 926 2892 armiuabitur
960 2837 1017 2891 in
1051 2836 1406 2891 anteriuribus
1450 2850 1551 2889 cxx
1596 2835 1803 2899 stadiis,

217 2927 282 2972 et.
330 2930 474 2974 retro
519 2921 765 2986 totidem,
804 2925 848 2974 si
882 2922 1135 2976 ambitum
1185 2921 1302 2991 ejus
1346 2919 1804 2987 comprehendere

218 3010 493 3073 volueris;
546 3013 749 3079 triplica
790 3017 908 3078 ejus
957 3014 1274 3066 diametrum
1330 3027 1451 3064 cum
1501 3010 1805 3077 adjectione

219 3105 464 3196 septena
513 3099 677 3167 partis
728 3102 1004 3164 diametri,
1053 3112 1105 3155 et
1153 3100 1373 3154 habebis
1422 3098 1804 3168 longitudinem
1834 3134 1879 3196 C

208 3187 347 3258 eius
389 3190 640 3245 ambitus.
672 3190 906 3244 Horizon
950 3200 1126 3245 autem
1155 3189 1348 3243 dicitur
1379 3190 1595 3255 proprie
1627 3188 1806 3242 termio

213 3281 366 3335 etalis
387 3283 638 3337 circulus.

719 3371 795 3426 De
830 3372 1323 3426 consultationibus.

299 3465 439 3521 Sunt
485 3475 745 3534 praeterea
794 3465 1036 3534 quadam
1088 3464 1258 3518 stella:
1288 3477 1403 3531 quae
1437 3461 1595 3530 longo
1645 3462 1807 3514 inter-
1876 3502 1884 3510 .

220 3556 373 3612 ullo
410 3557 666 3624 temporis
709 3555 1021 3624 interposito
1059 3556 1394 3618 exoriuntur,
1423 3561 1478 3607 et
1525 3552 1809 3619 designant

220 3650 471 3715 morbos,
503 3659 563 3704 ut
591 3650 866 3717 Canicula,
893 3665 1011 3719 quae
1034 3658 1153 3716 post
1177 3645 1586 3717 quadriennium
1617 3647 1809 3708 oritur,

221 3755 406 3809 neque
435 3739 487 3793 in
517 3739 710 3794 iisdem
753 3739 904 3804 locis,
936 3740 1060 3809 quia
1102 3739 1318 3792 interim
1355 3736 1555 3806 aliquid
1582 3735 1662 3789 sui
1691 3751 1814 3790 cur-

217 3844 326 3886 ans
355 3831 636 3898 capletur;
666 3845 841 3900 neque
869 3832 1125 3885 continuo
1167 3827 1366 3883 malum
1393 3827 1658 3896 designat,
1692 3841 1811 3879 nam

217 3930 564 3991 temperatur
592 3922 660 3977 de
703 3921 1076 3990 adiacentibus
1109 3919 1266 3975 bonis
1296 3919 1482 3988 signis,
1513 3920 1597 3973 vel
1633 3919 1812 3984 plane-

213 4013 324 4078 ais,
353 4011 409 4066 in
438 4027 668 4081 quorum
713 4012 1002 4068 domiciliis
1031 4019 1124 4064 aut
1165 4020 1270 4074 est,
1300 4017 1392 4062 aut
1438 4007 1680 4075 respicit.
1710 4005 1814 4058 Do-

221 4101 489 4157 anicilium
540 4101 688 4155 illius
715 4101 1025 4168 perhibetur
1052 4112 1172 4153 esse
1212 4098 1266 4150 in
1315 4109 1414 4150 ore
1441 4094 1658 4158 Leonis,
1710 4108 1815 4162 quo

216 4193 364 4248 dum
409 4191 489 4248 sol
529 4193 698 4258 venit,
743 4191 1076 4247 caniculares
1116 4191 1234 4246 dies
1277 4202 1399 4245 esse
1435 4188 1706 4243 dicuntur.
1741 4186 1816 4241 De

225 4287 496 4356 principio
530 4286 723 4341 Leonis
773 4302 941 4356 usque
967 4284 1035 4340 ad
1083 4285 1425 4338 medietatem
1457 4295 1550 4350 per
1582 4296 1648 4334 xv
1675 4279 1814 4336 dies.

219 4377 283 4432 Si
318 4391 446 4431 vero
472 4375 727 4430 Canicuia
759 4392 878 4430 cum
907 4376 1023 4432 sole
1053 4375 1234 4437 fuerit,
1264 4373 1511 4426 ardorem
1539 4372 1811 4438 designat.

1903 816 2234 870 midietatem
2266 815 2474 868 itineris
2498 816 2735 876 Saturni,
2761 817 2848 867 ille
2876 817 3083 870 medius
3110 829 3255 872 esset
3284 818 3475 886 spatio,

1905 907 2028 973 quia
2062 909 2282 960 vicinius
2311 908 2429 959 aliis
2473 906 2600 959 facit
2637 905 2870 973 Jupiter;
2907 909 3046 960 unde
3082 922 3246 975 prope
3271 909 3481 964 medius

1903 1009 1984 1050 est
2015 1001 2211 1066 spatio,
2265 1013 2368 1050 non
2421 1012 2665 1051 numero.
2716 999 2804 1051 Sol
2855 1007 3032 1052 autem
3083 1016 3324 1064 numero,
3375 1017 3478 1053 non

1903 1086 2096 1152 simio,
2131 1085 2426 1138 secundum
2460 1085 2714 1148 Tullium,
2749 1096 2802 1139 et
2847 1086 3159 1154 Chaldaeos,
3204 1088 3344 1142 inter
3375 1100 3484 1144 ter-

1905 1189 2004 1226 nos
2034 1188 2294 1237 summus,
2325 1184 2379 1226 et
2411 1183 2590 1228 ternos
2623 1176 2778 1228 imus.

1981 1264 2116 1317 Mars
2157 1266 2364 1331 positus
2412 1264 2464 1316 in
2510 1273 2695 1317 centro
2741 1264 2947 1331 mundi,
2989 1266 3033 1318 si
3081 1268 3366 1322 Saturnum
3417 1286 3482 1324 ex

1911 1364 2186 1422 tetragoao
2220 1355 2542 1421 respexerit,
2564 1355 2606 1407 si
2637 1357 2886 1422 proximo
2916 1357 3030 1410 loco
3056 1370 3172 1424 post
3203 1375 3322 1412 eum
3354 1362 3482 1414 Mer-

1907 1446 2085 1498 curius
2134 1460 2254 1498 curn
2303 1448 2456 1510 plena
2490 1448 2620 1498 luna
2648 1446 2788 1500 idem
2823 1449 3058 1516 tetigerit
3099 1458 3365 1514 centrum,
3394 1453 3480 1518 qui

1905 1546 2200 1589 nascuntur
2229 1536 2280 1589 in
2332 1536 2420 1589 illa
2463 1536 2650 1590 diurna
2683 1536 2888 1604 genesi,
2923 1539 3228 1592 efﬁciuntur
3257 1541 3481 1594 bomici-

1912 1626 2016 1688 das,
2058 1625 2238 1693 gladio
2281 1627 2478 1691 casuri,
2535 1627 2862 1695 sanguinarii
2915 1630 3080 1682 cOnsil
3106 1646 3155 1693 o,
3197 1633 3276 1684 Vel
3321 1633 3480 1697 factu,

1912 1714 2204 1782 libidinosi,
2238 1716 2458 1782 ebriusi,
2509 1718 2846 1781 da-moniosi,
2877 1730 3202 1775 scrutati-res
3249 1735 3484 1777 se.-reto-

1836 1799 1882 1857 Β
1917 1824 2055 1874 rum,
2088 1811 2496 1875 uecromantici,
2531 1813 2780 1873 maleﬁci,
2831 1815 2999 1865 sacrit:
3022 1816 3094 1883 gi,
3129 1819 3392 1884 praecipue
3440 1817 3481 1868 si

1911 1902 2051 1952 nulla
2075 1916 2324 1968 prospera
2350 1903 2707 1968 itnpediverit.
2735 1904 2912 1956 Martis
2937 1905 3156 1958 ell'ectus
3191 1916 3272 1959 est
3303 1909 3402 1960 iste
3431 1909 3482 1959 in

1912 1992 2152 2058 quolibet
2175 1993 2348 2061 signa,
2377 1993 2674 2061 praecipuus
2699 1995 2750 2047 in
2777 1994 2888 2047 suis
2911 1997 3192 2049 domiciliis
3217 2014 3228 2049 :
3257 1999 3486 2052 maxime

1909 2082 1952 2134 si
1987 2083 2038 2136 in
2085 2085 2262 2136 medio
2292 2084 2686 2136 domiciliorum
2732 2099 2951 2136 suorum
2998 2088 3203 2150 positus
3241 2098 3484 2140 centrum

1917 2173 2169 2236 tetigerit.
2218 2173 2478 2226 Centrum
2520 2184 2697 2225 autem
2734 2188 2866 2225 voco
2899 2175 3057 2226 modo
3086 2176 3482 2231 Meridiiutalem

1907 2262 2188 2326 circulum,
2220 2262 2271 2315 in
2303 2279 2411 2330 quo
2438 2263 2561 2314 dum
2606 2262 2765 2315 fuerit
2811 2263 2912 2326 sol,
2963 2263 3084 2318 dico
3125 2266 3270 2320 illum
3320 2257 3484 2324 luisse

1912 2352 1962 2404 in
1995 2365 2219 2417 centro;
2249 2354 2520 2422 distatque
2547 2355 2826 2420 :equaliter
2856 2355 2923 2408 ab
2966 2355 3184 2410 Oriente
3213 2368 3267 2412 et
3291 2362 3356 2412 ab
3381 2362 3482 2414 Oc-

1910 2443 2144 2503 cidente,
2178 2456 2304 2495 raro
2334 2454 2509 2494 autem
2543 2442 2822 2510 :i-qualiter
2861 2447 2927 2496 ab
2955 2449 3150 2499 Austro
3177 2457 3232 2500 et
3259 2449 3482 2514 Septen-

1910 2533 2105 2596 triune,
2141 2533 2240 2586 nisi
2274 2535 2324 2586 iii
2354 2533 2565 2587 duabus
2592 2535 2943 2599 aequinoctiis.

1991 2619 2166 2674 Venus
2197 2633 2248 2674 et
2279 2624 2401 2675 lima
2433 2637 2551 2676 cum
2585 2624 2818 2676 Saturno
2851 2626 2899 2675 in
2929 2624 3140 2677 Saturni
3172 2628 3480 2692 dom‘eiliis,

1911 2710 1963 2762 id
2008 2719 2112 2774 est,
2159 2711 2471 2778 Capricorni
2522 2722 2573 2763 et
2615 2713 2869 2778 Aquariu,
2913 2716 3280 2779 existentibus,
3335 2735 3484 2786 qua:-

1910 2813 2118 2866 cunqne
2171 2800 2420 2853 mulieres
2475 2801 2525 2854 in
2573 2801 2763 2853 diurna
2816 2802 2904 2854 illa
2946 2804 3126 2872 genesi
3175 2820 3484 2877 nascuntur,

1913 2891 2179 2960 viragines
2236 2901 2410 2954 erunt,
2457 2900 2715 2959 pr0tnpl:c
2775 2893 2838 2945 ad
2893 2896 3278 2962 agriculturas,
3321 2901 3479 2966 bella,

1913 2983 2103 3032 aedium
2128 2991 2453 3044 structuras;
2479 2997 2597 3047 qua}
2629 2992 2751 3034 sunt
2786 2984 3104 3038 feminarum
3135 2989 3479 3057 negligentes,
3515 2997 3517 3000 ⁴

1916 3079 2203 3136 unguenta,
2247 3071 2628 3138 ralceamcnta,
2662 3084 2837 3125 vestes
2883 3085 3135 3141 appetent
3168 3079 3487 3132 viris'com-

1915 3175 2122 3224 manes,
2177 3176 2276 3214 nec
2323 3177 2352 3214 a
2399 3163 2601 3215 maritis
2656 3163 3060 3234 redarguentur.
3097 3165 3484 3223 Testimnnium

1915 3268 2040 3305 vero
2069 3251 2224 3320 bujus
2258 3253 2502 3319 i-roliibet
2531 3254 2689 3318 Mars,
2719 3268 2833 3308 szve
2863 3258 2932 3308 sit
2962 3255 3012 3307 iu
3043 3257 3232 3310 iisdem
3262 3259 3488 3314 domici~

1914 3344 2020 3406 liis,
2053 3347 2164 3399 sive
2193 3347 2242 3397 in
2271 3345 2456 3399 lriceto
2489 3347 2567 3400 vel
2594 3348 2852 3413 quadrato
2885 3351 3199 3412 respexerit.

1988 3433 2162 3486 Venus
2211 3450 2329 3487 cum
2380 3436 2566 3498 Marte,
2617 3437 2669 3488 in
2722 3435 2901 3489 Martis
2943 3437 3234 3503 domicilio,
3290 3441 3340 3493 id
3382 3454 3486 3505 est,

1914 3527 2117 3588 Ariete,
2157 3524 2352 3592 pOsita,
2385 3526 2430 3580 si
2460 3526 2747 3581 Saturnum
2775 3529 2827 3581 in
2862 3537 3135 3598 tetragono
3166 3535 3490 3599 respexerit,

1914 3617 1957 3669 si
1992 3616 2081 3684 qui
2113 3617 2209 3670 viri
2254 3627 2379 3671 tunc
2429 3627 2742 3684 nascuntur,
2774 3619 3064 3674 eﬂ‘eminati
3111 3633 3289 3685 erunt,
3321 3625 3494 3678 virilia

1916 3711 2268 3779 n-gligcntes,
2301 3711 2616 3764 mulieribus
2641 3711 2978 3779 indulgentes
3034 3712 3197 3778 Mars,
3240 3715 3285 3767 si
3322 3714 3494 3770 Vene-

1917 3819 2030 3857 rem
2063 3805 2115 3856 in
2146 3812 2423 3870 tetragono
2459 3802 2778 3871 respexerit,
2810 3801 2855 3856 si
2898 3803 3040 3855 nulla
3074 3802 3367 3858 salubrium
3395 3805 3498 3860 im-

1918 3892 2201 3963 pediverit,
2251 3893 2298 3947 si
2348 3894 2438 3962 qui
2469 3894 2525 3947 in
2577 3893 2758 3962 genesi
2791 3892 2879 3945 illa
2911 3903 3222 3958 nascuntur,
3267 3896 3498 3950 adulteii

1917 3995 2096 4050 erunt,
2135 3984 2405 4054 prccipue
2456 3984 2511 4037 in
2557 3983 2900 4037 matrimonio
2947 3995 3167 4048 matres,
3220 3986 3359 4040 tilias
3405 3996 3500 4042 aut

1916 4089 2157 4140 sorores,
2188 4077 2526 4143 copulantes.
2557 4075 2788 4141 Ideoque
2839 4073 3052 4142 fingitur
3079 4068 3369 4131 Ilars‘cum
3396 4077 3500 4132 Ve.

1917 4180 2048 4219 nere
2075 4164 2400 4219 adulterium
2451 4174 2814 4233 perpetrasse.
2864 4161 3101 4232 Splizerae
3150 4175 3346 4221 terram
3398 4169 3497 4222 ba-

1919 4255 2048 4312 bent
2085 4263 2352 4322 centrum,
2383 4254 2477 4310 sed
2521 4255 2735 4310 absides
2778 4265 2905 4308 sunt
2936 4267 3239 4312 excentres.
3268 4259 3499 4315 Absidea

1918 4355 2044 4403 sunt
2088 4348 2296 4414 circuli,
2328 4349 2381 4402 in
2409 4348 2601 4416 quibus
2646 4355 2771 4401 sunt
2803 4350 3067 4416 spirarum
3117 4353 3366 4416 divortia,
3398 4353 3484 4406 ubi

153 4501 163 4507 ι
222 4467 407 4522 Sirius
433 4468 516 4519 illa
550 4467 749 4521 dicitur
781 4469 832 4521 in
861 4466 1073 4531 Graeco,
1105 4474 1162 4520 et
1190 4473 1274 4519 est
1311 4465 1532 4533 cynicus
1558 4475 1749 4523 annus.
1783 4476 1810 4515 a

1921 4449 2172 4492 uelantur
2216 4440 2473 4494 stationes
2520 4447 2573 4491 et
2621 4438 3128 4504 retrogradaliones.
3172 4441 3400 4494 Absides
3439 4442 3496 4496 in

222 4543 424 4628 quos,
459 4554 552 4626 qui
601 4563 682 4610 est
727 4554 889 4608 Canis
925 4553 1064 4607 1160
1089 4552 1235 4608 anni.
1267 4550 1506 4622 Egyptii
1558 4559 1816 4618 praeterea

223 4648 375 4704 Abiu
410 4657 607 4700 Vocant
634 4648 918 4717 quamdam
965 4647 1200 4710 stellam,
1225 4661 1348 4716 quae
1395 4644 1597 4699 eisdem
1647 4643 1816 4697 inter-

222 4739 380 4793 vallo
409 4740 666 4808 temporis
689 4741 886 4804 oritur,
906 4738 1061 4807 cujus
1084 4737 1271 4792 timent
1297 4735 1698 4790 adversitatem.
1732 4733 1819 4787 Vi-

222 4829 368 4885 dent
395 4830 537 4883 enim
589 4828 646 4882 bi
690 4829 896 4895 aliquas
924 4827 1110 4881 stellas
1149 4841 1269 4894 qua:
1318 4840 1348 4878 a
1399 4825 1577 4887 nobis,
1609 4833 1816 4878 tumore

229 4933 398 4977 terra
444 4921 858 4987 interveniente,
894 4934 1004 4973 non
1056 4918 1322 4982 videntur,
1355 4926 1415 4972 ut
1460 4917 1710 4985 Canopon
1763 4917 1816 4968 in

230 5013 504 5084 principio
533 5011 770 5082 [Egyptb
807 5013 903 5084 Ebt
933 5021 988 5069 et
1015 5012 1142 5076 alia,
1179 5027 1296 5082 qua
1335 5011 1503 5067 semel
1547 5012 1626 5080 (ut
1675 5014 1816 5079 reor)

229 5081 508 5174 apparuit,
539 5081 650 5158 nec,
679 5081 827 5158 ultra
860 5081 1057 5159 \l'orsan
1107 5104 1405 5183 apparebit,
1438 5103 1666 5167 scilicet,
1699 5118 1816 5172 qua:

229 5195 668 5249 lncarnationem
700 5194 869 5249 tribus
899 5193 1067 5262 magis
1098 5193 1371 5248 indicavit.

450 5285 525 5338 De
565 5289 898 5352 planetarum
939 5285 1120 5339 ordine
1157 5294 1203 5336 et
1242 5284 1614 5352 designatione.

305 5373 461 5428 Solet
486 5375 803 5442 magnitudo
826 5376 912 5432 vel
941 5375 1175 5446 qualitas
1203 5372 1525 5427 circulorum
1553 5387 1617 5426 ex
1648 5385 1820 5441 quan-

231 5471 400 5522 titate»
439 5464 529 5519 illa
561 5467 907 5536 planetarum
954 5464 1307 5538 deprehendi,
1355 5471 1412 5517 ut
1455 5470 1658 5540 quanto
1702 5463 1820 5529 plus

235 5559 499 5628 temporis
545 5558 600 5614 in
644 5558 966 5630 circuitione
1007 5568 1306 5626 consumat,
1362 5555 1456 5611 illa
1498 5553 1816 5622 ampliorem

224 5653 505 5710 circulum
541 5651 759 5716 habeat,
793 5649 917 5707 licet
939 5648 1044 5704 hoc
1065 5648 1384 5720 quibusdam
1413 5659 1517 5701 non
1543 5643 1815 5706 videatur,

226 5763 362 5806 cum
385 5743 702 5818 magnitudo
729 5741 918 5800 circuli
946 5755 1053 5798 non
1081 5743 1152 5799 sit
1182 5741 1296 5799 sola
1324 5751 1505 5805 causa,
1535 5735 1630 5793 sed
1658 5735 1816 5791 etiam

1918 4529 2233 4599 quibusdam
2259 4528 2389 4581 locis
2417 4537 2540 4582 sunt
2566 4537 2721 4581 terrm
2755 4527 3061 4593 viciniores,
3095 4529 3145 4582 in
3176 4531 3490 4598 quibusdam

1920 4623 2277 4674 ﬁrmamento.
2335 4619 2450 4687 Ipsa
2499 4633 2718 4688 vespera
2749 4618 2908 4672 etiam
2960 4620 3224 4686 quoddam
3273 4623 3498 4690 spatium

1921 4717 2230 4787 contiguum
2267 4717 2470 4770 habens
2515 4726 2621 4768 tres
2647 4716 3034 4776 dimensiones,
3065 4714 3301 4782 longum,
3331 4716 3498 4770 latum

1921 4821 1976 4864 et
2015 4811 2202 4862 altum.
2257 4809 2390 4862 Nota
2440 4806 2580 4874 quod
2622 4806 2760 4859 sicut
2807 4803 2977 4858 stellae
3017 4803 3214 4859 faciunt
3243 4807 3500 4865 infractus

1921 4901 2132 4954 ratione
2161 4899 2476 4961 latitudinis,
2504 4898 2572 4950 ita
2606 4899 2806 4950 iaciunt
2833 4905 2886 4950 et
2914 4896 3123 4951 ratione
3147 4897 3457 4955 altitudinis.

2363 4989 2437 5043 De
2473 4990 2685 5044 diversis
2721 4989 3055 5057 aequinoctii}.

1990 5083 2046 5138 Si
2073 5083 2164 5152 qui
2193 5090 2313 5135 sunt
2347 5081 2400 5134 in
2432 5082 2612 5136 medio
2659 5089 2914 5146 perustae,
2969 5079 3108 5132 idem
3154 5095 3368 5148 semper
3403 5081 3501 5135 ha-

1921 5175 2050 5230 bent
2080 5173 2494 5244 aequinoctium,
2538 5171 2657 5240 quia
2707 5181 2964 5234 utrosque
3019 5169 3170 5236 polos
3217 5179 3271 5223 et
3313 5185 3501 5226 omnes

1921 5267 2203 5339 parallelos
2251 5279 2468 5332 semper
2515 5263 2696 5317 vident
2729 5261 3010 5327 dimidios;
3051 5271 3107 5314 et
3141 5263 3186 5315 si
3237 5264 3326 5332 qui
3379 5265 3503 5317 inde

1922 5365 2296 5423 removentur,
2346 5356 2462 5408 visu
2492 5354 2616 5408 illos
2659 5367 2768 5408 nou
2796 5351 3130 5418 dimidiatur,
3159 5353 3284 5408 item
3326 5369 3502 5422 neque

1921 5450 2348 5522 aequinoctialem
2400 5457 2545 5501 recte
2583 5445 2887 5501 dimidiant.
2918 5447 3070 5514 αισα
3121 5447 3165 5501 si
3208 5457 3312 5512 est,
3367 5463 3502 5500 nun-

1922 5548 2081 5617 quam
2131 5542 2389 5597 habemus
2429 5541 2833 5610 aequinoctium.
2883 5539 3110 5594 Solutio.
3144 5539 3327 5593 Terrae
3373 5541 3500 5609 gle-

1925 5639 2121 5694 bositas
2147 5643 2203 5688 et
2247 5633 2568 5686 ﬁrmamenti
2597 5633 2916 5687 convexitas
2953 5629 3162 5684 confert
3199 5629 3504 5684 dimidieta-

1926 5741 2031 5786 tein
2084 5723 2472 5794 :cquinoctialis
2513 5723 2669 5778 linea:
2723 5735 2943 5791 semper
2998 5711 3166 5777 videri
3223 5719 3507 5778 cuiuslibet
