3922 6246
421 461 432 472 ι
456 431 560 483 8731

822 426 1023 480 unus;
1059 425 1219 482 vEN.
1253 418 1454 480 OPER.
1489 423 1670 478 usus
1699 423 1746 478 ι.
1786 417 1982 478 sum.
2011 418 2080 473 ιι.
2109 447 2177 464 ..-
2203 411 2668 471 DIDASCALICA
2704 409 2910 465 unum
2946 407 3032 461 ετ
3069 403 3342 464 srunIA.

544 561 597 610 Si
633 560 710 610 vis
738 567 893 624 quota
925 557 994 608 sit
1023 555 1240 610 indictio
1268 554 1428 618 scire,
1462 566 1616 606 sume
1663 562 1832 602 annos
1860 547 1927 599 ab
1960 546 2039 598 ln-
2070 545 2117 604 Α
2147 545 2316 610 quies,
2355 544 2489 599 ﬁent
2532 543 2619 597 75.
2655 545 2804 598 Adde
2844 545 2908 597 ad
2956 545 3071 598 dies
3123 542 3251 597 200.
3285 539 3545 604 Januarii,
3592 538 3742 592 hum

470 647 782 701 cat-natione
806 644 1036 705 Domini,
1069 645 1119 695 id
1143 652 1246 705 cst,
1277 641 1404 696 775.
1436 640 1528 693 His
1555 653 1768 705 semper
1789 634 1962 703 adiice
1986 632 2041 695 5,

475 735 608 788 lium
632 734 755 787 778.
807 734 915 787 llos
949 734 1146 800 partire
1178 748 1272 800 per
1304 733 1394 795 15,
1431 739 1713 786 remanent
1744 728 1831 781 15.
1862 726 2042 780 Tertia

471 825 677 877 decima
727 832 810 876 est
851 822 1074 876 indictio
1115 822 1242 875 anni
1273 819 1592 889 praesentis;
1621 817 1665 872 si
1698 815 1830 870 nihil
1859 828 2046 870 rema-

469 920 582 975 net,
619 908 684 964 l5
712 922 812 964 est.

546 1003 603 1057 Si
632 1017 791 1057 nosse
823 1002 903 1054 vis
926 1009 1118 1069 quotus
1146 1006 1216 1055 sit.
1245 998 1480 1053 circulus
1503 998 1664 1062 lunae,
1697 1010 1846 1049 sume
1875 1009 2047 1049 annos

477 1089 710 1151 Domini,
746 1098 800 1141 nt
843 1098 965 1156 puta
996 1086 1138 1152 774;
1173 1098 1227 1140 et
1273 1087 1528 1140 subtrahe
1575 1099 1790 1152 semper
1834 1085 1963 1148 duo,
1995 1095 2042 1134 rt

472 1191 750 1237 remanent
781 1179 909 1233 762.
951 1179 1057 1233 llos
1109 1180 1304 1246 partire
1354 1193 1448 1246 per
1478 1177 1544 1230 10
1587 1185 1646 1232 et
1669 1173 1727 1239 9,
1771 1182 2050 1229 remanent

473 1273 597 1336 duo,
640 1272 908 1325 secundus
940 1269 1174 1324 circulus
1204 1269 1342 1322 luna:
1389 1266 1899 1323 decemnovennalis
1923 1273 2046 1328 est;

470 1362 684 1432 quoties
713 1361 843 1415 nihil
881 1371 1146 1424 remanet,
1190 1357 1254 1412 19
1279 1366 1380 1412 est.

547 1454 604 1509 Si
635 1455 712 1506 vis
746 1454 886 1507 scire
916 1462 1092 1520 «piata:
1136 1451 1245 1504 sint
1275 1463 1407 1517 epac
1433 1465 1498 1511 av,
1530 1456 1778 1516 computa
1821 1459 1852 1498 a
1877 1445 2050 1513 primo

479 1559 621 1599 anno
646 1542 1146 1604 decemnovcnnali,
1175 1554 1340 1608 usque
1367 1541 1416 1591 in
1446 1539 1585 1592 diem
1611 1551 1768 1612 quem
1789 1520 2047 1600 volneris,

478 1646 534 1690 ut
569 1648 693 1703 puta
745 1635 796 1687 in
830 1634 1072 1700 quintum
1119 1646 1340 1685 annum.
1379 1632 1596 1684 Dimitte
1634 1643 1846 1696 semper
1875 1627 1928 1692 1,
1961 1642 2052 1703 re-

478 1702 701 1780 manent
743 1724 796 1777 ιι.
828 1724 1118 1793 Multiplica
1170 1738 1264 1792 per
1293 1723 1324 1772 4
1357 1735 1526 1774 annos
1558 1722 1645 1786 tt,
1678 1732 1892 1774 annuas.
1924 1702 2054 1786 epa-

2150 635 2274 687 115.
2306 633 2381 688 De
2409 633 2476 687 60
2525 635 2606 687 bis
2640 633 2759 686 1'20.
2795 635 3093 688 Remanent
3130 633 3188 686 6.
3243 629 3347 698 Ipsi
3375 638 3500 682 sum
3545 628 3738 696 [uncti

2149 723 2284 775 lunae
2316 724 2481 790 ipsius
2510 723 2649 791 quod
2701 725 2916 789 luxerit,
2962 722 3014 776 id
3054 731 3157 787 est,
3215 720 3348 774 hara
3380 730 3435 772 es
3492 724 3740 787 punctus

2148 811 2290 863 bone
2316 813 2580 865 secunda.

2217 901 2272 954 Si
2309 902 2476 968 ipsam
2508 903 2686 954 lunam
2712 902 2788 955 vis
2835 899 3100 964 invenire,
3140 904 3417 952 memento.
3453 894 3594 961 quod
3635 893 3741 945 ha-

2153 991 2333 1052 bueris
2383 991 2434 1044 in
2483 1007 2713 1057 summa,
2766 1002 3054 1060 antequam
3105 1006 3206 1059 per
3250 988 3322 1042 60
3369 986 3645 1056 ριηὶετίεν
3682 993 3747 1038 οι

2149 1079 2359 1146 quoties
2389 1079 2658 1134 deduxisti
2684 1079 2779 1148 40,
2821 1089 2898 1134 tot
2925 1093 3074 1133 asses
3104 1078 3323 1145 adiicias
3352 1077 3420 1128 ad
3462 1088 3746 1128 summam

2155 1168 2422 1229 eamdem,
2470 1180 2522 1222 et
2550 1169 2740 1223 iterum
2773 1169 3068 1238 multiplica
3110 1176 3259 1226 tuum
3286 1167 3541 1220 circulum
3585 1166 3747 1216 luna:

2155 1259 2354 1324 sexies,
2398 1258 2591 1327 junges
2628 1259 2693 1312 atl
2743 1272 3051 1325 summam,
3078 1258 3274 1313 deinde
3303 1272 3398 1326 per
3444 1255 3534 1320 50,
3567 1260 3626 1306 ει
3659 1254 3751 1305 lu-

2153 1361 2276 1403 nam
2298 1349 2534 1416 ejusdem
2564 1348 2669 1404 diei
2703 1349 2962 1406 invenies.

2221 1438 2280 1493 Si
2307 1439 2385 1492 vis
2427 1440 2565 1494 scire
2596 1440 2803 1510 initium
2832 1438 3258 1508 quadragesima:
3305 1432 3519 1503 quando
3559 1445 3752 1483 annus

2151 1527 2458 1580 communis
2490 1539 2593 1590 est,
2623 1528 2845 1593 require
2875 1543 2904 1579 a
2937 1527 3131 1595 pascha
3155 1539 3320 1590 usque
3352 1524 3402 1576 in
3429 1521 3548 1574 ldus
3577 1519 3749 1587 Apri—

2153 1615 2255 1679 les,
2306 1627 2435 1682 quot
2466 1617 2581 1669 dies
2632 1619 2828 1669 ibidem
2878 1616 3168 1679 inveneris,
3215 1614 3435 1667 totidem
3482 1619 3750 1676 computa

2153 1706 2269 1759 dies
2317 1720 2348 1757 a
2378 1705 2604 1759 Kalend.
2641 1706 2796 1759 Mart.
2850 1716 3020 1771 retro,
3075 1705 3178 1759 hoc
3206 1705 3308 1758 erit
3353 1703 3564 1756 initium
3591 1701 3752 1766 Qua-

479 1829 613 1883 ctas,
650 1829 703 1871 et
725 1807 897 1870 iacies
928 1826 1115 1884 quater
1143 1815 1415 1878 undecim,
1453 1812 1539 1865 ιι,
1568 1810 1636 1864 14
1664 1821 1745 1867 ut
1775 1819 1961 1879 ερπι,
1994 1809 2047 1862 in
2084 1880 2120 1884 _
2155 1796 2496 1865 dragesitnaa.
2529 1798 2753 1861 Quando
2777 1813 2903 1851 vero
2937 1796 3320 1850 embolismalis
3349 1807 3522 1846 annus
3553 1793 3749 1856 fuerit,

483 1905 722 1958 secundo
752 1905 953 1958 circulo
979 1901 1508 1958 deccmnovennalis.
1541 1899 1615 1954 Ita
1644 1916 1737 1967 per
1768 1913 1955 1954 omnes
1986 1899 2052 1954 10

2175 1902 2405 1954 :omputa
2437 1903 2464 1938 a
2497 1888 2670 1955 pridie
2719 1889 2900 1941 Iduum
2932 1888 3100 1956 April.
3136 1901 3300 1953 usque
3328 1885 3381 1938 in
3415 1883 3642 1945 Pascha,
3691 1894 3751 1936 et

476 2010 532 2049 et
556 1997 587 2050 9
619 2007 790 2048 annos
818 1989 1045 2047 sub‘hac
1087 1993 1422 2046 breviatione
1454 1990 1805 2060 computabis.
1913 2023 1941 2051 ,-

550 2106 606 2160 Si
634 2120 793 2159 nosse
826 2104 903 2156 vis
953 2103 1304 2171 adjectiones,
1337 2103 1386 2155 id
1415 2110 1517 2166 est,
1551 2108 1934 2156 concurrentes
1961 2111 2052 2154 se-

488 2198 732 2262 ptimana:
762 2196 898 2258 dies,
934 2210 1086 2249 sume
1136 2209 1305 2248 annos
1345 2194 1412 2247 ab
1443 2192 1815 2246 incarnatione
1843 2189 2053 2243 Domini

481 2295 612 2354 quot
663 2287 876 2349 luerint,
928 2297 983 2338 ut
1032 2293 1151 2351 puta
1184 2283 1288 2336 76i:
1337 2299 1428 2351 per
1478 2282 2054 2336 indictionemseeun-

480 2380 625 2441 dam,
669 2387 722 2431 et
751 2390 1007 2429 annorum
1033 2376 1122 2443 qni
1155 2373 1356 2426 iuerint
1399 2380 1643 2440 quartam
1678 2377 1882 2438 partem
1911 2381 2054 2422 sem-

482 2481 575 2532 per
600 2465 728 2533 ipsis
776 2464 935 2527 adde,
973 2463 1022 2516 id
1056 2473 1154 2526 est,
1198 2475 1339 2514 nunc
1374 2460 1476 2513 190
1528 2468 1581 2512 ει
1607 2458 1658 2510 1.
1715 2456 1871 2510 Fiunt
1898 2455 2061 2509 simul:

484 2555 610 2612 955.
643 2556 734 2609 His
763 2555 896 2608 adde
927 2554 1199 2623 regulares
1227 2552 1281 2620 ι1,
1314 2561 1368 2606 et
1398 2553 1528 2604 liunt
1560 2548 1684 2603 050.
1721 2548 1828 2602 llos
1857 2550 2066 2617 partin-

483 2661 576 2712 per
607 2645 663 2710 7,
694 2656 969 2698 remanent
1021 2645 1076 2696 Ἰ.
1128 2644 1342 2710 Septem
1397 2651 1521 2694 sunt
1556 2646 1756 2708 epacta:
1805 2640 1955 2702 solis,
2004 2636 2055 2690 id

481 2746 587 2802 est,
635 2744 1014 2790 concurrentes
1061 2734 1368 2803 sr-ptitnana:
1428 2730 1567 2796 dies,
1619 2743 1715 2797 per
1761 2726 2056 2797 superscri-

485 2837 603 2896 ptas
632 2825 953 2898 indictione;
972 2823 1025 2876 2.

560 2940 614 2994 Si
647 2940 726 2992 vis
751 2938 888 2991 scire
913 2946 1105 3006 quotus
1163 2938 1233 2988 sit
1263 2950 1434 2988 annus
1476 2935 1608 3006 cycli
1653 2934 1718 2989 10
1742 2941 1802 2988 et
1832 2931 1866 2990 9
1893 2945 2059 2986 anno.

480 3046 623 3094 rum,
656 3045 812 3083 sume
847 3041 1016 3081 annos
1047 3027 1258 3080 Domini
1291 3038 1422 3095 quot
1453 3027 1666 3089 iuerint,
1697 3035 1752 3077 ut
1782 3033 1904 3091 puta
1928 3022 2055 3084 γει,

471 3130 534 3173 .ει
585 3135 744 3172 ιιιιιιιη
791 3133 1006 3188 semper
1055 3116 1249 3187 adjice,
1286 3126 1341 3170 et
1385 3115 1520 3169 item
1545 3113 1672 3170 765.
1728 3113 1836 3167 Hos
1867 3111 2062 3181 partire

490 3223 585 3273 per
621 3207 685 3260 10
731 3214 783 3259 ει
813 3207 866 3268 9,
904 3213 1181 3258 remanent
1227 3205 1281 3258 5.
1316 3204 1542 3270 Quintus
1593 3211 1675 3255 est
1705 3214 1875 3254 annus
1921 3197 2056 3268 cycli
2088 3209 2135 3273 ο

489 3296 1028 3358 decemnovenualis;
1062 3295 1201 3362 quod
1229 3295 1272 3346 si
1324 3293 1452 3347 nihil
1494 3289 1827 3353 remanserit,
1863 3288 1930 3342 19
1954 3296 2057 3343 est.

562 3391 619 3446 Si
654 3405 813 3445 nosse
844 3390 925 3444 vis
957 3398 1114 3457 quota
1147 3386 1213 3440 sit
1244 3386 1484 3448 indictio,
1515 3398 1669 3436 sume
1713 3397 1913 3435 annum
1958 3379 2062 3433 Do-

495 3478 648 3544 mini,
679 3490 733 3533 ct
777 3479 949 3549 adjice
977 3477 1030 3532 5.
1066 3477 1270 3531 Partire
1300 3491 1392 3544 per
1424 3474 1512 3540 15,
1540 3482 1594 3527 et
1629 3474 1767 3541 quod
1799 3478 2057 3534 remanirt,

489 3576 604 3641 ipsa
627 3579 719 3625 est
745 3569 964 3624 iudictio
992 3564 1118 3622 anni
1147 3567 1443 3636 praesentis.

567 3663 622 3717 Si
663 3664 741 3716 vis
786 3661 924 3714 scire
973 3669 1148 3727 quota:
1191 3660 1297 3710 sint
1337 3668 1536 3724 epactm
1567 3656 1817 3722 lunares,
1867 3655 2064 3722 partire
2127 3696 2133 3703 .

497 3768 667 3806 annos
708 3750 917 3807 Domini
965 3763 1061 3818 per
1094 3745 1158 3799 10
1208 3756 1261 3800 et
1284 3747 1343 3810 9,
1390 3755 1444 3798 et
1479 3745 1619 3812 quod
1661 3751 1901 3796 remanet
1928 3743 2065 3793 mul-

494 3846 670 3913 tiplica
718 3859 812 3913 per
861 3843 948 3897 11.
996 3842 1124 3894 ltem
1168 3837 1362 3902 partire
1407 3851 1498 3904 per
1541 3833 1644 3902 30,
1688 3841 1742 3887 et
1791 3840 2066 3886 remanent

491 3943 713 4004 epztctm.
861 3933 872 3949 ⁸

570 4023 627 4078 Si
653 4035 815 4075 nosse
847 4034 927 4072 vis
971 4027 1354 4072 concurrentes
1397 4018 1708 4083 septimante
1739 4013 1874 4076 dies,
1913 4025 2065 4065 sume

493 4129 689 4169 annum
748 4109 978 4172 Domini,
1011 4116 1065 4161 et
1095 4106 1406 4160 eorumdem
1439 4119 1700 4156 annorum
1736 4104 1824 4168 qui
1874 4100 2070 4155 fuerint

494 4195 745 4272 quartum
792 4213 1004 4264 semper
1051 4196 1224 4264 adiice
1271 4209 1432 4261 super
1476 4207 1672 4244 annum
1715 4189 1942 4244 Domini.
1977 4189 2070 4243 llis

495 4306 713 4360 quoque
742 4289 773 4340 4
799 4289 958 4352 adde,
1006 4286 1129 4355 quia
1161 4283 1398 4354 quinque
1447 4288 1828 4335 concurrentes
1854 4276 2071 4332 fuerunt

497 4384 803 4440 Nativitatis
853 4379 1064 4434 Domini
1089 4395 1104 4430 :
1129 4380 1226 4432 hos
1257 4378 1457 4442 partire
1487 4390 1579 4444 per
1621 4375 1676 4440 7,
1713 4384 1766 4429 et
1795 4376 2077 4430 remanent-

498 4486 695 4545 epactze
734 4473 882 4525 solis.

552 4565 626 4617 ‘Si
657 4563 736 4617 vis
766 4562 907 4615 scire
931 4565 1127 4626 quotus
1157 4557 1219 4610 sit
1255 4569 1428 4608 annus
1464 4554 1649 4610 circuli
1680 4554 2068 4608 decemnoven-
2096 4553 2153 4614 Β

509 4655 667 4720 nalis,
719 4667 868 4707 sume
916 4665 1110 4703 annum
1147 4648 1383 4714 Domini,
1425 4658 1478 4701 et
1506 4660 1667 4699 unum
1699 4647 1922 4711 addens,
1950 4645 2077 4715 quia

503 4744 743 4801 secundo
772 4741 1012 4812 ejusdem
1057 4753 1200 4792 anno
1246 4746 1403 4791 natus
1446 4745 1552 4801 est;
1583 4735 1781 4804 partire
1806 4748 1900 4803 per
1933 4729 1999 4786 10
2026 4741 2082 4787 et

501 4841 559 4905 9,
593 4851 645 4894 ει
682 4836 824 4908 quod
871 4831 1210 4898 remanserit,
1262 4831 1376 4900 ipse
1431 4837 1515 4884 est
1543 4841 1715 4883 annus
1761 4827 1948 4882 circuli
1978 4825 2076 4880 de-

502 4928 963 4989 t'etnnovennalis.

584 5021 636 5077 Si
666 5031 823 5071 nosse
851 5016 931 5067 vis
959 5023 1156 5081 quotus
1184 5011 1365 5081 cydus
1387 5011 1598 5064 lunaris
1642 5018 1744 5073 est,
1798 5023 1951 5062 sume
1990 5023 2084 5060 an-

507 5127 606 5170 nos
635 5108 844 5164 Domini
876 5115 932 5161 et
959 5120 1146 5168 unum,
1194 5105 1369 5157 divide
1399 5119 1494 5169 per
1520 5104 1574 5169 9,
1603 5112 1656 5156 et
1685 5104 1826 5168 quod
1866 5116 2081 5155 reman-

508 5206 659 5264 serit,
692 5201 804 5270 ipse
825 5208 908 5254 est
931 5212 1100 5252 annus
1127 5197 1310 5250 circuli
1343 5197 1567 5248 lunaris.

587 5296 643 5350 Si
696 5294 773 5347 vis
820 5292 956 5345 scire
999 5289 1324 5343 bissextilem
1364 5300 1582 5348 annum,
1636 5287 1840 5352 partire
1883 5296 2082 5336 annum

513 5385 726 5439 Domini
771 5399 862 5452 per
890 5381 946 5447 4,
978 5389 1235 5450 quantum
1268 5378 1610 5442 remanserit,
1643 5385 1719 5430 tet
1748 5374 1874 5428 anni
1899 5383 2024 5429 sunt
2053 5388 2082 5426 ε

511 5479 765 5532 bissexti).

589 5569 646 5623 Si
689 5581 842 5622 nosse
870 5568 948 5618 vis
976 5573 1103 5632 quot
1141 5572 1367 5631 punctos
1393 5573 1722 5628 unaquaque
1761 5561 1886 5612 luna
1917 5559 1970 5614 in
1996 5559 2084 5613 die

516 5661 688 5712 luceat
708 5655 1000 5711 secundum
1031 5654 1323 5717 Romanos,
1351 5665 1502 5707 sume
1523 5650 1641 5704 dies
1663 5665 1690 5700 a
1719 5649 1993 5718 Januario,
2024 5659 2085 5705 ut

518 5758 642 5815 puta
671 5748 724 5801 in
749 5750 884 5802 Non.
915 5745 1088 5799 Martii
1119 5743 1210 5798 66.
1237 5744 1369 5798 Vide
1396 5751 1591 5812 qotus
1619 5740 1689 5795 sit
1714 5741 1901 5812 cyclus
1920 5742 2084 5806 luere,

520 5855 573 5894 ut
619 5850 739 5908 puta
789 5838 843 5893 6.
898 5836 1189 5905 Multiplira
1233 5837 1404 5904 ipsum
1446 5833 1703 5889 circulum
1753 5835 1891 5888 luna
1931 5832 2088 5901 quin-

2149 1989 2287 2044 quot
2319 1978 2436 2031 dies
2488 1979 2682 2032 ibidem
2720 1979 2993 2041 habueris,
3029 1977 3247 2032 tetidem
3280 1977 3394 2030 dies
3437 1977 3667 2042 require
3716 1988 3750 2026 a

2150 2069 2382 2124 Kalend.
2422 2071 2574 2124 Mart.
2607 2080 2750 2134 ante,
2779 2080 2832 2123 et
2861 2073 2961 2122 hoc
2990 2069 3090 2122 erit
3132 2069 3339 2120 initium
3373 2066 3747 2132 Quadragesi-

2129 2135 2276 2216 ‘mai.
2309 2162 2377 2216 Et
2405 2163 2505 2214 hoc
2533 2161 2657 2215 nolo
2690 2173 2741 2216 te
2783 2160 2990 2225 fallere,
3023 2159 3142 2227 quia
3180 2158 3551 2211 communibus
3581 2156 3751 2207 annis

2157 2251 2361 2305 Pascha
2392 2265 2604 2318 semper
2645 2262 2768 2306 ante
2820 2252 2991 2319 pridie
3040 2251 3160 2302 ldus
3215 2247 3414 2315 Aprilis
3477 2247 3745 2299 habetur.

2151 2340 2515 2394 Embolismus
2536 2355 2747 2408 semper
2771 2349 2922 2393 antea
2973 2339 3299 2391 extenditur.

2225 2430 2281 2491 Si
2307 2432 2383 2484 vis
2410 2433 2550 2486 scire
2598 2438 2757 2502 thta
2821 2430 2888 2484 sit
2932 2437 3140 2498 epacta:
3167 2442 3306 2481 anno
3337 2440 3446 2494 quo
3474 2423 3746 2490 volneris,

2155 2532 2404 2590 computa
2435 2534 2598 2591 quota
2627 2521 2698 2575 sit
2721 2521 2843 2574 ltuna
2875 2522 2925 2575 in
2961 2535 3009 2572 ιι
3040 2518 3271 2574 Kalend.
3301 2518 3522 2584 Aprilis,
3547 2525 3596 2569 et
3616 2517 3746 2584 ipsa

2159 2614 2282 2666 luna
2311 2613 2426 2666 erit.
2464 2622 2673 2681 epacta.
2727 2611 2884 2665 Verbi
2930 2613 3141 2679 gratia:
3170 2612 3213 2662 si
3263 2608 3386 2662 luna
3409 2606 3568 2659 fuerit
3585 2606 3650 2670 9,
3691 2606 3748 2658 in

2159 2718 2212 2757 xi
2237 2701 2464 2756 Kalend.
2495 2701 2667 2772 April.
2703 2701 2814 2769 ipsa
2863 2702 2975 2754 eris
3023 2709 3230 2766 epacta,
3264 2697 3344 2750 vel
3374 2710 3480 2763 quo
3511 2709 3748 2749 numen

2158 2793 2337 2848 lunam
2361 2793 2652 2858 inveneris,
2686 2793 2855 2860 ipsum
2883 2804 3160 2843 numerum
3190 2797 3376 2856 epacta
3410 2784 3649 2838 habebit.
3674 2783 3743 2838 lu

2161 2887 2322 2955 quali.
2363 2896 2542 2940 autem
2583 2885 2810 2939 articulo
2854 2883 2938 2938 vel
2962 2883 3209 2960 iunctura
3260 2882 3311 2934 in
3359 2879 3547 2934 eodem
3591 2894 3745 2934 anno

2161 2987 2404 3048 epactam
2448 2976 2720 3038 habueris,
2755 2977 2805 3029 in
2856 2976 2980 3043 ipso.
3017 2973 3300 3028 terminum
3341 2970 3644 3040 paschalem
3680 2978 3744 3023 es

2156 3068 2373 3138 cyclum
2404 3066 2541 3120 lunai
2573 3066 2769 3120 ibidem
2800 3063 3028 3119 tenebis.

2233 3160 2290 3214 Si
2330 3161 2409 3214 vis
2435 3159 2575 3214 scire
2597 3167 2757 3225 quota
2781 3156 2853 3210 sit
2879 3157 3000 3210 luna
3023 3157 3076 3210 in
3100 3155 3253 3209 initio
3280 3150 3747 3222 Quadragesimc,

2164 3264 2412 3324 computa
2445 3253 2502 3308 in
2530 3268 2635 3322 quo
2665 3251 2895 3306 volueris
2926 3264 3087 3317 anno,
3120 3248 3172 3302 in
3195 3256 3356 3319 quota
3388 3245 3515 3301 ieris
3543 3259 3752 3300 evene-

2169 3353 2240 3406 rit
2281 3349 2540 3404 terminus
2572 3346 2868 3416 paschalis,
2919 3354 2972 3400 et
3017 3346 3071 3398 in
3121 3343 3236 3412 ipsa
3277 3341 3408 3396 leris
3440 3340 3636 3406 incipe,
3691 3345 3750 3391 es

2172 3451 2417 3507 computa
2447 3453 2476 3491 a
2508 3427 2737 3492 secunda
2769 3437 2889 3489 luna
2914 3451 3007 3503 per
3023 3435 3254 3503 singulas
3284 3433 3462 3494 terius,
3494 3442 3660 3496 usque
3682 3427 3746 3480 in

2171 3531 2525 3596 Dominicam,
2558 3542 2610 3585 et
2639 3527 3031 3598 quodammodo
3054 3526 3122 3578 ibi
3149 3526 3323 3576 lunam
3347 3521 3637 3583 inveneris,
3659 3518 3749 3572 sic

2173 3627 2276 3680 erit
2307 3623 2457 3677 initio
2487 3619 2936 3688 Qnailragesimaz.
2961 3615 3222 3671 Similiter
3250 3627 3302 3667 ει
3333 3613 3385 3666 in
3419 3611 3752 3681 Rogationes

2167 3715 2347 3766 lunam
2369 3719 2646 3777 computa,
2678 3709 2731 3762 in
2758 3708 2877 3776 ipsa
2905 3705 3036 3760 leria
3063 3719 3092 3757 a
3119 3702 3185 3756 2|
3221 3717 3388 3771 usque
3419 3702 3470 3754 in
3508 3697 3746 3754 secunda

2163 3801 2298 3854 feria
2329 3808 2451 3866 post
2484 3797 2839 3861 Dominicam,
2869 3803 2923 3850 et
2951 3791 3219 3863 quomodo
3243 3791 3312 3844 ibi
3351 3787 3648 3850 inveneris,
3674 3787 3747 3840 ita

2168 3889 2275 3942 erit
2308 3888 2431 3940 luna
2463 3885 2798 3955 negationis.
2831 3884 2891 3938 Si
2943 3886 2996 3936 in
3027 3897 3078 3935 xl
3107 3880 3329 3934 Kalend.
3371 3879 3540 3947 April.
3584 3874 3748 3929 fuerit

2173 3981 2297 4035 luna
2331 3977 2416 4041 15,
2450 3992 2546 4031 seu
2603 3978 2689 4043 M,
2731 3983 2822 4028 aut
2864 3971 2952 4036 15,
2999 3972 3082 4026 vel
3116 3970 3314 4033 minus,
3346 3968 3400 4021 in
3439 3967 3553 4035 ipsa
3592 3964 3748 4017 luna-

2173 4071 2318 4125 tione
2347 4068 2548 4138 poteris
2579 4066 2778 4119 Pascha
2810 4064 3106 4125 celebrare.
3141 4058 3234 4113 Sin
3260 4052 3435 4110 autem
3466 4055 3521 4109 in
3553 4069 3608 4107 xi
3633 4051 3744 4108 Ka-

2170 4163 2316 4217 lend.
2350 4161 2516 4228 April.
2545 4157 2756 4212 l’uerita
2791 4156 2878 4221 16,
2912 4165 3002 4206 aut
3040 4153 3127 4217 l7,
3156 4150 3243 4204 vel
3274 4146 3521 4217 amplus,
3549 4147 3604 4199 in
3636 4146 3750 4214 ipsa

2175 4253 2469 4311 lunatione,
2495 4248 2643 4301 nullo
2668 4246 2824 4300 modo
2852 4243 3052 4312 poteris
3087 4245 3278 4307 pascha
3304 4238 3600 4303 celebrare,
3648 4235 3749 4290 nisi

2183 4345 2398 4406 peracta
2443 4333 2557 4403 ipsa
2599 4331 2890 4397 lunatione,
2921 4337 2976 4383 et
3019 4327 3122 4382 alia
3153 4326 3512 4406 subsequente
3550 4323 3745 4392 pascha

2180 4403 2236 4481 in
2265 4427 2354 4482 illa
2387 4425 2660 4480 lunatione
2689 4423 2805 4476 sine
2846 4421 2949 4475 ulla
2989 4416 3335 4488 ambiguitate
3377 4403 3578 4484 poteris
3608 4411 3751 4468 eelo-

2182 4522 2364 4574 brare.
2396 4517 2452 4573 Si
2501 4532 2632 4570 vero
2663 4516 2714 4568 in
2747 4529 2841 4568 vm
2880 4512 3000 4566 ldus
3034 4511 3218 4566 Martii
3251 4509 3408 4563 fuerit
3450 4516 3574 4561 nata
3603 4507 3750 4568 luna,

2178 4618 2269 4660 aut
2297 4616 2416 4674 post
2430 4621 2500 4658 vn
2534 4606 2654 4656 ldus
2676 4603 2828 4656 Mart.
2853 4616 3021 4669 usque
3047 4601 3100 4653 in
3128 4601 3307 4653 Nonas
3326 4596 3524 4666 April.,
3555 4598 3608 4650 in
3636 4597 3753 4665 ipsa

2181 4695 2454 4752 lunatione
2487 4695 2687 4763 pascha
2720 4692 2864 4745 nullo
2893 4689 3054 4744 modo
3082 4687 3401 4743 celebrabis.

2251 4811 2310 4864 Si
2337 4809 2418 4861 vis
2463 4807 2602 4860 scire
2647 4811 2809 4872 quota
2857 4803 2924 4856 sit
2956 4802 3076 4855 luna
3107 4799 3260 4854 initio
3300 4797 3753 4866 Quadragesimc,

2183 4915 2335 4956 sume
2379 4899 2557 4952 lunam
2607 4897 2819 4950 Pascha:
2865 4893 2990 4946 anni
3036 4891 3189 4960 cujus
3219 4889 3475 4955 volueris,
3522 4897 3577 4943 et
3628 4889 3754 4941 tolle

2183 4992 2308 5047 inde
2357 5004 2571 5057 semper
2617 4987 2705 5048 12,
2739 4995 2793 5039 ει
2822 4981 2965 5052 ἰιιιοι
2994 4993 3290 5048 remanent,
3313 5017 3316 5019 λ
3339 4991 3449 5033 tota
3482 4980 3605 5034 luna
3656 4978 3758 5032 erit

2189 5081 2342 5136 initio
2367 5078 2820 5148 Quadragesinne,
2858 5073 3018 5126 Verbi
3066 5072 3234 5140 gratia
3261 5089 3275 5124 :
3308 5069 3364 5126 Si
3393 5067 3463 5122 15
3506 5069 3606 5123 erit
3636 5067 3756 5121 luna

2188 5170 2430 5233 Pasclize,
2463 5167 2586 5220 tolle
2614 5165 2739 5218 inde
2768 5161 2864 5225 18,
2897 5171 3176 5218 remanent
3201 5160 3253 5214 5.
3293 5157 3474 5214 Tertia
3507 5157 3615 5210 erit
3637 5155 3756 5208 luna

2189 5261 2240 5313 in
2274 5258 2424 5312 initio
2453 5253 2881 5322 Quadragesimae

2259 5369 2317 5426 Si
2347 5371 2423 5425 vis
2469 5370 2608 5423 scire
2660 5367 2869 5436 quando
2905 5367 3176 5420 bissextus
3227 5361 3319 5423 sit,
3366 5372 3520 5412 sume
3562 5371 3759 5411 annum

2190 5461 2421 5524 Domini,
2457 5469 2512 5513 ut
2537 5467 2622 5513 est
2661 5472 2833 5512 annus
2860 5469 3097 5525 prassem
3139 5451 3269 5507 688.
3309 5449 3420 5505 Hos
3443 5447 3765 5520 partireper

2189 5555 2243 5610 4.
2271 5553 2329 5610 Si
2365 5552 2499 5608 nihil
2545 5549 2882 5612 remanserit,
2934 5547 3204 5598 bissextus
3229 5549 3334 5596 est.
3393 5540 3452 5598 Si
3493 5550 3681 5598 suta.
3709 5541 3768 5606 1,

2192 5654 2285 5698 aut
2311 5642 2370 5707 3,
2401 5653 2492 5696 aut
2518 5641 2555 5695 2
2595 5635 2973 5699 remanserint,
3007 5631 3271 5689 bissextus
3298 5645 3409 5687 non
3450 5638 3556 5687 est.
3588 5631 3658 5688 ει
3700 5645 3770 5687 as

2199 5737 2292 5790 tibi
2321 5736 2540 5788 forsitan
2588 5731 2764 5794 aliqua
2808 5725 2977 5792 caligo
2999 5721 3198 5777 erroris
3243 5730 3497 5776 occurrat
3524 5737 3622 5790 per
3648 5737 3768 5775 on-

2121 5901 2126 5908 _
2193 5842 2315 5882 nem
2359 5831 2665 5891 computum
2720 5830 2880 5884 quem
2927 5813 3100 5883 ducis,
3155 5813 3202 5870 sl
3243 5812 3377 5869 nihil
3416 5811 3769 5882 superfuerit,
