3922 6246
1461 374 1603 431 ΠυΝ
1616 377 1678 430 Dl
1718 375 2190 432 CONSTITL‘TIO.

3335 375 3443 431 883

180 484 325 539 scias
348 480 601 537 eumdem
637 489 948 551 computum
978 497 1121 547 esse,
1170 498 1263 552 per
1291 498 1448 553 quem
1499 486 1671 549 ducis,
1705 493 1762 539 ut
1795 495 1837 550 Α
1937 484 2129 554 Cyclas
2175 483 2382 549 Graece,
2434 482 2665 537 circulus
2714 480 2922 548 Latine,
2972 480 3172 553 ogdoas
3215 482 3247 536 8
3289 487 3436 549 anni,

185 584 315 644 puta
340 574 388 629 si
416 588 511 644 per
540 574 609 630 i0
634 581 692 629 et
713 574 747 629 9
770 574 947 639 ducis,
971 583 1027 629 et
1070 575 1201 630 nihil
1248 577 1596 645 superfuerit,
1628 578 1767 631 scias

182 664 659 729 ιοαιοωιεςιὶ
690 681 783 733 per
814 665 1119 733 l5,l$;si
1158 668 1409 735 per7,7.

254 752 556 822 Quand:
585 763 671 808 est
711 753 964 809 nativitas
1005 753 1146 809 lunae
1173 757 1239 811 is
1259 771 1291 811 a
1323 771 1414 810 vtu
1439 755 1560 810 ldus
1606 757 1760 811 Mart.

179 858 357 912 usque
385 846 438 898 in
474 844 655 898 Nonas
682 843 885 914 April.,
922 858 1044 913 qua:
1080 844 1236 913 primi
1276 846 1476 899 mensis
1501 861 1761 899 novorum

179 934 397 987 initium
425 934 683 999 ostendit,
730 948 762 987 a
791 946 867 989 xu
912 931 1142 995 Kalend.
1167 926 1337 1001 April.
1370 948 1539 1001 usque
1580 938 1644 988 ad
1676 950 1761 989 λιν

178 1020 413 1078 Kalend.
445 1022 590 1088 laii,
620 1023 675 1077 in
705 1036 1020 1093 quacunque
1065 1022 1155 1078 die
1196 1022 1319 1077 luna
1350 1022 1415 1077 Η
1443 1024 1757 1090 occurrerit,

179 1111 301 1180 ipsa
334 1118 388 1165 te
431 1110 497 1164 ad
540 1110 960 1165 celebrationem
1012 1110 1183 1165 sancti
1214 1110 1435 1165 Pascha
1477 1110 1755 1178 perducet.

176 1199 239 1255 Si
262 1214 390 1255 vero
420 1198 490 1252 14
515 1199 640 1254 luna
663 1207 788 1255 ante
816 1214 893 1256 xu
921 1199 1144 1255 Kalend.
1170 1199 1341 1271 April.
1368 1199 1619 1265 occurrit,
1655 1200 1758 1254 hoc

174 1298 285 1356 est,
322 1301 415 1345 aut
444 1306 539 1346 stu
592 1290 819 1346 Kalend.
874 1292 1070 1360 April.,
1121 1300 1213 1344 aut
1256 1305 1363 1355 stv,
1395 1300 1486 1345 aut
1516 1306 1607 1359 sv,
1650 1291 1757 1346 Ka-

174 1379 330 1436 lend.
360 1380 561 1450 April.,
588 1381 725 1436 scito
752 1380 1007 1450 quoniam
1038 1379 1304 1449 paschalis
1338 1381 1461 1434 luna
1491 1397 1595 1435 non
1626 1391 1713 1435 est
1741 1400 1754 1434 :

174 1470 273 1526 sed
304 1485 427 1524 cum
450 1471 697 1524 eamdem
724 1470 904 1524 lunam
933 1468 1006 1522 30
1028 1469 1366 1536 produxeris,
1390 1468 1495 1543 alia
1525 1468 1609 1522 die
1634 1480 1755 1523 nata

173 1552 357 1621 fuerit,
393 1556 445 1608 in
477 1556 590 1625 ipsa
614 1564 769 1610 caute
806 1564 1049 1609 sanctum
1080 1553 1284 1609 Pascha
1310 1554 1631 1609 celebrabis.
1668 1557 1753 1610 Si-

178 1644 383 1698 militer
424 1656 616 1699 cautus
676 1657 813 1712 esto,
858 1654 917 1700 ut
942 1662 1030 1700 ειν
1077 1645 1301 1701 Kalend.
1354 1648 1474 1701 Maii
1524 1649 1645 1702 luna
1690 1650 1758 1703 14

172 1745 281 1787 non
333 1734 709 1800 transcendat,
751 1744 841 1789 aut
886 1735 951 1790 ad
983 1751 1075 1790 aut
1116 1736 1343 1791 Kalend.
1377 1738 1519 1807 Maii,
1560 1748 1653 1793 aut
1689 1740 1756 1796 ad

1873 570 2213 625 hendecasll
2266 578 2409 624 sunt.
2459 569 2574 624 lien
2616 568 2821 635 Grtcce,
2857 569 3123 636 l'Latine,
3168 569 3325 624 decas
3354 570 3444 625 ιο.

1868 648 2162 730 Computus
2190 666 2275 715 est
2318 674 2347 712 a
2390 658 2563 713 Natali
2594 660 2800 713 Domini
2844 674 3013 729 usque
3058 660 3123 715 ad
3168 660 3440 725 Natalem,

1870 748 1921 801 id
1945 757 2047 813 cst,
2072 749 2211 803 luna
2244 748 2451 819 cyclus.
2495 749 2625 803 Item
2667 750 2802 803 alius
2831 760 3112 819 computus
3149 760 3231 804 est
3272 766 3301 805 a
3336 752 3441 806 l‘a-

1866 838 1992 891 scita
2020 852 2191 909 usque
2235 838 2300 892 ad
2334 838 2557 904 Pascha,
2609 839 2697 893 ubi
2731 840 2900 908 prima
2953 842 3080 894 luna
3127 845 3230 896 erit
3268 844 3320 897 in
3350 843 3443 898 Ja-

1866 925 2055 979 nuario
2076 917 2218 980 anné
2247 929 2518 994 praesenti.
2553 928 2626 982 lbi
2666 929 2857 983 iterum
2888 931 2940 983 in
2970 932 3229 1008 secundo,
3255 934 3308 986 in
3340 948 3450 989 eo-

1864 1015 1984 1069 dem
2014 1016 2131 1069 loco
2156 1015 2260 1071 erit
2286 1017 2407 1071 luna
2436 1018 2525 1074 11.
2553 1010 3066 1074 Communis‘annus
3093 1023 3181 1090 qui
3214 1020 3281 1075 ii
3303 1022 3426 1077 luna

1865 1105 2038 1160 tiones
2084 1106 2271 1161 habet.
2312 1106 2674 1164 Embolismus
2704 1109 2792 1178 qui
2826 1108 2887 1163 15
2913 1110 3212 1166 lunationes
3254 1111 3436 1169 habet.

1863 1196 2397 1267 Decemnovennalis,
2446 1216 2512 1256 ex
2550 1204 2816 1272 corruptis
2856 1206 3186 1274 compositus
3215 1216 3317 1273 est,
3364 1223 3431 1262 es

1863 1288 1930 1342 l0
1959 1299 2010 1343 ct
2035 1290 2090 1356 9,
2118 1299 2173 1346 et
2204 1292 2435 1346 annalis.
2470 1292 2744 1348 Bissextus
2774 1295 2825 1347 in
2867 1310 2972 1348 uno
2994 1310 3178 1352 mense
3222 1296 3293 1377 20
3319 1314 3444 1353 mo-

1861 1392 2077 1446 menta;
2127 1386 2178 1435 in
2210 1383 2419 1436 duobus
2472 1385 2697 1450 horam;
2747 1387 2797 1438 in
2842 1402 2983 1441 anno
3024 1403 3115 1442 ses
3149 1389 3345 1454 horas;
3385 1395 3471 1443 et'

1861 1470 1981 1525 ideo
2026 1472 2292 1526 bissextus
2336 1473 2556 1542 dicitur,
2585 1477 2706 1545 quia
2750 1476 2829 1531 bis
2874 1477 3099 1533 Kalend.
3151 1480 3305 1535 Mart.
3336 1480 3432 1535 he-

1860 1560 1970 1615 bet.
1998 1561 2175 1617 Saltus
2200 1563 2400 1619 lunaris
2430 1568 2621 1620 crescit
2654 1568 2877 1636 singulis
2899 1570 3052 1623 annis
3076 1572 3260 1631 horam
3294 1582 3345 1625 et
3373 1574 3439 1627 10

1859 1662 2151 1715 momenta,
2206 1664 2258 1707 et
2288 1654 2567 1710 dimidium
2613 1657 2890 1722 momenti,
2937 1669 2992 1713 et
3020 1659 3086 1714 19
3113 1672 3315 1730 partem
3356 1661 3442 1715 di~

1862 1742 2008 1795 midii
2056 1745 2338 1798 momenti.
2386 1745 2467 1799 Ad
2498 1749 2872 1815 complendum
2905 1764 3029 1805 vero
3060 1752 3199 1805 luna:
3242 1753 3435 1806 saltum

172 1842 244 1882 xv
266 1826 499 1883 Kalend.
529 1828 679 1884 Ilaii.
731 1829 860 1884 Nam
904 1829 1126 1899 incipies
1175 1832 1227 1883 in
1272 1844 1522 1898 magnum
1562 1833 1750 1887 deduci
1781 1835 1826 1890 Β
1858 1833 2131 1884 annuatim
2164 1834 2246 1897 (ut
2286 1833 2540 1904 diximus)
2596 1835 2724 1890 hora
2755 1849 2807 1891 et
2840 1848 3085 1907 punctus,
3131 1849 3184 1894 ct
3228 1841 3436 1895 decima

168 1930 436 1973 errorem.
476 1915 901 1972 Christianorum
934 1934 1064 1974 vero
1096 1921 1290 1985 pascha
1333 1922 1399 1975 ab
1430 1937 1478 1974 ιι
1525 1920 1749 1976 Kalend.

169 2004 340 2071 April.
372 2019 541 2074 usque
568 2006 620 2058 in
647 2020 719 2060 νη
750 2006 975 2063 Kalend.
1008 2007 1149 2073 Ilaii,
1176 2022 1491 2077 quocunque
1517 2011 1602 2065 die
1638 2011 1747 2065 Do-

174 2096 376 2174 minieo
403 2098 526 2152 luna
556 2100 874 2165 occurrerit,
913 2109 1153 2156 sanctum
1202 2102 1406 2162 Pascha
1449 2105 1621 2160 modis
1645 2121 1754 2159 om-

169 2187 329 2242 nibus
347 2188 671 2244 celebrabis.
706 2191 857 2257 Quod
891 2199 1017 2247 ante
1042 2207 1093 2245 at
1116 2191 1341 2249 Kalend.
1376 2197 1545 2264 April.
1588 2200 1751 2252 etiam

100 2324 107 2334 ,
168 2273 217 2328 si
249 2275 372 2327 luna
394 2276 715 2340 occurrerit,
747 2277 832 2332 vel
860 2289 987 2349 post
1010 2295 1078 2333 vu
1112 2279 1333 2336 Kalend.
1377 2282 1520 2348 Maii,
1552 2284 1752 2339 Pascha

166 2363 477 2418 nullatenus
503 2366 823 2421 celebrabis.

243 2454 440 2509 Tribus
481 2470 613 2528 ergo
655 2457 787 2512 locis
819 2458 1087 2515 bissextus
1142 2459 1528 2519 intercallatur.
1573 2464 1752 2520 Primo

166 2560 219 2598 vt
252 2544 373 2600 idus
420 2547 710 2613 Februan;
742 2550 981 2605 secundo
1004 2549 1558 2622 ubil‘requentissime
1595 2558 1751 2625 ponio

165 2644 257 2689 tur
289 2650 340 2690 rt
373 2635 598 2693 Kalend.
631 2640 823 2705 Man;
854 2641 1011 2697 tertio
1039 2640 1219 2698 Nonas
1246 2642 1402 2700 Hart.

1859 1936 1996 1975 noua
2044 1936 2167 1988 pars
2200 1923 2357 1977 uuius
2392 1926 2570 1992 puncti
2601 1930 2882 1981 accrescit.
2914 1928 3029 1983 Non
3062 1946 3188 1999 ergo
3235 1933 3437 1987 eisdem

1856 2010 2094 2066 articulis
2125 2023 2423 2082 temporum
2452 2017 2533 2071 vel
2558 2016 2680 2072 (ιωιὶ
2710 2018 3013 2075 climaLbus
3041 2021 3179 2075 lunae
3201 2024 3439 2076 celebra-

1866 2114 1953 2159 tur
2007 2107 2279 2173 accensio,
2339 2109 2434 2163 sed
2483 2124 2703 2177 semper
2739 2112 3013 2181 aliquanto
3069 2115 3223 2169 citius
3281 2132 3437 2184 quam

1860 2197 2200 2262 praecedente
2239 2213 2444 2267 mense,
2498 2211 2555 2255 ut
2596 2204 2667 2257 sit
2698 2204 2943 2259 undenus
2992 2222 3134 2261 anno
3167 2208 3253 2272 l9,
3286 2196 3433 2263 deci-

1864 2302 1980 2340 mus
2006 2289 2405 2346 transiliebatur
2449 2292 2588 2348 dies.
2631 2309 2723 2348 vttt
2754 2295 2977 2352 Kalend.
3011 2298 3157 2365 Julii,
3192 2301 3438 2370 longissi-

1863 2391 1981 2430 mus
2008 2378 2125 2433 dies
2154 2388 2207 2433 et
2252 2381 2564 2437 brevissima
2620 2400 2723 2439 nox
2758 2388 2919 2441 tutius
2964 2390 3108 2453 anni,
3147 2392 3435 2445 solstitium

1860 2468 2096 2524 a‘slivale
2148 2470 2365 2526 iaciunt.
2418 2489 2507 2531 νιιι
2562 2475 2781 2529 Kalend.
2832 2479 3075 2545 Januar.,
3129 2482 3435 2552 longissima

1861 2574 1963 2612 nox
2003 2570 2055 2613 et
2088 2562 2435 2619 brevissimus
2484 2565 2596 2621 dies
2626 2568 2785 2624 totius
2817 2571 2966 2637 anni,
3000 2571 3287 2628 solstitium
3324 2573 3437 2629 hie-

1860 2649 1993 2701 tuale
2018 2650 2230 2704 facium.

169 2801 3449 2849 -————_—____._____________________________

894 2932 1416 3046 BEDE
1491 2937 2661 3061 PRESBYTER!

689 3117 775 3171 DE
817 3117 1031 3174 ιιυΝῡι
1073 3118 1449 3179 C(ELESTIS
1489 3124 2068 3196 TERRLSTRISQUE
2110 3132 2654 3195 CUNSTITUTIONE
2693 3142 2912 3197 LIULR.

232 3264 456 3321 llundus
484 3266 585 3320 iste
613 3266 882 3320 sensibilis
909 3278 1119 3321 constat
1148 3284 1210 3322 ex
1251 3280 1478 3336 quatuor
1505 3272 1742 3328 elemen-
1775 3278 1820 3340 ε
1851 3275 2195 3333 εαιιιιίοηθηι
2226 3284 2393 3352 magis
2434 3285 2921 3355 deprehenduntur.
2957 3295 3093 3351 Nihil

162 3356 257 3423 tis,
289 3366 341 3410 et
382 3357 461 3410 eis
502 3356 648 3419 tntis,
693 3356 764 3409 ita
787 3356 942 3424 .quod
988 3357 1131 3411 nulla
1179 3370 1300 3427 pars
1344 3361 1551 3415 illorum
1597 3372 1746 3417 extra

163 3446 425 3502 mundum
458 3446 821 3514 relinquatur;
868 3447 1093 3515 ideoque
1134 3450 1331 3505 mundo
1361 3451 1495 3504 nihil
1533 3453 1747 3507 aliunde

153 3536 404 3603 accedit,
439 3535 666 3590 niltilab
694 3550 758 3590 eo
793 3536 927 3589 alias
956 3535 1177 3591 recedit.
1223 3538 1348 3592 Dico
1378 3548 1555 3593 autem
1585 3557 1743 3595 mun-

158 3625 285 3679 dum
314 3638 378 3679 ex
409 3626 487 3677 eis
528 3624 654 3677 totis
680 3632 949 3687 constare,
992 3625 1057 3679 ad
1087 3625 1439 3681 dill'erentiam
1482 3632 1744 3685 humano-

162 3729 320 3775 rum,
361 3728 459 3768 seu
497 3714 720 3767 aliorum
777 3730 1091 3784 corporum,
1132 3733 1249 3785 quae
1308 3720 1427 3789 quia
1476 3738 1577 3775 non
1625 3724 1744 3779 totis

159 3810 414 3857 constant
451 3803 751 3872 elementis,
794 3804 1003 3873 aliquid
1034 3807 1141 3861 illis
1180 3810 1386 3863 accedit
1424 3821 1476 3866 et
1520 3816 1738 3868 recedit.

155 3890 418 3947 Similiter
461 3891 765 3958 arboribus,
809 3892 989 3947 herbis
1033 3908 1222 3949 soccus
1267 3898 1481 3965 quidam
1526 3914 1553 3950 a
1604 3909 1741 3953 terra

157 3978 423 4033 radicibus
468 3980 699 4047 additur,
750 3981 839 4050 qui
887 3997 979 4049 per
1025 3998 1211 4040 omnes
1260 3997 1435 4054 partes
1478 3988 1739 4059 diffusus,

157 4077 212 4122 et
255 4072 479 4123 naturali
511 4071 737 4139 quodam
779 4072 960 4127 calore
1000 4073 1296 4141 induratus,
1344 4080 1532 4134 transit
1576 4084 1626 4133 in
1658 4096 1744 4135 ro-

158 4163 277 4212 bur.
320 4162 449 4213 Cum
497 4171 673 4216 autem
701 4163 909 4217 accedit
948 4164 1147 4237 aliquid
1177 4167 1255 4220 vel
1287 4182 1372 4232 re,
1420 4169 1487 4223 ab
1529 4170 1743 4223 homine

156 4251 201 4304 si
246 4251 349 4304 hoc
377 4250 566 4307 ordine
602 4254 979 4321 proportiooali
1012 4254 1135 4321 ilat,
1178 4256 1381 4325 integer
1422 4257 1581 4312 homo
1626 4274 1740 4312 ma-

157 4344 284 4402 net;
316 4338 398 4392 sin
428 4336 604 4404 aliter,
634 4339 1011 4408 corrumpitur.

723 4424 725 4433 ⁴
816 4428 1094 4485 Httmores.

225 4514 363 4570 Sunt
401 4516 543 4570 enim
585 4526 813 4585 quatuor
854 4519 1105 4574 humores
1136 4521 1186 4576 in
1219 4523 1462 4589 homine,
1494 4526 1582 4594 qui
1614 4527 1731 4581 imi—

156 4615 336 4660 tantur
352 4606 564 4663 diversa
592 4609 875 4677 elementa,
906 4625 1155 4667 crescunt
1178 4614 1227 4667 in
1256 4614 1480 4669 diversis
1525 4627 1734 4684 tempo-

155 4698 328 4759 ribus,
360 4707 584 4765 regnant
612 4700 661 4751 in
691 4699 916 4753 diversis
944 4702 1209 4755 natatibus.
1250 4702 1474 4771 Sanguis
1504 4704 1734 4758 imitatur

153 4797 369 4850 aerem,
410 4785 607 4839 crescit
645 4786 697 4840 in
727 4800 875 4851 vere,
914 4798 1099 4857 regnat
1135 4777 1208 4842 in.
1232 4792 1477 4858 pueritia.
1508 4791 1734 4847 Cholere

155 4876 397 4931 imitatur
434 4876 645 4944 ignem,
681 4879 873 4934 crescit
910 4880 961 4934 in
1002 4890 1215 4947 testate,
1249 4892 1431 4953 regnat
1471 4885 1520 4938 in
1551 4887 1734 4942 adole-

154 4970 384 5026 scentia.
415 4969 761 5025 Melancltolia
794 4974 1029 5029 imita'nr
1060 4986 1253 5031 terram
1275 5018 1290 5041 ,
1334 4979 1521 5034 crescit
1552 4980 1604 5033 in
1634 4997 1731 5035 au-

155 5070 388 5125 tumuo,
454 5068 642 5132 regnat
692 5062 744 5116 itt
801 5056 1124 5120 maturitate.
1197 5068 1447 5138 l’hlegtna
1500 5072 1734 5125 imitatur

156 5168 379 5221 aquam,
418 5156 611 5209 crescit
655 5155 707 5209 iu
757 5155 953 5224 hieme,
996 5170 1184 5227 regnat
1225 5161 1276 5215 in
1325 5171 1616 5217 senectute.
1668 5160 1731 5216 Hi

154 5256 279 5298 cum
333 5258 432 5299 nec
484 5245 600 5312 plus
655 5260 755 5302 nec
800 5246 976 5303 minus
1024 5251 1166 5315 justo
1216 5254 1539 5318 exuberant,
1595 5255 1734 5324 viget

156 5334 343 5389 hoino.
382 5333 535 5399 Quod
563 5346 738 5391 autem
775 5338 970 5406 aliquid
1006 5339 1205 5395 homini
1243 5343 1451 5397 accedit
1488 5353 1543 5398 et
1582 5361 1731 5399 recc-

156 5426 256 5489 dit,
284 5427 402 5481 haec
432 5427 696 5483 naturalia
720 5430 1003 5496 perhibent
1030 5434 1377 5489 instrumenta
1406 5434 1731 5499 inﬂuxionis,

156 5518 384 5582 scilicet,
416 5533 478 5574 os
503 5528 558 5575 et
586 5519 861 5575 inferiora.
894 5521 1030 5578 Sunt
1057 5534 1311 5593 prseterea
1342 5525 1551 5579 subtilia
1583 5542 1733 5592 (Illin-

156 5608 278 5664 dam
304 5605 594 5676 foramina,
627 5623 746 5679 qua
775 5624 935 5680 poros
966 5627 1245 5681 vocamus,
1276 5629 1371 5684 per
1396 5628 1516 5684 qua:
1544 5627 1733 5670 ventus
1778 5614 1789 5624 ‘

154 5700 465 5755 subintrans
505 5702 765 5771 turgidam
812 5703 982 5759 reddit
1022 5702 1209 5761 faciem
1235 5748 1251 5777 ,
1278 5707 1366 5777 qui
1400 5721 1491 5775 per
1519 5707 1731 5763 sudoris

3137 3316 3260 3357 vero
3288 3303 3426 3359 dixi-

1861 3378 1977 3415 mus
2010 3368 2262 3421 mundum
2312 3372 2710 3431 accidentalitcr
2755 3391 2968 3449 propter
2997 3387 3279 3453 petfeclaut
3311 3392 3426 3461 ejus

1854 3457 2321 3524 compositionem,
2356 3462 2447 3514 sed
2480 3466 2705 3530 partium
2738 3468 2853 3537 t'jus
2885 3481 3234 3545 recontestio,
3268 3457 3425 3536 totius

1854 3554 1907 3596 et
1939 3546 2334 3616 redintegratio,
2379 3555 2672 3610 secundum
2716 3560 2957 3618 diversos
2998 3575 3260 3623 auctores.
3296 3573 3423 3625 Nam

1852 3635 1986 3702 ignis
2032 3638 2289 3704 spissatus
2341 3644 2535 3696 transit
2583 3645 2635 3699 in
2679 3663 2878 3715 aerem,
2925 3668 3018 3708 aer
3074 3658 3331 3724 spissatus
3379 3664 3431 3715 in

1851 3741 2063 3793 aquam,
2100 3742 2234 3796 aqua
2269 3731 2523 3787 densatur
2551 3736 2600 3788 in
2638 3745 2854 3793 terram.
2888 3742 3088 3800 Rursus
3122 3764 3213 3817 per
3238 3767 3425 3807 reclin-

1851 3814 2159 3871 tractionem
2192 3826 2331 3872 terra
2358 3820 2575 3877 diluitur
2608 3828 2657 3879 in
2685 3844 2871 3896 aquam
2891 3873 2903 3896 ,
2937 3849 3069 3903 aqua
3103 3814 3347 3897 tenuatur
3375 3846 3442 3905 in\

1848 3914 2025 4000 aerem
2048 3942 2061 3965 ,
2095 3917 2187 3956 aer
2219 3908 2409 3961 transit
2439 3910 2489 3964 iu
2522 3912 2719 3981 ignem.
2756 3918 3025 3976 Elementa
3060 3936 3233 3982 autem
3255 3972 3267 3994 ,
3302 3936 3423 4000 qu-

1852 3988 1947 4043 hus
1980 3993 2207 4049 mundus
2236 4008 2483 4065 constat,
2518 4003 2743 4069 quilibet
2768 4007 2868 4060 sibi
2913 4010 3087 4065 locum
3118 3988 3289 4082 capit,
3318 3988 3421 4076 ἐε-

1846 4082 2077 4135 cundum
2108 4084 2189 4137 sui
2221 4095 2463 4142 naturam
2485 4130 2500 4153 ,
2531 4091 2666 4159 ignis
2707 4095 2790 4147 sui
2835 4097 3047 4154 levitate
3076 4120 3381 4172 supremum
3405 4156 3418 4176 ,

1850 4178 1991 4223 terra
2023 4174 2283 4239 gravitate
2314 4176 2552 4233 infimum
2578 4222 2591 4245 ,
2634 4181 2757 4238 huic
2798 4199 2933 4256 aqua
2962 4174 3424 4268 circumfunditur,

1849 4259 1929 4313 his
1969 4261 2175 4317 duobus
2204 4280 2316 4319 aer.
2358 4268 2529 4337 Supra
2570 4271 2961 4332 ﬁrmamentum
3006 4291 3180 4337 autem
3231 4259 3425 4345 secuti;

1850 4348 1975 4403 dum
2007 4350 2213 4407 divinos
2253 4366 2374 4410 sunt
2416 4365 2824 4429 supercaelestes
2863 4384 3047 4437 aquae,
3106 4388 3260 4445 supra
3294 4398 3431 4445 quas

1773 4432 1973 4495 Dsunt
2019 4445 2325 4513 spirituales
2367 4452 2512 4516 caeli,
2564 4454 2615 4506 in
2661 4456 2852 4524 quibus
2898 4432 3428 4530 angelicm'virtutes

1839 4533 2201 4589 continentur.
2236 4538 2398 4592 Terra
2432 4555 2558 4595 vero
2592 4559 2692 4597 una
2726 4545 2794 4599 ita
2825 4552 3157 4607 se‘mcdiam
3190 4557 3427 4627 locavit,

1840 4632 1897 4673 ut
1938 4626 2216 4690 aequaliter
2262 4629 2495 4695 undique
2538 4646 2569 4684 a
2620 4634 2951 4690 iirm’amento
2991 4640 3177 4706 distet,
3225 4658 3420 4714 praeter

1837 4714 2137 4765 exstintias
2170 4720 2426 4779 montium
2459 4728 2513 4775 et
2542 4724 2897 4781 subsidentias
2921 4732 3166 4800 vallium,
3200 4740 3417 4793 transit-

1836 4816 1940 4870 que
1980 4819 2074 4871 per
2106 4808 2455 4864 meditullium
2498 4814 2614 4881 ejus
2655 4818 3027 4876 intellectualis
3058 4824 3192 4880 linea
3224 4828 3291 4882 de
3328 4845 3417 4883 ar~

1836 4894 1971 4949 ctico
1998 4897 2118 4964 polo
2140 4898 2205 4952 ad
2232 4904 2601 4971 antarcticnm,
2627 4923 2743 4976 qua!
2771 4919 2826 4964 et.
2846 4889 2994 4970 aeris
3010 4915 3423 4978 circumfusiouo

1837 4983 1912 5040 ita
1943 4987 2152 5056 ligatur,
2185 4999 2239 5044 ut
2270 5007 2523 5063 nusquam
2556 4996 2884 5056 delltctatur.

2430 5084 2624 5142 Forma
2654 5099 2821 5147 terra.

1907 5165 2061 5223 Nunc
2088 5170 2153 5223 de
2184 5172 2352 5226 forma
2382 5184 2535 5229 terras
2565 5178 2912 5248 disseramus,
2944 5200 3103 5252 quam
3134 5190 3425 5261 Anaxago-

1838 5269 1926 5310 ras
1956 5260 2241 5315 rotundam
2284 5275 2337 5318 et
2368 5266 2577 5335 planam
2622 5269 2673 5321 in
2714 5271 2929 5327 modum
2964 5277 3151 5331 ancilis
3184 5260 3414 5337 volebat.

1837 5348 1943 5402 Alii
1974 5355 2269 5409 esstantias
2298 5368 2662 5411 extremarum
2694 5360 3011 5431 partitim,et
3037 5371 3292 5435 gremium
3324 5388 3415 5428 ca-

1833 5453 2121 5495 vernosqu
2151 5442 2203 5496 in
2238 5444 2453 5499 modum
2482 5447 2742 5513 scutellte,
2776 5453 2863 5505 ubi
2894 5456 3147 5525 quidquid
3172 5458 3411 5525 caderet,

1840 5530 1907 5585 ibi
1939 5546 2068 5585 vero
2109 5534 2274 5603 recipi
2317 5535 2582 5591 volebant.
2622 5539 2725 5593 Sed
2770 5543 3058 5597 secundum
3105 5548 3201 5599 hos
3245 5550 3419 5607 multa

1835 5635 2187 5692 sequerentur
2214 5625 2638 5683 inconvenientia
2658 5668 2675 5693 ,
2708 5645 2830 5686 nam
2860 5634 3250 5693 vicissitudines
3280 5640 3425 5695 solis.

1838 5722 1891 5769 et
1918 5712 2057 5771 luna
2089 5724 2214 5773 tuac
2240 5718 2487 5775 omnibus
2517 5719 2789 5787 aequaliter
2816 5735 3158 5786 apparerent.
3189 5736 3243 5785 et
3272 5745 3416 5785 seta.
