3922 6246
454 395 560 445 8κῦ

918 394 1117 447 ιιευιιί
1162 390 1611 447 γιίΝιειιΑΒιιιε
1648 390 1797 445 ΘῘῬ.
1844 387 2017 443 PARS
2050 388 2058 441 Ι

2169 388 2316 443 ECT.
2357 388 2418 441 II.
2460 416 2527 427 -
2556 386 2755 442 θυμω
2798 386 2885 440 ΕΤ
2923 384 3170 443 SPURIA

3620 383 3731 442 ευ

456 523 552 573 per
582 505 835 558 baberent
864 505 1259 569 a-quinoetium,
1285 504 1404 572 quia
1437 515 1625 556 omnes
1654 499 2034 553 dimidietatem
2066 501 2115 559 Α
2146 498 2201 551 In
2244 496 2573 551 Rhodiorum
2605 496 2817 550 climate
2854 496 3080 563 singulis
3108 493 3176 549 de
3213 508 3306 548 sex
3344 494 3556 563 integra
3598 496 3734 551 hora

460 597 698 648 omnium
734 596 1107 662 parallelorum
1144 595 1421 657 viderent,
1465 592 1647 660 sicque
1688 604 1786 642 nec
1823 598 2027 653 noctes,

457 702 555 740 nec
610 687 723 739 dies
778 686 1243 749 ahbreviarenturr,
1297 685 1647 751 omnibusque
1696 691 1837 734 esset
1894 680 2032 733 idem

455 774 667 835 Oriens,
722 772 858 824 idem
905 771 1165 824 Occidens
1209 778 1263 822 et
1310 768 1575 822 Meridies.
1628 767 1809 820 Restat
1856 774 2033 817 autem

463 874 661 913 terram
707 860 984 912 rotundam
1034 860 1159 923 dici,
1209 866 1263 911 et
1307 858 1376 910 ob
1415 857 1671 911 declivem
1722 856 2036 925 positionem

460 949 735 1001 hominum
768 949 992 1002 diversis
1040 947 1211 999 modis
1251 946 1372 1000 caeli
1413 956 1593 1014 partes
1643 945 1867 1007 intueri;
1917 958 2036 995 nam

462 1040 654 1093 declivi
688 1052 809 1093 vere
838 1038 1192 1092 abscondunt.
1228 1038 1481 1090 lliemalis
1516 1037 1703 1103 tropici
1738 1051 1893 1088 unam
1929 1050 2041 1101 par-

464 1141 569 1181 tem
604 1130 868 1195 videmus,
902 1138 955 1183 et
987 1140 1094 1183 tres
1126 1130 1309 1207 latent,
1343 1129 1610 1181 atstivales
1644 1137 1750 1180 tres
1777 1128 2037 1191 videmus,

463 1230 516 1273 et
545 1235 644 1273 una
680 1222 839 1284 latet;
886 1230 937 1272 et
977 1220 1188 1287 quando
1218 1221 1295 1271 sol
1332 1222 1381 1271 in
1416 1220 1519 1272 illis
1552 1228 1664 1282 est,
1712 1232 1807 1287 per
1838 1228 2039 1271 tantum

458 1313 694 1379 spatium
741 1326 861 1363 eum
913 1310 1151 1363 videmus
1193 1320 1445 1377 quantum
1489 1310 1721 1377 ipsorum
1772 1308 2040 1377 cyclorum

468 1403 622 1455 nobis
664 1412 903 1470 apparet.
956 1402 1224 1454 Habemus
1251 1416 1464 1469 quoque
1492 1403 1737 1454 diversos
1776 1413 1949 1465 ortus,
1992 1408 2045 1455 et

463 1508 685 1546 uCt'aSUS
727 1504 780 1545 et
823 1493 1072 1545 meridies
1118 1492 1409 1545 secundum
1456 1491 1775 1544 ﬁrmamenti
1822 1491 2045 1543 velutio-

468 1598 588 1636 nem
613 1624 626 1645 ,
663 1593 716 1636 et
744 1595 897 1636 terra:
929 1582 1318 1651 globositatem.
1359 1582 1490 1635 Nam
1522 1596 1641 1635 cum
1682 1574 1765 1636 est
1796 1583 2046 1635 meridies

475 1672 858 1736 Orientalibus,
891 1683 1039 1725 ortus
1069 1683 1149 1724 est
1192 1672 1658 1735 Meridioualihus;
1703 1682 1757 1725 et
1796 1686 1916 1725 cum
1956 1685 2045 1724 oc-

469 1777 623 1816 casus
654 1763 1027 1829 Orientalibus,
1062 1774 1209 1817 ortus
1237 1774 1318 1818 est
1347 1764 1790 1818 Occidentalibus.

1168 1852 1346 1905 Zonaz.
1386 1836 1391 1847 Ι

549 1944 713 1998 Terra
744 1960 953 2013 quoque
984 1960 1078 2013 pcr
1106 1960 1265 1997 zonas
1296 1954 1379 1998 est
1408 1946 1596 2008 divisa,
1626 1958 1847 2013 quarum
1876 1942 2050 1997 media

476 2047 689 2103 perusta
730 2048 809 2089 est
835 2037 963 2090 solis
988 2036 1317 2105 frequentia,
1348 2046 1397 2089 et
1428 2037 1653 2089 aliorum
1686 2036 2047 2104 planetarum,

473 2128 767 2181 secundum
818 2126 916 2179 hos
960 2127 1049 2193 qui
1097 2128 1256 2179 etiam
1301 2127 1404 2179 illis
1454 2127 1684 2179 calorem
1734 2124 2050 2190 attribuunt,

476 2216 597 2268 dua:
625 2223 883 2268 extremae
915 2216 1030 2268 sine
1059 2215 1254 2269 caloris
1281 2214 1574 2277 beneficio,
1606 2215 1724 2267 alia:
1754 2216 1900 2280 dote,
1930 2214 2053 2269 hinc

477 2308 688 2369 ealore,
720 2305 842 2358 hinc
870 2305 1065 2373 frigore
1096 2315 1475 2372 temperantur.
1520 2305 1577 2358 Si
1610 2303 1905 2357 latitudinis
1935 2319 2051 2358 ma-

476 2395 805 2465 gnitudinem
850 2395 1180 2463 perpendere
1219 2394 1475 2460 volueris,
1512 2394 1745 2461 intellige
1771 2409 1799 2445 a
1828 2394 2055 2461 Septeno

484 2484 658 2537 trione
686 2482 943 2536 circulum
971 2482 1211 2549 protendi
1239 2482 1289 2533 in
1314 2482 1568 2534 Austrum
1600 2492 1703 2534 tam
1734 2480 1785 2533 in
1816 2479 2052 2534 inferiori

479 2575 857 2643 hemisphaerio
913 2588 1069 2641 quam
1119 2574 1169 2625 in
1214 2572 1494 2638 superiori.
1543 2571 1694 2624 llunc
1740 2580 1917 2625 autem
1964 2585 2057 2638 per

481 2679 780 2733 sexagenas
828 2664 1004 2716 divide
1054 2671 1107 2715 et
1156 2662 1391 2715 attribue
1439 2662 1622 2715 vicinae
1672 2662 1874 2730 frigida:
1924 2677 2051 2725 sex,

484 2763 791 2823 temperata
836 2755 1089 2821 quinque,
1125 2762 1359 2821 perusta:
1388 2763 1528 2815 octo,
1576 2763 1882 2822 temperatae
1922 2753 2055 2806 ulte—

482 2842 610 2899 riori
639 2846 904 2912 quinque,
940 2842 1142 2911 frigidae
1172 2855 1285 2893 sex.
1323 2840 1461 2892 Ecce
1489 2855 1549 2893 ea
1582 2841 1922 2905 praportione
1951 2856 2054 2907 qua

483 2950 543 2988 se
572 2936 775 2987 numeri
820 2933 906 2985 isti
948 2932 1144 2985 habent
1174 2930 1497 2996 adinvicem,
1530 2929 1714 2984 eadem
1758 2944 1967 3000 quoque
1998 2946 2056 2986 se

482 3024 681 3079 habent
709 3035 959 3075 zonarum
994 3022 1376 3074 dimensiones.

1156 3107 1393 3163 Climala.

2142 591 2435 654 accrescit,
2486 596 2539 642 et
2585 590 2635 641 in
2685 588 2905 655 singulis
2941 587 3061 641 aliis
3100 588 3305 656 integra
3340 588 3635 643 decrescit.
3679 590 3734 642 In

2141 676 2490 730 Borestenico
2513 675 2737 744 singulis
2762 676 2830 728 de
2858 688 2953 728 sex
2978 674 3100 727 duae
3129 674 3305 738 horae,
3331 685 3391 728 et
3416 676 3468 729 in
3498 676 3628 730 aliis
3656 687 3739 728 to-

2147 767 2305 820 tidem
2336 767 2617 820 deerescit.
2661 768 2786 819 llam
2822 777 3000 818 autem
3031 764 3220 818 divisio
3260 766 3537 819 climatum
3585 767 3734 819 faeta

2141 866 2224 909 est
2266 856 2564 909 secundum
2596 856 2965 923 computistas,
3007 857 3098 908 sed
3138 856 3291 908 aliter
3329 856 3491 909 etiam
3533 871 3741 910 secun-

2140 946 2271 998 dum
2316 944 2685 1013 philosOphos,
2728 944 2816 1010 qui
2856 952 3099 997 naturam
3141 945 3308 1012 ipsam
3350 945 3740 1011 perpendunt,

2142 1046 2198 1088 ut
2246 1037 2296 1087 in
2344 1037 2558 1089 climate
2606 1035 2935 1089 Rhodiorum
2966 1045 3295 1104 compertum
3345 1048 3449 1089 est.
3501 1036 3645 1089 Nam
3690 1038 3743 1089 in

2145 1127 2315 1195 primo
2346 1142 2439 1181 sex
2473 1129 2736 1180 mensium
2768 1126 3082 1179 duodecima
3115 1142 3236 1193 pars
3266 1126 3508 1193 accedit,
3541 1126 3595 1179 id
3634 1137 3743 1190 est,

2142 1218 2361 1272 dimidia
2417 1219 2582 1283 hora;
2646 1219 2698 1272 in
2751 1220 3021 1282 secundo,
3071 1219 3390 1282 undecima;
3446 1218 3498 1271 iu
3553 1218 3744 1283 tertio,

2145 1320 2333 1379 quarta
2390 1320 2445 1364 et
2496 1310 2748 1374 dimidia;
2798 1312 2851 1363 in
2901 1316 3110 1379 quarto,
3157 1318 3376 1378 quarta;
3423 1309 3476 1363 in
3524 1308 3747 1378 quinto,

2145 1411 2331 1466 sexta;
2365 1400 2417 1454 in
2446 1410 2620 1465 sexto,
2653 1400 2990 1454 duodecima.

2786 1489 3137 1545 Terrwmolus.

2190 1580 2384 1634 Terra
2430 1595 2643 1651 quoque
2687 1590 2951 1647 movetur,
2994 1582 3133 1647 quod
3176 1590 3541 1634 terrmmotum
3576 1593 3751 1634 voca-
3800 1631 3809 1637 .

2149 1686 2297 1734 mus;
2330 1662 2473 1725 unde
2500 1672 2691 1724 dantur
2719 1670 3061 1738 conjecturae.
3089 1671 3253 1724 Terra
3282 1671 3347 1724 ad
3380 1672 3753 1724 imitationem

2156 1761 2473 1814 arteriarum
2528 1777 2621 1828 per
2650 1775 2781 1828 quas
2826 1763 3045 1829 spiritus
3091 1762 3345 1815 discurrit
3389 1763 3442 1815 in
3495 1762 3752 1827 homine,

2080 1838 2127 1897 B
2158 1848 2320 1903 habet
2343 1862 2619 1914 cavernas,
2654 1850 2911 1903 foramina
2941 1861 2993 1904 et
3024 1860 3290 1916 tracones,
3320 1865 3415 1918 per
3443 1866 3569 1920 qua:
3601 1852 3757 1905 venti

2153 1948 2206 1991 et
2253 1937 2473 1992 flumina
2517 1939 2842 1993 discurrunt.
2892 1938 3022 1994 Nam
3071 1940 3292 1993 flumina
3338 1955 3488 1994 mare
3540 1941 3759 1993 intrant

2155 2029 2357 2093 omnia,
2388 2043 2490 2081 nec
2518 2037 2695 2081 tamen
2714 2027 3009 2095 redundat,
3038 2029 3158 2097 quia
3184 2028 3249 2081 ad
3278 2043 3405 2083 suos
3435 2028 3626 2082 alveos
3658 2044 3758 2095 per

2157 2123 2406 2169 tracones
2456 2115 2704 2169 redeunt.
2754 2116 2811 2169 In
2860 2130 3119 2173 cavernas
3170 2126 3223 2170 et
3266 2117 3528 2172 foramina
3582 2120 3756 2171 etiam

2155 2205 2374 2273 quidam
2415 2205 2556 2259 venti
2594 2205 2829 2269 intrant,
2872 2205 3011 2260 ttnde
3049 2206 3175 2259 dum
3212 2218 3522 2275 qureruntur
3565 2222 3758 2262 erum-

2158 2308 2318 2363 pere,
2351 2301 2500 2348 tanto
2528 2302 2690 2347 ruunt
2718 2294 2914 2362 impetu
2935 2337 2950 2363 ,
2993 2305 3241 2351 utterraa
3280 2308 3459 2367 partes
3488 2298 3599 2353 illis
3632 2300 3759 2352 fini-

2158 2387 2301 2439 tima:
2333 2386 2457 2440 inde
2482 2396 2935 2440 commoveantur.
2981 2388 3083 2440 Alii
3126 2388 3309 2443 dicunt
3337 2390 3477 2459 quod
3506 2399 3655 2444 terra
3687 2390 3758 2445 sit

2156 2490 2388 2529 concava
2418 2477 2471 2529 in
2503 2476 2717 2530 modum
2746 2476 2980 2530 fornacis
2999 2518 3013 2542 ,
3043 2478 3127 2531 vel
3159 2479 3385 2532 duorum
3418 2481 3755 2546 hemispha-

2158 2567 2379 2631 riorum,
2403 2580 2522 2634 quae
2543 2571 2663 2621 cum
2686 2567 2970 2637 aliquando
2992 2569 3162 2624 moles
3184 2572 3441 2624 montium
3464 2580 3755 2636 corruant,

2158 2654 2281 2709 inde
2323 2664 2618 2709 moveatur.
2661 2656 2764 2709 Alii
2803 2654 2983 2710 dicunt
3023 2672 3179 2725 supra
3223 2657 3473 2729 abyssum
3517 2660 3755 2714 locatam

2159 2752 2351 2796 terram
2377 2760 2392 2808 ;
2425 2752 2478 2797 et
2506 2752 2649 2797 mota
2675 2744 2927 2813 abyssus,
2960 2756 3253 2801 moveatur.
3301 2750 3402 2802 Alii
3432 2750 3622 2803 dicunt
3651 2750 3757 2803 Le-

2159 2837 2370 2891 viathan
2414 2838 2612 2891 animal
2656 2846 2851 2891 terram
2882 2839 3193 2908 complecti,
3238 2850 3490 2911 tenetque
3519 2843 3754 2896 caudam

2159 2940 2309 2980 more
2336 2941 2456 2990 suo,
2487 2927 2576 2995 qui
2617 2926 2900 2995 aliquando
2938 2930 3051 2984 sole
3080 2940 3327 2996 exustus,
3372 2934 3555 2986 nititur
3598 2935 3755 2988 illum

2069 3078 2072 3081 Α
2159 3017 2635 3084 comprehendere,
2665 3020 2846 3086 sicque
2889 3016 3269 3089 indignationis
3315 3024 3432 3093 ejus
3459 3034 3608 3078 motu
3647 3038 3756 3081 ter-

2162 3116 2275 3156 ram
2317 3118 2529 3171 quoque
2566 3105 2793 3159 moveri.
2836 3106 3021 3161 llaurit
3062 3124 3272 3179 quoque
3314 3113 3604 3180 aliquando
3652 3114 3757 3168 im-

553 3184 837 3254 Sctenuum
869 3198 1005 3267 quod
1038 3198 1125 3266 qui
1157 3197 1210 3251 in
1244 3198 1419 3252 medio
1447 3206 1674 3265 perustae
1702 3204 1867 3263 esset,
1897 3198 2055 3251 talem
2083 3177 2130 3239 C
2162 3192 2469 3269 mensitates
2499 3192 2753 3247 fluctuum
2774 3238 2788 3261 ,
2824 3205 2879 3249 ut
2916 3197 3073 3251 etiam
3106 3177 3289 3252 omnia
3316 3177 3481 3257 maria
3514 3207 3757 3260 sentiant

486 3291 709 3344 haberet
744 3289 1142 3358 dispositionem
1166 3328 1181 3354 ,
1211 3287 1352 3357 quod
1382 3301 1595 3355 semper
1640 3287 1858 3339 haberet
1884 3287 2059 3355 requi-

489 3383 756 3445 noctium;
803 3395 990 3435 omnes
1020 3380 1162 3433 enim
1211 3378 1492 3447 parallelos
1536 3378 1745 3431 videres
1787 3377 2056 3441 dimidios,

484 3472 622 3526 etin
656 3474 758 3524 fine
788 3473 868 3524 sui
900 3469 1192 3522 horizontis
1218 3466 1668 3536 utrosque'polos.
1714 3466 1819 3521 Sed
1863 3477 2061 3535 quanto

484 3560 657 3628 magis
687 3557 1043 3627 Septentrioni
1075 3555 1377 3621 accederet,
1411 3564 1559 3610 tanto
1588 3557 1754 3624 magis
1783 3556 1854 3610 illi
1887 3566 2062 3624 partes

483 3647 604 3717 ejus
642 3649 999 3711 elevarentur,
1044 3657 1097 3700 et
1140 3647 1319 3699 Austri
1366 3646 1815 3713 deprimerentur,
1863 3653 1917 3701 et
1961 3647 2063 3701 hoc

487 3734 781 3788 secundum
830 3736 1038 3788 diversa
1088 3734 1335 3798 climata,
1396 3733 1446 3787 id
1502 3743 1615 3798 est,
1667 3734 2060 3789 inclinationes.

490 3827 623 3880 Sunt
667 3827 808 3880 enim
854 3836 996 3890 octo,
1043 3824 1329 3877 secundum
1377 3825 1508 3877 alios
1548 3833 1785 3892 septem;
1837 3826 1928 3880 sed
1973 3828 2064 3894 qui

490 3922 610 3971 ueto
641 3918 924 3980 volebant,
966 3915 1207 3984 quautam
1240 3924 1342 3967 tam
1378 3924 1609 3983 perustae
1648 3930 1805 3983 quam
1847 3914 2063 3983 frigida-

494 4024 612 4063 rnm
640 4008 973 4061 asserebant.
1005 4006 1357 4075 Frequentior
1388 4016 1564 4060 autem
1606 4021 1734 4060 usus
1770 4017 1894 4061 octo
1923 4005 2071 4061 vole-

493 4101 585 4152 bat
604 4139 618 4163 ,
651 4098 750 4150 tria
780 4110 906 4150 vero
934 4103 1059 4149 sunt
1088 4095 1245 4163 hujus
1275 4096 1609 4150 habitabiles.
1658 4095 1892 4149 Primum
1922 4094 2065 4163 quod

490 4199 575 4242 est
601 4189 740 4243 inter
768 4186 981 4241 Meroen
1007 4195 1061 4241 et
1090 4186 1344 4256 Syeuem,
1374 4187 1425 4239 in
1456 4202 1561 4254 quo
1585 4187 1700 4241 dies
1728 4188 2067 4257 longissimus

494 4288 579 4333 est
634 4279 885 4333 tredecim
932 4278 1212 4339 horarum,
1264 4277 1607 4332 brevissimus
1652 4278 1927 4343 undecim,
1980 4276 2068 4330 ubi

494 4373 614 4423 dum
646 4372 787 4422 horae
820 4369 1014 4422 faciunt
1053 4368 1426 4422 differentiam.
1460 4368 1585 4424 lude
1612 4370 1772 4423 etiam
1802 4369 1954 4423 clima
1985 4382 2072 4422 ra-

496 4464 728 4522 diorum,
756 4460 845 4513 ubi
877 4459 990 4514 dies
1015 4460 1323 4527 longissima
1354 4468 1437 4513 est
1462 4462 1764 4529 quindecim
1793 4460 2065 4527 horarum,

502 4551 815 4606 brevissima
860 4561 1022 4616 octo;
1070 4551 1140 4604 ibi
1172 4551 1522 4604 differentiam
1555 4566 1646 4605 sex
1677 4552 1821 4607 horse
1848 4554 2067 4609 faciunt.

502 4642 751 4695 Ultimum
797 4642 952 4694 clima
998 4651 1196 4694 nostra:
1215 4638 1567 4694 habitationis
1606 4640 1799 4694 dicitur
1824 4642 2073 4697 Boresto-

500 4732 698 4794 nicum,
727 4744 755 4782 a
790 4730 1074 4783 Borestene
1116 4730 1253 4793 lacu,
1285 4732 1492 4795 monte,
1520 4730 1735 4785 civitate
1783 4732 2068 4798 Armenia,

502 4825 586 4877 ubi
614 4864 629 4889 ,
668 4821 973 4888 secundum,
1012 4821 1205 4878 Bedam
1250 4821 1318 4876 de
1362 4820 1732 4894 Temporibus,
1781 4824 2071 4894 longissimi

499 4916 616 4967 dies
642 4920 768 4965 sunt
795 4911 1086 4965 octodecim
1120 4910 1395 4975 horarum,
1426 4912 1513 4964 ubi
1544 4926 1673 4975 sex;
1722 4914 1790 4968 ibi
1821 4913 2073 4969 differen-

500 5005 629 5057 tiam
660 5010 863 5071 septem
897 5000 1038 5055 hora
1069 4999 1283 5053 faciunt.
1318 5000 1374 5054 Si
1412 5002 1567 5055 aliter
1592 5002 1660 5055 ab
1687 5004 1967 5073 astrologis
1996 5005 2076 5059 di-

503 5097 676 5156 citur,
727 5090 903 5144 forsan
953 5091 1105 5144 aliter
1152 5105 1362 5159 quoque
1409 5090 1617 5144 climata
1666 5093 1970 5161 disponunt.
2016 5094 2073 5149 Si

510 5194 637 5234 vero
681 5178 873 5247 aliquis
918 5185 1119 5230 tantum
1166 5178 1513 5245 procederet,
1555 5179 1643 5247 qui
1697 5183 1875 5248 polum
1918 5196 2075 5248 supra

503 5269 757 5323 verticem
801 5266 1056 5327 haberet,
1105 5266 1191 5319 ille
1237 5265 1516 5319 dimidium
1557 5274 1759 5320 tantum
1804 5268 2076 5323 zodiacum

508 5360 731 5423 videret,
764 5365 817 5408 et
848 5363 1016 5407 totum
1049 5356 1420 5422 aequinoctiale
1453 5356 1779 5421 parallelum,
1815 5358 1957 5411 unde
1988 5361 2079 5411 ba-

511 5458 595 5504 let
627 5460 676 5503 et
708 5463 800 5517 per
831 5446 1108 5500 dimidium
1141 5461 1339 5499 annum
1372 5448 1509 5500 diem
1541 5449 1874 5513 continuum,
1907 5460 1956 5504 et
1987 5465 2082 5519 per

509 5536 785 5590 dimidium
844 5544 1049 5588 noctem
1110 5536 1438 5588 continuam.
1496 5534 1790 5590 Videnduiu
1851 5542 1973 5607 quid
2030 5542 2081 5594 in

515 5625 681 5693 primo
720 5626 931 5677 climate
971 5624 1191 5691 singulis
1233 5624 1508 5677 mensibus
1540 5625 1609 5679 de
1657 5641 1749 5679 sex
1793 5630 1953 5683 triens
1996 5646 2085 5685 ac-

512 5716 737 5769 crescit.
781 5724 831 5765 et
872 5714 923 5765 in
954 5712 1069 5766 aliis
1107 5727 1198 5766 sex
1244 5712 1515 5766 mensibus
1557 5725 1755 5771 tantum
1801 5720 2079 5777 decresc't.

2166 3282 2221 3335 in
2251 3282 2527 3338 reddendo
2556 3283 2976 3349 inundationem,
2999 3297 3051 3341 et
3077 3288 3198 3343 inde
3226 3300 3381 3344 terra:
3407 3304 3752 3347 moveantur.

2236 3372 2363 3427 Post
2388 3374 2687 3443 singulares
2717 3384 2871 3429 terra:
2902 3379 3252 3445 proprietates
3280 3380 3346 3434 de
3369 3384 3753 3437 communibus

2164 3469 2318 3517 terra:
2348 3472 2404 3517 et
2443 3477 2595 3532 aquae
2624 3464 2969 3532 disseramus,
3011 3476 3134 3520 sunt
3163 3468 3305 3522 enim
3353 3472 3465 3526 haec
3506 3472 3616 3527 duo
3646 3475 3758 3527 ele-

2167 3562 2347 3606 menta
2397 3552 2625 3607 invicem
2672 3553 2771 3607 sibi
2819 3555 2993 3619 mista,
3047 3568 3103 3609 ut
3149 3557 3292 3612 enim
3336 3559 3536 3629 liquido
3576 3571 3761 3629 pateat

2166 3640 2292 3709 quid
2340 3656 2526 3695 eorum
2578 3642 2682 3695 alio
2734 3643 2805 3695 sit
2849 3645 3113 3712 superius.
3180 3640 3312 3700 Nam
3364 3649 3417 3703 in
3468 3651 3793 3718 superficie.

2169 3741 2325 3783 terra:
2345 3745 2517 3799 aquas
2546 3730 2805 3797 videmus,
2834 3742 2889 3786 et
2920 3734 2970 3786 in
3003 3735 3151 3789 venis
3177 3735 3292 3804 ejus
3323 3736 3577 3802 fodiendo
3608 3742 3761 3794 inve-

2170 3822 2367 3876 nimus.
2392 3822 2589 3876 Verum
2618 3834 2792 3877 autem
2822 3826 3086 3879 Oceanum
3118 3829 3168 3880 in
3196 3829 3373 3883 medio
3400 3830 3634 3899 perustae
3667 3848 3758 3901 po-

2168 3916 2329 3969 situm
2362 3917 2481 3970 ideo
2508 3918 2714 3987 physici
2742 3917 3013 3985 referunt,
3046 3929 3103 3973 ut
3147 3922 3308 3989 ignis,
3345 3924 3503 3989 solis,
3544 3934 3601 3979 et
3627 3926 3758 3978 alia-

2168 4020 2285 4058 rum
2337 4007 2669 4074 planetarum
2713 4011 2863 4079 aquis
2909 4022 3360 4079 contemperetur.
3404 4013 3567 4071 Calor
3616 4017 3757 4072 enim

2171 4095 2451 4151 humorem
2481 4100 2731 4163 attrahit,
2761 4110 2814 4153 et
2843 4101 2965 4155 inde
3002 4104 3253 4169 pascitur.

2787 4190 3133 4247 Relrusionea.

2240 4275 2485 4331 Oceanus
2516 4278 2604 4333 ille
2634 4292 2792 4333 verus
2820 4290 2872 4334 et
2902 4280 3327 4338 mediterraneus
3354 4285 3486 4339 duas
3517 4286 3647 4342 facit
3675 4304 3759 4345 τες

2172 4366 2427 4434 fusiones,
2458 4369 2680 4423 alteram
2711 4371 2778 4423 ab
2806 4371 3024 4427 Oriente
3051 4374 3102 4428 in
3134 4376 3418 4444 Austrum,
3453 4381 3677 4435 alteram
3707 4382 3757 4437 in

2172 4456 2634 4529 Septentrionem,
2678 4455 2895 4514 alteram
2927 4463 2993 4517 ab
3020 4464 3335 4531 Occidente;
3384 4470 3511 4523 item
3555 4472 3606 4523 in
3650 4474 3759 4525 Au-

2174 4555 2345 4600 strum
2392 4556 2446 4600 et
2495 4548 2939 4617 Septentrionem.
2984 4552 3091 4608 Sed
3140 4554 3222 4609 his
3271 4559 3477 4621 duabus
3524 4577 3647 4630 qua
3697 4562 3760 4617 ad

2174 4638 2427 4691 Austrum
2472 4649 2781 4707 verguntur,
2828 4643 3120 4696 secundum
3162 4651 3443 4714 quosdam,
3493 4651 3639 4703 nulla
3684 4662 3765 4719 est

2127 4768 2149 4783 .,
2174 4728 2428 4797 cognitio.
2476 4728 2604 4795 Qua:
2651 4745 2775 4784 vero
2824 4732 2875 4783 in
2925 4731 3356 4805 Septentrionem
3409 4742 3758 4809 conveniunt,

2176 4830 2325 4876 tanto
2369 4823 2569 4892 impetu
2614 4834 2960 4889 concurrunt,
3010 4834 3067 4879 ut
3114 4828 3433 4896 impulsione
3472 4848 3565 4886 sua
3613 4835 3762 4890 illam

2180 4908 2441 4966 famosam
2493 4912 2851 4966 accessionem
2898 4926 2950 4969 et
2988 4919 3348 4974 recessiouem
3391 4922 3606 4987 faciant,
3650 4936 3760 4981 ter-

2176 5016 2395 5072 ramque
2422 5002 2587 5057 modo
2617 5004 2863 5067 obruant,
2904 5006 3065 5059 modo
3088 5014 3347 5075 relegant.
3382 5009 3451 5063 Ut
3497 5012 3576 5064 sol
3610 5011 3762 5068 llam-

2177 5091 2278 5145 mis
2308 5089 2420 5146 suis
2449 5093 2589 5148 solet
2613 5106 2778 5160 aquas
2806 5095 3075 5150 attrahere
3102 5096 3321 5161 Oceani,
3354 5114 3475 5167 quae
3504 5101 3628 5154 dum
3662 5121 3763 5159 nnn

2180 5182 2361 5235 valent
2408 5181 2461 5234 in
2507 5196 2633 5235 aere
2679 5182 2769 5235 diu
2815 5185 3088 5248 sustineri,
3131 5186 3371 5253 pondere
3416 5190 3761 5255 relabuntur;

2181 5270 2339 5335 unde,
2373 5271 2718 5327 inundatione
2748 5273 2907 5339 facta,
2928 5275 3215 5343 aliquando
3248 5286 3407 5331 terrae
3438 5281 3761 5338 obruuntur.

2182 5361 2284 5413 Alii
2316 5360 2496 5415 dicunt
2523 5362 2645 5431 quia
2676 5365 2817 5417 venti
2858 5381 3022 5434 aquas
3066 5367 3372 5436 impellant,
3406 5386 3457 5425 et
3489 5377 3568 5428 sic
3600 5387 3768 5431 terras

2183 5452 2441 5515 obruant;
2472 5466 2699 5519 cumque
2740 5453 2855 5507 illas
2884 5458 3216 5526 remiseriut,
3260 5463 3325 5515 ad
3359 5462 3572 5519 alveum
3614 5482 3765 5523 suum

2184 5552 2537 5595 revertantur.
2588 5543 2692 5597 Alii
2724 5545 2907 5598 dicunt
2938 5547 3291 5607 habitationes
3322 5570 3535 5611 nosuras
3570 5560 3769 5617 vicinas

2185 5649 2304 5688 esse
2333 5636 2411 5688 ori
2440 5633 2749 5699 Leviathan,
2784 5639 2871 5704 qui
2902 5638 3024 5692 dum
3056 5642 3228 5697 haurit
3259 5644 3471 5716 ﬂuctus,
3507 5660 3652 5707 terra
3681 5668 3769 5725 ap-

2186 5737 2369 5796 paret;
2404 5737 2454 5783 et
2485 5728 2607 5783 dum
2639 5730 2876 5796 remittit,
2909 5732 3168 5788 obruitur.
