3922 6246
796 530 1123 587 Exuriiones.

226 634 367 687 Sunt
401 639 663 701 praeterea
696 631 1039 684 :rstuationes
1070 629 1339 697 minores,
1369 628 1602 694 scilicet,
1639 642 1751 681 ma.

153 722 284 780 lina
330 733 387 780 et
426 723 666 777 ledones.
715 719 994 785 Ledones,
1043 733 1071 772 a
1102 719 1282 786 quinta
1314 719 1437 773 luna
1462 761 1475 783 ,
1506 718 1753 773 similiter

150 822 212 869 et
236 828 269 867 ι
302 814 560 885 vigesima
592 812 884 880 incipiunt;
928 820 982 866 et
1006 822 1132 881 quot
1164 812 1310 865 horis
1344 811 1603 866 accedunt
1629 852 1641 872 ,
1678 817 1755 863 tot

155 906 443 962 recedunt.
492 904 703 958 Malinte
729 912 852 957 sunt
879 902 1135 971 majores,
1160 917 1279 972 quze
1312 917 1343 955 a
1369 905 1523 956 tertia
1548 901 1753 957 decima

153 1004 213 1048 et
249 994 509 1064 vigesima
542 995 767 1061 septima
801 994 920 1045 luna
954 992 1251 1062 incipiunt,
1283 1002 1334 1047 et
1364 1007 1456 1047 sex
1488 992 1675 1046 diebus
1704 1000 1757 1046 et

160 1085 469 1154 quindecim
512 1084 661 1137 horis
708 1084 936 1149 durant,
985 1092 1038 1137 et
1078 1094 1200 1136 Sunt
1244 1083 1460 1137 citiores
1504 1084 1555 1136 in
1606 1096 1757 1135 acce-

161 1159 367 1245 dendo,
424 1178 687 1231 tardiores
736 1176 789 1229 in
842 1176 1166 1231 recedendo.
1225 1176 1495 1230 Exa‘stuat
1546 1188 1759 1243 quoque

162 1282 318 1323 mare
346 1271 485 1322 inter
511 1265 653 1320 diem
684 1275 737 1320 et
766 1276 979 1321 noctem
1010 1275 1123 1331 ter;
1154 1266 1235 1320 bis
1271 1268 1323 1320 in
1353 1266 1537 1320 aestivo
1567 1263 1671 1329 die,
1706 1274 1760 1319 et

160 1357 337 1413 semel
372 1359 423 1410 iu
454 1366 644 1423 nocte;
676 1356 758 1411 bis
780 1357 832 1409 in
859 1355 1073 1410 hiemali
1101 1363 1276 1422 nocte,
1307 1358 1471 1412 semel
1501 1356 1552 1410 in
1574 1357 1681 1423 die,
1706 1366 1761 1409 et

155 1452 488 1506 dodrantem
548 1459 602 1505 et
658 1448 990 1503 semunciam
1050 1448 1198 1505 horae
1249 1449 1442 1515 durat;
1500 1450 1593 1504 sed
1648 1450 1761 1503 sive

158 1548 496 1603 exmstnent,
537 1538 653 1593 sive
683 1549 845 1593 vento
884 1538 1247 1607 impellantur,
1280 1539 1401 1592 dein
1430 1548 1483 1594 et
1512 1539 1632 1592 dein
1664 1539 1759 1591 litt-

48 1678 67 1687 -
160 1641 286 1686 ctus
316 1631 658 1694 ordinantur,
689 1644 914 1699 quorum
946 1629 1187 1683 decimus
1214 1639 1295 1685 est
1336 1630 1617 1683 maximus.
1654 1632 1760 1682 An-

160 1731 322 1791 getur
348 1735 563 1789 quoque
594 1734 743 1773 mare
774 1719 1066 1772 secundum
1102 1719 1248 1773 lunae
1283 1719 1676 1797 incrementum
1708 1728 1760 1771 et

160 1814 574 1867 detrimentum.
622 1810 757 1865 Nam
804 1810 1092 1879 incipiente
1139 1811 1231 1864 illa
1272 1825 1533 1871 crescere.
1566 1811 1760 1864 ere-cit

1431 412 1649 473 ιιυΝῡι
1689 408 2166 470 οοΝετιτυτιο.

1784 532 1830 590 Α
1860 542 1979 581 nem
2012 526 2124 579 civi.
2154 535 2253 580 vtes
2283 524 2898 588 f.tniosas,~Adritnetum
2927 532 3047 580 octo
3076 525 3232 578 millia
3258 566 3270 589 ,
3310 526 3439 594 liip-
3486 508 3492 539 ³

3337 410 3441 467 883

1860 633 2017 687 pone.
2068 618 2123 671 Et
2150 632 2275 686 ropa
2331 616 2489 672 habet
2539 619 2589 671 in
2639 619 2980 675 Occidentem
3036 618 3338 686 Hispaniain
3391 634 3442 673 et

1856 712 2055 781 Calpen
2078 754 2091 774 ,
2146 729 2175 763 η
2206 713 2634 778 Septentrionem
2668 714 2965 768 Maeotidcm
3001 715 3243 783 paludem
3266 757 3279 777 .
3314 731 3453 771 ver-~

1859 817 1950 857 sus
1978 806 2108 857 Aust
2144 819 2230 857 um
2263 802 2541 857 Graeciam.

2538 893 2590 947 Ν
2594 894 2775 947 ebulw.

1934 985 2057 1039 llaec
2086 985 2191 1039 duo
2221 985 2480 1041 elementa
2520 985 2751 1041 invicem
2780 985 2881 1040 sibi
2913 986 3065 1039 mista
3104 994 3247 1041 sunt.
3280 986 3444 1040 Terra

1861 1078 2004 1129 enim
2034 1085 2414 1139 evanesceret,
2449 1074 2550 1129 nisi
2580 1090 2837 1145 aquarum
2869 1076 3187 1129 humoribus
3226 1078 3443 1144 conglu-

1863 1168 2123 1221 tinaretur
2170 1184 2184 1220 :
2234 1184 2350 1233 quze
2395 1167 2520 1220 dum
2567 1168 2853 1234 aliquando
2902 1168 3155 1221 humores
3205 1168 3442 1226 exhalat.

1862 1260 2213 1313 ascendentes
2248 1241 2754 1323 nebulse’dicuntur,
2785 1258 2911 1312 dum
2941 1259 3059 1312 coeli
3103 1259 3289 1312 faciem
3322 1274 3446 1326 ape-

1864 1351 2005 1405 riunt
2032 1350 2228 1414 nubes,
2262 1351 2388 1406 dum
2420 1351 2466 1404 vi
2498 1360 2777 1405 ventorum
2806 1342 3289 1420 stringuntur,~aut
3318 1352 3451 1404 Solis

1862 1443 2043 1497 calore
2071 1442 2367 1511 depluunt,
2415 1451 2469 1497 et
2496 1442 2748 1497 dicuntur
2780 1440 2992 1510 pluviae.
3043 1441 3241 1495 Pluvia:
3272 1451 3447 1495 autem

1860 1544 2017 1598 sunt,
2049 1549 2168 1588 cum
2195 1533 2350 1603 iuges
2394 1544 2519 1588 sunt
2557 1544 2613 1588 et
2660 1534 2852 1599 lente;
2903 1534 3101 1588 imbres
3130 1533 3292 1598 ﬁunt,
3326 1549 3446 1587 cum

1861 1628 2123 1681 salutares
2154 1627 2421 1691 veniunt,
2453 1634 2512 1680 ut
2549 1625 2602 1680 in
2646 1639 2773 1679 vere
2812 1639 2932 1679 cum
2965 1625 3204 1696 gramina
3251 1627 3451 1693 produ-

1862 1726 2021 1782 cunt;
2055 1716 2218 1771 nimbi
2249 1726 2410 1783 sunt,
2441 1731 2562 1771 cum
2606 1717 2785 1771 subito
2813 1724 2868 1772 et
2904 1717 3161 1770 damnose
3206 1716 3448 1769 veniunt.

2571 1806 2749 1861 Nirea.

160 1918 317 1958 mare
349 1917 444 1969 per
470 1901 585 1956 dies
616 1911 825 1969 septem
846 1940 862 1967 ,
906 1911 961 1955 et
990 1916 1085 1971 per
1113 1902 1332 1955 totidem
1366 1902 1637 1969 proximos
1662 1901 1756 1955 de-
1790 1890 1839 1948 Β
1936 1897 2070 1954 Cum
2117 1888 2370 1953 humores
2414 1898 2728 1953 nebularum
2774 1898 3106 1962 ascendunt,
3147 1896 3190 1949 si
3239 1906 3455 1950 terreno

156 1993 383 2047 crescit.
446 1992 652 2047 Rursus
707 2008 806 2063 per
858 2002 1145 2061 sequentes
1198 2003 1405 2062 septem
1461 1996 1753 2062 recrescit,

160 2096 336 2151 usque
367 2081 434 2136 ad
465 2082 781 2153 vigesimum
814 2082 1045 2151 primum
1072 2082 1235 2149 diem,
1264 2094 1316 2139 et
1346 2085 1471 2139 inde
1501 2094 1638 2139 terra
1669 2084 1759 2139 de-

159 2173 365 2229 crescit
410 2187 577 2243 usque
617 2173 684 2227 ad
714 2174 1030 2243 vigesimum
1070 2185 1314 2229 octavum
1355 2177 1518 2231 diem.
1564 2176 1759 2229 Notan-

159 2262 291 2318 dum
319 2278 450 2318 vero
491 2265 617 2318 licet
659 2264 763 2320 hoc
804 2268 962 2319 modo
1003 2274 1279 2333 augeatur,
1323 2282 1426 2322 non
1475 2279 1649 2324 tamen
1692 2270 1757 2323 ad

162 2356 441 2428 proprium
473 2366 670 2411 statum
692 2399 707 2422 ,
741 2358 842 2411 nisi
872 2366 992 2427 post
1017 2369 1139 2413 octo
1164 2375 1335 2414 annos
1375 2363 1573 2417 redeat.
1612 2362 1759 2417 Luna

160 2463 380 2518 quoque
429 2465 534 2519 quo
585 2450 704 2520 plus
756 2449 1215 2520 Septentrionales
1262 2463 1442 2523 partes
1489 2456 1755 2523 attigerit,

164 2547 316 2593 tanto
348 2541 468 2608 plus
498 2557 647 2597 mare
664 2526 902 2615 crescit;
936 2545 1112 2599 minus
1144 2558 1296 2612 vero,
1325 2558 1431 2613 quo
1469 2545 1557 2599 illa
1590 2546 1759 2614 magis

161 2631 423 2683 Austrum
482 2631 745 2699 possidet.
810 2632 1005 2687 Dicunt
1058 2634 1263 2702 physici
1323 2634 1509 2689 lunare
1564 2649 1759 2703 corpus

160 2720 427 2790 quasdam
473 2721 798 2777 inﬂuxiones
842 2730 897 2779 et
937 2724 1255 2779 eﬂluxiones
1300 2724 1515 2791 habere,
1561 2736 1615 2781 et
1659 2725 1760 2781 hoc

161 2812 335 2882 magis
375 2827 442 2867 ex
489 2814 732 2869 dulcibus
779 2816 931 2885 aquis
980 2817 1246 2885 provenit,
1293 2819 1482 2873 solaris
1524 2834 1652 2874 vero
1691 2820 1759 2876 de

161 2894 342 2957 salsis.
393 2904 597 2959 Praeter
629 2905 726 2959 has
754 2905 1054 2960 refusioncs
1096 2917 1221 2962 sunt
1262 2909 1381 2963 alite
1423 2911 1754 2967 refusionum

163 2992 483 3057 refttsiuncs,
529 3008 647 3062 qua:
693 2993 850 3048 factae
889 2995 1139 3049 dicuntur
1182 3012 1277 3065 per
1320 2998 1623 3063 llcrculem,
1667 3004 1755 3071 qui

162 3097 285 3137 cum
315 3082 703 3140 habitationem
750 3094 989 3140 nostram
1018 3086 1202 3141 dulces
1245 3098 1420 3144 tamen
1461 3105 1625 3159 aquas
1658 3090 1752 3145 lia-

162 3173 298 3229 bere
347 3174 585 3241 videret,
640 3176 890 3247 perfregit
939 3177 1150 3232 radices
1195 3178 1421 3234 duorum
1467 3183 1751 3248 montium,

162 3262 406 3327 scilicet,
432 3264 767 3329 Adamantis,
801 3275 853 3318 et
879 3264 1091 3334 Calpes,
1125 3283 1347 3335 quorum
1380 3269 1533 3335 alter,
1569 3272 1620 3324 id
1652 3281 1755 3343 est,

163 3352 339 3418 Atlas,
366 3354 625 3408 remansit
658 3353 709 3408 in
738 3353 1075 3420 Mauritania,
1100 3358 1293 3425 Calpes
1322 3360 1373 3412 in
1407 3360 1682 3429 lliSpania.

738 3443 1190 3498 Mediterraneum.

240 3531 382 3586 [nter
412 3532 511 3587 bos
538 3542 782 3599 montes,
819 3534 868 3585 id
902 3544 983 3588 est
1005 3576 1021 3598 ,
1052 3534 1251 3603 Calpen
1282 3546 1334 3590 et
1371 3538 1719 3596 Adamantem
1741 3584 1756 3610 ,

163 3621 362 3676 fretum
391 3622 694 3677 immissum
739 3624 1075 3679 latitudinem
1107 3626 1267 3683 habet
1296 3632 1528 3701 quinque
1569 3636 1759 3689 millia-

164 3718 280 3782 ria,
311 3718 606 3789 dividitque
634 3719 867 3774 Alricam
899 3722 967 3776 ab
1014 3723 1243 3793 Europa.
1290 3725 1443 3782 Facit
1471 3738 1648 3784 autem
1682 3732 1759 3784 fa—

162 3825 347 3866 mosos
393 3810 581 3876 sinus,
627 3806 887 3867 Galicialtn
938 3813 992 3868 ia
1040 3814 1375 3871 Narbonensi
1425 3818 1643 3887 regione
1691 3823 1755 3873 ad

163 3913 403 3955 montem
441 3902 792 3956 Pessulanum
816 3946 831 3969 ,
862 3903 983 3957 facit
1014 3905 1284 3961 Corsicam
1314 3908 1540 3962 insulam
1563 3950 1577 3972 ,
1613 3910 1758 3963 dici-

128 4045 133 4048 .
162 4002 363 4061 turque
391 3992 729 4061 Tyrrhenum
763 3995 814 4047 in
847 3993 1041 4047 finibus
1088 3996 1247 4050 Italiae
1286 4016 1299 4049 :
1348 4000 1437 4068 qui
1470 3998 1755 4071 Carthagi-

162 4100 286 4138 nem
318 4085 532 4152 reSpicit
555 4125 570 4149 ,
600 4085 829 4150 scilicet,
865 4086 1006 4141 inter
1044 4088 1249 4144 Italiam
1282 4102 1334 4146 et
1365 4094 1598 4149 Siciliam
1622 4142 1637 4165 ,
1666 4099 1751 4152 di-

159 4176 302 4226 citur
356 4172 588 4239 lenium,
639 4175 785 4229 circa
839 4176 1082 4234 Siciliam
1136 4183 1495 4250 Adriaticum,
1554 4189 1644 4255 qui
1702 4193 1751 4243 in

159 4264 384 4317 Oriente
432 4263 633 4317 Italiam
688 4266 876 4333 alluit;
930 4267 1165 4338 facitque
1217 4274 1481 4327 maritima
1532 4276 1754 4331 Gri-circ

161 4353 278 4408 loca
323 4368 510 4407 versus
552 4359 805 4411 Austrum
859 4359 1109 4427 plurima,
1161 4361 1425 4434 Cyprum,
1481 4367 1749 4436 Rhodum,

160 4445 511 4515 Carpathum,
543 4456 597 4502 et
622 4448 707 4503 ubi
736 4450 929 4505 desinit
960 4450 1101 4527 dare.
1124 4456 1411 4511 terminum
1440 4458 1578 4514 inter
1609 4460 1751 4515 Afri-

1866 1991 2066 2059 frigore
2107 1992 2520 2060 praeveniantur,
2572 1991 2623 2043 in
2672 1989 2820 2045 nives
2861 1998 3285 2044 convertuntur:
3330 2005 3449 2054 quae

1865 2083 2035 2155 magis
2064 2084 2117 2138 in
2148 2092 2356 2138 montes
2395 2082 2589 2137 cadere
2617 2082 2827 2147 solent,
2854 2094 3013 2149 qtram
3058 2081 3108 2134 in
3155 2081 3270 2134 loca
3300 2094 3444 2132 cam-

1866 2158 2097 2245 pestria,
2131 2175 2211 2228 vel
2240 2176 2361 2242 quia
2408 2174 2510 2227 illis
2552 2174 2720 2242 magis
2755 2172 3016 2227 celsitudo
3059 2174 3317 2225 montium
3350 2170 3446 2223 ob“-

1862 2273 2004 2330 stet,
2038 2264 2122 2319 vel
2151 2264 2275 2332 quia
2307 2264 2376 2317 ibi
2411 2262 2579 2332 magis
2608 2263 2867 2332 spiracula
2902 2261 3112 2330 frigoris
3144 2260 3441 2314 abundant.

1866 2355 2003 2410 Sunt
2030 2362 2210 2407 autem
2239 2352 2510 2422 duplices,
2542 2368 2659 2422 qua:
2690 2354 2742 2406 in
2775 2351 3032 2406 muleebri
3065 2366 3193 2406 aere
3220 2351 3414 2406 cadunt
3436 2390 3451 2411 .

1866 2459 1919 2503 ut
1948 2461 2173 2518 grossae,
2202 2461 2322 2514 qua:
2365 2444 2544 2498 statim
2590 2445 2923 2513 liquescunt;
2965 2453 3016 2496 et
3048 2444 3164 2496 alite
3209 2444 3448 2508 minutae,

1863 2556 1984 2609 qua:
2030 2540 2081 2593 in
2114 2536 2335 2593 uredine
2363 2535 2577 2605 frigoris
2602 2534 2857 2590 cadentes
2889 2538 3014 2590 tecti
3058 2534 3312 2587 t‘oratnina
3357 2548 3452 2600 pe—

1865 2639 2102 2686 netrant.
2135 2628 2297 2684 Nives
2328 2630 2487 2683 etiam
2536 2628 2591 2681 in
2634 2627 2744 2681 alto
2788 2628 2919 2681 mari
2954 2641 3059 2680 non
3090 2628 3285 2679 cadunt
3306 2665 3319 2689 ,
3352 2626 3443 2679 sed

1864 2736 2020 2776 secus
2050 2719 2215 2775 littus.
2248 2717 2381 2773 Nam
2408 2716 2575 2771 calida
2601 2726 2685 2771 est
2709 2732 2844 2786 aqua
2876 2717 3017 2769 salsa
3042 2760 3056 2783 ,
3086 2727 3139 2769 et
3173 2727 3448 2768 terrenum

1862 2814 2030 2881 frigus
2078 2811 2300 2881 impedit
2358 2826 2424 2865 ne
2473 2823 2650 2864 aerem
2713 2823 2873 2878 super
2914 2823 2975 2862 se
3018 2809 3259 2875 attingit.
3312 2808 3445 2861 llinc

1863 2916 2074 2973 quoque
2105 2902 2367 2959 sententia
2412 2902 2503 2954 illa
2542 2900 2818 2966 astruitur,
2853 2900 2977 2968 quia
3019 2899 3098 2952 sol
3142 2898 3211 2952 de
3254 2898 3442 2951 calidis

1861 2997 2015 3064 aquis
2041 2997 2205 3048 maris
2235 3002 2505 3061 pascatur.
2538 2992 2683 3046 Luna
2714 3006 2841 3046 vero
2870 2990 2937 3045 de
2966 2991 3210 3045 dulcibus
3244 2999 3443 3041 tantum

1861 3098 1913 3142 et
1944 3086 2173 3157 frigidis,
2215 3100 2335 3154 quae
2373 3093 2428 3140 et
2471 3085 2686 3153 proprio
2724 3083 2903 3137 calore
2943 3091 3090 3135 caret
3130 3091 3184 3135 et
3224 3082 3445 3135 lumine.

1864 3176 1967 3233 Alii
1989 3177 2175 3232 dicunt
2193 3176 2370 3231 omnia
2394 3176 2636 3231 caelestia
2658 3187 2884 3242 corpora
2906 3172 2973 3227 de
2994 3172 3240 3225 dulcibus
3272 3175 3412 3240 pasci
3432 3188 3447 3233 ;

1862 3284 1986 3323 nam
2025 3266 2212 3321 dulces
2254 3278 2406 3335 aqua;
2448 3279 2595 3319 mare
2631 3264 2894 3317 intrantes
2961 3262 3204 3317 feruntur
3244 3264 3295 3315 in
3336 3263 3452 3331 ejus

1852 3357 2170 3430 superficie,
2204 3355 2344 3408 unde
2393 3369 2539 3407 mare
2585 3354 2686 3408 sibi
2738 3353 3008 3406 attrahere
3048 3353 3300 3406 dicuntur
3340 3355 3454 3419 pla-

1862 3458 2021 3502 netae.
2058 3447 2142 3500 Fit
2172 3446 2421 3517 quaestio,
2468 3460 2587 3497 cum
2616 3443 2787 3498 calida
2835 3445 2905 3498 sit
2938 3458 3097 3519 aqua,
3130 3458 3296 3511 quare
3329 3453 3451 3496 tunc

1863 3539 2025 3593 homo
2057 3548 2306 3594 contactu
2334 3539 2476 3593 illius
2503 3538 2755 3607 frigescat
2784 3538 2953 3607 magis
2982 3552 3140 3606 quam
3172 3546 3346 3590 terrae.
3386 3538 3454 3589 Et

1861 3633 2125 3688 Solvitur:
2162 3633 2282 3700 quia
2325 3635 2426 3686 hoc
2456 3632 2525 3685 de
2564 3630 2809 3684 dulcibus
2850 3640 3053 3683 tantum
3094 3628 3295 3694 evenit,
3339 3644 3443 3682 nun

1862 3727 1930 3779 de
1968 3724 2144 3778 salsis.
2192 3723 2281 3776 Vel
2325 3730 2498 3789 potest
2540 3722 2639 3774 hoc
2678 3720 2837 3774 etiam
2879 3733 2999 3773 esse
3042 3729 3147 3772 tam
3190 3720 3256 3773 de
3294 3719 3452 3772 salsis

1864 3829 2020 3883 quam
2050 3814 2115 3867 de
2145 3812 2409 3879 dulcibus,
2453 3822 2508 3866 et
2538 3809 2779 3878 frigescit
2813 3825 2879 3865 ex
2919 3810 3021 3864 hoc
3059 3811 3227 3878 magis
3268 3813 3448 3871 homo,

1860 3907 1981 3975 quia
2014 3905 2430 3975 conglutinatior
2468 3920 2603 3973 aqua
2636 3914 2741 3968 est,
2774 3915 2828 3958 et
2868 3907 3035 3972 magis
3076 3904 3313 3956 adhzrret
3353 3904 3447 3954 hoc

1862 3999 1991 4052 tniui
2023 4014 2182 4069 quam
2213 4006 2375 4059 terra,
2418 3997 2461 4049 si
2503 3997 2578 4049 illi
2623 3996 2948 4063 imponatur,
2982 3995 3209 4063 ideoque
3238 3994 3445 4045 subtili-

1863 4091 1954 4143 tati
1986 4104 2135 4157 aqua:
2176 4089 2276 4141 hoc
2306 4086 2587 4151 attribuas,
2620 4102 2738 4155 qua:
2780 4088 2946 4157 magis
2976 4100 3136 4155 poros
3175 4094 3442 4155 penetrat,

1860 4193 1948 4234 aut
1979 4182 2081 4235 illis
2110 4195 2169 4234 se
2195 4178 2448 4247 applicat.
2482 4180 2568 4234 Fit
2596 4194 2806 4249 quoque
2832 4180 3077 4249 qua-stin,
3106 4195 3224 4233 cum
3249 4179 3315 4233 de
3342 4181 3451 4234 sal-

1858 4271 1933 4324 sis
1975 4270 2125 4339 aquis
2164 4270 2373 4325 nebulae
2415 4269 2752 4338 proveniant,
2784 4284 2903 4327 eum
2940 4268 3132 4335 pluvia:
3163 4269 3342 4323 dulces
3374 4272 3449 4323 ad.

1861 4378 1959 4417 nos
1986 4363 2333 4429 descendant,
2357 4363 2477 4431 quia
2511 4363 2709 4429 poteris
2736 4362 3000 4427 imputare
3026 4360 3139 4414 sive
3172 4362 3451 4416 imtneusis

1861 4456 2119 4509 tractibus
2144 4455 2306 4517 aeris,
2333 4454 2447 4507 sive
2473 4452 2641 4506 calori
2671 4452 2820 4506 solis.
2855 4451 3004 4520 Quod
3034 4460 3209 4507 autem
3244 4462 3446 4507 tantam

159 4555 278 4594 cam
306 4550 359 4596 et
388 4543 588 4612 Asiam,
621 4545 806 4614 incipit
834 4546 982 4601 Nilus
1011 4563 1196 4607 versus
1224 4552 1675 4621 Septentrionem,
1701 4570 1748 4612 et
1792 4588 1839 4647 Β
1868 4558 2181 4618 poteStatcm
2222 4548 2384 4602 habet
2423 4546 2559 4615 ignis
2581 4590 2594 4613 ,
2627 4546 2871 4601 videmus
2914 4546 2966 4600 in
3010 4548 3206 4600 amaris
3249 4546 3450 4612 herbis,

159 4630 358 4684 dicitur
389 4632 785 4702 Hellespontus,
822 4636 958 4690 inter
984 4638 1177 4694 Seston
1211 4651 1264 4694 et
1292 4644 1539 4712 Abydon,
1574 4647 1625 4699 in
1661 4650 1751 4701 ul-

160 4722 346 4776 teriori
377 4722 598 4783 Pontus,
634 4724 757 4777 inde
784 4723 1094 4790 Propontis,
1128 4729 1251 4783 inde
1285 4730 1611 4800 Bospltorus,
1647 4734 1748 4788 ibi-

159 4826 265 4881 que
291 4811 486 4864 desinit
507 4813 635 4866 dare
668 4816 974 4868 terminum.
1011 4816 1155 4871 Inter
1186 4818 1450 4887 Eumpam
1483 4831 1535 4876 et
1566 4824 1748 4877 Asiam

159 4912 267 4957 stat
314 4901 531 4969 Tanais,
585 4904 675 4973 qui
722 4905 791 4960 de
838 4907 1073 4976 Ripltaeis
1132 4911 1401 4965 montibus
1448 4915 1641 4983 oritur,
1698 4925 1753 4972 et

158 5004 468 5063 atagnaotes
515 4993 788 5049 Mareotides
824 4998 1054 5062 \paludes
1101 4998 1245 5054 facit.
1296 5001 1551 5058 Similiter
1598 5014 1652 5059 et
1696 5008 1749 5062 in

156 5086 383 5142 Oriente
402 5084 651 5156 Caspium
680 5088 914 5154 erumpit
942 5090 1287 5158 Erythreum,
1310 5098 1397 5163 qui
1426 5108 1479 5151 et
1509 5097 1750 5156 Rubeum

159 5176 385 5245 dicitur,
416 5193 538 5234 nam
582 5176 733 5230 alluit
764 5176 911 5231 littus
943 5178 1217 5246 Rubrum;
1264 5185 1404 5239 unde
1445 5202 1594 5255 aqua:
1642 5206 1751 5242 rna-

160 5269 292 5322 rinre
318 5270 651 5334 colorantur,
686 5269 889 5340 fertque
938 5269 1010 5324 ibi
1056 5270 1257 5341 lapides
1296 5280 1575 5341 pretiosos.
1624 5281 1749 5335 Asia

160 5357 584 5427 magnitudinem
615 5360 845 5431 Europa:
876 5368 933 5416 et
963 5361 1154 5416 Africae
1186 5364 1447 5431 possidet,
1481 5376 1535 5422 et
1566 5371 1750 5439 incipit

160 5446 231 5502 ab
280 5446 451 5501 hortis
501 5448 673 5515 Edon,
733 5450 785 5504 id
843 5461 944 5515 est,
999 5468 1029 5506 a
1073 5453 1377 5509 deliciarum
1433 5456 1637 5525 hortis;
1696 5464 1748 5515 in

161 5540 383 5597 Oriente
424 5550 476 5594 et
524 5540 574 5595 in
624 5544 822 5597 Austro
867 5544 987 5598 Nilo
1031 5548 1365 5617 terminatur,
1418 5550 1469 5601 in
1515 5550 1745 5619 Septen-

162 5634 336 5688 trione
366 5630 554 5687 Tanai.
591 5632 770 5687 Africa
813 5634 865 5688 iu
906 5639 1116 5704 angulis
1158 5640 1270 5694 suis
1312 5640 1471 5696 habet
1499 5640 1744 5711 Cyrenen

158 5726 427 5781 civitatem
448 5763 464 5791 ,
512 5732 565 5779 et
606 5724 1020 5781 Catabalhmutn
1050 5744 1235 5784 versus
1264 5731 1519 5787 Austrum
1562 5732 1613 5787 in
1645 5733 1746 5790 0c-

160 5819 451 5877 cidentem.
496 5819 864 5877 Mauritaniam
898 5831 949 5878 et
982 5822 1246 5879 Atlantem
1268 5868 1281 5895 ,
1328 5826 1379 5883 iu
1414 5827 1743 5899 Septentrio-

1020 6086 1033 6111 Ι

1862 4655 1995 4710 quas
2050 4641 2118 4695 ad
2173 4641 2483 4711 patientiam
2514 4649 2700 4707 gustus
2753 4638 3024 4704 excoquit,
3080 4640 3159 4693 vel
3218 4640 3268 4692 in
3323 4656 3449 4695 aere

1856 4732 1998 4785 dulci
2051 4731 2456 4783 amaritudinem
2512 4729 2704 4782 amittit
2761 4728 2954 4782 humor
3010 4744 3249 4791 amarus,
3307 4732 3442 4783 sicut

1856 4822 2037 4876 dulces
2061 4835 2212 4889 aqum
2244 4822 2296 4873 in
2328 4835 2476 4875 mare
2504 4822 2724 4885 cadunt,
2752 4828 2805 4873 et
2834 4836 3041 4874 rursum
3074 4835 3166 4888 per
3195 4831 3441 4875 tracones

1830 4912 2114 4987 quosdam
2143 4912 2208 4965 ad
2247 4914 2460 4966 alveum
2507 4928 2661 4966 suum
2712 4922 3050 4965 revertuntur
3080 4913 3281 4966 dulces.
3335 4911 3448 4965 lloe

1854 5015 2031 5060 autem
2062 5004 2297 5071 experiri
2357 5008 2577 5073 poteris.
2635 5004 2765 5057 Nam
2822 5004 2865 5058 si
2896 5004 3081 5060 dulces
3130 5019 3299 5075 aquas
3353 5020 3447 5074 per

1857 5102 2028 5171 algim
2062 5100 2223 5154 maris
2254 5084 2535 5164 celaveris,
2568 5109 2929 5152 amarescent.

2543 5186 2772 5240 Grando.

1922 5280 2123 5343 Nubes,
2154 5287 2211 5333 ut
2236 5278 2489 5343 diximus,
2524 5279 2901 5343 viventorum,
2953 5281 3034 5335 vel
3085 5283 3215 5337 solis
3270 5285 3448 5338 calore

1854 5373 2239 5433 dissolvuntur,
2269 5381 2323 5426 et
2354 5372 2413 5425 lit
2442 5371 2618 5439 pluvia
2644 5387 2658 5433 ;
2692 5387 2810 5440 qua:
2829 5374 2872 5425 si
2908 5383 3120 5427 terreno
3163 5376 3357 5445 frigore
3387 5380 3437 5430 in

1853 5465 2089 5521 cadendo
2126 5462 2543 5532 prteveniuntur,
2581 5462 2632 5513 in
2686 5460 3001 5530 grandinem
3035 5477 3437 5520 commutantur

1851 5564 1903 5608 et
1932 5555 2279 5609 dealbantur:
2310 5568 2533 5623 quarum
2565 5552 2757 5620 duplex
2804 5565 2883 5606 est
2916 5570 3103 5623 genus.
3158 5555 3288 5609 Nam
3338 5560 3435 5611 nti-

1851 5659 1979 5702 nuta
2007 5650 2111 5701 nivi
2140 5647 2365 5702 admista
2394 5648 2537 5701 venit
2561 5647 2612 5700 in
2648 5646 2861 5711 frigore.
2900 5650 3014 5705 Alia
3049 5650 3096 5700 in
3152 5649 3330 5703 vernis
3380 5664 3435 5705 et

1849 5741 2049 5795 aestivis
2080 5741 2266 5795 diebus
2294 5752 2347 5795 et
2371 5741 2537 5809 magis
2565 5756 2720 5804 quam
2748 5741 2797 5793 in
2832 5750 3013 5796 nocte.
3070 5740 3245 5796 Nubes
3270 5743 3429 5796 etiam

1854 5844 2053 5899 quanto
2078 5835 2233 5891 altius
2258 5836 2553 5898 elevantur,
2589 5835 2851 5904 incipiunt
2881 5838 3183 5904 attenuari,
3229 5848 3285 5893 et
3342 5850 3387 5903 [τί
3411 5850 3433 5886 ι’
