3922 6246
375 350 399 451 ”,
429 392 534 445 887

911 396 1112 452 BED/E
1153 398 1605 456 VENERABILIS
1646 399 1796 456 OPP.
1838 399 2013 458 PARS
2051 400 2095 457 Ι.
2133 398 2325 458 SECT.
2366 402 2434 459 ll.
2475 431 2547 446 -
2587 404 2793 460 DUBIA
2835 401 2924 459 ET
2962 401 3229 460 SPUlllA.

3596 404 3708 458 888

429 522 610 562 aerem
640 508 910 579 disrcrgi;
943 523 996 567 et
1023 514 1234 581 quando
1261 517 1342 570 sol
1376 531 1480 569 non
1514 524 1688 584 potest
1733 530 1896 584 aquas
1937 525 2016 570 at-
2044 519 2092 578 Λ
2121 517 2344 585 sepibus
2373 527 2435 572 et
2470 519 2633 574 ramis
2662 521 2910 573 arborum
2944 518 3187 573 inhaeret.
3221 517 3376 572 Aliud
3409 532 3624 587 quoque
3651 519 3706 573 in

433 608 623 678 tactas.
652 599 752 654 sibi
811 602 1174 672 incorporare,
1225 614 1279 659 et
1321 606 1709 661 immensitales
1752 621 2012 676 aquarum

434 690 989 758 periinittitdecidere,
1030 693 1364 762 frequentius
1392 696 1587 750 cadunt
1620 699 1670 750 in
1723 712 1908 762 mare;
1960 705 2015 751 et

430 781 509 834 sic
541 781 680 835 Deus
709 786 876 849 parcit
903 793 1076 838 teme.
1111 786 1242 850 Quia
1274 787 1550 841 manubias
1595 786 1824 841 dicimus
1870 804 2014 842 com-

432 871 657 933 positum
691 886 719 923 a
763 887 938 935 manu,
978 873 1116 940 quod
1148 885 1230 926 est
1262 875 1478 939 bonum,
1530 883 1583 927 et
1634 875 1864 930 nubibus
1916 890 2014 944 per

428 959 737 1024 antithesin,
768 963 917 1029 quasi
952 963 1172 1017 minime
1200 965 1397 1016 bonum
1441 965 1682 1017 nubium.

1155 1057 1278 1109 Aer.

503 1142 790 1212 Postquam
824 1145 891 1200 de
925 1156 1062 1200 terra
1102 1157 1157 1200 et
1184 1162 1318 1216 aqua
1349 1147 1605 1211 diximus,
1638 1147 1705 1200 de
1733 1162 1860 1202 aere
1895 1163 2016 1212 pro-

381 1283 385 1310 Ξ
423 1235 568 1286 ximo
593 1235 683 1288 illo
709 1236 1061 1302 disseramus,
1094 1239 1246 1307 cujus
1291 1249 1468 1292 motus
1498 1255 1659 1293 causa
1695 1228 2009 1308 perhibetur

378 1316 386 1366 ἶ
422 1341 558 1391 aqua
590 1343 603 1378 :
637 1342 752 1394 qum
783 1338 949 1393 mota,
984 1330 1298 1384 naturaliter
1321 1341 1498 1383 movet
1523 1345 1725 1384 aerem.
1756 1332 1860 1386 Sed
1886 1348 2010 1386 cum

423 1429 699 1474 moveatur
723 1422 788 1474 ab
820 1422 1059 1488 Oriente,
1098 1423 1271 1477 Eurus
1299 1423 1530 1488 dcitur;
1564 1433 1617 1477 et
1666 1439 1787 1477 cum
1819 1425 1886 1478 ab
1912 1425 2014 1478 Uc-

421 1508 654 1574 cidentc,
703 1509 1015 1582 Zephyrus;
1045 1527 1166 1565 cum
1211 1528 1240 1566 a
1271 1512 1517 1578 meridie,
1563 1513 1798 1578 Auster;
1829 1529 1947 1566 cum
1981 1529 2010 1567 a

419 1598 821 1666 Septentrione,
855 1600 1066 1667 Aquilo.
1098 1601 1152 1655 Si
1183 1603 1444 1670 qumritur
1467 1616 1564 1656 cur
1596 1603 1771 1670 potius
1796 1612 2016 1656 natura-

418 1688 539 1741 liter
565 1703 756 1756 aquam
791 1704 950 1759 quam
1000 1700 1195 1744 terram
1229 1691 1431 1744 moveri
1464 1691 1726 1754 dicamus,
1785 1706 2012 1758 respon-

417 1777 520 1829 aleo
549 1795 560 1827 :
592 1777 712 1845 quia
742 1790 999 1844 perpetuo
1025 1793 1191 1846 aquas
1215 1781 1422 1834 moveri
1450 1780 1712 1844 videmus,
1743 1795 1848 1833 non
1875 1795 2016 1833 scm-

2123 611 2426 664 autumnali
2457 611 2640 666 volitat
2669 621 2932 679 tempore,
2959 609 3102 677 quod
3143 610 3288 677 pueri
3320 618 3514 662 vocant
3537 618 3706 663 ωειδ-

2121 706 2262 765 tem;
2289 701 2428 756 unde
2453 716 2662 755 aranea:
2690 702 2822 755 telas
2844 700 3060 762 faciunt,
3085 700 3170 766 qui
3199 707 3282 752 est
3314 697 3396 751 fex
3422 705 3566 751 aeris
3590 699 3712 752 sole

2118 788 2391 844 desiccati.
2456 791 2720 846 Praeterea
2780 791 2953 844 ventis
3001 790 3422 853 imminentibus,
3480 787 3710 841 inferior

2119 878 2221 934 iste
2249 895 2342 935 aer
2380 882 2650 949 superiori
2692 883 2999 944 colliditur;
3050 882 3192 934 unde
3242 880 3490 932 scintilla:
3529 879 3706 948 prosi-

2120 974 2276 1037 liunt,
2308 989 2427 1043 qua;
2479 975 2758 1028 stellarum
2809 989 2990 1027 casum
3025 974 3331 1035 imitantur;
3366 987 3554 1024 revera
3590 986 3707 1024 au-

2123 1070 2227 1115 tem
2260 1080 2532 1131 nunquam
2572 1066 2743 1132 aliqua
2776 1067 3052 1118 stellarum
3085 1063 3214 1126 ilva,
3248 1077 3342 1115 seu
3376 1076 3526 1129 vaga,
3556 1061 3710 1113 deci’

2119 1151 2216 1215 dit,
2248 1152 2356 1206 imo
2383 1153 2628 1207 scintilla:
2653 1153 2872 1205 humido
2893 1154 3002 1205 aeri
3033 1154 3248 1219 allapsa:
3271 1152 3712 1217 exstinguuntur,

2119 1251 2175 1296 et
2205 1245 2254 1296 in
2303 1246 2446 1314 agris
2489 1245 2716 1298 inventae
2745 1243 3061 1312 phlegmatis
3084 1241 3486 1296 similitudinem
3517 1242 3715 1309 expri-

2129 1340 2302 1386 munt.
2335 1332 2472 1389 Sunt
2499 1342 2677 1400 autem
2711 1347 2796 1386 res
2829 1346 3132 1386 venenosa}.

2608 1425 2612 1436 '
2700 1439 2705 1444 ·
2779 1420 2855 1474 De
2888 1421 3040 1474 iride.

2195 1510 2283 1565 Fit
2313 1521 2570 1580 prmterea
2602 1525 2759 1566 arcus
2812 1511 2864 1563 in
2914 1524 3059 1573 aere,
3111 1510 3200 1577 qui
3251 1510 3553 1576 oppositam
3585 1507 3717 1578 pla~

2123 1619 2244 1676 gam
2287 1615 2434 1658 tenet
2454 1619 2482 1657 a
2515 1606 2662 1668 sole;
2691 1615 2769 1667 et,
2800 1615 2856 1656 ut
2885 1603 3064 1657 dicunt
3099 1603 3325 1673 physici,
3348 1605 3428 1658 sol
3453 1605 3626 1660 nubes
3657 1621 3719 1656 a-

2133 1706 2330 1761 quosas
2357 1701 2411 1746 et
2439 1706 2710 1746 concavas
2746 1693 3075 1755 reverberat,
3106 1707 3210 1744 non
3241 1696 3470 1745 multum
3485 1695 3718 1748 confer-

2135 1792 2234 1848 tas,
2283 1783 2424 1838 unde
2456 1783 2781 1838 diversitatis
2828 1783 3109 1838 mundana:
3137 1785 3349 1837 colores
3391 1784 3495 1837 illis
3525 1785 3721 1837 innas-

418 1879 514 1934 prr
539 1881 741 1919 aerem.
770 1867 826 1920 Si
859 1869 1154 1935 perstiterit
1185 1870 1395 1935 aliquis,
1426 1869 1610 1923 dicens
1649 1887 1662 1922 :
1693 1868 1794 1923 Ubi
1828 1878 1910 1922 est
1933 1869 2015 1921 ef-
2050 1861 2094 1918 Β
2122 1884 2339 1939 cuntur,
2371 1875 2456 1941 qui
2491 1884 2693 1926 tantum
2726 1889 2789 1928 ex
2816 1875 3034 1927 minima
3069 1875 3319 1927 distantia
3353 1873 3548 1942 liquide
3586 1873 3716 1927 dis-

427 1955 617 2008 liciens’
643 1971 799 2009 causa
851 1959 1077 2025 alicujus
1125 1960 1224 2023 rei,
1274 1959 1434 2013 debet
1457 1975 1578 2014 esse
1609 1960 1898 2024 effectum;
1932 1975 2015 2013 re-

426 2047 687 2111 SprldCO,
713 2047 943 2101 vicinum
980 2050 1129 2102 illum
1161 2065 1315 2117 aqua).
1347 2062 1573 2114 motuin,
1605 2053 1684 2105 vel
1730 2052 1879 2105 dicas
1909 2067 2012 2104 non

425 2137 622 2205 ubique
647 2139 879 2202 moveri,
903 2140 996 2192 sed
1030 2139 1083 2194 in
1114 2140 1314 2208 aliquo.
1369 2141 1472 2194 Alii
1499 2143 1618 2210 quia
1654 2142 1784 2196 levis
1811 2143 2016 2211 crispa-

422 2229 495 2278 tio
523 2228 766 2296 quredam
801 2232 963 2294 aeris,
1021 2248 1181 2299 quam
1215 2248 1400 2285 auram
1451 2249 1707 2288 vocamus
1735 2234 1788 2288 in
1834 2236 2013 2298 terris,

422 2317 663 2370 altanum
691 2331 822 2371 vero
871 2319 923 2372 in
955 2321 1110 2384 mari,
1145 2321 1450 2374 offendatur
1482 2323 1532 2374 in
1582 2322 1871 2383 montibus.
1918 2323 2016 2375 ibi-

420 2421 527 2476 que
557 2409 945 2461 tumultuantur
988 2418 1041 2463 et
1072 2421 1357 2478 augentur.
1411 2410 1514 2464 Alii
1568 2412 1754 2465 dicunt
1783 2413 2017 2465 rationa-

421 2496 516 2550 bili
546 2509 690 2551 motu
726 2501 927 2553 moveri
962 2499 1388 2566 firmamentum,
1424 2512 1478 2555 et
1506 2502 1782 2571 sobjectos
1829 2505 2013 2570 plane-

425 2598 505 2642 tas
535 2590 622 2654 qui
654 2605 832 2644 aerem
888 2589 1201 2645 inferiorem
1253 2603 1618 2657 commovent,
1663 2603 1717 2647 et
1768 2594 2016 2647 omnibus

426 2682 660 2736 motibus
685 2682 987 2751 impellunt,
1015 2682 1065 2736 id
1097 2691 1200 2747 est,
1263 2699 1501 2746 sursum,
1553 2682 1831 2746 deorsum,
1887 2685 2019 2736 dex-

427 2783 681 2840 trorsum,
708 2774 1098 2839 sinistrorsum,
1122 2783 1245 2827 ante
1294 2784 1346 2827 et
1393 2782 1655 2838 retro;et
1701 2787 1790 2841 per
1844 2773 2023 2824 circu-

431 2866 564 2928 lum,
597 2867 686 2933 qui
712 2866 857 2920 solus
882 2865 1214 2920 rationabilis
1233 2874 1336 2925 est.
1361 2865 1455 2918 sed
1485 2864 1536 2918 in
1567 2879 1632 2917 eo
1656 2879 1760 2917 non
1787 2858 2022 2930 diu'per-

431 2953 592 3020 sistit,
619 2957 760 3022 quod
795 2959 953 3009 etiam
984 2956 1274 3028 aliquando
1300 2955 1754 3024 deprehendimus
1803 2956 1856 3008 in
1910 2965 2024 3007 tur-

432 3049 574 3104 bine.
612 3046 722 3103 Nec
758 3048 935 3101 turbat
963 3049 1103 3116 quod
1139 3048 1379 3115 planetas
1413 3047 1859 3100 irrationabiliter
1902 3045 2021 3100 illos

434 3144 630 3197 moveri
664 3142 794 3205 dixi,
827 3143 928 3198 hoc
962 3142 1038 3215 .fit
1086 3140 1495 3207 comparatione
1528 3139 1870 3203 firmamenti,
1928 3137 2016 3204 qui

2125 1963 2289 2030 tingui
2322 1976 2428 2015 non
2476 1971 2719 2028 possunt.
2769 1961 2910 2015 lleda
2941 1973 3115 2016 autem
3147 1961 3275 2016 dicit
3320 1971 3547 2029 quatuor
3589 1975 3728 2015 esse

2121 2049 2329 2104 colores
2355 2050 2614 2113 diversos,
2639 2051 2905 2104 imitantes
2931 2062 3157 2116 quatuor
3193 2051 3454 2104 elementa
3481 2066 3497 2103 :
3527 2050 3727 2104 viridis

2124 2140 2346 2193 viridem
2395 2151 2552 2194 terra:
2576 2140 2911 2208 superficiem
2940 2141 3199 2206 imitatur,
3244 2143 3464 2211 glaucus
3493 2157 3723 2210 aquam.

2123 2230 2438 2301 hiacynthus
2461 2245 2659 2294 aerem,
2686 2233 2882 2285 rubens
2915 2233 3088 2300 ignem
3111 2233 3429 2286 :etliereum.
3459 2233 3594 2288 Sunt
3619 2231 3728 2286 alia

2122 2324 2334 2391 quando
2356 2324 2515 2376 etiam
2539 2325 2645 2376 duo
2667 2339 2846 2390 arcus,
2871 2325 2992 2392 quia
3021 2325 3140 2378 luna
3163 2324 3408 2378 similiter
3431 2340 3613 2378 arcum
3639 2323 3729 2377 fa-r

2123 2417 2217 2477 cit,
2249 2415 2463 2481 plenum
2491 2423 2689 2477 tamen,
2708 2417 2830 2482 quia
2855 2431 2958 2467 non
2979 2425 3058 2467 est
3079 2415 3190 2482 ipsa
3220 2414 3334 2477 Iris,
3361 2423 3415 2466 et
3436 2414 3573 2467 solet
3593 2427 3726 2466 esse

2131 2507 2532 2562 imminentibus
2561 2508 2730 2560 ventis
2758 2516 2847 2558 aut
2874 2507 3083 2573 pluviis.
3118 2505 3268 2557 Illum
3298 2518 3508 2573 quoque
3539 2516 3731 2558 nauta!

2130 2602 2436 2656 observant.
2488 2597 2618 2652 Nam
2645 2613 2712 2652 ex
2746 2611 2806 2652 ea
2833 2607 2981 2664 parte
3003 2611 3104 2665 qua
3129 2594 3356 2665 primunt
3384 2595 3724 2661 dissolvitur,

2130 2698 2323 2743 ventos
2367 2698 2458 2741 aut
2488 2685 2689 2757 pluvias
2713 2695 2961 2740 venturas
2985 2700 3105 2740 esse
3135 2695 3494 2754 praenoscunt.

2765 2777 2841 2829 De
2879 2776 3085 2832 tellure.

2202 2867 2333 2922 Huic
2365 2868 2476 2920 aeri
2510 2866 2758 2935 proximo
2805 2866 2924 2919 loco
2955 2864 3123 2918 rather
3162 2863 3439 2928 imminet,
3485 2864 3539 2918 in
3585 2878 3725 2934 quo-

2132 2978 2251 3017 rum
2286 2962 2522 3016 confinio
2567 2961 2691 3014 luna
2727 2958 2971 3026 proxima.
3006 2960 3124 3012 loco
3153 2967 3258 3022 est,
3310 2973 3469 3026 quam
3503 2957 3726 3028 physici

2135 3061 2335 3109 terram
2362 3054 2652 3107 :rtheream
2685 3065 3007 3104 vocaverunt
3046 3069 3057 3101 :
3096 3051 3273 3104 forsan
3308 3051 3448 3115 ideo,
3470 3051 3593 3119 quia
3615 3053 3726 3107 sic-

2141 3154 2197 3196 ut
2248 3153 2388 3195 terra
2421 3157 2447 3193 a
2479 3142 2690 3193 terendo
2722 3139 2938 3199 dicitur.
2968 3139 3038 3192 ita
3068 3139 3157 3206 qui
3189 3152 3217 3190 a
3247 3139 3547 3194 caelestium
3600 3154 3729 3195 cor-

436 3234 500 3285 ab
527 3234 712 3286 eodem
738 3249 898 3287 θυι-δυ
927 3209 1196 3304 nunquam
1233 3229 1470 3286 desistit.
1507 3231 1744 3284 Planeta:
1785 3242 1913 3283 vero
1943 3227 2026 3280 di-
2053 3199 2102 3262 Ο
2137 3247 2322 3301 porum
2366 3232 2686 3298 purgatione
2714 3230 2924 3291 teritur,
2953 3230 3004 3282 in
3031 3229 3210 3282 lunam
3235 3228 3511 3297 recipitur.
3536 3228 3603 3283 Et
3622 3228 3729 3284 hoc

424 3327 612 3379 .vcrsis
635 3326 890 3378 tractibus
923 3327 1200 3380 labuntur.

1044 3418 1118 3471 De
1151 3418 1385 3488 fulmine.

515 3507 752 3576 Denique
774 3507 1072 3562 cardinales
1097 3509 1238 3561 venti
1263 3518 1371 3562 tres
1400 3509 1747 3572 conveniunt,
1771 3517 1823 3560 et
1857 3508 2027 3560 nubes

441 3600 769 3668 compellunt
804 3610 948 3653 tanta
980 3601 1052 3666 vi,
1080 3609 1137 3654 ut
1163 3616 1222 3654 ex
1250 3600 1529 3654 collisione
1554 3598 1639 3651 illa
1667 3609 1915 3650 nascatur
1941 3612 2031 3651 so-

441 3692 604 3753 nitus,
640 3700 694 3745 et
725 3691 943 3746 claritas
997 3690 1264 3760 quaedam.
1317 3691 1468 3756 Quod
1517 3688 1757 3740 auditum
1788 3686 2030 3751 oll‘endit,

443 3778 729 3831 tonitruum
752 3791 830 3833 est
859 3761 1033 3848 {quod
1069 3782 1260 3847 visum,
1285 3777 1459 3847 fulgur
1482 3780 1567 3834 vel
1591 3778 1904 3846 hilguratio;
1946 3776 2035 3844 Qui

425 3869 589 3933 ferit,
612 3871 804 3922 fulmen
824 3871 1039 3924 dicitur.
1065 3869 1306 3923 Nascitur
1336 3871 1403 3922 ibi
1427 3881 1679 3938 prmterea
1713 3871 1924 3938 quidam
1953 3870 2034 3921 la-

447 3962 550 4030 pis,
576 3963 664 4030 qni
693 3964 769 4015 vel
798 3962 970 4016 nimiae
995 3961 1404 4029 comprcsnoni,
1431 3960 1513 4012 vel
1537 3959 1700 4012 nimio
1741 3960 1923 4021 calori,
1954 3961 2036 4012 vel

448 4055 611 4108 nimio
634 4056 838 4124 frigori,
863 4065 1040 4124 potest
1063 4054 1298 4117 attribui,
1320 4053 1439 4121 quia
1458 4051 1735 4120 evpressio
1757 4051 1920 4119 possit
1939 4051 2039 4104 hoc

453 4146 689 4198 efficere.
728 4145 951 4199 Videtur
981 4146 1108 4198 satis
1137 4146 1224 4198 ubi
1255 4146 1459 4200 lacteus
1483 4143 1676 4196 humor
1697 4141 2033 4210 coagulalur,

452 4237 541 4301 qui
567 4251 692 4288 vero
720 4234 868 4288 calor
897 4236 1124 4289 diversis
1156 4237 1327 4290 modis
1357 4251 1442 4290 res
1468 4237 1698 4290 mulceat
1727 4244 1818 4287 aut
1843 4248 2040 4286 eanso-

455 4326 600 4387 lidct,
633 4333 857 4390 apparet
887 4325 938 4377 iti
970 4324 1124 4377 limo.
1158 4324 1308 4390 Quod
1355 4335 1532 4378 autem
1573 4325 1739 4392 frigus
1786 4325 2036 4377 duritiem

452 4418 630 4480 faciat,
665 4415 876 4468 videtur
903 4414 955 4468 in
986 4414 1212 4468 metallis
1241 4413 1557 4482 liquefactis,
1590 4424 1647 4465 ut
1674 4415 1833 4466 etiam
1855 4415 1905 4465 in
1939 4413 2041 4465 fer-

458 4525 516 4561 rn
544 4524 558 4573 ;
587 4506 788 4574 lapides
820 4506 1048 4560 dissilire
1083 4504 1227 4571 facit,
1263 4505 1460 4574 lignum
1487 4503 1660 4565 findit,
1690 4517 1883 4572 aquam
1914 4516 2042 4554 con-

452 4599 690 4668 stringit.
747 4597 942 4652 Dicunt
976 4597 1087 4660 alii,
1144 4595 1284 4666 quod
1317 4595 1534 4665 quidam
1582 4608 1798 4648 crassus
1849 4602 2044 4646 ventus

454 4692 867 4747 contineaturin
900 4691 1151 4756 nubibus,
1185 4690 1274 4758 qui
1322 4690 1446 4742 dum
1501 4687 1755 4756 erumpit,
1807 4689 2041 4739 sonitum

460 4782 610 4848 facit,
642 4785 794 4850 cujus
826 4783 904 4837 rei
931 4781 1301 4850 probationem
1345 4782 1438 4835 dat
1465 4789 1656 4834 ventus
1687 4777 1864 4832 vesica
1912 4791 2041 4830 con-

453 4860 805 4940 ceptus,'qu:e
834 4873 1069 4938 displosa
1100 4870 1371 4924 violenter
1419 4871 1646 4924 intonat.
1709 4869 1811 4922 Alii
1865 4867 2049 4921 dicunt

464 4973 670 5017 atomos
703 4962 945 5016 humoris
992 4963 1319 5028 vaporaliter
1372 4964 1686 5026 ascendere,
1741 4971 1795 5015 et
1845 4961 2046 5030 ignium

459 5054 778 5109 caumaliter
807 5053 1156 5115 descendere,
1184 5053 1238 5106 in
1263 5067 1488 5120 quorum
1520 5060 1785 5106 conventu
1812 5050 2051 5102 nascitur

470 5132 559 5202 ille
584 5148 814 5210 sonitus,
844 5146 1106 5215 daturque
1156 5145 1449 5200 similitudo
1496 5145 1738 5215 quaedam
1789 5144 1857 5199 de
1897 5142 2053 5199 fabro

456 5239 655 5293 ferrum
675 5237 902 5292 calidum
935 5237 1169 5306 tingente
1201 5239 1250 5290 in
1279 5255 1434 5308 aqua.

1130 5325 1206 5381 De
1242 5346 1375 5383 rore.

535 5419 774 5473 Desudat
804 5411 1016 5487 quoqite
1048 5422 1099 5472 in
1143 5436 1267 5474 aere
1292 5438 1399 5484 ros,
1433 5424 1520 5493 qui
1550 5424 1688 5476 Iunzc
1719 5423 2049 5487 attribuitur,

459 5529 525 5563 eo
555 5514 694 5581 quod
724 5512 812 5564 illa
844 5513 912 5564 sit
955 5512 1188 5564 cribrum
1221 5516 1539 5567 cmlestium.
1598 5515 1700 5568 Alii
1757 5517 2053 5569 attribuunt

463 5601 678 5668 Veneri,
704 5604 1003 5671 eademque
1036 5613 1088 5655 et
1121 5617 1343 5671 vespere
1369 5613 1422 5655 et
1448 5618 1634 5666 mane;
1661 5603 1748 5669 qui
1784 5605 1826 5656 si
1855 5605 2053 5674 frigore

464 5693 806 5757 prazvenitur,
862 5694 1049 5762 pruina
1082 5692 1333 5747 efficitur.
1393 5691 1592 5745 Cauma
1641 5709 1850 5764 quoque
1902 5711 2049 5764 glos-

465 5794 580 5832 sum
616 5781 692 5847 lit,
727 5785 865 5836 cadit
895 5789 1079 5856 pruina
1118 5787 1167 5840 in
1195 5786 1405 5858 frigoris
1432 5789 1659 5840 maxima
1686 5789 1926 5854 uredine,
1960 5791 2050 5858 qui

2135 3338 2164 3377 a
2188 3322 2302 3375 sole
2333 3330 2410 3380 ut,
2445 3323 2495 3374 in
2527 3319 2727 3388 speculi
2771 3318 3146 3383 similitudine,
3178 3320 3580 3385 reverberetur,
3625 3333 3728 3388 op-

2135 3417 2370 3484 ponitur.
2416 3415 2655 3467 Lunares
2701 3424 2879 3466 autem
2914 3412 3124 3479 plurimi
3153 3419 3280 3464 sunt
3308 3412 3504 3464 anima:
3537 3426 3729 3465 ascen-

2134 3508 2342 3571 dentes,
2369 3506 2447 3560 vel
2472 3505 2876 3567 desceudentes,
2899 3517 3016 3571 quae
3037 3505 3086 3555 in
3111 3501 3335 3572 singulis
3357 3502 3584 3569 Sphatris
3598 3502 3730 3571 quid

2141 3607 2460 3659 acceperant
2484 3593 2841 3647 obvolulionis
2864 3594 3172 3658 relinquunt
3193 3593 3288 3654 ibi,
3312 3593 3394 3646 vel
3416 3601 3731 3653 assumunt,

2141 3686 2253 3739 sive
2294 3683 2718 3737 cacodzemoaies.
2754 3683 2902 3746 Quod
2933 3692 3111 3736 autem
3162 3681 3297 3736 furvi
3322 3682 3520 3736 habere
3545 3683 3730 3736 viden-

2140 3789 2226 3832 tur
2253 3780 2302 3830 in
2333 3775 2530 3841 medio,
2556 3773 2661 3828 hoc
2691 3774 2957 3842 pra'dictae
2979 3788 3152 3827 causa:
3182 3775 3374 3840 poterit
3404 3773 3622 3826 ascribi.

2719 3863 2796 3918 De
2823 3867 2968 3935 furvo
3001 3865 3153 3916 (una.
3227 3929 3241 3939 _

2229 3963 2376 4017 Luna
2410 3977 2475 4017 ex
2499 3970 2726 4031 quatuor
2768 3965 2978 4011 constat
3026 3953 3331 4018 elementis,
3384 3952 3480 4007 sed
3515 3953 3610 4006 tria
3645 3953 3734 4008 illa

2142 4052 2405 4106 elementa
2439 4051 2572 4102 bene
2619 4048 2717 4101 sibi
2751 4045 3030 4100 commista
3066 4052 3190 4096 sunt
3221 4052 3276 4096 et
3301 4043 3553 4111 levigata.
3602 4042 3733 4096 Nam

2143 4152 2198 4197 et
2244 4141 2558 4194 naturaliter
2597 4147 2718 4191 sunt
2770 4136 3079 4206 perspicua,
3124 4147 3175 4189 et
3222 4135 3288 4188 de
3319 4149 3377 4188 se
3405 4135 3578 4188 lucem
3612 4135 3737 4187 red-

2144 4236 2298 4288 dunt.
2323 4231 2491 4286 Terra
2521 4239 2698 4281 autem
2730 4229 2782 4281 in
2815 4229 2908 4279 illo
2939 4228 3055 4279 loco
3089 4241 3192 4279 non
3224 4227 3364 4279 bene
3387 4224 3505 4278 aliis
3533 4225 3736 4277 admis—

2147 4340 2196 4380 ta
2229 4338 2331 4388 est.
2367 4341 2464 4381 nec
2494 4325 2559 4378 de
2588 4339 2648 4376 se
2681 4325 2851 4375 lucem
2885 4321 3134 4384 effundit,
3161 4330 3216 4374 et
3238 4324 3427 4373 scabra
3452 4333 3533 4375 ρει
3566 4321 3616 4372 in
3645 4320 3740 4371 illo

2149 4419 2284 4470 loco.
2313 4416 2571 4470 Scabrum
2605 4421 2782 4465 autem
2818 4421 2920 4474 est,
2969 4413 3108 4480 quod
3145 4411 3393 4478 rubigine
3443 4411 3742 4462 obductum

2149 4517 2250 4572 est,
2279 4515 2369 4558 aut
2393 4505 2726 4571 alievigatum
2755 4503 3032 4554 remansit.
3063 4501 3236 4552 llabet
3267 4499 3383 4552 ha-c
3407 4502 3599 4566 liguras
3623 4513 3745 4567 sep-

2152 4609 2280 4652 tem.
2317 4597 2444 4649 Nam
2480 4593 2754 4648 monoidos
2783 4593 2849 4644 ab
2878 4591 3078 4644 unitate
3113 4590 3332 4655 dicitur,
3389 4605 3513 4645 cum
3567 4592 3743 4659 prima

2152 4697 2266 4755 est;
2326 4688 2687 4750 dichotomos,
2722 4685 2807 4738 vel
2843 4684 3149 4752 dyatomos,
3209 4696 3334 4738 cum
3391 4684 3562 4738 media
3623 4691 3742 4747 est;

2151 4783 2284 4853 dyas
2316 4783 2457 4836 enim
2490 4781 2596 4833 duo
2626 4778 2837 4838 dicitur,
2865 4788 3038 4831 tomos
3103 4775 3296 4839 sectio,
3344 4775 3741 4842 amphicyrtos,

2153 4877 2202 4929 id
2235 4882 2340 4936 est,
2393 4875 2534 4924 circa
2587 4870 2987 4923 rotunditatem.
3047 4867 3138 4920 Est
3187 4867 3532 4933 plenilunium
3567 4865 3619 4918 io
3649 4866 3743 4917 de-

2153 4962 2461 5023 crescendo,
2496 4960 2621 5010 item
2651 4967 2734 5009 est
2763 4956 3160 5026 ampliicyrtos,
3217 4968 3333 5025 post
3378 4955 3741 5016 dichotomos,

2155 5061 2208 5106 et
2242 5050 2364 5105 inde
2395 5049 2695 5102 monoidos.

2589 5140 2665 5193 De
2703 5139 2879 5210 eclipsi
2915 5140 3039 5194 solis
3073 5150 3122 5194 et
3153 5142 3306 5192 lunw.

2227 5237 2376 5291 Luna
2409 5250 2616 5303 quoque
2648 5235 2732 5287 illa
2763 5248 2974 5302 semper
3006 5232 3144 5301 pleni
3175 5230 3321 5284 orbis
3348 5239 3450 5283 est.
3501 5228 3632 5284 Nam
3674 5244 3742 5283 ex

2156 5346 2218 5385 ea
2244 5339 2392 5399 parte
2421 5345 2522 5398 qua
2555 5329 2722 5382 solem
2771 5327 3013 5391 respicit,
3048 5334 3262 5389 semper
3292 5319 3446 5389 plena
3477 5330 3601 5387 est;
3647 5326 3743 5376 sed

2154 5422 2439 5493 aliquando
2457 5429 2585 5482 tota,
2608 5419 2686 5472 vel
2709 5433 2773 5471 ex
2802 5424 2968 5484 parte,
2989 5413 3320 5475 obscuratur,
3342 5427 3464 5468 cum
3482 5426 3563 5468 est
3584 5430 3751 5484 quar-

2158 5523 2207 5567 ta
2238 5514 2464 5578 decima,
2496 5513 2576 5564 vt’l
2607 5511 2810 5562 decima
2844 5506 3046 5571 quinta,
3073 5506 3115 5558 si
3140 5505 3205 5559 sit
3234 5505 3284 5558 in
3307 5506 3551 5578 ecliptiea
3583 5509 3750 5576 linea,

2157 5615 2209 5658 et
2241 5621 2333 5674 per
2362 5605 2685 5657 diametrum
2716 5596 2814 5649 soli
2852 5595 3122 5663 opposita.
3182 5596 3453 5651 Diameter
3475 5607 3558 5652 est
3603 5598 3748 5650 linea

2158 5713 2275 5766 quae
2318 5691 2601 5763 aliquando
2641 5689 2867 5757 partitur
2921 5687 2997 5759 in]
3026 5688 3159 5745 duas
3211 5687 3556 5752 medietates;
3613 5687 3753 5755 ειμι

2158 5791 2299 5843 enim
2328 5785 2563 5839 biuarius
2593 5791 2694 5846 (δι,
2721 5791 2952 5849 metron,
2986 5794 3234 5839 mensura
3261 5796 3276 5849 ;
3300 5795 3424 5835 nam
3454 5788 3579 5834 tunc
3605 5787 3750 5833 terra
