3922 6246
195 367 288 422 889

1454 360 1664 417 MUNDI
1705 359 2173 418 CONSTITUTIO.

3325 365 3432 419 890

193 482 240 534 in
261 475 426 530 medio
454 473 646 540 posita,
674 472 851 525 lumen
881 469 1006 525 solis
1031 485 1096 524 ne
1127 469 1264 523 luna:
1296 469 1599 524 infundatur
1646 472 1748 524 im-
1776 472 1824 530 Α
1853 471 1962 523 rius
1989 485 2106 526 cum
2136 471 2202 526 ad
2236 472 2301 526 η
2333 481 2532 542 partem
2584 474 2806 538 venerit,
2842 477 3046 529 videtur
3088 478 3220 530 sicut
3243 487 3295 530 et
3331 479 3414 531 lu-

193 568 346 639 pedit,
377 575 428 618 et
461 565 684 618 verbera
716 563 830 630 ejus
865 563 928 614 ad
960 564 1136 613 lunam
1167 575 1333 628 usque
1387 561 1746 628 protenditur,

193 671 238 715 et
263 666 343 712 est
363 658 580 725 eclipsis
613 657 772 717 lunm,
796 653 934 720 quod
957 653 1242 719 deliquium
1266 653 1517 705 dicimus.
1549 651 1631 704 Fit
1651 666 1746 703 nu-

192 763 286 806 tem
317 761 420 805 tam
448 753 501 804 in
531 750 766 803 inferiori
798 748 1170 812 hemisphaerio
1193 762 1348 814 quam
1385 749 1435 798 in
1467 747 1748 812 superiori,

190 853 286 894 tam
329 842 380 894 in
409 842 629 893 Oriente
659 853 815 904 quam
859 837 910 889 in
934 837 1238 889 Occidente.
1269 838 1379 888 Non
1414 847 1586 888 tamen
1618 851 1752 888 sem-

189 945 276 998 per
322 913 550 994 tlt,'cum
583 938 664 981 est
711 926 917 979 decima
947 937 1154 991 quarta,
1201 925 1278 975 vel
1309 925 1512 976 decima
1542 926 1745 992 quinta,

187 1020 273 1073 sed
307 1031 417 1084 post
444 1033 537 1070 sex
560 1031 772 1070 menses
803 1030 1033 1080 semper.
1065 1013 1194 1067 Cum
1229 1023 1405 1067 autem
1457 1015 1508 1065 in
1557 1016 1747 1066 eodem

185 1110 330 1178 signo
355 1109 407 1160 iit
438 1118 493 1160 et
547 1108 736 1160 eodem
771 1119 976 1165 mense,
1027 1120 1129 1155 non
1163 1103 1260 1156 nisi
1315 1113 1434 1169 post
1465 1102 1751 1155 novemde-

184 1201 280 1252 cim
311 1213 502 1252 annos.
527 1199 660 1250 Cum
687 1207 860 1249 autem
891 1196 940 1248 in
974 1195 1159 1246 eodem
1187 1195 1360 1261 signo,
1385 1203 1438 1246 et
1467 1207 1669 1258 mense,
1697 1204 1752 1246 et

183 1286 310 1356 signi
335 1297 505 1353 parte,
541 1302 645 1338 non
681 1286 780 1337 nisi
821 1292 937 1348 post
966 1299 1028 1335 t.v
1059 1297 1225 1335 annos
1250 1282 1449 1334 evenit.
1480 1281 1631 1346 Quod
1659 1297 1750 1335 ve-

185 1391 243 1431 ro
265 1379 315 1430 in
359 1377 549 1431 eodem
578 1377 751 1443 signo,
798 1389 1003 1435 mense,
1033 1385 1201 1440 parte,
1230 1373 1496 1424 revocatis
1546 1371 1750 1425 cunctis

184 1465 403 1535 planetis
433 1465 502 1518 ad
533 1465 706 1517 locum
737 1479 910 1524 suum,
965 1477 1068 1514 non
1123 1460 1221 1514 nisi
1275 1470 1395 1528 post
1447 1459 1747 1527 quindecim

181 1568 384 1609 menses
410 1568 674 1606 annorum
706 1555 782 1606 lit.
825 1551 1054 1616 Eclipsis
1083 1549 1212 1604 solis
1244 1549 1297 1602 in
1331 1551 1594 1617 trigesima
1627 1548 1747 1601 luna

184 1646 260 1709 tlt,
289 1643 660 1710 sol-eclipsim.
713 1643 840 1696 Nam
868 1641 1100 1696 declinat
1134 1639 1216 1694 vel
1246 1641 1310 1693 ad
1358 1640 1632 1703 Austrum,
1667 1640 1747 1694 vel

183 1733 244 1787 ad
291 1734 747 1802 Septentrionem.
801 1733 932 1784 Cum
981 1744 1156 1785 autem
1187 1732 1265 1783 sol
1301 1731 1350 1783 in
1382 1732 1569 1784 eodem
1597 1733 1748 1799 signo

1855 574 1942 612 na.
1981 559 2152 614 Venus
2200 576 2326 615 vero
2375 578 2492 616 cum
2546 564 2609 615 ad
2642 565 2672 616 7
2728 577 2927 631 partem
2960 567 3096 635 signi
3127 582 3154 617 a
3187 567 3299 619 sole
3330 583 3420 619 re-

1853 654 2088 714 cesserit,
2129 653 2332 706 videtur
2360 658 2507 722 quasi
2533 655 2642 724 jam
2673 657 2860 719 major.
2889 656 3032 709 Luna
3065 673 3272 724 quoque
3321 658 3422 710 ibi-

1855 745 1972 794 dcm
1997 743 2286 809 videretur,
2312 749 2352 798 si
2379 748 2644 814 proprium
2671 749 2845 800 lumen
2878 750 3117 800 haberet.
3145 751 3293 812 Quod
3319 765 3416 800 au-

1856 846 1958 887 tem
1991 838 2292 903 superiores
2324 848 2378 890 et
2409 840 2686 893 inferiores
2716 841 2826 893 sole
2851 840 3114 904 feruntur,
3147 844 3420 908 tripliciter

1854 940 1948 993 per
1979 927 2312 993 conjecturas
2343 930 2662 993 ostenditur,
2710 933 2820 984 sive
2863 946 2956 993 per
2987 934 3417 984 inti-rsi-CIionetn

1852 1013 2192 1081 circulorum,
2227 1016 2340 1070 sive
2381 1019 2518 1085 quod
2545 1022 2674 1071 ~sint
2723 1023 2968 1089 eplcycli,
3000 1022 3048 1072 id
3102 1033 3203 1086 est,
3234 1037 3416 1084 super.

1853 1103 2140 1156 cirrnlares
2170 1116 2360 1158 terram
2394 1124 2495 1158 non
2531 1109 2773 1161 habendo
2801 1120 3065 1170 centrum.
3093 1113 3256 1164 solem
3287 1128 3412 1176 qut:-

1853 1194 1896 1246 si
1929 1204 2167 1248 centrum
2195 1212 2380 1250 cursus
2413 1201 2492 1250 sui
2515 1201 2770 1262 efficiunt,
2817 1204 2929 1254 sive
2959 1203 3290 1256 altitudinem
3339 1219 3420 1256 so-

1854 1284 1918 1336 lis
1948 1286 2128 1337 circuli
2161 1289 2486 1342 emetinntur
2512 1290 2715 1345 obtusis
2729 1293 2854 1346 sive
2882 1294 3417 1357 acutisaniractilnis,

1853 1375 2294 1438 quemadmodum
2327 1379 2656 1433 latitudinem
2688 1383 2889 1434 zodiaci
2923 1383 3145 1450 plani-tas
3169 1385 3420 1443 evadunt,

1852 1479 1968 1530 quas
1996 1464 2230 1531 subjecta
2262 1468 2431 1520 oculis
2477 1471 2682 1535 pictura
2724 1473 3071 1526 demonstrat.
3131 1473 3233 1527 Sed
3284 1489 3414 1538 quo-

1854 1552 1992 1605 niam
2044 1555 2366 1608 mentionem
2423 1559 2687 1623 quomodo
2736 1561 3011 1614 zodiacum
3057 1561 3423 1629 perambulent

1853 1643 2094 1712 fecimus,
2121 1648 2324 1713 plenius
2354 1649 2474 1702 inde
2496 1651 2752 1706 dicamus.

2383 1737 2459 1793 De
2504 1741 2650 1793 lineis
2679 1743 2894 1794 zodiaci.

183 1827 376 1892 pariter
412 1835 464 1879 et
499 1839 682 1877 mense
713 1823 789 1886 lit,
823 1831 939 1891 post
971 1837 1037 1874 ιν
1086 1836 1288 1885 annos;
1322 1820 1413 1873 sed
1443 1822 1527 1888 qui
1558 1819 1744 1874 eodem
1785 1792 1825 1852 Β
1925 1822 2102 1876 Venus
2129 1834 2183 1877 et
2237 1825 2356 1879 luna
2405 1827 2470 1881 ad
2520 1831 2882 1883 extremitates
2930 1832 3127 1885 zodiaci
3175 1833 3420 1899 perlatas,

178 1916 344 1980 signo,
370 1930 556 1969 mense
600 1923 655 1967 et
709 1924 854 1994 parte
882 1911 957 1978 llt,
992 1911 1256 1966 revocatis
1286 1911 1532 1963 omnibus
1581 1911 1747 1962 stellis

177 2007 238 2059 ad
269 2007 500 2075 priorem
528 2005 722 2064 locum,
759 2005 855 2056 hoc
878 2012 980 2066 est,
1012 2011 1129 2069 post
1156 2018 1222 2056 xv
1270 2002 1430 2054 millia
1459 2016 1744 2056 annorum.

636 2095 711 2148 De
739 2096 916 2149 ordine
945 2097 998 2163 pl
1035 2103 1284 2147 natarum.

242 2188 387 2241 Nunc
411 2188 478 2241 de
504 2186 784 2240 ordinibus
810 2186 1160 2237 disseramus.
1195 2184 1368 2248 Plato,
1396 2198 1622 2251 sequens
1655 2184 1747 2236 ΑΞ-

181 2280 404 2348 pyptios,
437 2279 529 2345 qui
558 2280 658 2332 hoc
683 2285 1086 2344 persnascruut,
1137 2275 1187 2326 in
1241 2275 1478 2340 proxima
1529 2276 1747 2339 regione

173 2381 285 2438 post
308 2370 486 2420 lunam
516 2368 686 2421 solem
719 2367 945 2419 asseruit
980 2366 1077 2418 hac
1109 2365 1334 2417 ratione.
1363 2364 1506 2416 Luna
1533 2366 1746 2433 proprio

176 2465 367 2518 lumine
395 2471 568 2526 caret,
588 2461 710 2529 quia
744 2470 1014 2515 mutuatur
1035 2475 1062 2509 a
1087 2459 1222 2512 sole.
1258 2458 1387 2512 Nam
1419 2459 1462 2511 si
1492 2459 1668 2511 Venus
1692 2468 1747 2512 et

171 2550 460 2606 Mercurius
511 2550 586 2603 illi
634 2559 689 2603 et
740 2551 875 2602 lunae
933 2548 1416 2611 interponerentur,
1465 2545 1747 2611 aliquando

168 2639 290 2694 solis
327 2641 506 2692 lumen
539 2638 906 2707 preriperent.
961 2637 1112 2688 [latio
1161 2635 1373 2698 quidem
1420 2648 1584 2701 parva
1635 2642 1738 2694 est,

170 2743 284 2784 nam
308 2731 485 2785 omnis
522 2730 708 2783 umbra
739 2729 958 2782 minoris
985 2727 1247 2796 corporis,
1273 2742 1300 2779 a
1332 2726 1518 2793 majori
1544 2726 1745 2780 lumine

171 2829 325 2886 tecta,
360 2828 705 2881 extenuatur,
726 2833 822 2872 nec
857 2819 1012 2886 longe
1060 2815 1420 2883 protenditur:
1454 2816 1640 2881 sicque
1666 2816 1745 2868 lue

167 2911 279 2966 dum
305 2912 434 2963 nihil
472 2912 611 2963 lunas
642 2909 982 2977 impedirent.
1016 2907 1220 2961 Tullius
1250 2907 1530 2960 Chaldzcos
1561 2905 1738 2974 sequi-

169 3012 265 3064 tur,
299 3000 482 3054 dicens
505 2999 673 3053 solem
700 2998 932 3051 medium
965 2997 1296 3063 planetarum
1325 3010 1445 3047 esse
1487 3009 1734 3058 numero,

1851 1910 2126 1964 duodecim
2161 1913 2323 1968 lineas
2371 1916 2522 1969 divisi
2558 1921 2889 1984 perveniunt.
2943 1921 3117 1974 Venus
3161 1931 3334 1974 tamen
3369 1925 3418 1974 in

1853 1999 2055 2052 duobus
2115 2005 2399 2056 momentis
2455 2009 2688 2068 excedit,
2737 2009 3028 2064 Mercurius
3088 2021 3210 2062 octo
3262 2013 3425 2064 lineas

1851 2090 1967 2155 ejus
2000 2093 2347 2156 perambulat.
2379 2095 2466 2146 Sol
2515 2094 2644 2147 duas
2695 2098 2893 2149 med-as
2921 2109 3122 2156 servat.
3159 2116 3255 2151 nec
3310 2102 3422 2167 illas

1852 2180 1951 2233 nisi
1982 2181 2030 2232 in
2065 2181 2217 2232 Libra
2261 2184 2486 2244 excedit,
2533 2185 2673 2237 unde
2719 2187 2939 2239 Ovidius
2987 2207 2996 2239 :
3053 2187 3423 2256 Exspatiantur

1850 2270 1982 2338 equi.
2013 2270 2150 2322 Mars
2171 2284 2396 2337 quatuor
2423 2275 2769 2340 perambulat,
2795 2277 2997 2342 Jupiter
3022 2281 3253 2346 quinque
3279 2298 3290 2341 ;
3325 2280 3417 2332 sed

1851 2358 1981 2409 cthi
2025 2361 2347 2426 frequentius
2377 2363 2600 2414 anomali
2637 2364 2782 2417 fiunt.
2838 2366 3100 2420 Saturnus
3148 2379 3254 2421 tres
3303 2381 3414 2420 tan-

1853 2455 1984 2498 tuin.
2006 2446 2138 2499 Cum
2171 2449 2234 2498 sit
2259 2449 2515 2502 dubitatio
2545 2451 2608 2503 de
2640 2453 2826 2504 ordine
2849 2455 2996 2516 solis,
3025 2456 3286 2514 Mercurii,
3322 2456 3422 2507 Ve-

1850 2537 2010 2601 neris,
2059 2537 2199 2588 nulla
2255 2547 2430 2591 tamen
2480 2548 2562 2592 est
2613 2541 2679 2594 de
2727 2543 2967 2606 czcteris;
3002 2559 3120 2596 nam
3154 2553 3354 2596 tantum
3389 2561 3415 2594 τι

1848 2626 1981 2689 sole,
2014 2635 2066 2678 et
2093 2641 2121 2678 a
2153 2641 2210 2679 se
2241 2627 2464 2680 invicem
2501 2641 2854 2694 recesserunt,
2880 2643 2935 2684 ut.
2965 2634 3102 2698 quod
3140 2634 3216 2685 sol
3253 2635 3300 2684 in
3325 2648 3414 2683 au-

1850 2731 1918 2770 no
1950 2717 2171 2784 perﬁcit,
2206 2719 2304 2771 hoc
2346 2720 2482 2773 Maos
2528 2722 2578 2773 in
2603 2721 2831 2788 duobus,
2864 2721 3066 2792 Jupiter
3097 2724 3146 2776 iti
3197 2737 3290 2782 xit.
3317 2722 3421 2776 Sa.

1851 2817 2037 2862 turnus
2069 2810 2122 2862 in
2157 2810 2392 2878 triginta.

2413 2899 2488 2954 De
2509 2903 2838 2954 tranaitoriis.

1920 2986 2153 3052 ipsorum
2185 3003 2394 3055 quoque
2446 2994 2774 3056 planetarum
2805 2990 2894 3043 alii
2936 3000 3056 3044 sunt
3102 2990 3419 3058 hippolitici,

167 3105 264 3143 non
287 3092 482 3159 spatio,
514 3105 634 3144 nam
667 3090 784 3158 plus
816 3102 844 3141 a
874 3088 1212 3144 firmamento
1235 3102 1392 3156 quam
1413 3101 1440 3139 a
1471 3095 1609 3139 terra
1644 3101 1728 3138 re-
1769 3123 1814 3186 Ο
1846 3076 1934 3130 alii
1965 3078 2284 3143 stationarii,
2319 3080 2407 3132 alii
2459 3082 2773 3148 retrogradi,
2806 3082 2891 3133 alii
2939 3084 3186 3135 anouiali.
3226 3083 3419 3149 llippo-

163 3180 335 3233 cessit.
389 3181 504 3233 Νοη
540 3188 715 3232 tamen
762 3193 1016 3248 negamus
1045 3176 1303 3231 Venerem
1335 3185 1388 3230 et
1419 3176 1735 3229 Mercurium

162 3269 445 3337 aliquando
475 3270 803 3336 superiores,
833 3267 971 3334 quod
1004 3269 1168 3320 etiam
1199 3267 1430 3319 historia:
1484 3268 1734 3334 probant.

164 3364 390 3420 Ilabctur
420 3367 565 3420 enim
594 3366 644 3416 in
672 3363 891 3416 historia
935 3362 1107 3414 Caroli
1138 3361 1276 3428 quod
1326 3362 1620 3414 Mercurius
1644 3378 1739 3428 per

162 3470 344 3509 novem
370 3457 487 3508 dies
507 3456 559 3508 in
583 3457 697 3507 sole
723 3462 972 3520 tanquam
997 3449 1200 3503 niAcula
1225 3461 1526 3517 appareret.
1555 3449 1735 3514 Quan-

159 3548 225 3602 do
253 3564 383 3602 vero
422 3547 704 3602 intraverit
747 3547 833 3600 vel
876 3546 1120 3607 exiverit,
1174 3545 1338 3595 nubes
1388 3544 1736 3610 pcrhibebant

161 3636 359 3702 videre.
395 3638 449 3689 In
488 3637 728 3689 Romana
761 3649 973 3702 quoque
1007 3634 1222 3686 historia
1256 3635 1470 3699 dicitur,
1494 3635 1737 3703 Augusto

163 3724 364 3779 Cmsare
408 3726 552 3780 Julio
583 3723 832 3790 adoptivo
881 3723 1014 3791 patri
1063 3722 1309 3776 funebres
1341 3727 1623 3791 exsequias
1655 3725 1734 3775 la-

163 3817 350 3883 ciente,
386 3815 647 3868 Venerem
684 3813 914 3876 fulsisse,
946 3827 1099 3880 quam
1126 3814 1239 3880 ejus
1267 3813 1471 3866 stellam
1506 3816 1728 3866 censuit.

166 3905 224 3958 lli
251 3908 354 3960 duo
385 3922 504 3959 cum
538 3906 670 3958 inira
695 3906 863 3958 solem
894 3912 1038 3965 sunt,
1083 3903 1224 3954 clare
1255 3903 1498 3955 videntur
1531 3901 1580 3951 in
1614 3916 1728 3951 me—

162 3996 311 4050 ridie.
341 3995 512 4049 Causa
545 4010 670 4047 vero
717 4005 820 4058 cst,
846 3994 964 4059 quia
998 4001 1121 4044 sunt
1162 3993 1442 4044 viciniorcs
1474 4001 1646 4057 teme,
1681 4003 1732 4046 et

162 4087 385 4155 majores
411 4094 688 4154 apparent,
725 4099 822 4138 nec
851 4083 931 4136 sol
964 4083 1081 4134 illas
1111 4083 1382 4136 obscurat.
1415 4066 1545 4134 Cum
1601 4098 1730 4137 vero

158 4188 310 4238 supra
335 4175 506 4227 solem
531 4182 676 4235 sunt,
700 4173 916 4224 claritas
944 4171 1062 4239 ejus
1087 4186 1188 4223 non
1222 4172 1478 4235 permittit
1507 4173 1622 4224 illas
1652 4173 1731 4224 vis

153 4264 282 4328 deri,
319 4275 568 4333 tanquam
610 4263 718 4331 jam
761 4264 868 4316 sint
899 4264 1168 4328 minores;
1197 4276 1317 4314 cum
1349 4262 1552 4314 directe
1599 4277 1728 4329 quo-

154 4369 252 4420 que
277 4355 357 4430 sol
389 4354 510 4408 illas
541 4354 864 4418 reverberat,
895 4362 948 4406 ut
977 4361 1100 4406 ante
1129 4353 1211 4406 vel
1235 4359 1379 4406 retro
1409 4357 1628 4420 p0sitas,
1653 4353 1726 4406 si-

151 4444 340 4501 militer
361 4455 452 4500 aut
483 4445 771 4510 modicum,
807 4455 897 4497 aut
930 4443 1148 4498 minime
1173 4443 1436 4497 videntur.

534 4536 610 4590 De
632 4539 812 4591 media:
839 4538 976 4589 (una:
1004 4536 1330 4590 obscuritate.

217 4622 293 4680 De
340 4625 465 4678 luna
517 4640 728 4695 quoque
777 4625 897 4678 talis
944 4624 1169 4677 habetur
1221 4626 1549 4691 conjectura,
1584 4627 1722 4694 quod

146 4712 213 4766 sit
241 4714 487 4780 qntedam
527 4712 787 4765 nubecula
807 4713 943 4766 inter
973 4727 1070 4764 nos
1101 4723 1152 4766 et
1182 4713 1358 4765 lunam
1391 4715 1583 4782 posita,
1618 4717 1718 4768 im-

146 4801 360 4868 pediens
390 4801 544 4855 nobis
577 4801 765 4868 partim
798 4801 1092 4855 claritatem
1125 4802 1293 4865 lunae;
1325 4818 1446 4857 nam
1479 4803 1592 4872 ipsa
1622 4807 1716 4858 ad-

145 4891 492 4944 Ininistratrix
520 4897 605 4944 est
624 4891 972 4959 corpulentia:
1003 4902 1108 4945 tam
1151 4894 1516 4959 superioribus
1558 4911 1716 4964 quam

147 4981 506 5048 interioribus,
556 4989 610 5035 et
647 4977 949 5035 cribrantur
1001 4984 1073 5037 ibi
1101 4983 1316 5052 quidam
1349 4985 1534 5052 atomi,
1567 4987 1719 5055 cujus

147 5070 456 5138 liquidiores
482 5081 656 5140 partes
687 5084 897 5126 sursum
925 5072 1054 5126 dant
1083 5074 1493 5141 corpulentiam.
1527 5077 1718 5131 Sordi-

146 5161 320 5215 diores
345 5173 522 5218 autem
553 5163 636 5218 bis
658 5162 995 5217 inferioribus
1018 5170 1072 5214 et
1097 5163 1313 5215 caducis
1339 5163 1717 5232 infunduntur,

147 5259 197 5304 et
225 5249 295 5305 ibi
311 5265 624 5319 evaporant.
654 5255 856 5309 Lunam
874 5255 1144 5322 quoquein
1159 5269 1219 5306 ea
1246 5266 1392 5322 parte
1415 5260 1716 5326 aspectibus

146 5344 335 5396 nostris
355 5343 639 5412 subtrahit,
663 5346 1106 5416 quemadmodum
1132 5347 1346 5408 nebula,
1384 5364 1500 5414 qua:
1533 5351 1616 5403 ubi
1649 5351 1717 5407 de

145 5432 406 5487 montibus
425 5433 661 5498 exhalat,
697 5438 870 5491 oculis
913 5439 1058 5491 illum
1102 5437 1295 5490 nostris
1319 5437 1386 5490 ibi
1415 5439 1710 5496 abscondit.

529 5524 606 5578 De
648 5527 884 5596 epicyclis
932 5539 978 5581 et
1027 5530 1321 5582 intersectis.

203 5612 424 5681 Quando
458 5613 634 5669 Venus
659 5624 716 5670 et
759 5617 1049 5673 Mercurius
1100 5621 1230 5674 solis
1273 5620 1566 5687 vicinitate,
1627 5625 1709 5678 vel

141 5709 450 5778 remotione,
511 5709 811 5776 videantur,
860 5712 940 5766 vel
974 5729 1075 5768 non
1132 5714 1433 5771 videantur.
1497 5717 1704 5772 Mercu-

1847 3167 1998 3233 litici,
2031 3167 2082 3220 id
2114 3176 2215 3233 e~t,
2249 3171 2564 3236 transitorii,
2600 3173 2728 3223 sunt’
2751 3172 2838 3239 qui
2863 3173 2926 3225 de
2947 3173 3106 3240 priori
3140 3173 3290 3241 signo
3313 3185 3418 3226 ten-

1843 3257 1972 3310 dunt
2001 3258 2050 3310 in
2078 3259 2358 3324 posterius.
2413 3257 2652 3327 Cumque
2686 3264 2784 3314 hoc
2817 3278 3004 3316 omnes
3036 3265 3152 3316 alia:
3202 3263 3418 3324 faciant,

1798 3392 1805 3401 .
1842 3352 2106 3416 prmeipuc
2133 3351 2210 3402 sol
2243 3361 2290 3403 et
2317 3352 2458 3412 luna,
2494 3354 2560 3402 ita
2591 3354 2728 3404 enim
2779 3355 2829 3404 hi
2855 3367 2895 3406 tt
2953 3355 3017 3406 de
3061 3356 3418 3407 anterioiibus

1839 3443 2004 3509 signis
2036 3443 2098 3500 ad
2133 3444 2422 3510 posteriora
2459 3445 2697 3509 tendunt,
2752 3446 2890 3511 qUod
2937 3461 3202 3512 nunquam
3252 3456 3414 3508 stent,

1841 3549 2106 3602 nunquam
2137 3535 2606 3603 retrogrediantur.
2661 3535 2714 3589 Si
2741 3537 2930 3603 aliquis
2962 3548 3195 3603 upponat
3245 3537 3411 3589 solum

1839 3625 2150 3690 subsistere,
2184 3629 2301 3692 quia
2350 3629 2466 3693 plus
2515 3630 2562 3679 in
2612 3629 2839 3693 geminis
2887 3639 3125 3680 moretur
3154 3644 3307 3692 quam
3359 3627 3411 3680 in

1839 3714 2138 3782 Sagittario,
2172 3716 2482 3782 dicithuod
2511 3717 2608 3768 hoc
2635 3718 2826 3768 morari
2859 3733 2959 3768 non
2989 3728 3066 3768 cst
3092 3720 3404 3783 subsistere,

1838 3804 1931 3854 sed
1961 3803 2098 3866 quod
2132 3803 2300 3870 majus
2348 3805 2575 3870 spatium
2610 3805 2677 3856 ibi
2707 3806 2895 3858 haheat
2929 3806 3215 3872 complere,
3251 3785 3408 3874 quam

1837 3904 1890 3946 et
1916 3894 2033 3947 aliis
2064 3895 2249 3962 signis,
2281 3896 2370 3947 ubi
2396 3897 2508 3949 axis
2540 3896 2654 3963 ejus
2707 3909 2808 3947 tam
2837 3897 2938 3949 alta
2984 3913 3085 3948 non
3130 3905 3229 3958 est,
3269 3896 3408 3963 quod

1838 3995 1981 4054 patet
2039 3987 2089 4038 in
2143 3989 2513 4040 excentritate.
2551 3988 2859 4040 Stationarii
2902 3997 3023 4038 sunt
3072 3989 3158 4053 qui
3209 3988 3411 4038 diutius

1839 4092 2000 4144 prope
2024 4079 2250 4141 aliquam
2277 4079 2434 4126 lixam
2459 4076 2664 4126 stellam
2689 4077 2955 4137 videntur,
2979 4090 3132 4143 quam
3165 4077 3402 4129 soleant:

1837 4182 1939 4219 non
1968 4167 2178 4234 quidem
2208 4178 2367 4228 Stant,
2400 4167 2491 4219 sed
2522 4167 2812 4219 secundum
2855 4183 3046 4220 cursus
3075 4171 3152 4220 sui
3185 4170 3406 4237 ligurum

1834 4259 1912 4310 vel
1947 4257 2258 4320 ascendunt,
2285 4259 2364 4311 vel
2398 4259 2750 4322 descendunt,
2777 4269 2827 4310 et
2855 4275 2958 4310 non
2985 4261 3203 4312 multum
3230 4262 3279 4312 in
3307 4277 3403 4312 na-

1834 4347 1990 4401 turali
2016 4362 2171 4400 cursu
2213 4347 2521 4412 procedunt.
2554 4348 2688 4399 Sunt
2718 4358 2892 4399 autem
2926 4350 3140 4415 legitimi
3167 4349 3400 4415 termini,

1751 4456 1804 4515 D
1837 4437 1887 4491 in
1919 4438 2109 4504 quibus
2153 4437 2393 4488 videntur
2425 4437 2745 4500 stationarii,
2779 4437 2825 4488 id
2859 4446 2957 4501 eSI,
2994 4453 3113 4489 cum
3145 4438 3343 4492 dstant
3372 4454 3400 4489 a

1831 4530 1946 4581 sole
1977 4542 2069 4596 per
2116 4529 2212 4579 tria
2273 4527 2442 4595 signa,
2481 4527 2565 4580 vel
2616 4544 2709 4594 per
2757 4537 3002 4596 quatuor,
3037 4531 3174 4596 quod
3205 4530 3260 4581 ﬁt
3311 4545 3408 4599 per

1830 4618 2174 4686 triangulum,
2210 4617 2289 4670 vel
2343 4617 2783 4686 quadrangulum,
2832 4617 2882 4670 id
2929 4628 3030 4680 est,
3062 4620 3110 4671 in
3170 4621 3400 4686 trigono,

1825 4711 1909 4763 vel
1939 4721 2241 4778 tetragono,
2272 4711 2370 4761 lioc
2397 4717 2497 4771 est,
2528 4710 2576 4760 in
2613 4709 2825 4771 triceto,
2863 4710 2943 4762 vel
2977 4713 3025 4761 in
3059 4711 3397 4777 quadriceto.

1822 4799 1991 4852 Causa
2013 4809 2188 4852 autem
2222 4800 2375 4866 hujus
2403 4799 2646 4852 stationis
2680 4799 2987 4865 perhibetur
3015 4801 3093 4854 sol
3125 4815 3263 4854 esse.
3302 4801 3398 4855 Est

1822 4900 1996 4944 autem
2030 4891 2185 4944 statio
2209 4890 2305 4941 alia
2341 4890 2620 4955 matutina,
2655 4891 2756 4944 alia
2789 4893 3111 4959 vespertina.
3137 4886 3392 4947 Matutine

1821 4991 1923 5047 est,
1958 4996 2076 5034 cum
2109 4991 2229 5034 ante
2261 4991 2433 5034 ortum
2463 4983 2592 5034 solis
2625 4994 2704 5035 est
2735 4984 2784 5036 in
2813 4985 3064 5038 statione.
3103 4984 3169 5038 Et
3200 4993 3386 5037 notan-

1821 5074 1946 5127 dum
1981 5073 2118 5140 quod
2159 5074 2206 5126 in
2263 5076 2560 5142 vespertina
2607 5076 2833 5126 statione
2876 5085 3076 5127 tantum
3125 5075 3255 5126 ﬁunt
3305 5089 3389 5129 re-

1822 5168 2086 5233 trograde.
2127 5165 2279 5217 Verbi
2315 5164 2500 5231 gratia,
2531 5165 2572 5216 si
2597 5162 2801 5232 Jupiter
2826 5166 2892 5218 de
2920 5165 3156 5220 Geminis
3207 5180 3393 5234 proce-

1819 5257 1908 5310 dat
1937 5257 1988 5308 in
2015 5255 2300 5315 Cancrum,
2331 5263 2386 5306 et
2434 5255 2554 5305 item
2605 5256 2786 5316 redeat
2836 5255 2886 5308 in
2921 5255 3196 5324 Geminos,
3245 5257 3388 5324 quod

1817 5362 1935 5400 cum
1978 5347 2186 5413 quidam
2217 5343 2264 5397 in
2296 5345 2606 5412 quibusdam
2661 5346 2822 5415 signis
2861 5349 3025 5403 semel
3069 5356 3270 5401 tantum
3321 5346 3395 5401 fa-

1817 5443 1976 5499 ciant,
2011 5436 2268 5489 Saturnus
2314 5445 2486 5489 tamen
2518 5451 2728 5504 semper
2757 5437 2836 5490 bis
2886 5438 2950 5490 ad
2983 5438 3259 5506 quodlibet
3307 5437 3392 5490 si-

1817 5546 1976 5598 gnum
2028 5527 2342 5594 regreditur,
2395 5537 2450 5581 et
2496 5528 2778 5596 aliquando
2831 5530 2990 5580 tertio
3033 5527 3272 5594 pervenit
3320 5526 3384 5580 ad

1817 5624 1976 5683 idem,
2012 5620 2150 5687 quod
2177 5634 2376 5671 moram
2420 5620 2498 5673 sui
2555 5632 2743 5673 cursus
2788 5620 3079 5677 secundum
3133 5621 3387 5690 quosdam

1814 5713 1995 5768 cilicii.
2020 5711 2144 5765 Nam
2173 5709 2460 5763 secundum
2484 5709 2614 5764 alios
2640 5709 2943 5780 magnitudo
2959 5712 3161 5768 circuli.
3195 5712 3395 5784 Pytha-
