3922 6246
450 399 552 479 sat

927 422 1131 478 BEDE
1170 420 1621 478 VI‘ZNERABILIS
1660 422 1809 477 OPP.
1851 421 2030 478 PARS
2066 418 2109 476 Ι.
2149 419 2340 478 SECT.
2380 420 2445 477 11.
2483 448 2555 463 —
2594 420 2799 476 DL‘BIA
2841 420 2927 477 ET
2965 422 3208 478 SPUlllA

3550 11 3922 177 ΪΙ

3600 422 3723 479 8⁸1

445 551 605 605 Suras
634 546 809 588 autem
840 550 1011 602 neque
1031 536 1407 603 retrogradari'
1452 550 1618 602 neque
1658 542 1823 596 stare,
1854 545 2027 601 neque
2056 533 2105 591 Α
2129 530 2297 585 solem
2324 530 2508 598 incipit
2536 530 2833 593 obscurari,
2867 538 2921 584 et
2950 532 3246 586 recedendo
3294 534 3347 587 in
3389 532 3722 591 duodecima

446 625 749 679 anomalam
782 626 1010 693 aliquam
1039 640 1159 678 esse
1186 626 1413 688 dicebat,
1443 625 1537 678 sed
1562 639 1749 678 omnes
1778 624 2030 692 inaequali

446 716 618 781 spatio
646 716 899 783 temporis
923 715 1198 782 mqualiter
1219 716 1488 783 complere
1510 705 1736 783 spatium
1761 716 2026 770 locorum.

449 804 732 869 Quomodo
762 805 1074 873 retregrade
1099 806 1402 873 videantur,
1436 807 1516 859 vel
1547 807 1876 873 stationarie,
1906 822 2029 862 cum

444 904 623 949 tamen
656 912 761 949 non
793 897 919 962 sint,
954 897 1119 966 figura
1139 897 1490 951 demonstrat.
1523 898 1817 961 Anomalze,
1846 898 1894 951 id
1922 907 2024 961 est,

443 989 765 1057 irregulares
811 997 956 1052 sunt,
987 1005 1108 1043 cum
1158 991 1240 1042 vel
1271 990 1488 1051 diutius.
1520 991 1600 1043 vel
1647 988 1826 1054 citius,
1869 990 2029 1043 solito

447 1091 744 1139 morantur,
774 1078 854 1130 vel
884 1079 1147 1141 oriuntur,
1176 1088 1267 1131 aut
1288 1081 1401 1132 initi
1428 1080 1586 1132 solito
1608 1079 1726 1133 loco
1747 1088 2024 1147 apparent,

445 1167 583 1234 quod
616 1183 735 1220 cum
760 1169 876 1219 aliis
906 1171 1325 1235 etiameveniat,
1361 1170 1590 1222 maxime
1639 1179 1815 1222 tamen
1851 1170 2023 1233 Marti,

444 1260 530 1326 qui
565 1260 616 1311 in
665 1258 1051 1325 posterioribus
1099 1262 1307 1314 duobus
1333 1260 1488 1313 annis
1536 1274 1801 1328 nunquam
1846 1269 2028 1314 servat

445 1348 617 1415 legem
656 1349 911 1416 priorum.
950 1349 1127 1403 Venus
1177 1362 1353 1403 autem
1386 1360 1440 1403 et
1487 1350 1703 1403 Martius
1753 1364 2023 1419 nunquam

442 1438 495 1489 in
528 1438 717 1491 triceto
749 1440 829 1492 vel
856 1440 906 1491 in
933 1439 1245 1506 quadriccto
1269 1441 1582 1509 regulariter
1611 1440 1810 1492 distant
1832 1455 1857 1490 a
1885 1440 2023 1501 sole,

442 1541 542 1580 nec
572 1543 600 1579 a
627 1528 882 1581 Chronico
912 1539 1033 1583 ortu
1054 1528 1320 1593 oriuntur,
1348 1540 1439 1583 aut
1467 1530 1738 1593 occidunt,
1762 1531 1885 1598 quia
1918 1544 2023 1582 non

440 1616 558 1681 plus
581 1631 607 1667 a
636 1617 751 1669 sole
781 1618 984 1670 distant
1009 1633 1169 1685 quam
1204 1618 1381 1671 Venus
1423 1633 1517 1685 per
1540 1618 1745 1686 signum
1777 1629 1829 1671 et
1871 1619 2028 1672 dimi-

442 1706 608 1768 dium,
644 1707 863 1760 Martius
914 1723 1007 1774 per
1036 1708 1244 1775 signum
1276 1716 1331 1762 et
1356 1708 1488 1762 duas
1514 1720 1691 1777 partes
1721 1709 1895 1771 unius,
1924 1712 2027 1765 ibi-

442 1812 547 1863 que
566 1812 717 1851 suam
736 1797 1183 1853 stationaritatem
1197 1806 1251 1851 et
1268 1798 1783 1869 retrogradationem
1811 1802 2025 1867 patiun-

2135 632 2283 692 parte
2303 622 2607 689 illuminari,
2639 632 2691 677 et
2720 623 2925 679 duobus
2940 624 3128 680 diebus
3151 627 3522 683 tantummodo
3556 628 3717 683 latet.

2742 735 2816 787 De
2828 735 3103 791 obsidibus.

2207 824 2261 877 In
2287 824 2751 881 intersectionibus
2777 842 2987 895 quoque
3017 827 3227 882 absides
3245 831 3722 899 autsuntquidam

2134 915 2371 970 tramites
2419 917 2507 984 qui
2559 917 2808 971 dicuntur
2853 926 2943 970 aut
2983 919 3239 987 lragendo
3266 934 3361 988 per
3388 921 3585 987 spiras,
3614 935 3725 990 per

2132 1018 2262 1071 quas
2290 1003 2525 1057 stellaria
2556 1020 2783 1071 corpora
2814 1005 3087 1070 incedunt,
3140 1008 3308 1061 infixo
3356 1010 3573 1079 triginta
3620 1024 3729 1064 oc-

2131 1093 2399 1147 cultantur
2424 1102 2515 1147 aut
2547 1095 2744 1160 plures,
2780 1095 2873 1149 sed
2907 1099 3143 1150 minores
3171 1096 3385 1152 diutius.
3433 1098 3567 1152 Nam
3599 1112 3726 1151 ma.

2129 1174 2453 1249 jorescitius
2478 1185 2746 1240 ’videutur.
2775 1187 3036 1254 Incipiunt
3054 1198 3229 1243 autem
3254 1190 3553 1253 obscurari,
3585 1205 3723 1245 eum

2130 1274 2209 1326 sol
2231 1272 2298 1326 ab
2317 1274 2490 1341 aliqua
2510 1274 2715 1329 illarum
2735 1276 2869 1331 ultra
2889 1278 3186 1347 quindecim
3206 1288 3383 1349 partes
3404 1278 3727 1336 destituitur

2130 1369 2293 1425 terra,
2322 1362 2461 1431 quod
2494 1364 2594 1419 iter
2614 1356 2915 1433 qbindecim
2944 1366 3132 1421 diebus
3164 1368 3394 1437 perficit,
3420 1370 3727 1426 recedens—

2131 1469 2235 1512 aue
2262 1455 2329 1510 ab
2352 1470 2412 1509 ea
2440 1456 2743 1525 quindecim
2772 1457 2959 1513 diebus
2982 1454 3262 1516 'obscurat.

2556 1545 2633 1627 Pe
2661 1562 2903 1601 consensu
2945 1548 3283 1616 planetarum.

2202 1632 2269 1688 Ut
2317 1635 2548 1692 diximus
2590 1652 2750 1706 supra
2780 1638 2830 1692 in
2863 1639 3052 1695 triceto
3098 1642 3181 1696 vel
3228 1642 3546 1711 quadriceto
3601 1646 3729 1701 sole

2130 1724 2461 1792 respiciendo
2491 1727 2732 1796 planetas
2762 1729 2895 1783 fiunt
2920 1731 3269 1785 s¢ationarios
3299 1734 3627 1804 retrogradi,
3660 1745 3731 1790 et

2131 1824 2317 1868 contra
2336 1828 2405 1870 ‘se
2433 1818 2643 1885 quoque
2674 1818 3010 1886 respiciendo
3062 1837 3306 1889 magnum
3338 1823 3439 1876 sibi
3473 1821 3730 1891 praebent

445 1895 564 1953 tur;
598 1888 816 1957 prOpius
854 1900 1031 1943 autem
1075 1890 1244 1944 videri
1287 1901 1509 1958 possunt
1552 1891 1834 1959 aliqua‘hdo
1864 1906 2022 1958 supra

2138 1919 2476 1959 consensum.
2510 1908 2641 1961 Nam
2674 1909 2791 1962 cum
2824 1910 3053 1965 salubris
3082 1911 3349 1966 salubrem
3392 1916 3744 1981 reSpexerit,.

439 1976 597 2029 simul
626 1987 680 2030 et
709 1976 865 2041 infra,
896 1980 1053 2031 simul
1085 1989 1251 2043 retro,
1286 1987 1377 2033 aut
1411 1991 1570 2041 ante,
1623 1982 1762 2033 unde
1789 1992 1841 2034 et
1890 1982 2026 2035 duos

442 2066 719 2121 Luciferos
742 2068 984 2121 videmur
1013 2068 1210 2123 habere
1240 2110 1255 2134 ,
1290 2071 1536 2123 similiter
1574 2071 1707 2123 duos
1738 2072 2021 2138 llesprros,

438 2173 563 2210 rum
592 2172 719 2211 vero
751 2158 1050 2211 Mercurius
1096 2168 1222 2211 ante
1262 2168 1364 2225 est,
1402 2160 1637 2213 vindicat
1679 2161 1777 2212 sibi
1830 2176 2023 2213 nomen

440 2249 688 2302 Luciferi.
725 2248 903 2302 Venus
927 2258 1103 2302 autem
1133 2260 1215 2303 est
1240 2248 1433 2303 numen
1465 2261 1690 2315 naturae,
1722 2252 1896 2316 idest,
1933 2266 2028 2303 na-

444 2343 705 2409 turaliter,
732 2343 1033 2413 ubiCunque
1059 2345 1172 2397 hare
1194 2346 1346 2399 stella
1376 2354 1479 2410 est,
1506 2345 1683 2400 Venus
1708 2347 2023 2413 appellatur.

438 2432 571 2487 Cum
607 2448 733 2487 vero
765 2436 935 2488 solem
969 2436 1224 2502 praecedit
1252 2435 1303 2489 in
1334 2446 1474 2499 ortu,
1530 2436 1743 2489 Lucifer
1791 2438 2024 2500 dicitur;

438 2538 557 2576 cum
581 2524 693 2577 sole
716 2524 995 2579 occidente
1021 2530 1348 2592 apparuerit,
1377 2526 1663 2594 llesperus,
1692 2526 1771 2581 vel
1800 2526 2022 2592 VeSper,

435 2624 593 2667 etest
624 2630 818 2668 nomen
843 2616 1026 2669 officii.
1054 2616 1247 2669 Dicunt
1272 2632 1485 2685 quoque
1509 2617 1732 2670 Aristnt.
1782 2629 1837 2673 et
1885 2619 2027 2673 Peri-

443 2706 653 2771 patetici
684 2708 908 2761 naturali
934 2723 1096 2762 cursu
1138 2710 1275 2761 volvi
1303 2710 1540 2778 planetas
1570 2725 1691 2763 cum
1718 2712 2025 2765 tirmamen-

437 2810 515 2863 to,
547 2798 639 2851 sed
681 2815 869 2852 omnes
907 2801 1180 2854 celeritate
1213 2803 1381 2870 ipsius
1427 2802 1713 2869 praeteriri.
1761 2804 2020 2859 Saturnus

444 2890 495 2941 in
525 2896 732 2942 tantum
764 2904 885 2942 cum
912 2889 1033 2956 ejus
1055 2891 1331 2943 celeritate
1355 2893 1647 2953 contendit,
1696 2895 1835 2958 quod
1888 2894 2025 2946 infra

438 2979 572 3031 duos
599 2994 769 3033 annos
811 2989 866 3033 et
895 2980 1175 3034 dimidium
1214 2981 1361 3034 illum
1404 2984 1670 3049 prter-edat
1722 2982 2027 3037 firmamen-

442 3075 551 3123 tum
582 3068 739 3125 unius
765 3077 968 3122 tantum
999 3071 1137 3140 signi
1169 3072 1517 3142 longitudine.

1124 3162 1197 3215 De
1219 3174 1353 3216 ortu.

512 3253 819 3309 Notandum
850 3269 1061 3323 quoque
1087 3256 1227 3324 quod
1271 3268 1419 3310 ortus
1442 3258 1578 3310 alius
1626 3256 1935 3320 matutinus,
1965 3271 2024 3309 a-

442 3344 546 3398 lius
569 3349 925 3414 vespertinus.
962 3349 1278 3414 Matutinus,
1302 3351 1389 3403 ubi
1414 3350 1588 3417 aliqua
1610 3348 1760 3404 stella
1787 3350 1914 3402 sol-is
1940 3365 2028 3403 or-
2064 3410 2066 3413 τ

441 3445 551 3488 tum
609 3439 862 3503 praecedit
908 3448 1026 3506 post
1082 3440 1310 3494 mediam
1362 3451 1613 3509 noctem;
1669 3444 2025 3508 veSpertinus,

444 3529 529 3579 uhi
565 3538 684 3595 post
710 3542 960 3581 occasum
1004 3531 1133 3581 solis
1160 3530 1333 3596 aliqua
1364 3532 1519 3583 stella
1546 3533 1872 3600 apparuerit.
1936 3534 2028 3587 Est

446 3630 704 3689 prmterea
735 3628 885 3672 ortns
928 3619 1062 3671 alius
1096 3620 1417 3684 mundanus,
1448 3620 1582 3674 alius
1612 3618 1867 3685 heliacus,
1894 3622 2029 3674 alius

444 3711 785 3763 achronicus.
821 3709 1119 3763 Mundanus
1166 3719 1269 3775 est,
1299 3724 1420 3763 cum
1469 3710 1535 3764 de
1580 3710 1818 3765 inferiori
1868 3710 2032 3763 hemi-

442 3800 675 3863 sptaerio
705 3802 756 3853 in
783 3800 1028 3869 superius
1052 3800 1120 3853 ali
1145 3816 1230 3869 :‘ua
1260 3803 1414 3855 stella
1446 3802 1747 3857 emerserit.
1782 3802 2031 3857 Heliacus

445 3898 548 3950 est,
579 3903 699 3940 cum
727 3890 802 3940 sol
837 3890 1096 3942 recedens
1127 3892 1194 3941 ab
1228 3892 1403 3957 aliqua
1436 3893 1589 3944 stella
1622 3893 1883 3959 permittit
1910 3907 2027 3945 eam

443 3979 631 4033 videri.
662 3980 949 4046 Arrenius,
981 3995 1101 4034 cum
1132 3980 1306 4049 aliqua
1339 3982 1515 4047 stella,
1548 3984 1630 4035 vel
1676 3983 1839 4047 sidus,
1888 3986 2031 4037 occi-

443 4073 543 4139 dit,
575 4083 624 4127 et
656 4074 960 4142 oppositum
989 4073 1131 4126 illius
1161 4089 1254 4141 per
1285 4072 1606 4129 diametrum
1630 4075 1823 4128 oritur.
1857 4074 2029 4129 Chro-

446 4180 543 4218 nos
571 4177 747 4217 antem
781 4176 993 4233 tempus
1021 4167 1423 4233 interpretatur.

1085 4254 1161 4306 De
1193 4271 1396 4307 occasu.

517 4348 748 4401 Occasus
778 4362 991 4416 quoque
1036 4348 1174 4401 alius
1226 4349 1545 4411 mundanus,
1598 4349 1730 4400 alius
1759 4349 2024 4414 lteltacus,

446 4438 584 4491 alius
606 4437 941 4491 achronicus.
996 4437 1294 4491 Mundanus
1323 4447 1425 4501 est,
1454 4452 1576 4490 cum
1627 4438 1888 4502 superiori
1936 4438 2029 4489 he-

2130 2005 2352 2063 augetur
2406 1997 2727 2062 salubritas;
2762 1999 2805 2052 si
2838 2000 3060 2054 adversa
3084 2000 3397 2056 .advcrsam
3420 2043 3435 2065 ,
3495 2015 3732 2073 augetur

2129 2085 2423 2140 adversitas
2450 2106 2463 2152 ;
2487 2089 2528 2140 si
2548 2088 2775 2141 salubris
2792 2088 3087 2153 adversam,
3121 2091 3205 2145 vel
3229 2108 3257 2143 e
3289 2108 3577 2157 converso,
3610 2096 3721 2147 mi-

2132 2176 2310 2229 nuitur
2360 2183 2708 2244 utrarumque
2740 2177 2984 2233 ell‘ectus.
3041 2180 3335 2234 Mercurius
3362 2192 3561 2247 autem,
3595 2184 3727 2250 quia

2128 2273 2211 2319 est
2241 2266 2568 2332 indifferens,
2604 2269 2722 2336 plus
2757 2278 2932 2322 tamen
2966 2269 3135 2322 bonus
3166 2286 3325 2338 quam
3355 2271 3727 2336 malus,sem-

2130 2370 2225 2422 per
2248 2356 2364 2409 talis
2392 2356 2640 2423 efficitur,
2672 2360 2847 2428 qualis
2882 2358 2970 2412 illa
3013 2374 3172 2428 quam
3217 2364 3457 2427 respicit,
3490 2373 3543 2416 et
3566 2361 3735 2431 ejus-

2129 2448 2251 2500 dem
2282 2450 2498 2502 coloris.
2549 2449 2680 2503 Nam
2712 2451 2753 2503 si
2782 2450 3060 2506 adversam
3092 2453 3415 2520 reSpexerit,
3467 2462 3626 2517 auget
3663 2461 3730 2507 ct

2129 2538 2392 2591 accelerat
2444 2539 2587 2590 illius
2644 2540 3066 2605 proceritatem;
3108 2520 3152 2593 si
3194 2554 3322 2594 vero
3373 2555 3727 2609 prosperam,

2129 2640 2285 2696 auget
2313 2637 2367 2681 et
2391 2628 2653 2683 accelerat
2681 2628 2795 2697 ejus
2825 2629 3242 2695 adversitatem;
3278 2630 3397 2698 plus
3429 2640 3606 2685 tamen
3636 2641 3727 2685 est

2128 2721 2471 2775 accommoda
2502 2722 2859 2790 prosperitati.

2726 2811 2798 2865 De
2831 2794 3127 2867 domiciliis.

2201 2903 2259 2957 Si
2288 2904 2339 2956 in
2373 2904 2596 2971 singulis
2626 2902 2907 2955 domiciliis
2958 2903 3151 2971 singuli
3201 2901 3429 2968 planeta:
3470 2916 3724 2957 accesse-

2130 2993 2259 3057 rint,
2288 2992 2571 3059 plurimttm
2604 2992 2701 3044 sibi
2735 2990 3130 3059 obsequuntur.
3165 2989 3294 3045 Illud
3322 3000 3499 3045 autem
3546 2990 3733 3044 domiv

2129 3084 2308 3136 cilium
2358 3082 2642 3151 cujuslibet
2696 3081 2814 3134 dico
2868 3082 3192 3151 principale,
3240 3082 3291 3135 in
3333 3096 3439 3151 quo
3493 3081 3725 3150 quilibet

2140 3172 2347 3239 planeta
2377 3172 2427 3223 in
2459 3170 2662 3236 origine
2693 3169 2872 3223 mundi
2915 3178 3161 3237 repertus
3189 3180 3292 3225 est.
3327 3169 3473 3223 Luna
3500 3169 3723 3239 quidem

2136 3268 2189 3313 et
2211 3260 2289 3313 sol
2313 3258 2518 3327 singula
2553 3258 2751 3311 habent
2778 3257 3068 3324 domicilia,
3100 3261 3193 3312 sed
3223 3260 3446 3327 quilibet
3469 3259 3538 3313 de
3558 3260 3728 3314 certis

2133 3348 2388 3416 quinque,
2418 3347 2616 3400 habent
2637 3346 2743 3400 duo
2764 3362 2928 3400 unum
2954 3348 3351 3401 secundarium.
3380 3348 3434 3402 In
3457 3348 3729 3417 principio

2133 3440 2313 3509 itaque
2342 3439 2522 3493 mundi
2557 3440 2683 3493 luna
2724 3436 2821 3491 fuit
2854 3440 2906 3492 in
2940 3438 3168 3505 Cancro,
3195 3454 3313 3509 quae
3340 3454 3458 3493 cum
3488 3441 3729 3494 constel-

2132 3534 2333 3588 latione
2360 3548 2453 3585 sua
2498 3548 2709 3601 semper
2740 3530 2877 3585 bona
2910 3532 3212 3601 portendat.
3247 3531 3514 3601 praecipue
3545 3542 3726 3587 tamen

2131 3624 2360 3677 Cancro.
2392 3623 2446 3677 Si
2476 3624 2647 3677 solem
2698 3637 2879 3679 secum
2925 3622 3198 3688 habuerit,
3238 3625 3629 3677 incrementum
3673 3631 3730 3677 et

2132 3711 2519 3777 corpulentiam
2547 3712 2710 3765 rebus
2744 3711 2979 3765 maxime
3001 3712 3253 3777 infundit,
3284 3712 3425 3781 quod
3452 3714 3504 3765 in
3531 3710 3725 3763 ﬂorida

2133 3812 2319 3857 testate
2347 3811 2509 3870 patet.
2540 3801 2631 3856 Sol
2664 3816 2792 3856 vero
2820 3811 3064 3869 repertus
3098 3802 3193 3854 fuit
3221 3802 3273 3854 in
3302 3802 3498 3861 Leone,
3530 3801 3581 3851 in
3615 3815 3729 3867 quo

2134 3893 2421 3962 praecipue
2450 3901 2743 3960 potestates
2788 3904 2912 3943 suas
2958 3891 3203 3959 designat
3251 3892 3491 3944 siccitate
3517 3897 3572 3943 et
3602 3889 3719 3943 fer-

2134 4000 2284 4050 vore,
2311 3984 2452 4039 unde
2481 3995 2535 4039 et
2557 3983 2888 4038 caniculares
2918 3977 3036 4035 dies
3063 3989 3188 4035 sunt
3214 3981 3332 4034 aliis
3372 3978 3716 4044 fervidiores,

2134 4088 2192 4132 ut
2217 4080 2329 4131 sole
2355 4080 2619 4132 existente
2642 4079 2693 4131 in
2714 4093 2813 4131 suo
2840 4075 3133 4131 domicilio.
3164 4074 3509 4129 Caniculares
3536 4081 3723 4127 autem

2135 4169 2249 4224 dies
2275 4169 2521 4221 dicuntur
2541 4183 2570 4221 a
2600 4168 2866 4231 canicula,
2898 4181 3056 4234 quam
3100 4177 3224 4220 tunc
3268 4164 3560 4235 ingreditur
3615 4164 3725 4215 sol.

2135 4260 2447 4324 Mercurius,
2474 4260 2615 4313 sicut
2642 4258 2887 4313 infirmus
2913 4258 3175 4322 omnium,
3226 4258 3451 4326 primam
3492 4245 3730 4310 obtinuit

2136 4350 2473 4419 electionem,
2505 4350 2766 4420 elegitque
2786 4351 2853 4403 ab
2879 4348 3319 4403 antecedentibus
3358 4346 3577 4410 Canem,
3613 4344 3728 4399 Ge-

2144 4442 2345 4505 minos;
2384 4440 2909 4507 aconsequcntibus,
2965 4438 3223 4503 Leonem,
3275 4436 3564 4504 Virginem,
3620 4435 3727 4489 hac

452 4528 763 4593 misinhrcrio
796 4528 844 4579 in
876 4527 1096 4580 ittferius
1128 4527 1375 4596 quaelibet
1407 4528 1559 4596 stella
1586 4526 1878 4581 descendit.
1927 4527 2035 4580 lle-
2068 4542 2119 4602 ι)
2147 4532 2374 4595 ratione,
2410 4538 2464 4583 ut
2494 4531 2564 4583 ibi
2594 4529 2733 4596 quod
2766 4528 2923 4581 vellet
2973 4526 3278 4593 designaret
3330 4524 3728 4593 principaliter.

446 4622 629 4686 liacus,
655 4635 775 4675 cum
808 4621 909 4687 sol,
942 4619 1006 4673 ad
1054 4620 1287 4689 aliquam
1316 4620 1524 4674 stellam
1558 4620 1843 4687 accedens,
1880 4620 2026 4673 illam

444 4715 610 4768 videri
645 4728 749 4767 non
784 4712 1060 4781 permittit.
1090 4713 1381 4766 Acronicus
1409 4722 1513 4777 est,
1547 4727 1666 4766 cum
1694 4711 1869 4779 aliqua
1895 4710 2029 4764 stel-

445 4808 494 4859 la
521 4806 600 4859 vel
642 4805 851 4872 signum
901 4804 1117 4866 occidit,
1151 4814 1207 4858 et
1254 4805 1555 4873 Oppositum
1586 4802 1662 4858 illi
1695 4818 1789 4873 per
1817 4802 2033 4858 diame-

446 4907 586 4951 trum
619 4896 813 4949 oritur.

564 4970 569 4974 ’
871 4984 951 5035 De
975 4983 1310 5035 occultatione
1331 4983 1613 5034 stellarum.

516 5076 647 5133 Cum
696 5076 1034 5131 occultentur
1063 5075 1257 5138 stellae,
1289 5074 1400 5125 sive
1432 5088 1459 5124 a
1490 5074 1625 5135 sole,
1659 5075 1771 5125 sive
1801 5074 1867 5125 ab
1894 5072 2036 5124 absi-

442 5172 598 5227 dibus
623 5170 755 5235 suis,
781 5183 886 5223 non
916 5177 1094 5223 tamen
1124 5180 1315 5223 omnes
1341 5166 1451 5233 pari
1484 5162 1656 5231 spatio
1679 5164 2033 5216 occultantur.

444 5264 577 5316 Nam
625 5263 886 5315 Saturnus
916 5276 1059 5315 oux
1092 5259 1282 5313 diebus
1310 5256 1375 5309 ad
1420 5254 1589 5323 majus
1619 5254 1934 5318 occultatur,
1972 5251 2037 5305 ad

445 5356 622 5407 minus
666 5366 793 5403 vero
834 5366 864 5403 ι
907 5361 1135 5404 tantum.
1180 5350 1388 5416 Jupiter
1436 5364 1599 5403 xxxvr
1628 5348 1695 5401 ad
1727 5348 1923 5415 majus,
1970 5346 2035 5399 ad

448 5441 626 5493 minus
656 5455 709 5503 ι,
745 5439 1009 5493 similiter.
1045 5439 1183 5491 Mars
1215 5451 1395 5492 autem
1442 5438 1719 5491 anomalus
1750 5449 1853 5492 est.
1888 5438 2041 5492 Unde

450 5535 499 5587 in
532 5532 709 5586 Cestis
738 5531 915 5585 Caroli
948 5546 1041 5600 per
1074 5532 1335 5599 integrum
1365 5545 1561 5583 annum
1595 5530 1758 5585 latere
1790 5532 2039 5599 perhibe-

451 5637 554 5680 tur.
604 5625 782 5678 Venus
824 5635 1001 5676 autem
1050 5638 1177 5677 Lvnt
1227 5622 1417 5676 diebus
1446 5622 1512 5676 ad
1544 5621 1732 5691 majus,
1768 5623 1831 5674 ad
1866 5622 2041 5673 minus

450 5727 625 5771 autem
645 5732 735 5770 ιιι.
758 5716 1046 5769 Mercurius
1061 5715 1124 5768 ad
1143 5713 1313 5783 majus
1332 5729 1413 5767 XVI
1433 5714 1642 5780 diebus,
1662 5714 1727 5766 ad
1752 5712 1927 5765 minus
1945 5724 2041 5761 xu.

453 5805 604 5864 Luna
632 5809 933 5865 accedendo
955 5808 1007 5862 in
1025 5807 1337 5863 duodecima
1358 5818 1507 5877 parte
1528 5806 1664 5874 signi
1685 5804 1841 5860 unius
1860 5810 2041 5855 contra

2134 4622 2336 4677 Tamen
2360 4624 2401 4675 si
2429 4619 2807 4689 hospitalitatis
2828 4630 2986 4670 causa
3008 4614 3149 4669 alius
3168 4612 3383 4684 planeta
3404 4612 3516 4667 illic
3539 4610 3733 4666 fuisset

2135 4718 2429 4785 ingressus,
2460 4713 2596 4768 dixit
2622 4727 2681 4766 se
2704 4710 2838 4766 velle
2867 4709 2941 4763 illi
2968 4708 3191 4773 obsequi
3214 4706 3395 4761 colore
3423 4712 3478 4759 et
3503 4702 3728 4758 elfectu.

2138 4809 2336 4875 Venus,
2374 4808 2447 4861 uti
2478 4806 2725 4875 proxima
2750 4804 2890 4865 loco,
2917 4800 3217 4870 proximam
3239 4797 3363 4852 fecit
3382 4795 3733 4858 electionem,

2134 4909 2191 4955 et
2213 4900 2281 4953 ab
2308 4895 2747 4951 antecedentibus
2791 4893 2951 4957 elegit
2992 4888 3261 4951 Taurum,
3304 4901 3335 4939 a
3364 4897 3731 4952 consequen-

2139 4993 2277 5046 tibus
2326 4990 2561 5051 Libram,
2614 4986 2801 5039 eadem
2850 4981 3079 5045 ratione,
3117 4988 3175 5033 ut
3201 4993 3329 5033 suos
3378 4976 3603 5031 ell'ectus
3659 4972 3736 5026 ibi

2138 5082 2548 5133 demonstraret.
2577 5073 2633 5127 Si
2665 5088 2793 5126 vero
2818 5073 2988 5125 malus
3048 5073 3265 5139 planeta
3309 5068 3438 5123 illuc
3478 5063 3738 5128 intraretl

2139 5171 2301 5227 vellet
2347 5168 2419 5221 illi
2459 5166 2748 5231 adversari,
2779 5176 2831 5220 et
2861 5181 2953 5220 sna
2986 5163 3345 5234 prOSpe'ritate
3392 5156 3536 5209 vires
3587 5151 3741 5208 illius

2141 5265 2403 5326 minuere,
2448 5256 2712 5326 praecipue
2754 5259 2955 5312 habens
3001 5251 3353 5315 Mercurium,
3388 5247 3551 5303 vellet
3576 5263 3740 5306 acce-

2140 5357 2314 5411 lerare
2344 5364 2618 5419 prospera.
2646 5350 2779 5405 Cum
2804 5364 2931 5402 vero
2964 5347 3158 5400 bonum
3192 5357 3285 5396 sua
3315 5343 3737 5398 constellatione

2145 5447 2426 5516 plurimum
2459 5442 2721 5511 designet,
2751 5437 3013 5507 praecipue
3045 5444 3222 5487 tamen
3246 5434 3313 5489 de
3343 5434 3487 5489 felici
3519 5449 3737 5490 connu-

2145 5536 2233 5593 bio
2256 5536 2701 5607 jucundissimum
2737 5533 2928 5599 pignus
2957 5526 3131 5581 affert.
3163 5526 3235 5580 Ea
3271 5540 3483 5597 quoque
3508 5525 3741 5602 ratione

2145 5630 2286 5685 Mars
2331 5628 2568 5683 Arietem
2610 5630 2662 5675 et
2702 5618 3046 5686 Scorpionem
3102 5618 3285 5688 elegit,
3334 5625 3390 5669 ut
3439 5614 3739 5670 maximam

2145 5721 2425 5792 portendat
2452 5714 2855 5780 adversitatem,
2886 5718 2939 5765 et
2970 5710 3235 5779 praecipue
3262 5705 3605 5775 ﬂagrantiam
3651 5702 3741 5760 in-

2145 5819 2307 5875 dicat.
2357 5814 2562 5883 Jupiter
2618 5808 2792 5883 pisces
2818 5816 2869 5865 et
2895 5805 3225 5876 sagittarium
3268 5800 3445 5871 elegit,
3481 5797 3575 5867 qui
3602 5805 3745 5854 tem-
