3922 6246
241 386 361 445 893

1526 383 1741 441 HUNDI
1780 376 2261 436 CONSTITUTIO.
2314 414 2319 422 .

3411 378 3522 439 891

242 513 465 571 ρει-,ων
486 507 554 555 de
576 501 834 567 adversis,
858 512 1079 571 augetur
1102 518 1128 555 τι
1154 502 1441 571 prosperis.
1476 501 1606 554 Cum
1638 497 1825 551 Martio
1856 496 1903 555 Α
1934 492 2056 544 inde
2081 504 2251 543 anuus
2283 489 2605 557 bissextilis;
2638 492 2779 560 quod
2821 508 2949 547 vero
2993 494 3280 562 liquescat,
3310 494 3380 547 ita
3406 497 3488 547 dis

237 593 512 646 accelerat
548 594 613 644 ad
647 592 900 646 bonitatis
946 609 1055 646 sua:
1110 593 1322 656 indicia,
1352 592 1420 646 de
1452 591 1593 645 felici
1635 604 1826 657 regno.

242 697 372 734 rum
401 691 591 735 eventu
614 682 870 749 disponit.
899 682 1160 736 Saturnus
1183 686 1287 737 duo
1309 683 1555 737 continua
1575 682 1824 745 obtinuit,

240 772 477 833 scilicet,
500 774 788 840 Aquarium
810 784 861 824 et
881 773 1283 839 Capricornum,
1310 788 1426 825 cum
1458 773 1607 825 bonis
1627 771 1824 833 mitior,

238 876 373 913 eum
404 863 553 913 malis
580 877 793 927 saevior,
822 878 942 915 cum
977 864 1235 915 Mercurio
1264 866 1313 915 in
1346 861 1657 915 crudelitate
1687 861 1829 912 cele-

236 950 387 1014 τίον,
432 953 675 1019 interque
725 954 895 1007 malas
938 952 1334 1021 designationes
1364 954 1554 1022 frigore
1583 960 1636 1005 et
1664 950 1827 1003 nimia

235 1042 539 1107 asperitate
579 1042 831 1095 abundat.

753 1130 829 1185 De
866 1134 1055 1202 [rigore
1094 1136 1329 1187 Saturni.

318 1220 417 1274 Est
435 1231 610 1275 autem
634 1224 772 1276 inter
792 1239 978 1277 omnes
999 1226 1238 1294 planetas
1262 1225 1523 1278 Saturnus
1552 1222 1830 1289 frigidissi-

243 1328 399 1378 mus,
431 1316 581 1383 cujus
612 1316 789 1383 plures
820 1330 997 1368 causa:
1028 1314 1316 1368 redduntur
1347 1314 1664 1379 fabularum,
1707 1314 1829 1380 quia

229 1416 416 1457 senex
468 1405 567 1459 fuit
611 1408 826 1474 quidem
879 1408 982 1461 vir.
1034 1407 1201 1461 Senes
1248 1417 1423 1460 autem
1462 1415 1585 1459 sunt
1625 1406 1828 1472 frigida:

228 1503 476 1561 naturae,
529 1496 667 1550 unde
690 1506 743 1550 et
765 1496 957 1565 llegma
988 1496 1038 1549 in
1059 1494 1137 1549 eis
1165 1496 1419 1559 abundat,
1464 1496 1602 1562 quod
1651 1495 1830 1549 hieme

227 1584 463 1637 crescit.
497 1583 586 1639 Vel
620 1586 741 1639 ideo
771 1585 992 1653 frigidus
1018 1585 1344 1653 perhibetur,
1402 1584 1526 1651 quia
1582 1584 1830 1637 remotis-

226 1673 422 1728 simus
469 1676 587 1730 sita
616 1679 758 1747 sole,
800 1679 882 1731 vel
930 1679 1051 1746 quia
1081 1679 1159 1730 sol
1188 1678 1239 1730 in
1268 1677 1491 1731 Saturni
1541 1676 1830 1731 domiciliis

228 1765 478 1832 positus,
511 1770 899 1822 remotissimus
927 1778 1009 1823 est
1035 1784 1064 1823 a
1094 1770 1266 1834 nobis,
1314 1778 1437 1823 tunc
1462 1769 1582 1837 quia
1632 1768 1829 1837 frigore

1933 598 2211 652 ponamus.
2256 582 2347 637 Sol
2379 584 2431 637 in
2457 584 2719 652 principio
2743 585 2924 638 arietis
2946 600 3067 639 esse
3091 595 3335 652 ponatur,
3373 586 3517 640 idem

1933 683 2050 740 post
2078 687 2279 726 cccuv
2328 673 2441 726 dies
2472 672 2609 727 adeo
2644 674 2851 727 vicinus
2880 675 2983 727 erit
3012 675 3187 729 eidem
3218 675 3350 742 parti
3378 676 3517 728 arie-

1936 765 2020 825 tis,
2055 763 2194 830 quod
2225 764 2268 815 si
2300 762 2474 815 adhuc
2503 778 2600 817 sex
2636 762 2781 815 liora:
2812 773 3094 826 restarent,
3124 764 3365 817 eamdem
3395 780 3519 833 par-

1934 864 2039 905 tem
2088 853 2391 919 attingeret.
2428 851 2503 905 De
2534 852 2737 918 reliquo
2794 852 3077 922 diligenter
3130 854 3514 908 animadverte.

1935 943 1988 994 In
2016 952 2126 994 toto
2146 956 2244 995 suo
2259 942 2461 994 ambitu
2486 942 2566 1010 (ut
2589 940 2847 1010 diximus)
2871 951 3071 996 tantum
3093 944 3317 1009 spatium
3345 944 3515 1011 ponit.

1938 1030 2227 1083 Videamus
2252 1030 2410 1097 igitur
2442 1032 2690 1098 primum,
2723 1031 3016 1085 secundum
3068 1034 3323 1099 (aqualem
3373 1046 3521 1084 com-

1934 1123 2287 1188 putationem,
2333 1131 2589 1188 quantum
2633 1121 2683 1173 in
2716 1123 2937 1189 singulis
2981 1124 3144 1191 signis
3177 1132 3357 1190 ponat.
3390 1122 3519 1175 Nam

1932 1211 2222 1265 secundum
2268 1216 2617 1278 compotlstas
2651 1212 2702 1263 in
2732 1212 2970 1279 quolibet
3017 1214 3171 1281 signo
3218 1214 3361 1278 |Oltil
3414 1228 3520 1266 nx

1932 1304 2048 1356 dies
2079 1310 2184 1355 etx
2214 1284 2375 1355 li‘oras
2405 1313 2452 1355 et
2488 1302 2787 1364 dimidiam,
2832 1311 2886 1355 et
2923 1317 2987 1356 ex
3035 1302 3116 1356 bis
3159 1303 3227 1355 ad
3278 1303 3519 1355 eamdem

1933 1407 2203 1446 summam
2238 1393 2460 1445 redibis.
2496 1392 2626 1445 Nam
2676 1392 2962 1446 duoderies
3013 1408 3119 1447 xxx
3168 1404 3289 1446 sunt
3333 1409 3522 1455 ccccx.

1935 1482 2227 1536 duodecies
2256 1498 2287 1535 x
2321 1488 2464 1536 bone
2490 1483 2691 1536 faciunt
2718 1485 2955 1551 quinque
2987 1484 3122 1547 dies,
3147 1493 3202 1536 et
3232 1483 3524 1537 duodet-ies

1932 1570 2152 1623 dimidia
2182 1568 2305 1624 facit
2338 1570 2687 1638 quadrantem
2722 1588 2735 1622 ε
2769 1586 2895 1625 ecce
2924 1571 3113 1626 eadem
3144 1587 3369 1625 summa.
3407 1573 3522 1625 Plii-

1941 1664 2149 1729 Ιοεοιιιιὶ
2198 1678 2343 1727 vero,
2392 1664 2466 1715 rei
2510 1664 2788 1716 veritatem
2836 1666 3285 1732 contemplantes,
3338 1665 3525 1731 depre-

1936 1754 2236 1807 henderunt
2266 1754 2433 1807 solem
2465 1753 2583 1819 plus
2616 1755 2666 1806 in
2701 1769 2806 1806 uno
2838 1754 3015 1821 signo,
3047 1764 3101 1805 et
3130 1754 3305 1806 minus
3337 1752 3386 1805 in
3418 1754 3525 1806 alio

229 1857 559 1922 premimur.
612 1859 745 1912 Cum
792 1874 919 1914 vero
956 1861 1007 1913 in
1057 1862 1167 1914 suis
1218 1860 1504 1913 domiciliis
1571 1860 1833 1913 Saturnus
1864 1838 1909 1899 Β
1938 1841 2243 1906 immorari;
2283 1844 2422 1895 unde
2449 1842 2500 1893 in
2531 1842 2774 1896 Geminis
2806 1844 2940 1895 duos
2972 1843 3088 1896 dies
3127 1858 3287 1910 super
3327 1858 3427 1896 xxx
3472 1854 3528 1898 et

241 1960 378 1998 cum
431 1947 546 2001 sole
588 1949 792 2017 positus
830 1952 1007 2015 fuerit,
1055 1950 1417 2019 gravissimam
1458 1951 1583 2004 facit
1626 1949 1837 2018 frigoris

238 2033 551 2099 nredinem,
599 2053 698 2091 nec
741 2039 894 2091 aliter
936 2048 1016 2092 est
1048 2038 1289 2107 frigidus;
1320 2040 1422 2093 nisi
1453 2054 1543 2107 per
1567 2040 1835 2094 etfectum.

233 2122 387 2176 Mala
413 2126 554 2178 enim
581 2128 985 2183 constellatione
1008 2144 1100 2182 sua
1126 2138 1311 2183 enecat
1338 2130 1601 2193 homines,
1633 2128 1838 2184 enecati

242 2228 387 2268 vero
451 2227 576 2270 sunt
626 2218 819 2287 frigidi,
854 2221 939 2274 vel
981 2220 1153 2284 aliter,
1194 2224 1312 2288 quia
1364 2224 1839 2290 supercmlestibus

229 2304 403 2371 aquis
445 2305 799 2361 vicinissimus
824 2317 937 2373 est;
962 2318 1014 2363 et
1043 2310 1160 2363 ideo
1184 2312 1236 2363 fit
1260 2312 1496 2380 frigidus.
1532 2313 1606 2367 De
1645 2315 1839 2382 quibus

228 2393 430 2459 plures
457 2395 648 2450 dantur
668 2399 1010 2466 cunjecturm,
1036 2403 1303 2469 quomodo
1332 2404 1496 2457 fertur
1530 2406 1836 2470 rotundum,

226 2493 293 2537 et
355 2498 615 2554 perpetuo
670 2490 903 2543 volubile
924 2493 1216 2546 consistere
1265 2498 1450 2562 possit.

676 2578 756 2630 De
795 2580 1224 2645 supercwkstibus
1252 2584 1416 2650 aquis.

319 2661 503 2715 Prima
536 2668 842 2733 conjectura
870 2679 973 2733 est,
1002 2671 1139 2735 quod
1156 2670 1261 2723 sint
1288 2672 1341 2723 in
1365 2680 1616 2726 exteriori
1647 2689 1838 2743 super-

242 2749 383 2805 licie
412 2753 532 2806 celi
564 2756 829 2808 exstantia
869 2765 924 2811 et
960 2758 1286 2813 subsidentia
1314 2761 1452 2826 loca,
1494 2772 1547 2817 ut
1576 2766 1734 2818 etiam
1786 2768 1836 2821 in

246 2843 547 2910 superficie
585 2851 759 2912 terras,
795 2846 847 2899 in
876 2848 1067 2915 quibus
1114 2864 1277 2918 aquas
1323 2853 1581 2907 contineri
1615 2854 1833 2921 dicunt;

222 2928 225 2929 ⁷
252 2946 390 2985 cum
414 2940 556 2991 tanta
591 2950 717 2989 vero
740 2938 1010 2992 celeritate
1040 2941 1341 3007 volvuntur,
1367 2952 1543 2997 utnon
1569 2945 1833 3014 labantur,

261 3021 414 3089 quod
442 3022 508 3077 de
537 3026 693 3093 pleno
716 3041 841 3083 vase
863 3029 1099 3097 quolibet
1126 3033 1332 3099 probari
1357 3043 1548 3101 potest.
1577 3035 1707 3087 Nam
1731 3052 1835 3105 quo

164 3108 179 3119 ‘
254 3112 455 3179 majori
482 3114 682 3183 impetu
714 3133 873 3172 manu
892 3119 1349 3190 circumvolvitur,
1378 3137 1443 3177 eo
1463 3126 1832 3181 minus'eifun-

240 3199 422 3255 ditur.
449 3202 697 3259 Secunda
728 3217 828 3272 est,
852 3210 992 3277 quod
1022 3210 1091 3264 ibi
1132 3214 1450 3281 vaporaliter
1480 3216 1830 3283 quemadmo—

242 3292 386 3347 dum
419 3294 505 3349 liic
534 3297 702 3351 nubes
754 3300 1003 3366 pendent,
1052 3305 1442 3359 contineantur.
1493 3308 1672 3360 Tertia
1725 3319 1829 3373 est,

243 3386 401 3453 quod
453 3396 669 3457 propter
718 3392 850 3445 solis
899 3395 1268 3461 remotionern,
1318 3411 1345 3448 a
1391 3412 1495 3464 quo
1537 3396 1834 3466 praecipuus

248 3475 730 3543 calor'exbibetur,
761 3481 1007 3536 indurato
1032 3484 1331 3553 glacialiter
1367 3487 1502 3540 (uelo
1540 3488 1829 3543 coﬂzereat.

250 3563 415 3621 Unde
445 3567 631 3624 dicunt
682 3570 970 3626 Saturnum
1025 3571 1423 3641 frigidissimum
1479 3577 1831 3644 planetarum,

246 3654 388 3724 quia
420 3657 522 3711 illis
547 3660 698 3728 aquis
728 3660 1131 3716 vicinissimum.
1168 3664 1257 3717 Est
1284 3667 1444 3719 etiam
1489 3676 1696 3733 quarta,
1746 3666 1837 3722 fir-

243 3761 588 3821 mamentum
620 3763 676 3807 ut
702 3755 866 3809 ﬁxum
892 3770 996 3810 non
1024 3758 1190 3824 volvi,
1226 3760 1319 3812 sed
1350 3760 1528 3814 stellas
1556 3762 1630 3815 illi
1671 3777 1835 3831 appo-

246 3842 414 3906 sitas,
470 3859 567 3899 nec
617 3847 768 3911 fixas,
819 3850 1232 3913 moveri;et’lti
1260 3864 1327 3903 an
1376 3851 1714 3919 quadratum,
1769 3868 1836 3907 an

246 3931 547 3985 a'otundutn
604 3934 677 3988 sit
722 3935 986 3991 dubitant.
1051 3936 1350 3992 Novissime
1392 3941 1620 4006 quaestio
1659 3940 1836 3995 divina

246 4020 457 4074 virtute
503 4020 745 4087 solvitur,
797 4025 919 4092 quia
963 4025 1034 4078 ibi
1082 4034 1361 4079 teneantur
1417 4030 1707 4081 secundum
1744 4029 1836 4085 Dei

246 4109 611 4177 voluntatem,
644 4113 767 4166 licet
792 4112 879 4168 hic
910 4108 1095 4168 modus
1122 4116 1362 4171 homines
1394 4116 1575 4184 lateat,
1603 4134 1734 4185 quas
1766 4120 1839 4173 ibi

249 4201 314 4255 in
345 4214 501 4255 usum
533 4202 836 4257 divinorum
867 4204 1098 4258 servavit
1122 4205 1281 4271 Deus,
1316 4208 1396 4260 vel
1428 4217 1481 4260 ut
1508 4209 1683 4276 ignem
1712 4211 1834 4263 cmli

250 4300 563 4358 temperent
597 4310 608 4345 :
640 4306 801 4361 super
840 4294 938 4346 bas
976 4294 1276 4362 spirituales
1302 4295 1421 4349 cceli
1457 4304 1604 4361 sunt,
1635 4294 1688 4348 in
1720 4298 1836 4362 qui-

250 4378 362 4433 bus
395 4380 653 4446 angelicae
684 4380 911 4435 virtutes
949 4382 1306 4436 continentur.
1352 4384 1654 4438 Secundum
1706 4386 1838 4441 alios

248 4468 417 4533 nihil,
448 4469 549 4522 nisi
581 4471 754 4525 inane.

479 4558 594 4623 Quo
614 4573 840 4630 tempore
865 4579 1043 4617 currus
1093 4565 1355 4633 perﬁciant
1380 4566 1619 4633 planetw.

335 4646 605 4703 Saturnus
633 4665 732 4718 pro
757 4652 937 4705 circuli
969 4654 1334 4720 amplitudine,
1376 4670 1471 4723 pro
1498 4658 1837 4723 retrograda-

254 4743 432 4807 tione,
458 4758 557 4811 pro
580 4744 990 4808 stationaritate,
1016 4747 1369 4801 declinatione
1384 4750 1461 4801 vel
1478 4749 1540 4802 ad
1560 4754 1835 4812 Austrum,

252 4835 349 4889 vel
372 4835 973 4903 Aquilouent,sensum,
1001 4837 1084 4889 vel
1114 4838 1305 4904 visum,
1334 4853 1531 4891 annum
1552 4852 1708 4893 suum
1733 4854 1841 4893 non

258 4924 376 4981 nisi
408 4925 625 4994 triginta
663 4926 817 4979 annis
852 4925 1075 4993 perﬁcit,
1105 4936 1157 4981 et
1187 4926 1389 4983 duobus
1418 4929 1572 4983 annis
1599 4939 1652 4984 et
1680 4930 1846 4984 dimi-

256 5015 358 5072 dio
387 5031 553 5071 unum
582 5015 796 5085 signum
844 5017 1049 5069 transit.
1098 5016 1301 5086 Jupiter
1348 5019 1622 5074 duodecim
1668 5020 1843 5085 annis,

260 5109 417 5164 unde
439 5110 661 5178 singulis
691 5107 845 5163 annis
873 5108 1132 5162 solaribus
1160 5111 1365 5178 signum
1395 5128 1555 5166 unum
1580 5122 1843 5180 peragrat.

261 5200 417 5256 Mars
436 5200 489 5252 in
509 5200 714 5254 duobus
743 5200 917 5266 annis,
951 5200 1088 5252 unde
1120 5215 1221 5252 uno
1251 5216 1389 5253 anno
1410 5213 1613 5255 sextum
1639 5204 1845 5270 signum

267 5296 543 5360 peragrat,
564 5290 666 5343 nisi
696 5289 961 5344 efficiatur
983 5292 1276 5343 anomalus.
1336 5291 1537 5343 llabent
1567 5293 1709 5344 enim
1744 5292 1848 5346 Ge-

266 5391 357 5434 sta
389 5364 565 5435 Caroli
592 5381 733 5450 quod
766 5383 817 5436 in
855 5384 1061 5453 integro
1108 5398 1249 5438 anno
1297 5400 1399 5437 non
1440 5384 1508 5437 sit
1549 5385 1712 5437 visus.
1758 5386 1849 5439 Sol

268 5471 411 5524 infra
437 5486 635 5526 act:va
666 5472 852 5524 diebus
881 5483 928 5524 et
960 5473 1403 5540 quadrante-diei,
1434 5490 1549 5542 qucc
1574 5475 1625 5525 in
1656 5474 1847 5541 primo,

271 5561 513 5615 secundo
541 5571 593 5617 et
624 5564 799 5627 tertio,
851 5578 990 5616 anno
1031 5580 1135 5616 non
1182 5576 1545 5632 computatur;
1581 5566 1631 5617 in
1664 5578 1853 5629 quarto

276 5665 412 5706 vero
436 5651 551 5705 dies
580 5653 912 5710 intercalaris
938 5654 1291 5723 componitur,
1326 5656 1412 5725 qui
1434 5657 1699 5711 bissextus
1723 5657 1852 5709 dici-

277 5756 389 5813 tur,
421 5761 487 5802 eo
516 5748 653 5816 quod
706 5749 785 5803 bis
825 5750 875 5803 in
904 5757 1051 5803 sexta
1103 5748 1217 5804 ldus
1268 5748 1434 5804 Martii
1486 5756 1849 5819 computetur;

1873 4513 1923 4571 D

1942 1946 1973 1983 x
2007 1930 2166 1983 boras
2188 1941 2243 1983 et
2271 1930 2546 1982 dimidiam
2581 1939 2841 1983 moratur.
2877 1931 2916 1982 Ε
2946 1939 3130 1983 contra
3164 1932 3215 1983 in
3246 1931 3527 1999 Sagittario

1940 2023 2075 2075 dnos
2101 2022 2214 2075 dies
2240 2021 2416 2075 minus
2443 2035 2606 2088 quam
2637 2037 2747 2074 xxx
2771 2022 2951 2088 ponit;
2978 2023 3155 2075 ethoc
3181 2021 3302 2074 inde
3323 2022 3524 2087 evenit,

1941 2113 2081 2182 quod
2130 2113 2245 2166 axis
2294 2127 2389 2166 sua
2439 2112 2710 2166 excentris
2758 2120 2860 2178 est,
2894 2123 2946 2166 et
2979 2112 3339 2166 vicinissimus
3363 2124 3444 2167 est
3474 2115 3527 2166 in

1945 2204 2187 2258 Geminis
2219 2205 2577 2267 firmamento,
2610 2214 2663 2258 et
2694 2205 3090 2257 remmissimus
3131 2220 3160 2256 a
3201 2213 3360 2267 terra,
3408 2214 3459 2256 et
3499 2217 3530 2256 θ

1942 2310 2203 2349 converso
2226 2296 2277 2348 in
2309 2295 2616 2363 Sagittario.
2662 2296 2717 2348 Si
2760 2297 2837 2348 vis
2876 2295 2942 2348 ad
2972 2294 3220 2349 eumdem
3263 2309 3525 2347 summam

1943 2385 2139 2449 redire,
2176 2378 2276 2437 huc
2307 2384 2464 2437 modo
2492 2384 2694 2451 poteris
2724 2383 3150 2452 deprehendere.
3188 2383 3242 2435 In
3285 2382 3527 2437 Geminis

1943 2475 2081 2528 duos
2111 2475 2223 2528 dies
2245 2488 2405 2542 supra
2431 2490 2535 2528 xxx
2560 2485 2820 2539 moratur,
2850 2474 2989 2528 unde
3012 2473 3063 2527 in
3096 2476 3344 2543 proximo
3371 2475 3529 2543 signo

1944 2582 1973 2619 x
2008 2565 2165 2619 horas
2199 2565 2407 2628 minuit,
2441 2574 2493 2618 et
2516 2566 2589 2618 ita
2621 2580 2789 2634 usque
2811 2565 2877 2618 ad
2907 2565 3251 2633 Sagittarium
3285 2567 3528 2618 minuen-

1940 2654 2026 2717 do,
2058 2654 2194 2708 duos
2223 2654 2357 2708 infra
2382 2671 2487 2707 xxx
2514 2656 2801 2724 relinquit;
2832 2658 2955 2712 inde
2989 2658 3177 2711 iterum
3198 2659 3520 2723 ascendens,

1941 2742 1991 2795 in
2024 2744 2264 2811 quolibet
2301 2746 2454 2812 signo
2480 2760 2566 2797 xvt
2617 2747 2781 2799 sumit
2828 2762 2997 2814 usque
3024 2746 3087 2800 ad
3132 2746 3407 2799 Geminos.
3452 2747 3524 2800 Ita

1939 2835 2154 2903 quidem
2210 2836 2679 2904 deprehenderunt
2706 2852 2845 2902 esse,
2902 2839 3014 2892 sive
3068 2838 3181 2891 hinc
3212 2838 3279 2890 sit
3336 2853 3522 2903 causa,

1939 2927 2235 2996 quodinter
2262 2930 2438 2981 radios
2465 2930 2553 2996 qui
2582 2921 2846 2992 serviunt,
2893 2931 2972 2984 vel
3006 2929 3217 2992 finiunt,
3269 2927 3529 2983 Geminos

1939 3018 2139 3071 absidis
2167 3020 2283 3086 plus
2313 3017 2810 3081 contineatur,’sive
2832 3020 2912 3072 sol
2938 3020 3009 3071 ibi
3027 3019 3183 3075 altius
3207 3019 3528 3083 ascendens,

1940 3110 2148 3178 longius
2176 3110 2403 3178 Spatium
2434 3108 2593 3162 liabet
2623 3109 2701 3163 ire
2730 3111 2782 3162 in
2823 3109 2914 3163 illo
2941 3110 3094 3179 signo
3124 3124 3283 3177 quam
3313 3110 3361 3161 in
3385 3109 3531 3174 alio;

1939 3218 2039 3257 nec
2071 3202 2191 3257 ideo
2222 3202 2491 3270 longiores
2522 3203 2638 3255 dies
2666 3200 2809 3267 facit,
2844 3202 2967 3269 quia
3011 3207 3207 3269 quanto
3238 3209 3321 3253 est
3348 3200 3526 3264 altior,

1940 3303 2086 3348 tanto
2116 3292 2282 3361 magis
2312 3308 2339 3344 a
2373 3300 2526 3359 raptu
2558 3291 2882 3345 firmamenti
2913 3292 3205 3359 impellitur
3235 3290 3302 3341 ab
3326 3301 3446 3342 ortu
3475 3291 3528 3341 in

1937 3395 2203 3434 occasum.
2236 3378 2310 3432 De
2340 3379 2459 3432 aliis
2491 3394 2702 3447 quoque
2732 3379 2962 3447 planetis
2994 3380 3132 3431 idem
3164 3378 3363 3431 e‘venit.
3396 3378 3526 3436 Nam

1940 3474 2206 3528 Saturnus
2237 3470 2291 3523 in
2321 3470 2616 3538 Scorpione
2670 3468 3031 3524 vicinissimus
3061 3477 3145 3523 est
3173 3470 3529 3532 firmamento,

1939 3565 2062 3617 luna
2104 3563 2154 3615 in
2203 3562 2399 3626 Tauro,
2434 3560 2643 3630 Jupiter
2673 3563 2728 3615 in
2752 3560 2987 3627 Virgine.
3014 3560 3147 3614 Cum
3179 3559 3273 3615 illo
3300 3561 3343 3613 si
3374 3559 3537 3615 fuerit

1940 3655 2138 3715 Venus.
2173 3655 2440 3725 significat
2493 3656 2692 3708 bonum
2744 3653 3050 3721 conjugium
3077 3655 3233 3706 alicui
3264 3654 3530 3719 futurum;

1942 3747 2081 3799 unde
2108 3744 2287 3798 Venus
2318 3745 2369 3797 in
2403 3743 2583 3819 specie
2616 3744 2848 3811 Virginis
2900 3745 3184 3798 venatricis
3233 3746 3565 3832 occurrisse

1940 3836 2133 3889 dicitur
2156 3834 2370 3897 Aineaa,
2405 3849 2523 3902 qua:
2554 3834 2629 3887 illi
2652 3834 2848 3887 bonum
2880 3834 2996 3887 fieri
3045 3834 3352 3902 conjugiuut
3402 3850 3536 3902 por-

1942 3924 2214 3979 tendebat.
2267 3925 2406 3977 Mars
2456 3925 2508 3977 in
2559 3923 2779 3989 Leone;
2836 3939 2956 3977 cum
3016 3940 3120 3992 quo
3168 3926 3211 3977 si
3243 3926 3323 3977 sol
3359 3926 3533 3991 fuerit,

1942 4015 2252 4070 incendium
2300 4015 2599 4067 animorum
2629 4022 2684 4066 et
2711 4013 2853 4066 aeris
2892 4012 3157 4080 designat.
3192 4012 3283 4067 Sol
3314 4013 3333 4084 (
3364 4023 3418 4066 ut
3444 4014 3537 4067 di-

1945 4118 2089 4161 ctum
2118 4104 2222 4176 est)
2256 4104 2307 4156 in
2350 4104 2591 4157 Geminis
2620 4103 2829 4155 vicinus
2862 4102 3228 4167 firmamento,
3267 4100 3440 4155 Venus
3481 4104 3535 4158 in

1941 4195 2245 4264 sagittario,
2302 4193 2446 4247 Mars
2479 4194 2532 4245 in
2563 4194 2908 4261 Capricorno.
2952 4192 3009 4246 lu
3050 4193 3308 4260 appositis
3357 4202 3535 4248 autem

1940 4288 2105 4356 signis
2125 4294 2247 4340 sunt
2272 4294 2428 4341 terra;
2457 4286 2788 4340 vicinissimi.
2813 4284 2987 4339 Venus
3016 4285 3068 4337 iu
3094 4300 3324 4339 cccxux
3348 4286 3539 4341 diebus

1941 4393 2155 4433 cursum
2178 4379 2431 4447 complet.
2463 4378 2645 4443 Maris,
2669 4380 2793 4446 quia
2824 4377 2971 4429 ocior
2993 4386 3097 4442 est,
3126 4392 3318 4431 novem
3348 4378 3539 4433 diebus

1947 4470 2162 4533 minus;
2208 4467 2302 4522 sed
2336 4484 2454 4521 cum
2488 4468 2680 4537 saepius
2706 4468 3015 4521 efficiuntur
3055 4469 3372 4534 retrogradi,
3409 4469 3529 4535 plus

1949 4568 2190 4631 possunt.
2224 4560 2394 4621 Luna,
2420 4559 2711 4613 secundum
2759 4556 3106 4621 Macrobium,
3154 4554 3325 4608 ambit
3355 4556 3536 4610 zodia-

1944 4666 2063 4705 cum
2118 4650 2169 4704 in
2230 4666 2394 4703 xxvnt
2461 4651 2706 4712 diebus;
2762 4649 2855 4703 sed
2921 4648 3021 4701 hoc
3080 4646 3208 4701 dicit
3262 4646 3327 4699 ad
3384 4662 3531 4701 con-

1943 4742 2343 4795 demnationem
2393 4738 2708 4807 septenarii,
2741 4739 2852 4807 qui,
2884 4745 3071 4806 quater
3119 4735 3531 4805 multiplicatus,

1945 4831 2076 4886 facit
2099 4843 2288 4885 xxvnt.
2323 4830 2430 4886 Sed
2454 4846 2642 4886 revera
2674 4829 2811 4884 infra
2848 4846 2990 4885 xxvn
3022 4830 3156 4895 dies,
3183 4840 3237 4885 et
3264 4840 3383 4884 octo
3429 4831 3544 4885 fero

1948 4921 2128 4984 horas,
2163 4929 2331 4975 totum
2362 4922 2640 4975 zodiacum
2674 4921 3028 4990 perambulat,
3061 4922 3153 4976 sed
3188 4937 3292 4974 non
3322 4918 3532 4974 illumi-

1950 5023 2104 5069 natur
2126 5028 2192 5069 eo
2211 5023 2471 5082 tempore.
2522 5014 2675 5068 \‘erlii
2704 5016 2897 5081 gratia,
2928 5014 2971 5068 si
3002 5015 3082 5069 sol
3112 5025 3163 5068 et
3188 5015 3308 5068 luna
3339 5013 3538 5080 pariter

1950 5104 2114 5157 fuerit
2152 5105 2212 5161 in
2246 5105 2505 5172 principio
2538 5103 2756 5169 Arietis,
2806 5106 2929 5159 luna
2984 5104 3273 5173 procedens
3304 5104 3354 5155 in
3390 5118 3541 5157 xxvtt

1952 5195 2141 5250 diebus
2172 5206 2225 5249 et
2247 5208 2368 5256 octo
2398 5198 2509 5250 fere
2541 5197 2685 5249 boris
2718 5198 2960 5265 pervenit
2983 5196 3048 5248 ad
3080 5194 3217 5248 idem
3246 5203 3496 5261 punctum
3525 5212 3549 5259 ;Δ

1953 5288 2044 5341 sed
2077 5285 2251 5337 solem
2288 5285 2360 5337 ibi
2390 5300 2493 5337 non
2527 5286 2750 5347 invenit,
2782 5284 2901 5352 quia
2929 5282 3041 5351 jam
3069 5291 3123 5336 ct
3152 5283 3265 5351 ipse
3290 5296 3385 5335 sua
3427 5282 3543 5351 lege

1956 5386 2291 5446 proci-sserat
2319 5390 2484 5443 usque
2513 5373 2653 5427 circa
2686 5374 2842 5426 linem
2891 5373 3109 5438 Arietis,
3143 5372 3208 5425 ad
3239 5387 3395 5441 quem
3424 5387 3541 5423 cou-

1956 5467 2287 5533 sequendum
2335 5475 2519 5533 postea
2568 5464 2689 5517 luna
2733 5463 2878 5532 ponit
2916 5463 3055 5517 duos
3100 5464 3217 5517 dies
3238 5471 3293 5516 et
3317 5472 3544 5529 quatuor

1958 5560 2147 5621 horas;
2203 5568 2257 5611 ct
2306 5570 2431 5611 tunc
2482 5557 2930 5612 reilluminabitur
2979 5555 3047 5611 ab
3096 5557 3208 5621 illo,
3256 5566 3430 5621 neque
3478 5553 3544 5607 de

1960 5650 2272 5704 accensione
2318 5649 2384 5701 ad
2436 5652 2809 5704 accensionem
2868 5649 3128 5703 intersunt
3186 5660 3309 5698 xxix
3351 5644 3464 5699 d'es
3492 5654 3547 5698 et

1959 5759 2032 5798 xu
2081 5743 2246 5810 hunc,
2297 5758 2415 5811 qua:
2448 5758 2551 5797 non
2607 5748 2980 5833 computarigur
3014 5742 3067 5796 in
3110 5742 3278 5811 primo
3337 5754 3540 5795 mense.
