3922 6246
385 433 526 487 ’895
911 422 1110 478 ΙιῐῖῦΕ
1156 415 1602 474 νιςκειιλιιιως
1640 413 1788 472 OPP.
1831 412 2005 468 PARS

2126 409 2313 466 SECT.
2347 411 2409 466 ll.
2451 440 2520 452 —-
2560 410 2768 468 υυιιιι
2805 409 2894 467 IT
2935 407 3211 466 SPUMA.
3573 405 3704 462 89.4

406 546 573 599 Unde
608 555 809 595 tantum
863 539 1024 593 habet
1071 551 1191 589 χιιι
1246 535 1380 598 dies,
1413 532 1464 584 in
1496 529 1728 583 secundo
1776 543 1998 598 mmpu-
2030 530 2076 586 A
2107 511 2420 595 imperfecti,
2469 537 2722 595 quantum
2761 526 2828 581 ad
2867 535 3105 596 nostrum
3148 527 3344 589 visum,
3392 528 3517 590 quia
3571 542 3686 580 non

419 645 620 701 tantur,
652 644 706 688 et
731 645 850 686 tunc
877 633 993 684 aliis
1025 629 1239 690 additzc,
1274 626 1474 678 faciunt
1496 637 1732 675 mensem
1757 635 1858 673 xxx:
1884 620 1996 674 dies

422 727 634 786 habere,
672 724 770 776 nisi
799 722 850 774 in
879 716 1352 776 ticctrmnovennali
1412 727 1572 776 anno,
1633 710 1998 780 qnando'dics

420 813 750 867 subtrahitur
782 823 935 861 unus.

987 895 1062 948 De
1087 895 1232 966 salta
1273 896 1423 945 (inite.
1951 963 1954 967 _

496 991 600 1043 llac
635 997 806 1041 autem
837 988 1039 1038 ratione
1069 987 1182 1050 plus
1204 983 1395 1035 damus
1425 983 1564 1034 lnnze
1594 980 1814 1046 singulis
1842 992 1958 1030 mez.

421 1078 566 1132 sibus
598 1093 753 1143 quam
787 1078 895 1142 ipsa
920 1081 1220 1127 consumat.
1247 1071 1377 1123 lllttd
1408 1081 1582 1126 autem
1613 1070 1746 1122 adeo
1779 1082 1993 1134 paraturi.

422 1175 525 1227 est.
560 1167 698 1232 quod
731 1166 950 1232 singulis
978 1162 1252 1216 mensibus
1281 1173 1594 1227 computare
1642 1158 1859 1210 difﬁcile
1888 1164 1998 1219 est;

423 1259 518 1312 sed
550 1258 601 1310 in
629 1264 743 1309 toto
774 1270 914 1308 anno
945 1254 1309 1307 tantummodo
1347 1252 1703 1319 supercrescit
1731 1263 1745 1301 t
1778 1249 1906 1300 hora
1951 1255 2006 1300 et
2066 1259 2068 1262 '

424 1361 442 1402 ι
476 1359 744 1415 punctum,
776 1358 831 1399 et
859 1346 1064 1399 decima
1098 1360 1231 1397 nona
1265 1359 1387 1413 pars
1417 1343 1618 1411 puncti,
1650 1339 1737 1410 qui
1777 1339 2004 1409 singulis

427 1439 580 1493 annis
610 1438 886 1492 collectum
917 1435 1130 1490 decimo
1156 1449 1297 1507 nono
1319 1450 1461 1487 anno
1509 1434 1632 1486 facit
1676 1433 1817 1486 diem
1869 1432 2006 1484 inte-

423 1545 595 1599 grum,
632 1529 887 1595 illumque
925 1527 1063 1580 diem
1116 1526 1464 1578 transiliendo
1506 1522 1816 1586 auferimus,
1860 1535 2007 1574 com-

424 1627 668 1687 putantes
694 1629 802 1672 tres
832 1618 1130 1679 quationes
1180 1631 1298 1668 uis
1341 1615 1546 1667 dierum
1592 1607 1814 1665 tantum.
1861 1608 2006 1663 Pun-

423 1717 567 1761 ctum
615 1717 786 1759 autem
833 1715 915 1759 est
961 1713 1146 1772 quarta
1196 1718 1317 1770 pars
1366 1701 1564 1755 lunaris
1618 1700 1788 1762 horas,
1819 1698 2004 1765 quinta

430 1811 555 1850 vero
587 1795 793 1848 solaris.
831 1793 938 1847 lloc
969 1792 1109 1859 quod
1142 1792 1372 1844 diximus
1417 1799 1502 1844 est
1550 1787 1841 1844 secundum
1887 1786 2009 1840 illos

2101 618 2341 671 videmus
2385 616 2524 685 eos),
2571 620 2704 671 alter
2754 615 3054 671 solstitiali:
3100 614 3272 684 signa,
3331 622 3494 668 totos.
3535 614 3688 668 Suras

2101 716 2242 770 tunc,
2273 718 2328 759 nt
2349 723 2487 771 reor,
2523 707 2728 776 inlcgri,
2760 717 2814 759 et
2842 706 3038 759 habent
3086 703 3483 759 distinctionem
3541 717 3688 758 suo-

2101 813 2218 850 rnm
2257 799 2519 852 siderum.
2549 797 2604 854 Si
2636 798 2726 866 qui
2759 798 2829 850 ibi
2852 805 2997 862 sunt,
3030 795 3097 849 de
3126 795 3208 849 his
3228 793 3447 848 dubium
3489 802 3572 846 est
3611 807 3689 846 an

2101 886 2168 938 de
2199 890 2394 940 Austto
2439 888 2701 940 ducantur
2731 886 2786 940 in
2813 886 3270 953 Septentrionem,
3316 885 3399 938 vel
3445 891 3594 938 extra
3643 871 3704 936 ὶ-

2107 975 2259 1044 signo
2300 977 2362 1028 ad
2410 977 2640 1044 signum.
2693 977 2796 1030 Sed
2824 977 2890 1030 de
2921 976 3002 1029 his
3045 976 3350 1035 dicendum,
3401 978 3521 1042 quia
3570 985 3687 1029 tam

2108 1079 2274 1118 zonas
2304 1081 2461 1133 quam
2494 1067 2773 1133 paralEelos
2805 1064 3044 1118 dividunt
3072 1065 3124 1118 in
3157 1078 3440 1133 quaternas
3479 1075 3708 1134 partes.-

2633 1153 2709 1206 De
2738 1153 2900 1207 lacteo
2929 1153 3146 1206 circulo.

2177 1243 2270 1297 Est
2294 1255 2549 1311 praeterea
2580 1245 2650 1298 ibi
2676 1244 2876 1298 lactens
2898 1244 3151 1309 circulus,
3179 1245 3267 1313 qui
3300 1246 3361 1299 in
3391 1246 3695 1299 serenitate

2118 1333 2317 1386 videtur
2344 1351 2360 1396 ;
2391 1333 2460 1389 de
2485 1349 2550 1389 eo
2580 1334 2836 1389 fabulosa
2865 1342 2917 1389 et
2948 1335 3180 1402 physica
3209 1348 3384 1388 cauete
3408 1336 3693 1390 dicuntur.

2105 1424 2244 1478 lino
2295 1425 2542 1479 Martium
2590 1426 2891 1495 privignum
2947 1441 3102 1482 suum
3150 1427 3218 1482 de
3256 1425 3389 1480 Maia
3444 1428 3700 1494 genitum

2107 1515 2342 1580 lauavil,
2369 1517 2434 1568 ad
2458 1517 2610 1584 cujus
2639 1515 2762 1570 facti
2787 1516 2993 1585 insigne
3013 1515 3209 1570 crelum
3235 1515 3304 1570 de
3333 1515 3471 1570 lacte
3495 1517 3713 1571 eodem-

2107 1604 2378 1672 respersit.
2403 1604 2503 1658 Alii
2534 1623 2546 1658 :
2575 1605 2828 1660 Hercules
2849 1618 3063 1658 sumens
3087 1604 3244 1659 laetis
3259 1603 3706 1672 superﬂuitatcm

2107 1708 2135 1746 a
2165 1695 2404 1763 pluribus
2433 1694 2749 1761 nutricibus,
2787 1695 2857 1748 ibi
2891 1695 3103 1749 tandem
3125 1696 3382 1751 evomuit.
3415 1695 3632 1764 Physiei
3675 1712 3690 1749 :

2110 1784 2222 1840 Duo
2256 1784 2628 1852 hemisphzeria
2660 1784 2782 1840 fecit
2806 1786 2966 1847 Deus,
3001 1785 3051 1838 in
3077 1800 3306 1852 quorum
3351 1786 3699 1852 conglutina-

426 1885 514 1952 qui
563 1884 740 1936 dicunt
794 1858 1187 1935 ﬁrmamentum
1244 1878 1543 1932 rationabili
1586 1887 1732 1931 motu
1772 1876 1914 1930 volvi
1939 1876 2006 1928 ab
2040 1858 2082 1915 Β
2111 1874 2253 1928 tione
2300 1872 2471 1940 major
2515 1872 2732 1928 claritas
2787 1873 3021 1928 infulsit.
3077 1873 3183 1928 Alii
3224 1873 3411 1941 :qtrod
3460 1875 3570 1928 sint
3614 1875 3695 1929 ibi

429 1970 646 2028 Oriente
677 1987 768 2038 per
799 1971 1163 2034 Occidentem,
1207 1972 1402 2025 iterum
1450 1970 1501 2021 in
1538 1968 1835 2022 Orientem.
1887 1966 2007 2019 Plan

431 2073 581 2117 netas
632 2077 756 2116 vero
805 2062 872 2114 ab
916 2061 1207 2115 Occidente
1255 2076 1352 2130 per
1405 2060 1677 2114 Orientem
1728 2060 1917 2113 iterum
1957 2061 2008 2111 in

428 2155 802 2218 Oelidcntcm,
863 2153 1004 2218 quod
1056 2159 1303 2205 asscrmit
1357 2149 1634 2205 PlatOnici.
1696 2148 2011 2202 Aristmclcs

432 2257 560 2298 vero
587 2253 633 2295 ct
662 2240 997 2309 Peripatetici
1027 2242 1208 2293 dicunt
1238 2240 1476 2308 planetas
1525 2237 1824 2292 rationabili
1867 2246 2012 2288 motu

436 2332 630 2398 pariter
676 2346 794 2385 cum
851 2329 1185 2384 ﬁrmamento
1235 2329 1395 2394 volvi,
1437 2327 1529 2382 sed
1580 2327 1700 2382 illas
1745 2326 2016 2380 celeritate

436 2415 752 2478 firmamenti
781 2421 1040 2490 praeteriri
1067 2438 1140 2486 νι,
1166 2421 1444 2475 videantur
1465 2420 1615 2487 quasi
1646 2419 2014 2482 retrocedere;

437 2515 730 2570 secundum
781 2529 937 2580 quam
989 2517 1308 2568 sententiam
1359 2521 1557 2581 quanto
1599 2519 1725 2564 sunt
1772 2511 2016 2573 altiores,

435 2615 584 2658 tanto
610 2614 731 2658 sunt
759 2606 1068 2668 celeriores,
1101 2615 1155 2656 ut
1185 2603 1445 2658 Saturnus
1478 2600 1850 2656 velocissimus
1891 2614 2018 2652 con-

439 2695 616 2749 tendat
662 2710 783 2748 eum
835 2696 1170 2749 ﬁrmamento
1225 2702 1372 2746 tanta
1402 2706 1496 2746 sua
1523 2691 1818 2756 celeritate,
1876 2689 2018 2759 quod

441 2786 574 2840 inita
599 2785 734 2840 duos
761 2801 932 2842 annos
958 2796 1014 2841 et
1038 2785 1321 2841 dimidium
1363 2799 1468 2838 non
1511 2783 1612 2838 nisi
1661 2797 1768 2835 uno
1815 2792 2018 2834 tantum

440 2876 591 2943 signo
636 2886 915 2941 przctcreat
943 2876 1092 2932 illud
1146 2877 1562 2930 ﬁrmamentum.
1604 2873 1752 2927 Luna
1784 2886 1930 2938 vero,
1967 2878 2022 2924 ttt

447 2965 688 3020 onmium
737 2965 949 3030 inﬁma,
979 2974 1062 3021 est
1111 2964 1431 3021 tardissima.
1482 2962 1610 3017 Nam
1642 2963 1683 3015 si
1715 2961 1871 3014 hodie
1911 2961 2020 3014 visa

443 3056 512 3108 sit
541 3055 594 3108 in
628 3057 888 3122 principio
918 3057 1136 3120 Arietis,
1165 3069 1288 3121 cras
1316 3054 1522 3108 oriente
1555 3053 1757 3113 Ariete,
1790 3066 1894 3102 non
1951 3048 2020 3101 ibi

443 3143 620 3198 lunam
654 3144 915 3209 iurenies,
964 3146 1057 3201 sed
1089 3155 1208 3214 post
1239 3147 1289 3198 in
1318 3143 1635 3199 duodecima
1685 3151 1836 3208 parta
1880 3140 2020 3194 illius

442 3232 631 3288 oritur.
684 3232 773 3293 Sol
813 3249 1021 3302 quoque
1045 3235 1091 3288 si
1124 3234 1173 3286 in
1206 3235 1374 3302 prima
1418 3242 1570 3300 parte
1617 3231 1813 3284 Arietis
1861 3229 2020 3284 hodie

446 3322 622 3387 fuerit,
653 3338 772 3376 cras
806 3324 1001 3379 ibidem
1031 3339 1133 3380 non
1164 3323 1463 3390 apparebit,
1495 3320 1587 3375 sed
1632 3331 1749 3386 post
1796 3333 1861 3373 sv
1897 3333 2020 3386 par-

447 3421 550 3465 tem
605 3415 759 3465 unius
802 3410 964 3466 horae.
997 3411 1250 3465 naturalia
1277 3409 1522 3476 sequenti
1553 3409 1638 3462 die
1665 3409 1832 3464 oritur
1855 3406 1906 3459 in
1931 3419 2021 3460 se-

443 3500 616 3556 cunda
642 3511 790 3567 parte
819 3500 1058 3567 ejusdem
1089 3501 1222 3568 signi
1254 3519 1268 3564 ;
1297 3512 1351 3554 et
1383 3500 1431 3552 hi
1465 3501 1646 3555 dicunt
1677 3509 1873 3554 terram
1924 3498 2022 3550 im-

449 3590 719 3655 tnobilctn,
752 3599 805 3646 ct
829 3591 1002 3643 omnia
1053 3592 1324 3657 aequaliter
1361 3589 1498 3644 circa
1556 3590 1698 3643 illam
1749 3587 1905 3640 volvi.
1944 3587 2021 3642 Ad

385 3670 390 3676 ’
450 3697 608 3748 quant
653 3683 968 3734 sententiam
999 3682 1203 3733 accedit
1250 3680 1476 3744 Tullius,
1508 3678 1594 3746 qui
1625 3677 1749 3732 dicit
1783 3676 2023 3729 acutissi-

457 3787 600 3827 mum
654 3785 894 3823 sommun
949 3769 1108 3823 nimia
1166 3769 1439 3822 colt-ritate
1497 3765 1815 3828 ﬁrmamenti
1876 3766 2020 3828 lieri,

453 3860 828 3930 gravissimum
855 3875 980 3912 vero
1004 3859 1054 3910 in
1082 3859 1201 3911 luna
1236 3867 1450 3923 prepter
1478 3855 1695 3908 nimiam
1725 3854 2022 3907 tarditatem

450 3951 567 4016 cius
593 3946 1107 4000 circutnrolutionis.
1145 3946 1558 3998 Firmamentum
1582 3943 1829 3995 erunibus
1851 3955 2026 4008 mqua-

453 4036 576 4097 liter
628 4051 786 4102 supra
834 4034 1060 4086 volvitur
1102 4037 1336 4101 quinque
1397 4033 1567 4091 zonis.
1618 4045 1748 4098 quas
1796 4031 2023 4084 invicem

455 4124 692 4199 parallcli
747 4124 1028 4190 dividunt,
1084 4124 1171 4189 qui
1213 4123 1279 4174 ab
1324 4120 1541 4174 Oriente
1589 4120 1640 4172 in
1687 4119 2024 4173 Occidentem

454 4217 734 4270 dueunlttr.
765 4213 926 4266 Sonat
953 4222 1126 4266 autem
1155 4211 1428 4280 mqualiter
1459 4211 1692 4272 distans;
1737 4227 1840 4264 non
1887 4210 2027 4277 quod

455 4318 642 4356 omnes
664 4303 853 4371 aequali
901 4302 1072 4371 spatio
1093 4300 1311 4363 distent,
1333 4301 1427 4354 sed
1449 4299 1552 4352 duo
1569 4309 1620 4354 et
1635 4299 1738 4353 duo
1756 4301 2028 4368 aequaliter

457 4391 565 4446 sibi
629 4392 875 4456 invicem,
929 4391 998 4444 ita
1057 4390 1198 4459 quod
1248 4404 1469 4456 usquam
1518 4389 1615 4441 sibi
1668 4391 1907 4456 propius,
1948 4388 2027 4442 vel

2114 1965 2298 2018 breves
2343 1964 2533 2029 stellae,
2582 1972 2633 2016 et
2685 1970 2967 2027 consertae,
3017 1963 3084 2018 de
3131 1977 3353 2030 quarunt
3412 1964 3716 2019 vicinitater

2114 2054 2364 2120 Splendor
2395 2054 2481 2106 ille
2511 2053 2794 2116 efﬁciatur,
2824 2041 2877 2106 et
2909 2053 3141 2121 ipsarum
3171 2052 3309 2105 intcr
3331 2067 3389 2107 se
3416 2053 3714 2108 distinctio

2115 2145 2446 2212 obscuretur.
2523 2145 2626 2200 Alii
2662 2143 2844 2211 :quod
2895 2145 3060 2197 stellae
3083 2143 3294 2198 eodiaci
3333 2143 3404 2197 ibi
3453 2143 3700 2212 resplen-

2117 2237 2298 2300 (ιι-διν,
2331 2245 2387 2291 et
2413 2236 2558 2305 juxta
2596 2237 2794 2303 tropica
2824 2235 2902 2288 sol
2932 2237 3008 2288 sui
3042 2233 3253 2289 luminis
3280 2244 3336 2290 et
3365 2235 3502 2305 ignis
3533 2235 3704 2290 bette-

2121 2325 2242 2377 ficia
2261 2340 2444 2380 versus
2475 2333 2755 2394 utrumque
2784 2325 2962 2390 polum
2993 2325 3266 2379 esternlat.

2737 2410 2813 2465 De
2839 2413 3071 2466 zodiaca.

2191 2503 2450 2556 Zodiacus
2478 2521 2686 2573 quoque
2716 2505 2917 2558 duabus
2946 2505 3202 2560 extremis
3239 2504 3392 2560 lineis
3433 2504 3706 2559 termina-

2121 2602 2227 2659 tor,
2257 2603 2310 2647 et
2343 2595 2536 2658 media,
2563 2610 2680 2664 qnte
2708 2596 2948 2661 ecliptica
2978 2583 3192 2656 dicitur,
3223 2595 3592 2660 intersecatur,
3635 2598 3697 2651 in

2122 2697 2223 2750 qua
2255 2683 2470 2750 eclipsis
2500 2687 2635 2738 solet
2659 2684 2795 2739 fieri.
2830 2683 3087 2739 Praeterea
3115 2683 3365 2739 zodiacus
3410 2685 3710 2741 distinctus

2121 2781 2204 2824 est
2245 2785 2338 2838 per
2380 2787 2453 2824 stt
2489 2774 2658 2841 signa,
2699 2787 2922 2842 quorum
2963 2774 3372 2842 unumquodque
3398 2776 3451 2828 in
3479 2775 3714 2846 triginta

2124 2868 2302 2926 partes
2358 2860 2587 2914 divisum
2627 2871 2725 2928 est,
2757 2873 2810 2916 et
2842 2877 3275 2933 unamquamque
3330 2865 3560 2931 partium
3615 2866 3721 2921 σοι

2123 2965 2230 3005 uno
2259 2953 2345 3006 die
2377 2953 2586 3018 transit,
2615 2962 2668 3007 et
2697 2955 2767 3006 ita
2791 2953 2999 3023 signum
3025 2963 3228 3009 tantum
3258 2954 3311 3009 in
3342 2971 3451 3010 uno
3486 2971 3704 3028 mense,

2125 3046 2228 3098 nisi
2257 3047 2397 3114 quod
2431 3056 2633 3100 tantum
2684 3048 2807 3103 inde
2837 3051 3107 3105 auferatur
3137 3052 3375 3119 quolibet
3403 3067 3609 3120 mense,
3639 3064 3707 3110 ut

2127 3143 2304 3188 tamen
2331 3136 2381 3191 in
2412 3137 2668 3192 bissestili
2698 3153 2838 3193 anno
2865 3139 2982 3194 dies
3013 3140 3274 3195 naturalis
3321 3152 3700 3212 componatur.

2125 3225 2233 3278 Sub
2261 3226 2516 3292 parallelo
2547 3227 2659 3291 illo,
2682 3243 2837 3294 quem
2869 3229 3007 3293 disi,
3064 3245 3248 3284 secare
3294 3242 3564 3295 pertisum
3585 3236 3716 3302 qui—

2123 3332 2333 3384 cunque
2383 3328 2647 3382 maneret,
2696 3332 2905 3385 semper
2953 3320 3171 3374 haberet
3215 3323 3592 3389 aqu‘noctium
3650 3338 3704 3375 tv

2122 3398 2367 3458 solstitia.
2404 3406 2700 3460 Solstitium
2731 3424 2862 3463 voco
2891 3409 3271 3465 vieinissimam
3335 3412 3704 3466 accessionem

2123 3503 2178 3546 et
2225 3493 2513 3547 maximam
2560 3496 2931 3550 remolioncm.
2968 3497 3079 3552 Duo
3106 3499 3320 3567 quidem
3365 3500 3587 3556 haberet
3638 3517 3706 3556 es

2124 3583 2416 3649 Vlcllllule,
2443 3594 2499 3636 nt
2522 3586 2574 3639 in
2605 3585 2854 3640 Arieteet
2879 3587 3060 3648 Libra.
3095 3599 3149 3643 et
3169 3590 3276 3642 duo
3296 3604 3360 3642 ea
3383 3592 3707 3653 remotione,

2126 3680 2180 3722 nt
2210 3671 2260 3724 in
2305 3672 2509 3725 Cancro
2537 3683 2588 3726 et
2618 3674 2960 3740 Capricorno.
3011 3674 3164 3739 Quod
3208 3688 3384 3732 autem
3434 3677 3486 3731 in
3528 3679 3716 3742 medio

2127 3776 2355 3831 perusue
2385 3766 2588 3833 positus
2613 3781 2822 3834 semper
2871 3767 3090 3822 haberet
3139 3770 3542 3837 equinoctium,
3592 3772 3713 3826 lucc

2127 3861 2209 3907 est
2237 3869 2415 3916 causa,
2448 3856 2589 3923 quod
2638 3865 2889 3924 utrosque
2932 3857 3084 3923 polos
3115 3866 3169 3912 et
3191 3873 3376 3912 omnes
3428 3861 3716 3924 parallelos

2127 3941 2335 3994 videret
2362 3941 2633 4008 dimidios,
2665 3952 2718 3996 et
2743 3957 2954 3998 omnem
2983 3946 3126 4000 viam
3148 3945 3277 4000 solis
3304 3962 3460 4014 quam
3493 3947 3621 4002 ficit
3640 3948 3717 4003 ab

2128 4040 2245 4082 ortu
2270 4044 2434 4096 usque
2465 4031 2515 4083 in
2545 4046 2816 4086 occasum.
2841 4033 2917 4087 Ad
2941 4034 3339 4091 similitudinem
3364 4038 3709 4103 ﬁrmamenti,

2128 4117 2256 4170 solis
2312 4118 2520 4185 sphazra
2568 4118 2759 4174 alicubi
2789 4132 2866 4175 est
2900 4121 3162 4187 diﬂ'usior,
3191 4133 3246 4178 et
3273 4124 3465 4179 alicubi
3494 4139 3714 4180 contra-

2130 4205 2285 4270 ctinr,
2317 4219 2370 4259 ut
2401 4209 2500 4260 sub
2529 4210 2882 4277 aequinoctiali
2928 4212 3130 4268 circulo
3172 4223 3256 4269 est
3303 4213 3563 4279 diluaior,
3611 4217 3721 4269 sub

2133 4298 2348 4364 tr0picis
2404 4299 2758 4364 contractior;
2817 4301 3052 4368 alioquin
3107 4312 3382 4369 oporteret
3443 4305 3708 4357 circulu-

2130 4385 2259 4440 solis
2287 4387 2338 4439 iu
2371 4387 2586 4454 tr0picis
2633 4387 2943 4441 viciniorem
2991 4402 3110 4443 esse
3167 4389 3500 4446 [irata-cuto
3547 4407 3718 4461 quatas

461 4481 735 4545 remotius,
796 4480 990 4533 distent
1027 4497 1038 4531 2
1071 4493 1296 4549 quorum
1357 4479 1461 4532 duo
1520 4478 1812 4532 brevissimi
1866 4489 2026 4542 sunt,
2060 4517 2111 4576 Β
2136 4477 2186 4528 in
2213 4476 2571 4556 :rqninoctiali
2602 4477 2824 4544 circulo,
2857 4479 2899 4531 si
2929 4493 3032 4531 non
3072 4479 3138 4533 ad
3165 4480 3566 4535 similitudinem
3615 4482 3722 4535 (ir-

458 4569 681 4635 scilicet,
707 4569 930 4625 extremi
954 4585 969 4632 ;
1001 4571 1207 4624 medius
1228 4584 1377 4633 vero,
1403 4570 1491 4638 qui
1513 4580 1594 4623 est
1617 4567 2027 4635 aequinoctialis;

461 4660 746 4723 ntaiitnus,
781 4658 870 4730 qui
901 4660 967 4712 ab
999 4659 1245 4713 omnibus
1274 4659 1481 4712 videtur
1507 4646 1779 4722 dimidius,
1815 4657 1911 4710 nisi
1952 4658 2034 4711 bis

463 4749 552 4816 qui
596 4760 718 4801 sunt
767 4751 864 4803 sub
892 4751 1050 4817 polo;
1085 4765 1206 4804 nam
1239 4751 1290 4803 hi
1321 4761 1489 4804 totum
1536 4749 1716 4802 videre
1763 4758 2031 4818 poterunt,

463 4837 554 4906 qui
584 4838 790 4890 illorum
823 4839 1154 4893 horizontem
1185 4839 1454 4894 terminat.
1484 4837 1694 4906 Tropici
1737 4853 1865 4892 vero
1913 4847 2038 4892 sunt

469 4924 799 4978 mediosimi.
828 4927 1067 4982 Arcticus
1097 4926 1308 4992 dicitur,
1335 4928 1424 4996 qui
1453 4943 1601 4981 ursas
1629 4936 1875 4995 utrasque
1906 4928 1955 4978 in
1978 4940 2038 4980 se

465 5016 862 5084 complectitur,
887 5015 968 5068 cui
1000 5017 1272 5082 Oppositus
1299 5028 1380 5068 est
1409 5018 1749 5069 antarcticus.
1781 5015 2036 5082 Tropicus

470 5107 684 5162 ιειίνιισ
720 5108 833 5160 sive
863 5105 1139 5170 terminus,
1170 5105 1258 5174 qui
1288 5107 1578 5160 secundum
1605 5109 1884 5174 quamdam
1927 5107 2037 5159 dis-

471 5198 792 5266 positionem
835 5196 1098 5251 Cancrum
1128 5208 1271 5249 secat
1308 5198 1360 5251 in
1384 5199 1578 5262 medio,
1613 5199 1718 5263 vel,
1748 5201 2036 5251 secundum

467 5292 777 5361 llyginium,
833 5291 883 5344 in
931 5301 1118 5345 octava
1161 5302 1330 5359 parte,
1379 5292 1442 5343 ad
1492 5307 1648 5358 quam
1698 5292 1777 5346 sol
1824 5295 2040 5345 veniens

473 5383 782 5444 revertitur;
814 5380 901 5451 qui
923 5381 1166 5438 aestivum
1198 5381 1482 5436 solstitium
1513 5382 1724 5450 dicitur,
1751 5383 2040 5437 secundum

470 5473 603 5530 alios
629 5472 875 5528 terminat
912 5470 1173 5526 Cancrum
1202 5483 1254 5526 et
1280 5473 1571 5527 zodiacum.
1617 5475 1765 5527 Alter
1808 5478 2042 5540 tropicus

477 5563 717 5620 hiemalis
765 5572 869 5620 cst.
899 5563 1039 5620 unde
1069 5563 1132 5616 ad
1164 5576 1260 5616 nos
1290 5565 1368 5617 sol
1400 5563 1741 5628 convenitur,
1769 5565 1855 5632 qui
1885 5566 1952 5618 sit
1991 5566 2042 5619 in

475 5665 661 5710 oetava
695 5663 843 5721 parte
882 5650 1207 5719 Capricorni.
1257 5655 1388 5706 Sunt
1436 5668 1642 5721 quoque
1691 5655 1795 5709 duo
1850 5655 2041 5720 coluri,

477 5758 700 5796 auorum
752 5756 888 5796 unus
944 5742 1330 5808 :rquittoClialia
1390 5742 1572 5795 diiidit
1628 5743 1739 5810 (qui
1799 5743 2044 5799 dicuntur

2135 4567 2388 4620 momenti
2440 4567 2490 4620 in
2527 4581 2834 4622 convexum
2887 4567 3296 4632 diﬂunderetur,
3327 4581 3384 4625 et
3407 4573 3462 4625 in
3491 4572 3719 4639 tr0picis

2134 4655 2555 4709 contraheretur.
2602 4653 2896 4723 Oppositio.
2929 4654 2983 4709 Si
3018 4655 3070 4708 in
3121 4657 3341 4726 tropicis
3390 4665 3721 4714 contractior

2135 4756 2213 4797 est
2243 4744 2471 4799 circulus
2497 4743 2647 4811 solis,
2680 4743 2802 4797 facit
2831 4745 2899 4798 ibi
2932 4743 3204 4798 breviores
3223 4746 3366 4813 dies,
3387 4749 3475 4801 ubi
3501 4745 3724 4807 bretiés

2139 4837 2298 4892 habet
2328 4837 2458 4898 iter;
2482 4837 2537 4890 in
2566 4835 2950 4906 aequinoctiali,
2981 4835 3073 4890 ubi
3103 4836 3360 4892 laxiorem
3403 4839 3566 4895 habet
3616 4841 3726 4895 εει.

2139 4927 2350 4986 culum.
2382 4938 2434 4980 et
2465 4929 2564 4983 iter
2595 4928 2822 4996 longius,
2869 4927 2993 4981 facit
3033 4926 3146 4982 dies
3199 4928 3493 4998 longiores;
3537 4933 3726 5000 sicque

2140 5033 2358 5072 necesse
2406 5029 2487 5071 est
2538 5033 2640 5071 non
2689 5032 2900 5085 semper
2950 5017 3022 5072 lbi
3072 5017 3269 5072 habere
3314 5020 3719 5086 meum.

2139 5108 2365 5162 Solutio.
2393 5107 2655 5174 Quidquid
2681 5107 3117 5162 receditamedio
3140 5121 3347 5162 tumore
3375 5106 3727 5177 ﬁrmamenti,

2142 5201 2317 5253 minus
2363 5198 2650 5262 impellitur
2695 5199 2836 5250 illius
2887 5199 3084 5265 impetu
3119 5217 3132 5248 :
3167 5200 3238 5252 ita
3287 5199 3371 5254 sol
3417 5200 3624 5265 positus
3669 5202 3728 5257 in

2144 5289 2364 5356 tr0picis
2419 5289 2592 5342 minus
2646 5289 2932 5356 impellitur
2987 5304 3147 5357 quam
3201 5291 3302 5343 sub

2143 5381 2445 5442 circulo,et
2475 5389 2670 5433 tantam
2723 5381 2908 5435 circuli
2964 5382 3297 5437 latitudinem
3348 5395 3729 5449 recompensat

2146 5473 2369 5540 impetus
2394 5473 2653 5538 rapacitas
2685 5473 2872 5540 majori
2899 5475 3192 5530 celeritate.
3224 5473 3374 5539 Quod
3396 5483 3573 5528 autem
3595 5474 3734 5531 dicit

2148 5563 2466 5625 Macrobius,
2519 5578 2637 5618 esse
2689 5563 3019 5631 planetarum
3061 5565 3392 5620 celeritatem
3437 5565 3732 5635 aqualem,

2149 5657 2248 5710 hoc
2302 5656 2419 5709 ideo
2463 5658 2613 5717 dixit,
2668 5658 2792 5725 quia
2845 5657 3118 5726 aequaliter
3173 5658 3434 5722 nituntur,
3483 5657 3576 5713 sed
3616 5672 3730 5712 non

2150 5746 2421 5812 azqualitcr
2473 5757 2870 5812 promoventur,
2918 5758 2972 5803 ut
3014 5757 3252 5802 natantes
3298 5747 3463 5817 squis
3522 5747 3729 5803 viribus
