3922 6246
251 380 379 439 397

1538 376 1754 435 ΠυΝΒΙ
1795 371 2126 431 CONSTITU
2136 371 2268 436 1⁸10,

3417 378 3523 434 898

275 507 468 552 οοοιη
492 504 803 560 torrentem.
827 508 935 551 Mn
951 503 1130 552 tamen
1151 495 1422 564 aequaliter
1444 503 1842 564 promoventur,
1875 493 1922 552 Α
1950 486 2366 541 stationalitates
2389 494 2442 541 et
2486 486 2994 555 retrogradationcs.
3016 488 3298 557 Saturnus,
3325 502 3380 545 ut
3411 496 3526 549 vult

264 589 525 643 torrentis
546 590 745 655 impetu
769 587 982 641 diverse
1007 587 1125 640 illos
1154 585 1493 651 impediente.
1523 584 1596 638 Ita
1621 585 1846 652 planetas

267 681 433 732 modo
464 679 812 741 stationariis,
836 677 996 731 modo
1017 676 1357 744 retrogradus,
1383 677 1540 727 modo
1563 674 1845 727 altitudine

267 769 464 822 circuli
496 769 818 836 impediente
843 769 909 820 ab
939 767 1126 834 aquali
1159 767 1507 835 promutione.
1534 764 1713 830 Itaque
1757 763 1849 830 qui

266 867 418 914 esset
444 859 543 912 sub
579 867 808 926 perusta:
836 856 1035 918 medio,
1085 869 1298 923 semper
1339 855 1556 907 haberet
1604 853 1846 920 (equino-

269 950 460 1013 ctium,
484 958 535 1002 et
561 961 793 1016 quatuor
817 947 1076 1021 ,solstitia.
1127 945 1391 1011 Quantum
1431 954 1607 997 autem
1656 943 1848 1011 aliquis

265 1052 301 1091 ι
329 1037 505 1092 medio
526 1030 760 1104 perusta
774 1037 840 1092 ad
870 1037 1335 1103 septentrionalem
1359 1036 1561 1102 plagam
1584 1033 1844 1097 tenderet,

269 1137 425 1183 tanto
454 1129 526 1182 illi
562 1130 713 1197 plaga
746 1128 831 1182 illa
857 1129 1178 1193 elevaretur,
1207 1135 1261 1178 et
1293 1125 1554 1178 Australis
1578 1124 1847 1192 deprime-

270 1230 458 1283 rctur;
492 1230 544 1272 et
575 1229 706 1286 quot
757 1233 1055 1286 aesagenas
1072 1217 1512 1284 Septentrionalis
1531 1224 1846 1280 assumeret,

269 1315 358 1362 tot
376 1308 635 1362 Australis
655 1310 942 1374 amitteret,
959 1309 1221 1378 recipiens
1240 1309 1416 1362 statim
1442 1309 1849 1375 intequalitatetn

272 1396 487 1454 dierum
514 1409 571 1452 et
591 1399 847 1464 noctium,
882 1400 1052 1454 donec
1074 1400 1305 1464 tandem,
1340 1400 1440 1453 sub
1472 1399 1594 1467 polo
1626 1398 1845 1466 positus,

275 1495 452 1542 totum
481 1489 690 1543 rideret
708 1490 1131 1559 cquinoetialetn
1173 1491 1453 1554 circulum,
1485 1500 1538 1544 et
1570 1489 1620 1542 in
1652 1490 1852 1543 aestivis

270 1576 446 1646 ahala
470 1580 748 1632 dimidium
765 1596 961 1634 annum
985 1581 1526 1635 haberetcontinuum
1551 1580 1688 1632 diem
1705 1623 1717 1638 ,
1737 1592 1786 1632 et
1801 1580 1851 1632 in

266 1667 589 1724 hiemalibus
619 1665 786 1735 signis
814 1672 1091 1725 dimidium
1121 1685 1316 1724 annum
1351 1681 1584 1734 noctem,
1621 1652 1855 1725 vid'eret-

267 1775 378 1828 que
405 1763 683 1818 dimidium
717 1766 962 1832 superius
994 1765 1447 1834 hemisphaerium,
1481 1774 1534 1818 et
1569 1764 1845 1819 dimidium

266 1851 512 1907 inferius.

736 1945 813 2011 De
853 1948 1134 2000 meridiano
1173 1949 1384 2000 circulo.

338 2036 472 2089 Sunt
503 2047 759 2103 praeterea
797 2039 904 2093 duo
930 2039 1138 2104 circuli,
1171 2041 1493 2093 meridianus
1518 2051 1572 2095 et
1602 2042 1837 2094 horizun.

255 2124 661 2181 Heridionalem
690 2143 846 2182 suum
874 2145 1099 2200 quaque
1129 2133 1225 2184 sibi
1253 2145 1386 2199 gens
1407 2132 1590 2195 elticit,
1622 2133 1710 2200 qui
1746 2133 1843 2184 du-

259 2217 407 2272 citur
433 2232 593 2286 super
619 2230 777 2289 caput
806 2235 991 2275 eorum
1020 2237 1048 2274 a
1080 2223 1452 2291 Septentrione
1482 2223 1532 2276 in
1562 2224 1839 2288 Austrum,

257 2319 315 2363 et
348 2319 583 2365 mutatur
613 2312 664 2365 in
699 2313 936 2378 quolibet
964 2327 1142 2382 passu,
1190 2323 1242 2366 et
1273 2314 1395 2367 inde
1440 2325 1521 2367 est
1551 2316 1688 2381 quod
1721 2331 1839 2368 cum

258 2400 420 2453 nobis
446 2410 529 2454 est
554 2402 823 2465 meridies,
857 2402 1286 2458 Occidentalibus
1313 2405 1381 2457 sit
1406 2400 1616 2465 Oriens.
1645 2415 1698 2458 et
1731 2423 1842 2460 me-

257 2491 348 2544 dia
376 2507 477 2544 nox
501 2491 582 2544 his
605 2493 691 2561 qui
724 2503 848 2547 sunt
876 2495 925 2547 itt
949 2495 1128 2549 medio
1157 2495 1424 2550 inferioris
1452 2495 1837 2564 llelniSpila’lii.

249 2582 330 2639 Et
356 2583 434 2638 sic
463 2583 517 2639 in
548 2587 737 2641 ordine
759 2595 1039 2656 computa.

855 2678 933 2732 De
969 2679 1246 2732 horizonte.

332 2761 562 2816 llorizon
597 2775 696 2830 est,
730 2767 838 2834 qui,
884 2768 1256 2821 consideratus
1305 2766 1354 2818 in
1404 2779 1555 2834 aqua!
1599 2765 1837 2834 planitie,

252 2852 345 2906 vel
379 2861 557 2917 terrm,
588 2856 961 2911 tet-minabitur
994 2858 1051 2912 in
1085 2858 1440 2913 anterioribus
1485 2873 1586 2913 cxx
1631 2859 1838 2924 stadiis,

253 2943 314 2989 et
365 2947 508 2991 retro
553 2939 799 3005 totidem,
837 2945 882 2994 si
915 2943 1169 2997 ambitum
1220 2943 1336 3013 ejus
1380 2943 1839 3011 comprehendere

254 3027 525 3091 volueris;
579 3031 784 3098 triplica
824 3037 942 3097 ejus
991 3035 1308 3088 diametrum
1363 3050 1485 3087 cttm
1536 3034 1840 3101 adjectione

253 3122 496 3215 septenas
545 3117 710 3185 pattis
760 3120 1036 3184 diametri,
1086 3134 1138 3176 et
1185 3123 1406 3176 habebis
1455 3122 1837 3191 longitudinem
1867 3160 1913 3222 ϐ

243 3205 378 3274 ejus
420 3207 673 3264 ambitus.
706 3209 939 3265 Horizon
983 3221 1159 3265 autem
1187 3211 1380 3265 dicitur
1411 3213 1627 3279 proprie
1660 3213 1839 3267 termi-

248 3298 396 3352 nalis
418 3301 670 3355 circulus.

750 3391 826 3446 De
862 3394 1354 3448 consultationibus.

329 3481 468 3538 Sunt
515 3493 775 3552 praeterea
825 3486 1067 3555 quadam
1118 3486 1288 3540 stella:
1319 3501 1434 3554 qua:
1468 3485 1626 3554 longo
1677 3487 1838 3539 inter-
1907 3529 1915 3537 .

253 3573 402 3628 nilo
440 3576 696 3642 temporis
738 3577 1051 3645 interposito
1089 3578 1423 3640 exoriuntur,
1454 3585 1509 3631 et
1556 3577 1840 3645 desigttmt

252 3667 501 3733 morbos,
533 3677 594 3722 ut
621 3669 896 3737 Canicula,
923 3686 1041 3739 qua:
1063 3680 1183 3738 post
1207 3670 1616 3740 quadriennium
1647 3673 1839 3736 oritur,

255 3771 436 3825 neque
463 3756 516 3811 in
547 3758 739 3813 iisdem
782 3759 934 3824 locis,
966 3760 1089 3829 quia
1132 3761 1347 3815 interim
1385 3760 1584 3830 aliquid
1611 3760 1692 3814 sui
1721 3776 1843 3816 cur-

251 3860 354 3902 sua
381 3848 666 3916 expletur;
695 3864 870 3919 neque
899 3853 1154 3904 continuo
1196 3851 1394 3905 malum
1421 3851 1687 3920 designat,
1721 3866 1839 3905 nam

253 3948 594 4008 temperatur
621 3940 688 3994 de
732 3940 1104 4010 adiacentibus
1137 3941 1294 3996 bonis
1324 3942 1510 4011 lignis,
1542 3944 1626 3997 vel
1661 3945 1840 4010 plane-

247 4028 353 4094 tis,
381 4028 436 4083 in
465 4045 695 4098 quorum
741 4031 1030 4086 domiciliis
1059 4040 1152 4085 aut
1194 4042 1298 4095 est,
1328 4041 1419 4085 aut
1466 4032 1708 4099 respicit.
1738 4031 1842 4083 Du-

252 4118 516 4173 micilium
566 4119 714 4173 illius
742 4119 1052 4187 perhibetur
1079 4133 1200 4174 esse
1239 4120 1294 4172 in
1342 4132 1442 4174 ore
1468 4118 1685 4183 Leonis,
1737 4133 1842 4187 quo

251 4209 389 4264 dum
436 4208 516 4264 sol
556 4211 726 4276 veni,
770 4211 1104 4267 caniculares
1144 4212 1260 4268 dies
1303 4226 1426 4269 esse
1462 4212 1733 4268 dicuntur.
1768 4211 1842 4267 De

255 4303 522 4372 principio
556 4304 750 4360 Leonis
800 4321 968 4375 usque
994 4305 1062 4362 ad
1109 4306 1451 4361 medietatem
1483 4320 1576 4374 per
1607 4320 1674 4358 xv
1701 4304 1840 4361 dies.

251 4392 309 4453 Si
345 4407 471 4447 vero
497 4393 752 4448 Canicula
785 4411 905 4449 cum
934 4397 1049 4452 sole
1079 4397 1260 4460 fuerit,
1290 4396 1536 4450 ardorem
1565 4395 1837 4463 designat.

1946 573 2270 640 Macrobius,
2303 589 2367 629 es
2404 576 2769 644 magnitudine
2819 577 3023 640 circuli,
3075 592 3186 632 xxx
3218 596 3384 635 annos
3425 598 3520 649 pu-

1948 665 2042 718 nit.
2076 663 2222 717 Luna
2272 681 2424 731 vero,
2455 681 2518 719 ex
2565 666 2760 720 circuli
2807 669 3087 731 brevitate,
3119 686 3356 724 mensem
3411 684 3523 727 tau-

1949 762 2062 806 ttnn
2097 758 2262 821 ponit.
2316 756 2630 822 Quicunque
2662 771 2789 809 vero
2843 759 3174 823 planetarum
3220 773 3419 814 teneret
3453 763 3527 815 di-

1950 843 2282 897 midietatcm
2313 845 2520 897 itineris
2545 845 2781 908 Saturni,
2808 848 2894 900 ille
2923 849 3130 902 medius
3157 863 3301 906 esset
3331 853 3521 920 spatio,

1951 933 2075 1000 quia
2109 936 2329 989 vicinius
2358 937 2475 988 aliis
2519 937 2647 988 facit
2683 937 2917 1004 Jupiter;
2953 942 3091 993 unde
3127 956 3291 1008 prope
3316 944 3526 998 medius

1949 1036 2031 1076 est
2061 1030 2258 1092 spatio,
2311 1042 2414 1078 non
2466 1043 2711 1080 numero.
2761 1030 2850 1082 Sol
2900 1040 3078 1084 autem
3128 1049 3370 1099 innuero,
3420 1051 3523 1089 non

1949 1112 2142 1178 spatio,
2177 1114 2471 1166 secundum
2505 1114 2759 1178 Tullium,
2793 1126 2846 1170 et
2892 1118 3204 1187 Chaldzeos,
3249 1121 3389 1176 inter
3419 1135 3528 1179 ter-

1950 1215 2050 1254 nos
2079 1216 2338 1266 summos,
2371 1213 2424 1255 et
2455 1213 2634 1258 ternos
2667 1205 2823 1258 itnnl.

2025 1291 2161 1344 Mars
2203 1295 2408 1358 positus
2457 1293 2509 1346 in
2554 1303 2739 1347 centro
2784 1296 2992 1362 mundi,
3033 1299 3076 1350 si
3125 1301 3410 1356 Saturnum
3461 1321 3526 1360 ex

1955 1391 2230 1449 tetragOtio
2263 1384 2585 1450 respexerit,
2607 1385 2650 1438 si
2681 1388 2930 1452 proximo
2960 1389 3073 1442 loco
3100 1403 3216 1457 post
3246 1408 3365 1446 eum
3398 1397 3525 1449 Mer-

1951 1473 2129 1525 curius
2177 1487 2297 1526 cum
2345 1476 2498 1538 plena
2533 1478 2663 1528 luna
2691 1476 2831 1530 idem
2865 1480 3100 1547 tetigerit
3141 1492 3408 1548 centrum,
3437 1487 3523 1552 qui

1948 1574 2242 1616 nascuntur
2271 1564 2323 1617 in
2375 1565 2462 1618 illa
2505 1565 2692 1619 dturna
2725 1567 2930 1635 genesi,
2964 1571 3270 1625 efﬁciuntur
3300 1575 3524 1629 homicio

1955 1653 2058 1715 dae,
2101 1653 2281 1720 gladio
2323 1655 2520 1720 casari,
2575 1658 2904 1725 sanguinarii
2957 1663 3197 1727 c0nsilo,
3239 1667 3317 1718 Vel
3364 1667 3522 1732 factu,

1954 1741 2246 1809 libidinosi,
2279 1745 2499 1812 ebriosi,
2551 1747 2887 1813 d.-rmuniosi,
2918 1763 3244 1808 scrutati-res
3291 1770 3526 1812 secreto-

1877 1826 1924 1882 B
1957 1851 2096 1900 rum,
2129 1841 2537 1905 uecromantici,
2571 1843 2821 1905 malelici,
2871 1847 3040 1897 sacrih
3063 1849 3135 1916 gi,
3170 1853 3433 1918 pra-cipue
3481 1853 3522 1904 si

1951 1929 2092 1979 nulla
2115 1944 2364 1996 prospera
2390 1932 2746 1998 impediverit.
2775 1935 2952 1988 Martis
2977 1938 3196 1992 elfectus
3232 1951 3313 1993 est
3344 1943 3443 1996 iste
3472 1944 3522 1995 in

1952 2019 2191 2084 quolibet
2215 2021 2386 2088 signo,
2417 2023 2713 2091 praecipuus
2739 2027 2789 2078 in
2817 2027 2927 2079 suis
2951 2029 3233 2083 domiciliis
3257 2049 3268 2083 :
3297 2034 3526 2088 maxime

1949 2108 1991 2160 si
2025 2109 2077 2162 in
2124 2112 2302 2164 medio
2331 2113 2724 2166 domiciliorum
2771 2131 2990 2168 suorum
3037 2121 3242 2182 positus
3281 2133 3523 2176 centrum

1955 2201 2208 2262 tetigerit.
2256 2201 2517 2255 Centrum
2559 2214 2736 2256 autem
2771 2219 2904 2257 voco
2937 2208 3096 2259 modo
3125 2209 3522 2267 Meridinnalem

1947 2289 2226 2354 circulum,
2258 2290 2309 2343 in
2341 2307 2449 2358 quo
2476 2292 2598 2344 dum
2644 2292 2802 2346 fuerit
2848 2295 2949 2358 sol,
3001 2297 3121 2351 dico
3163 2300 3308 2354 illum
3358 2292 3521 2359 fuisse

1949 2378 2000 2430 in
2032 2392 2256 2445 centro;
2287 2382 2556 2450 distatque
2584 2385 2863 2450 :rqualiter
2893 2386 2960 2439 ab
3003 2387 3221 2443 Oriente
3250 2402 3304 2445 et
3329 2397 3392 2447 ab
3419 2396 3520 2448 0c-

1947 2467 2182 2531 cidente,
2215 2484 2341 2523 raro
2371 2483 2546 2523 autem
2579 2472 2859 2540 a-qualitcr
2897 2478 2963 2528 ab
2992 2481 3187 2532 Austro
3215 2491 3269 2534 et
3296 2483 3520 2549 Septen-

1947 2558 2142 2623 tt‘iune,
2177 2561 2276 2614 nisi
2310 2563 2361 2614 in
2390 2562 2602 2616 duabus
2629 2566 2980 2630 inquinoctiia.

2027 2646 2202 2701 Venus
2233 2661 2284 2702 et
2315 2651 2437 2703 luna
2469 2666 2586 2705 cum
2621 2654 2853 2706 Saturno
2886 2657 2934 2707 in
2966 2656 3176 2710 Saturni
3208 2661 3516 2728 dom‘ciliis,

1946 2736 1999 2788 id
2044 2746 2148 2802 est,
2194 2739 2506 2805 Capricorni
2557 2751 2608 2792 et
2650 2743 2905 2809 Aquarii»,
2948 2749 3316 2814 existentibus,
3371 2769 3519 2820 quie-

1945 2839 2153 2892 cunqne
2205 2829 2455 2882 mulieres
2510 2830 2560 2884 itt
2608 2831 2798 2884 diurna
2851 2834 2940 2886 illa
2981 2837 3161 2905 genesi
3209 2854 3519 2912 nascuntur,

1947 2917 2213 2986 viragines
2270 2930 2445 2983 erunt,
2492 2931 2750 2989 promptzc
2809 2925 2872 2977 ad
2929 2930 3313 2995 agriculturas,
3356 2935 3513 3000 bella,

1947 3009 2136 3059 aedium
2162 3020 2487 3074 structuras;
2513 3028 2631 3077 qua:
2663 3023 2785 3066 sunt
2821 3015 3138 3070 feminarum
3169 3023 3513 3090 negligentes,

1950 3107 2236 3163 unguenta,
2280 3099 2662 3168 calceamenta,
2696 3115 2870 3156 restes
2917 3117 3168 3174 appetent
3201 3112 3520 3167 viris‘com-

1948 3202 2155 3252 manes,
2209 3204 2310 3243 nec
2355 3205 2385 3243 a
2431 3193 2635 3246 maritis
2689 3194 3093 3266 redarguentur.
3131 3199 3517 3258 Testitnuniunt

1947 3294 2072 3332 veto
2102 3277 2256 3347 hujus
2290 3283 2534 3346 prohibet
2563 3283 2722 3348 Mars,
2752 3300 2865 3339 sive
2895 3290 2965 3340 sit
2995 3287 3044 3340 itt
3075 3290 3264 3343 iisdem
3294 3293 3519 3349 domici-

1945 3371 2052 3433 liis,
2084 3375 2196 3427 sive
2225 3374 2274 3426 in
2303 3373 2488 3428 triceto
2521 3376 2599 3429 vel
2627 3379 2884 3444 quadrato
2916 3384 3230 3444 respexerit.

2020 3461 2193 3513 Venus
2243 3478 2361 3516 Cum
2413 3465 2597 3528 Marte,
2649 3467 2701 3518 in
2753 3465 2932 3520 Martis
2974 3469 3265 3536 domicilio,
3321 3475 3371 3528 id
3413 3489 3516 3539 cst.

1945 3554 2148 3616 Arietc,
2188 3552 2383 3620 posita,
2416 3555 2462 3609 si
2491 3556 2778 3611 Salttl'tllllll
2805 3559 2858 3612 in
2882 3555 3166 3630 “tetragono
3197 3569 3519 3632 respexerit,

1944 3644 1987 3696 si
2021 3643 2111 3711 qui
2143 3645 2239 3698 viri
2285 3655 2409 3700 tunc
2459 3658 2771 3715 nascuntur,
2803 3651 3094 3706 eﬂ'eminati
3142 3666 3319 3719 erunt,
3351 3659 3524 3713 virilia

1946 3739 2298 3807 n-gligcntes,
2330 3741 2645 3793 mulieribus
2671 3741 3008 3810 indulgentes
3063 3744 3226 3809 Mars,
3269 3748 3314 3800 si
3351 3748 3523 3804 Vene-

1947 3846 2058 3884 rem
2092 3832 2144 3884 in
2175 3840 2452 3899 tetragono
2488 3833 2807 3901 respexerit,
2839 3833 2884 3888 si
2926 3835 3070 3888 nulla
3102 3835 3395 3892 salubrium
3423 3838 3526 3895 im-

1946 3920 2228 3990 pediverit,
2279 3921 2326 3976 si
2376 3923 2467 3990 qui
2498 3923 2553 3976 in
2605 3923 2786 3992 genesi
2820 3923 2906 3977 illa
2939 3935 3250 3992 nascuntur,
3295 3929 3526 3985 adulteri

1945 4022 2123 4076 erunt,
2162 4012 2433 4081 praecipue
2484 4014 2538 4067 in
2585 4014 2926 4068 matritnOnio
2974 4028 3194 4081 matres,
3247 4020 3386 4075 tilias
3433 4031 3528 4077 aut

1943 4115 2184 4167 sorores,
2215 4105 2553 4171 copulantes.
2585 4105 2815 4172 Ideoque
2866 4104 3079 4174 ﬁngitur
3105 4102 3395 4166 Mars‘cnm
3422 4112 3527 4168 γε-

1945 4206 2074 4245 nere
2101 4191 2427 4246 adulterium
2478 4204 2842 4261 perpetrasse.
2891 4193 3128 4264 Sphaerus
3176 4209 3372 4256 terram
3424 4204 3524 4258 ba-

1945 4281 2073 4338 bent
2111 4291 2378 4351 centrum,
2409 4283 2503 4339 sed
2547 4284 2762 4340 absides
2805 4297 2932 4339 sunt
2963 4301 3264 4347 excentres.
3293 4295 3525 4351 Absidea

1943 4381 2068 4430 sunt
2113 4375 2322 4442 circuli,
2354 4377 2627 4445 inquibus
2672 4387 2798 4432 sunt
2829 4382 3092 4448 spirarum
3143 4387 3391 4452 dirortia,
3423 4389 3509 4442 ubi

180 4516 191 4522 -
252 4483 542 4564 Siriusilla
575 4485 775 4539 dicitur
807 4487 858 4540 in
887 4485 1098 4552 Graeco,
1131 4497 1188 4542 et
1215 4496 1298 4541 est
1336 4487 1556 4556 cynicus
1583 4499 1775 4548 annus,
1808 4501 1836 4540 a

1952 4476 2197 4519 amantur
2241 4469 2498 4521 stationes
2545 4477 2598 4521 et
2646 4469 3153 4536 retrogradatiunes.
3196 4475 3424 4530 Absides
3463 4479 3520 4533 in

253 4561 449 4644 cynos,
483 4572 576 4643 qui
624 4582 707 4628 est
751 4573 915 4629 Canis
951 4574 1089 4628 1160
1115 4575 1260 4630 anni.
1292 4573 1530 4644 Egyptii
1582 4583 1839 4642 praeterea

254 4664 398 4719 Abas
434 4675 630 4719 vocant
657 4668 943 4736 quamdam
990 4668 1224 4732 stellam,
1249 4683 1371 4738 quae
1417 4667 1621 4722 eisdem
1671 4666 1840 4721 inter-

253 4755 402 4810 vallo
432 4759 690 4826 temporis
714 4760 908 4825 oritur,
930 4759 1084 4828 cujus
1107 4759 1294 4814 timent
1320 4757 1722 4813 adversitatem.
1755 4758 1842 4813 Vi-

253 4845 389 4900 dent
418 4847 561 4900 enim
612 4847 670 4901 bi
714 4848 919 4915 aliquas
947 4849 1132 4902 stellas
1171 4863 1292 4916 qua:
1341 4863 1371 4901 a
1421 4848 1600 4912 nobis,
1633 4857 1839 4903 tumore

257 4947 419 4992 terra:
467 4937 880 5006 interveniente,
917 4954 1026 4993 non
1079 4939 1344 5004 videntur,
1377 4949 1436 4996 ut
1482 4940 1732 5009 Canopon
1784 4941 1837 4994 in

257 5029 527 5098 principio
555 5028 792 5100 (Egypti.
829 5032 925 5088 Eltt
955 5041 1009 5088 et
1037 5033 1163 5097 alia.
1201 5049 1318 5104 qua
1358 5035 1524 5090 semel
1567 5036 1648 5102 (ut
1697 5038 1837 5104 reor)

255 5122 530 5189 apparuit,
562 5136 660 5176 nec
708 5123 848 5177 ultra
881 5105 1078 5179 \l‘orsan
1128 5126 1426 5204 apparebit,
1459 5127 1686 5192 scilicet,
1719 5143 1837 5197 quas

255 5210 690 5267 Incarnationem
721 5212 890 5267 tribus
921 5213 1088 5282 magis
1119 5213 1392 5269 indicavit.

471 5303 547 5356 De
587 5307 918 5369 planetarum
959 5306 1140 5359 ordine
1177 5315 1224 5357 et
1262 5306 1636 5374 designatione.

326 5389 482 5445 Solet
507 5394 823 5460 magnitudo
846 5396 932 5451 vel
961 5395 1194 5466 qualitas
1222 5394 1546 5448 circulorum
1574 5411 1637 5450 ex
1668 5411 1840 5465 quan—

253 5488 414 5539 titate
459 5482 550 5537 illa
581 5485 927 5554 planetarum
973 5486 1325 5558 deprehendi,
1374 5492 1432 5538 ut
1474 5494 1677 5562 quanto
1721 5489 1838 5554 plus

254 5578 518 5646 temporis
565 5576 618 5632 in
663 5576 984 5648 circuitione
1025 5589 1325 5647 missumst,
1381 5577 1476 5633 illa
1517 5579 1834 5646 ampliorem

247 5671 524 5726 circulum
560 5669 776 5734 habeat,-
812 5668 935 5727 Iicet
958 5669 1061 5725 hoc
1083 5669 1402 5740 quibusdam
1432 5682 1536 5724 non
1563 5667 1833 5731 videatur,

244 5781 375 5823 cum
399 5761 720 5834 magnitudo
748 5761 936 5818 circuli
963 5776 1070 5818 non
1099 5764 1170 5820 sit
1198 5763 1313 5820 sola
1341 5774 1523 5828 causa,
1553 5758 1648 5816 sed
1676 5760 1833 5815 etiam

1942 4556 2414 4625 quibttsdamglocis
2441 4566 2566 4610 sunt
2591 4566 2746 4611 terra:
2781 4559 3085 4626 viciniures,
3120 4563 3170 4615 in
3201 4566 3513 4630 quibusdam

1944 4649 2301 4701 lirmatneuto.
2358 4647 2475 4715 Ipsa
2524 4663 2742 4718 vespera
2774 4651 2932 4704 etiam
2985 4653 3248 4719 quoddam
3297 4657 3522 4724 Spatium

1943 4743 2254 4813 contiguum
2291 4745 2495 4799 habens
2539 4755 2644 4799 tres
2671 4748 3058 4809 dimensiones,
3089 4747 3324 4815 longum,
3355 4750 3520 4806 latum

1944 4847 1998 4890 et
2039 4838 2225 4889 altum.
2280 4837 2413 4889 Nota
2464 4836 2604 4904 quod
2645 4837 2783 4890 sicut
2831 4836 2998 4890 stellae
3040 4836 3236 4892 faciunt
3266 4840 3522 4900 infractus

1943 4927 2154 4981 ratione
2184 4927 2498 4990 latitudinis,
2527 4927 2595 4980 ita
2629 4929 2828 4980 faciunt
2855 4938 2908 4982 et
2935 4929 3145 4984 ratione
3169 4930 3480 4990 altitudinis.

2385 5018 2459 5072 De
2495 5020 2708 5074 diversis
2744 5022 3076 5089 (equinectiia.

2011 5109 2068 5164 Si
2095 5110 2185 5180 qui
2214 5118 2335 5163 sunt
2368 5109 2421 5163 in
2454 5112 2634 5165 medio
2681 5121 2936 5176 perustae,
2989 5113 3128 5165 idem
3175 5129 3390 5182 semper
3425 5116 3523 5170 ba-

1942 5203 2071 5257 bent
2101 5201 2516 5272 equinoctium,
2559 5201 2679 5270 quia
2729 5213 2985 5266 utrosque
3039 5203 3190 5270 polos
3237 5213 3292 5257 et
3334 5219 3521 5261 omnes

1942 5295 2223 5366 parallelos
2271 5307 2488 5361 semper
2537 5293 2717 5346 vident
2750 5293 3030 5361 dimidios;
3071 5303 3126 5348 et
3161 5296 3206 5349 si
3257 5299 3345 5366 qui
3399 5299 3523 5351 inde

1942 5393 2316 5451 removentur,
2367 5385 2482 5436 visu
2512 5383 2637 5438 illos
2681 5399 2788 5438 non
2816 5384 3149 5452 dimidiatur,
3177 5387 3302 5441 item
3345 5403 3520 5456 neque

1939 5477 2368 5549 aequinoctialem
2419 5486 2564 5530 recte
2604 5477 2905 5532 dimidiaut.
2936 5479 3087 5547 Quod
3130 5480 3183 5536 si
3227 5491 3330 5545 est,
3385 5497 3520 5534 mm-

1940 5575 2100 5644 qnam
2149 5569 2409 5625 habemus
2447 5571 2850 5640 aequinoctium.
2901 5571 3127 5625 Solutio.
3162 5571 3345 5626 Terra:
3390 5574 3518 5642 glo-

1942 5666 2139 5720 bositas
2165 5671 2220 5716 et
2264 5661 2587 5716 lirtttatnenti
2617 5662 2932 5718 courexitas
2970 5661 3178 5716 confert
3215 5661 3522 5716 dimidiata-

1943 5767 2048 5812 tcm
2101 5753 2491 5822 :cquinoctialis
2532 5753 2687 5808 linea:
2741 5765 2960 5822 semper
3015 5743 3182 5808 videri
3239 5751 3524 5809 cuiuslibet
