3922 6246
444 384 550 439 899

1049 382 1117 438 re
1160 382 1611 443 veasnautus
1648 384 1798 441 ore.
1846 381 2022 439 rans
2065 380 2106 434 ι.
2152 381 2343 438 secr.
2387 383 2558 437 u.-—
2588 384 2794 443 DUBIA
2832 387 2920 444 ET
2956 369 3239 447 spuma.

446 495 726 562 positionis
758 494 1091 561 hominibus,
1138 498 1240 552 nisi
1290 498 1423 553 solis
1474 497 1558 551 his
1602 496 1692 565 qui
1746 497 1847 550 sub
1893 496 2031 565 polis
2061 495 2107 552 Δ
2141 493 2263 547 luna
2297 494 2431 549 ultra
2465 496 2614 563 illos;
2646 500 2741 554 sed
2774 502 3043 569 falluntur,
3074 520 3247 576 neque
3269 506 3417 562 enim
3452 518 3611 567 recte
3639 524 3749 566 vo-

452 595 597 638 recte
638 583 913 647 habitant;
941 584 1017 637 illi
1064 587 1207 642 enim
1255 595 1421 641 totam
1453 587 1638 642 vident
1684 587 2039 656 aquinoctia-

446 677 550 731 lem
594 677 646 731 in
674 692 774 731 suo
804 677 1111 745 horizonte,
1146 679 1453 748 habentque
1504 680 1667 734 etiam
1720 679 1824 733 hoc
1877 678 2038 732 modo

442 766 844 835 rquinoctium,
876 767 1017 836 quod
1047 783 1147 822 sex
1191 771 1365 838 signa,
1399 769 1451 822 id
1488 777 1592 833 est,
1643 767 1897 822 dimidius
1941 782 2039 821 an-

446 872 547 911 nus
578 858 809 923 confert,
839 860 924 912 vel
955 860 1099 914 diem
1126 860 1468 923 continuum,
1516 868 1569 913 et
1599 873 1692 912 sex
1724 858 1874 926 signa
1906 857 2037 912 reli-

441 959 567 1011 qua,
605 945 658 1000 id
687 953 792 1010 est,
818 936 1077 1002 dimidius
1104 962 1280 1001 anuus
1311 950 1620 1002 continuam
1651 955 1891 1003 noctem.

946 1037 1051 1092 Cur
1087 1034 1249 1092 stellio
1287 1040 1545 1091 videnlur.

513 1129 643 1185 Sole
684 1129 986 1195 occidente,
1020 1145 1141 1185 cum
1191 1130 1403 1185 decima
1446 1132 1631 1199 quinta
1661 1145 1873 1200 quoque
1900 1144 2033 1199 pars

440 1220 581 1293 signi
611 1223 869 1277 occiderit
894 1233 1017 1293 post
1049 1224 1219 1291 illum,
1249 1224 1359 1294 jam
1390 1235 1567 1279 tamen
1619 1226 1697 1279 sol
1728 1225 2033 1289 descendit,

440 1313 533 1379 qui
564 1323 622 1366 ut
646 1313 783 1368 bona
831 1324 991 1370 terra:
1032 1316 1166 1385 erigi
1216 1318 1426 1386 incipit,
1474 1319 1627 1387 cujus
1656 1320 1827 1388 gratia
1878 1320 2032 1389 signa

438 1401 715 1469 videmus;
745 1405 835 1473 qui
884 1405 990 1459 nisi
1036 1416 1244 1471 essent,
1278 1423 1553 1477 nunquam
1599 1410 1783 1463 stellas
1826 1410 2036 1463 videre-

440 1511 581 1562 mus,
614 1497 744 1551 solis
789 1497 990 1553 lumine
1020 1494 1217 1554 diurno
1254 1502 1442 1556 oculos
1487 1502 1836 1569 impediente.
1867 1502 2036 1557 Nocte

440 1599 618 1642 autem
650 1590 782 1644 illud
813 1590 968 1645 nobis
1000 1592 1290 1660 subtrahit,
1326 1608 1423 1648 nec
1450 1604 1625 1648 tamen
1660 1608 1726 1649 eo
1767 1594 1947 1648 minus
1978 1594 2030 1647 in

439 1682 623 1735 stellas
651 1692 705 1737 et
734 1683 1015 1750 superiora
1044 1684 1247 1755 dirigit.

508 1772 960 1844 Philosophorum
992 1777 1283 1843 sententia,
1311 1786 1415 1844 est,
1445 1779 1589 1848 quod
1622 1778 1815 1832 animae
1847 1778 2035 1831 soluta:

2146 594 2270 637 cant
2298 585 2574 641 Orientem
2605 591 2684 644 vel
2711 590 3076 651 Occidentem.

2500 676 2579 731 De
2614 680 2736 734 satis
2773 699 3012 750 equorum
3053 690 3363 747 nominibus.

2210 764 2302 819 Sol
2349 769 2642 824 secundum
2674 782 2858 840 poetas
2889 775 3085 831 dicitur
3113 779 3165 832 in
3198 795 3355 834 curru
3396 762 3519 837 {ehi
3568 800 3744 854 quem

2141 861 2359 914 trahunt
2389 863 2533 929 equi,
2567 878 2794 931 quorum
2846 866 2961 921 hare
2998 878 3123 923 sunt
3153 874 3395 937 nomina,
3427 877 3745 931 secundum

2141 949 2499 1021 Fulgentium.
2550 954 2775 1023 Primus,
2806 958 3081 1029 Erythros,
3127 961 3181 1016 id
3210 973 3312 1030 est,
3346 966 3567 1034 rubens,
3600 969 3744 1037 quia

2140 1048 2299 1095 mane
2325 1042 2405 1095 sol
2438 1044 2614 1098 rubet.
2647 1044 2928 1102 Secundus
2952 1051 3177 1117 Acteon,
3196 1053 3249 1106 id
3281 1065 3383 1121 est,
3412 1057 3741 1124 splendens,

2141 1134 2264 1201 quia
2298 1137 2441 1191 circa
2485 1139 2693 1193 tertiam
2746 1140 2941 1217 clarius
2989 1144 3153 1199 lucet.
3202 1146 3414 1201 Tertius
3464 1147 3743 1218 Lampon,

2140 1224 2321 1291 idest,
2358 1230 2589 1295 ardens;
2638 1248 2758 1286 nam
2807 1234 2858 1287 in
2909 1236 3131 1291 meridie
3176 1248 3261 1292 est
3306 1239 3720 1296 fervidissimus

2139 1316 2371 1383 Quartus
2402 1321 2670 1393 Pltilogcs,
2705 1325 2753 1377 id
2786 1334 2889 1393 est,
2930 1342 3121 1381 amans
3153 1340 3385 1396 terram;
3419 1348 3542 1387 nam
3574 1334 3745 1390 nobis

2140 1410 2437 1475 occidendo
2480 1416 2689 1487 videtur
2725 1418 3066 1487 appropiare.
3120 1421 3226 1477 Sed
3256 1423 3553 1477 secundum
3602 1425 3745 1479 Ovi-

2138 1501 2283 1585 dium
2315 1503 2479 1558 habet
2513 1501 2614 1559 alia
2648 1506 2761 1560 haec
2808 1510 3018 1564 nomina
3057 1529 3069 1563 :
3104 1511 3266 1577 Eous,
3301 1514 3350 1567 id
3380 1523 3486 1580 est,
3519 1516 3745 1585 oriens,

2140 1578 2501 1664 velsurgens.
2547 1596 2771 1663 Αἰιιιοη,
2820 1599 2869 1652 id
2900 1608 3002 1663 est.
3046 1602 3239 1658 elatus.
3290 1578 3502 1674 Pyrois,
3532 1607 3584 1661 id
3614 1578 3736 1674 est,

2144 1688 2366 1754 igneus:
2395 1687 2654 1758 Phlegon,
2692 1690 2740 1743 id
2786 1700 2885 1753 est,
2920 1694 3157 1758 acclivis,
3188 1697 3307 1762 quia
3356 1699 3588 1764 primum
3636 1699 3734 1755 soi

2138 1778 2327 1844 surgit,
2356 1776 2550 1831 dehinc
2581 1780 2839 1844 elevatur,
2886 1792 3067 1850 postea
3101 1784 3291 1852 fervet,
3325 1788 3377 1840 in
3410 1788 3515 1843 line
3542 1800 3738 1845 autem

435 1878 463 1915 a
496 1880 727 1934 corpore
772 1872 957 1935 velint,
998 1871 1200 1926 debent
1248 1881 1304 1927 et
1351 1874 1561 1939 possint
1613 1874 2028 1942 reincorporari.
2071 1852 2109 1909 Β
2140 1866 2242 1919 dici
2276 1866 2564 1921 inclinatur
2591 1868 2654 1921 ad
2686 1884 2954 1924 occasum.

437 1956 636 2021 Velint,
675 1958 821 2027 quia,
855 1969 1039 2029 potato
1079 1961 1324 2028 Lethaeo,
1356 1964 1536 2017 oblita:
1568 1974 1692 2017 sunt
1722 1966 2026 2031 ιιι-λειετὶῑο-

436 2063 581 2113 rum,
610 2050 964 2122 videntesqne
990 2055 1271 2123 praemium
1298 2056 1402 2110 sibi
1434 2060 1793 2124 propositum,
1819 2060 1861 2110 si
1894 2058 2030 2111 liene

434 2139 734 2192 meruerint
779 2142 830 2194 in
864 2155 1112 2210 Corpore,
1148 2146 1460 2199 desiderant
1513 2148 1866 2216 incorporari.
1904 2147 2030 2201 Pos-

432 2239 579 2292 sunt,
608 2232 731 2297 quia
761 2241 887 2287 sunt
936 2234 1295 2294 immortales.
1348 2238 1556 2293 Debent
1588 2255 1684 2309 per
1731 2241 2028 2295 necessita-

433 2329 567 2386 tem,
598 2323 721 2390 quia
755 2340 875 2378 cum
906 2328 1145 2393 quotidie
1174 2344 1310 2383 nova
1343 2342 1598 2384 creentur
1626 2348 1878 2401 corpora,
1913 2334 2030 2386 ani-

432 2424 536 2465 mai
564 2425 692 2466 vero
721 2414 886 2468 semel
916 2414 1032 2483 jam
1083 2416 1151 2470 ab
1198 2417 1409 2487 origine
1439 2434 1628 2474 omnes
1656 2430 1851 2475 creatte
1881 2430 2024 2474 sunt.

430 2501 666 2559 Necesse
696 2514 781 2560 est
817 2521 941 2562 vero
972 2524 1091 2578 qua;
1124 2511 1271 2577 prius
1305 2521 1461 2566 erant
1493 2513 1850 2583 incorporatae
1885 2516 2027 2569 rein-

429 2606 807 2662 corporentur.
838 2598 941 2651 Sed
971 2614 1092 2653 cum
1127 2601 1228 2655 hoc
1255 2602 1451 2656 debeat
1481 2604 1670 2658 [Enete
1701 2608 1861 2673 (teste
1903 2606 2027 2658 Vir-

430 2682 581 2752 giiio)
613 2696 761 2752 pater
789 2687 1046 2743 Anchises
1079 2691 1385 2758 ostendere,
1426 2694 1587 2747 altius
1634 2695 1840 2763 incipit,
1878 2696 2023 2749 scili-

430 2785 537 2841 cet,
568 2778 635 2831 ab
664 2779 753 2832 illo
793 2783 933 2849 quod
967 2781 1139 2837 Grazci
1178 2784 1389 2853 Tupan,
1438 2786 1491 2840 id
1539 2797 1642 2855 est,
1671 2786 1891 2851 Totum,
1923 2805 2020 2841 vo-

432 2877 575 2930 cant,
614 2871 754 2936 quod
786 2872 884 2923 sub
915 2872 1164 2938 quinario
1196 2874 1506 2929 includitur.
1541 2876 1679 2932 Sunt
1719 2878 1860 2932 enim
1892 2894 2021 2946 qua-

432 2968 554 3008 tuor
606 2958 913 3024 elementa,
964 2959 1133 3029 ignis,
1185 2977 1298 3027 aer,
1353 2979 1511 3033 aqua,
1560 2975 1724 3029 terra,
1756 2974 1811 3019 et
1858 2967 2018 3020 Deus.

433 3047 663 3102 Mundus
688 3051 829 3104 enim
863 3066 965 3104 non
996 3061 1169 3121 potest
1201 3061 1368 3107 totum
1404 3056 1606 3124 vocari,
1650 3057 1751 3111 nisi
1781 3058 1928 3125 prius
1969 3056 2018 3111 ei

429 3139 607 3197 infuso
649 3144 829 3198 divino
879 3143 1091 3213 Spiritu,
1144 3163 1301 3213 quem
1351 3149 1584 3202 animant
1637 3164 1909 3204 vocamus.
1939 3149 2015 3202 Ex

426 3232 705 3288 elementis
735 3236 878 3288 enim
929 3246 983 3290 et
1038 3238 1213 3291 anittta
1263 3238 1374 3292 illis
1421 3238 1618 3307 infusa,
1668 3250 2017 3307 procreantur

421 3326 621 3378 omnia.
678 3326 828 3379 Unde
879 3341 1000 3379 cum
1054 3328 1325 3395 duplicem
1382 3338 1626 3383 naturam
1679 3329 2012 3393 habeamus,

423 3414 713 3469 videndum
758 3426 836 3470 est
883 3418 1022 3485 qund
1069 3418 1136 3470 ab
1164 3419 1434 3473 alimentis
1475 3419 1872 3489 quodammodo
1900 3433 2015 3473 sor-

419 3509 637 3563 tiantur.
675 3511 1155 3578 [)epreltenderunt
1198 3513 1340 3567 enim
1386 3511 1694 3583 philosophi
1725 3512 1864 3582 quod
1906 3512 2016 3582 spi-

419 3600 581 3653 ritum
614 3617 642 3653 a
688 3603 799 3655 Deo
829 3604 1250 3674 acrepissemus,
1282 3606 1405 3675 quia
1439 3607 1554 3675 ipse
1585 3618 1667 3660 est
1697 3606 2009 3671 invisibilis;

419 3694 560 3747 unde
606 3704 791 3749 auctor
833 3710 1075 3749 summus
1126 3697 1289 3764 Deus,
1324 3712 1352 3751 a
1400 3714 1508 3767 quo
1540 3698 1687 3752 ducit
1729 3698 2011 3767 originem,

419 3801 614 3851 corpus
644 3797 825 3842 autem
855 3788 923 3843 ab
947 3790 1251 3855 elementis,
1286 3792 1407 3860 quia
1440 3791 1578 3863 sicut
1606 3791 1869 3845 elementa
1891 3798 2015 3843 sunt

418 3876 670 3943 visibilia,
697 3880 773 3932 sic
802 3891 855 3933 et
877 3896 1104 3949 corpora
1136 3892 1344 3946 nostra,
1375 3891 1429 3935 et
1460 3882 1598 3935 sicut
1627 3882 1715 3935 illa
1765 3882 1832 3936 de
1872 3890 2014 3935 statu

421 3967 472 4017 itt
505 3975 701 4019 stutum
730 3979 1008 4021 mutantur
1032 3986 1124 4035 per
1148 3973 1548 4023 contextionem
1576 3981 1630 4023 et
1652 3974 2014 4026 recontextio-

420 4071 543 4109 nem
578 4057 678 4121 sui,
714 4058 791 4109 sic
820 4071 1045 4124 corpora
1098 4068 1281 4110 nostra
1327 4056 1555 4112 diversis
1599 4059 1774 4113 modis
1801 4060 2012 4113 varian-

420 4161 524 4203 tur.
561 4150 713 4218 ltem,
750 4152 927 4205 anima
961 4152 1235 4207 rationalis
1274 4161 1378 4218 est,
1412 4161 1469 4207 ut
1500 4145 1643 4208 Deus
1673 4170 1702 4209 a
1735 4169 1841 4224 quo
1871 4156 2014 4211 ducit

415 4243 699 4309 et‘iginetn.
731 4243 939 4310 Corpus
969 4253 1148 4298 autem
1182 4245 1572 4313 irrationabile,
1610 4248 1749 4301 sicut
1798 4257 1853 4301 et
1896 4248 2011 4301 ele-

2646 1961 2721 2017 De
2757 1964 2925 2018 animo
2965 1965 3209 2022 humana.

2208 2051 2303 2115 Qui
2333 2061 2509 2105 autem
2543 2064 2789 2106 asserunt
2814 2057 3016 2111 animas
3048 2073 3168 2115 esse
3198 2061 3263 2114 ab
3294 2062 3729 2132 originemundi

2136 2152 2368 2207 creatas,
2414 2144 2596 2198 dicunt
2624 2145 2743 2199 illas
2772 2161 2892 2202 esse
2920 2148 3047 2202 sitas
3076 2150 3128 2203 in
3156 2154 3499 2221 comparibus
3528 2155 3731 2219 stellis.

2138 2242 2194 2285 ut
2244 2234 2517 2288 discerent
2573 2238 2946 2292 rationabilem
3003 2249 3204 2294 motum
3264 2244 3613 2311 firmamenti,
3666 2256 3733 2300 ut

2135 2336 2254 2374 eum
2286 2337 2380 2390 spe
2409 2332 2463 2376 et
2492 2323 2761 2378 desiderio
2790 2341 3012 2381 summa:
3042 2328 3385 2387 beatitudinis
3408 2332 3568 2387 etiam
3600 2349 3729 2390 cor-

2134 2425 2470 2481 poraretttur,
2503 2418 2792 2471 secundum
2825 2429 3026 2472 motum
3077 2420 3398 2478 ﬁrmamenti
3428 2424 3730 2481 rationabi-

2135 2504 2255 2558 liter
2287 2517 2532 2574 rcgereut
2554 2522 2799 2576 corpora.
2837 2508 2947 2563 Illic
2979 2521 3155 2564 autem
3172 2513 3389 2580 .positze,
3422 2516 3727 2581 plenariam

2132 2595 2330 2649 habent
2369 2599 2727 2665 cognitionem
2776 2603 3139 2677 prcesentium,
3195 2606 3615 2669 prmteritorutn,
3664 2614 3727 2661 et

2130 2685 2454 2752 futurorum,
2486 2702 2715 2757 cumque
2748 2689 2849 2742 illis
2886 2691 3135 2745 subvenit
3161 2692 3491 2747 desiderium
3542 2694 3728 2749 incor-

2130 2779 2371 2847 porandi,
2408 2780 2588 2833 statim
2623 2781 2879 2847 incipiunt
2906 2782 3134 2850 gravari,
3168 2792 3222 2836 et
3270 2798 3459 2837 versus
3488 2798 3720 2852 corpora

2129 2871 2337 2924 deduci.
2390 2872 2482 2925 Est
2513 2882 2688 2926 autem
2722 2872 2825 2927 illis
2857 2874 3144 2931 descensus
3173 2889 3200 2925 a
3230 2875 3437 2928 Cancro
3480 2876 3621 2928 sicut
3661 2885 3722 2931 et

2090 2952 2095 2957 ’
2127 2974 2404 3023 ascensus,
2440 2977 2535 3027 per
2562 2962 2936 3028 Capriconum,
2969 2973 3023 3017 et
3049 2964 3430 3018 descendendo
3478 2979 3573 3033 per
3599 2980 3724 3021 cra-

2130 3064 2293 3108 teram
2329 3056 2520 3110 Bacclti
2555 3056 2802 3126 primam,
2836 3057 2904 3110 ibi
2939 3068 3120 3126 potant
3147 3058 3477 3112 oblivionem
3514 3056 3721 3127 prioris

2125 3156 2292 3200 status
2341 3148 2442 3212 sui,
2496 3157 2549 3201 et
2601 3148 2722 3201 inde
2773 3147 3070 3202 labentibus
3118 3148 3411 3201 obveninnt
3462 3146 3717 3215 quaedam

2126 3236 2375 3290 aetherem
2408 3248 2462 3290 et
2491 3239 2647 3290 aeriae
2693 3238 3083 3301 obvolutiones,
3129 3248 3181 3289 et
3225 3238 3476 3289 hauriunt
3505 3237 3710 3306 aliquid

2122 3330 2174 3380 in
2209 3330 2433 3397 singulis
2461 3330 2707 3397 sphaeris,
2741 3338 2794 3381 ut
2836 3330 2886 3382 in
2931 3329 3094 3396 prima
3126 3328 3341 3383 Saturni
3384 3329 3706 3384 correlatio-

2122 3434 2261 3481 nent,
2298 3418 2345 3471 id
2395 3428 2497 3483 est,
2552 3420 2803 3473 similium
2853 3420 3241 3482 collectionem,
3297 3430 3353 3471 ut
3398 3435 3495 3487 per
3544 3433 3715 3474 unum

2118 3510 2293 3564 simile
2324 3510 2457 3562 seiat
2488 3511 2631 3563 aliud
2674 3512 2992 3578 approbare.
3030 3519 3084 3563 ut
3128 3511 3172 3563 si
3207 3510 3361 3563 velim
3392 3511 3573 3565 album
3606 3512 3711 3564 ali-

2119 3601 2245 3669 quid
2297 3602 2605 3664 ostendere,
2645 3600 3040 3655 dicammlbius
3087 3612 3171 3655 est
3221 3601 3359 3656 nive.
3409 3602 3713 3670 Torporem

2119 3694 2276 3745 etiam
2308 3693 2592 3760 quemdam
2624 3692 2693 3746 ibi
2724 3693 2937 3761 accipit,
2974 3693 3024 3745 in
3055 3691 3183 3746 Jove
3214 3692 3496 3746 scientiam
3532 3702 3585 3747 et
3616 3693 3714 3746 dc-

2118 3783 2371 3835 sideriutn
2422 3786 2703 3850 regnandi,
2760 3785 2982 3851 aliisque
3034 3784 3343 3853 imperandi.
3401 3783 3458 3838 ιη
3513 3785 3707 3848 Marte.

2118 3874 2515 3928 animositatem
2574 3874 2819 3939 ardoris;
2868 3877 2919 3928 in
2975 3880 3112 3941 sole,
3156 3878 3259 3930 vim
3292 3876 3562 3931 sentiendi
3614 3892 3715 3948 per

2118 3967 2349 4034 quinque
2398 3980 2617 4029 sensus;
2668 3966 2717 4017 in
2754 3965 2980 4031 Venere,
3025 3967 3367 4035 cupiditatem
3426 3967 3711 4035 fervoris;

2118 4058 2170 4109 in
2204 4058 2388 4121 Marte,
2424 4057 2530 4109 vim
2563 4055 2899 4121 disserendi;
2948 4058 3002 4108 in
3048 4056 3193 4120 luna,
3233 4056 3337 4109 vim
3369 4058 3605 4126 augendi
3654 4068 3714 4113 et

2118 4150 2413 4203 minuendi.
2440 4148 2641 4203 llorum
2673 4164 2883 4219 quoque
2912 4148 3149 4203 omnium
3200 4148 3272 4203 ibi
3301 4149 3498 4218 accipit
3525 4149 3714 4205 anima

2117 4242 2223 4293 vim
2279 4250 2333 4295 et
2386 4241 2692 4303 scientiam,
2725 4256 2950 4307 quorum
3002 4250 3177 4293 tamen
3228 4239 3546 4293 exercitium
3598 4254 3714 4294 non

416 4340 593 4383 menta
620 4332 842 4398 absque,
871 4333 1066 4386 animm
1096 4334 1377 4388 beneflcio.
1400 4337 1553 4400 Item,
1576 4338 1750 4389 anima
1782 4338 2011 4403 simplex
2059 4347 2086 4369 ⁸
2116 4331 2224 4399 agit
2253 4341 2376 4385 ante
2404 4333 2580 4385 Carnis
2608 4332 3042 4393 Obi‘OIUliOUem;
3077 4339 3194 4396 Ροεῑ
3225 4330 3566 4399 Plancum“!
3610 4331 3716 4385 οδ-

417 4430 471 4473 ει
498 4422 825 4475 invariahilis
850 4424 1007 4477 estin
1042 4423 1124 4477 sui
1156 4435 1367 4489 natura,
1394 4434 1451 4479 ttt
1482 4435 1668 4479 auctor
1691 4442 1840 4492 suus,
1872 4430 2011 4481 unde

2117 4424 2419 4478 Volutiones
2451 4426 2502 4478 in
2550 4422 2787 4481 inferiori
2826 4422 2965 4478 aere
2998 4423 3153 4476 variis
3188 4421 3498 4475 tumultibus
3529 4422 3718 4490 pulsa-

417 4516 576 4565 etiam
610 4524 794 4567 servat
842 4517 1221 4581 aeternitatem,
1271 4534 1467 4586 corpus
1520 4528 1695 4573 autem
1743 4522 2010 4588 composi-

2130 4524 2226 4574 Lttr,
2258 4515 2488 4577 scilicet,
2536 4515 3146 4581 grandittum,.nivitttn,
3200 4513 3522 4580 pluviarum,
3575 4525 3717 4564 ven-

417 4612 527 4657 tum
580 4614 633 4656 et
677 4605 1043 4673 corruptibile.
1092 4605 1243 4659 Circa
1279 4606 1393 4659 hazc
1425 4607 1567 4660 enim
1611 4616 1856 4661 versatur
1900 4612 2013 4661 An-

416 4697 579 4749 chisa:
630 4697 871 4759 intentio,
909 4706 959 4748 ιιι
992 4695 1705 4753 animarum)immortalitas
1754 4698 2009 4751 ostenda-

416 4801 516 4843 tur.
554 4790 633 4841 Acl
667 4790 805 4857 quod
858 4792 977 4859 quia
1012 4792 1237 4844 diversa:
1288 4802 1575 4845 occurrunt
1622 4791 2013 4861 oppositiones,

413 4881 628 4934 videndi
675 4891 798 4933 sunt
846 4880 1039 4935 diversi
1074 4882 1513 4951 philosophorum
1547 4897 1782 4946 errores,
1818 4898 2011 4936 omnes

413 4974 577 5033 cuitu,
623 4972 714 5023 sed
749 4986 851 5022 non
882 4972 1070 5025 eodeni
1122 4974 1280 5026 modo
1308 4974 1578 5027 ertabant.
1611 4974 1838 5041 Quidam
1868 4976 2010 5028 enim

414 5062 663 5114 dicebant
704 5063 907 5113 animas
952 5073 1159 5115 creatas
1208 5078 1329 5116 esse
1371 5064 1438 5115 ab
1475 5067 1682 5132 origine
1724 5067 1928 5130 mundi,
1960 5076 2015 5120 et

417 5154 621 5222 positas
653 5154 701 5205 in
729 5167 1011 5220 compares
1058 5152 1243 5207 stellas
1299 5163 1550 5221 tanquam
1580 5155 1631 5205 itt
1661 5156 1929 5217 vehicula,
1958 5166 2015 5208 ut

415 5250 684 5303 discerent
716 5248 1089 5301 rationabilem
1125 5256 1325 5301 motum
1352 5246 1696 5301 firmamenti.
1725 5246 1826 5299 Alii
1854 5262 2012 5299 unam

419 5350 623 5393 tantum
656 5356 773 5394 esse
821 5342 1144 5393 mundanam
1189 5341 1448 5404 animam,
1482 5355 1602 5408 quae
1636 5339 1812 5393 omnia
1863 5354 2013 5391 cont-

417 5434 543 5498 plet,
592 5435 771 5484 omnia
826 5444 1092 5498 penettat,
1151 5434 1331 5487 omnia
1364 5432 1617 5487 vtviﬁcat.
1665 5432 1766 5486 Alii
1819 5441 2015 5501 prmtcr

416 5524 738 5575 tnttndanaut
774 5540 893 5576 esse
927 5526 1214 5579 humanas.

489 5613 718 5667 Videtur
768 5615 1033 5683 alquibus
1089 5617 1205 5669 sole
1258 5616 1434 5682 posito
1483 5613 1535 5666 itt
1593 5612 1821 5678 Cancro,
1873 5613 2011 5681 quod

417 5704 553 5754 ultra
591 5702 709 5755 illos
741 5705 819 5755 sol
853 5704 1095 5767 occidat;
1130 5707 1207 5760 sic
1239 5715 1293 5759 et
1335 5704 1401 5756 de
1449 5704 1594 5770 luna,
1627 5717 1748 5755 eum
1797 5703 1845 5756 in
1877 5704 2015 5757 Can-

418 5808 507 5845 cro
542 5794 708 5847 l'ertur
740 5796 790 5848 itt
826 5810 1099 5859 occasum,
1143 5795 1283 5864 quod
1332 5810 1396 5848 ex
1436 5796 1531 5847 hac
1583 5801 1734 5862 parte
1782 5794 1916 5849 sicut
1962 5806 2014 5849 et

2123 4613 2319 4665 torum,
2344 4615 2393 4655 et
2424 4606 2637 4655 tandem
2672 4606 2903 4657 tenebris
2932 4603 3176 4669 corporis
3199 4602 3523 4663 obvolvitur,
3552 4600 3721 4654 nihil-

2118 4710 2219 4762 que
2252 4694 2503 4746 sciturum
2524 4693 2867 4756 recordatur,
2895 4693 3027 4744 adeo
3058 4692 3257 4757 irrigua
3286 4690 3428 4742 mole
3456 4690 3716 4756 corporis

2116 4796 2387 4855 gravatur,
2427 4785 2563 4853 quod
2597 4793 2739 4852 patet
2769 4784 2819 4837 in
2864 4783 3083 4837 stultitia
3120 4796 3428 4851 puerorum,
3461 4782 3549 4850 qui
3582 4795 3718 4835 car-

2118 4880 2255 4932 bone
2289 4878 2501 4931 lucente
2534 4875 2643 4930 loesi
2676 4876 3035 4945 decipiuntur.
3069 4875 3339 4943 Qumritur
3365 4873 3434 4929 de
3480 4873 3717 4928 obvolu-

2118 4970 2350 5025 tionibus
2378 4969 2616 5033 aetheris,
2664 4983 2729 5021 an
2779 4968 2886 5021 illis
2929 4970 3340 5035 incorporentnr
3387 4965 3609 5031 animze,
3645 4980 3717 5017 an

2117 5078 2257 5123 non;
2309 5069 2364 5112 et
2412 5059 2598 5112 dicunt
2638 5056 2853 5125 quidam
2905 5057 3044 5124 quod
3098 5056 3205 5109 illis
3266 5056 3720 5122 incorporenmr,

2117 5152 2330 5219 quidam
2379 5149 2519 5215 quod
2571 5162 2696 5199 non.
2750 5146 2850 5211 Qui
2896 5156 3072 5201 autem
3104 5147 3291 5200 dicunt
3319 5158 3412 5196 eas
3443 5143 3551 5195 illis
3600 5155 3719 5194 not

2118 5239 2465 5306 incorporati,
2500 5248 2746 5291 asserunt
2777 5238 2919 5305 quod
2954 5239 3005 5291 in
3039 5237 3144 5290 illis
3193 5243 3398 5285 tantum
3440 5231 3721 5285 obscure-

2121 5343 2203 5386 tur
2227 5347 2409 5384 corum
2442 5331 2680 5395 claritas,
2712 5340 2766 5384 ut
2795 5332 2969 5397 imago
2997 5329 3065 5380 de
3098 5323 3265 5378 fumo.
3298 5322 3531 5391 Quidam
3573 5338 3717 5379 vero

2120 5432 2364 5476 asserunt
2409 5438 2500 5476 eas
2545 5423 2650 5475 illis
2699 5422 2835 5474 uniri
2876 5428 2929 5472 et
2979 5416 3329 5482 incorporari,
3383 5417 3535 5484 quia,
3568 5424 3721 5470 teste

2127 5514 2417 5580 Macrobio,
2453 5514 2643 5566 anima:
2693 5511 2978 5563 redeuntes
3027 5522 3056 5559 a
3104 5521 3332 5577 corpore
3362 5506 3584 5560 easdem
3611 5505 3724 5560 ob-

2123 5607 2419 5660 volutiones
2470 5588 2592 5657 illuc
2624 5601 2907 5664 reducunt,
2951 5598 3091 5653 unde
3122 5599 3239 5653 illas
3268 5603 3719 5667 assumpserunt.

2124 5700 2274 5753 Unde
2306 5698 2461 5749 dum!
2490 5692 2710 5761 intelligi
2749 5692 2887 5760 quod
2917 5692 3035 5747 illas
3061 5706 3246 5747 secum
3272 5690 3327 5745 in
3356 5702 3587 5759 corpora
3616 5686 3729 5740 de-

2121 5792 2402 5851 duxerant,
2438 5785 2557 5836 ideo
2591 5785 2693 5837 illis
2726 5786 2913 5841 :tttiutrc
2944 5786 3296 5853 incorporate
3333 5784 3572 5841 fuerant.
3603 5779 3720 5835 Ob-

3627 394 3829 452 900-
