3922 6246
254 348 373 408 ωε

1559 344 1769 403 M‘UNDI
1808 341 2281 400 CUNSTITUTIO.

3450 339 3554 399 ευς

256 461 453 533 jicitur
479 477 495 515 :
524 459 666 530 Ergo
709 462 755 518 si
802 460 1170 530 incorporatur
1199 461 1374 515 anima
1416 460 1522 514 illis
1552 460 1852 515 obvolutim
1884 455 2246 526 Aoriginem.
2287 457 2516 521 Quidum
2555 451 2803 511 dicebant
2849 457 3000 512 illam
3056 470 3177 511 esse
3229 470 3551 528 sanguinem

262 552 452 615 nibus,
477 560 601 606 tunc
628 557 749 606 erat
775 553 971 606 animal
1000 562 1284 622 antequam
1330 552 1636 619 perveniret
1666 550 1728 603 ad
1758 552 1859 604 hoc

264 642 503 697 mortale
531 656 750 711 corpus,
781 642 905 711 quia
935 644 1110 697 anima
1151 643 1434 713 conjuncta
1465 658 1587 697 cum
1634 656 1862 709 corpore

266 731 404 787 facit
444 733 663 787 animal.
710 733 820 789 Sed
867 749 974 788 non
1022 745 1106 789 est
1141 734 1503 789 necessarium
1531 748 1653 787 cum
1682 733 1860 784 anima

254 822 453 891 juncta
497 832 581 878 est
626 820 819 893 digito,
862 839 973 883 non
1026 825 1184 879 faciat
1232 824 1453 890 animal,
1486 825 1609 892 quia
1664 832 1862 891 praeter

171 908 194 923 ⁸
263 925 471 981 corpus
497 922 551 967 et
578 912 811 967 animam
860 916 1029 967 multa
1061 914 1329 982 pertinent
1359 914 1424 967 ad
1456 913 1700 967 animalis
1726 926 1860 966 con-

265 1007 628 1075 stitutionem,
660 1015 719 1062 ut
765 1009 1105 1073 sensualitas,
1153 1016 1258 1062 etc.
1294 1009 1502 1062 Animae
1552 1008 1733 1074 itaque
1778 1004 1857 1059 in~

264 1107 577 1167 corporatte
620 1098 817 1152 dantur
851 1099 973 1153 dum
1017 1084 1182 1167 vir'es,
1214 1099 1288 1152 ira
1320 1109 1371 1153 et
1402 1097 1858 1166 concupiscentia,

268 1202 400 1256 qua:
430 1201 485 1243 et
512 1188 785 1257 portiuncs
812 1188 930 1258 ejus
959 1190 1178 1244 abusive
1207 1189 1478 1244 dicuntur.
1526 1190 1605 1244 Ira
1645 1189 1860 1257 quidem

265 1277 455 1344 datur,
487 1289 543 1333 ut
570 1280 829 1335 irascatur
857 1282 1033 1345 malis,
1063 1281 1521 1347 concupiscentia,
1563 1289 1622 1335 ut
1648 1295 1861 1348 semper

266 1372 414 1427 bona
460 1371 658 1443 cupiat.
699 1372 941 1441 Cumque
985 1373 1069 1427 bis
1110 1374 1318 1428 viribus
1362 1374 1536 1429 anima
1569 1372 1861 1427 rationabi-
1900 1431 1905 1437 ,

260 1460 402 1516 liter
432 1461 617 1525 utitur,
638 1459 782 1531 justa
808 1472 890 1517 est
915 1462 1019 1516 vita
1066 1462 1331 1528 hominis;
1360 1477 1482 1517 cum
1526 1464 1702 1517 anima
1732 1478 1861 1518 cou-

265 1551 469 1605 trarias
498 1551 615 1607 vias
653 1551 874 1617 incedit,
925 1553 1080 1608 bonis
1132 1552 1435 1619 irascendo,
1480 1562 1529 1609 et
1581 1555 1720 1608 mala
1766 1569 1860 1609 cu-

272 1640 498 1708 piendo,
531 1651 657 1697 tunc
700 1642 994 1712 degenerat
1020 1659 1049 1699 a
1095 1655 1300 1713 naturai
1327 1660 1436 1699 sum
1482 1645 1707 1714 origine.
1754 1644 1857 1701 Sed

260 1745 471 1786 rursus
508 1731 573 1785 ad
622 1731 1101 1791 reilluminandaui
1137 1735 1399 1789 rationem
1430 1735 1586 1789 datur
1615 1736 1853 1789 doctrina

1963 550 2174 614 cordis,
2219 550 2489 603 imitantes
2527 549 2804 605 Thaletem
2849 550 3149 613 Milesium,
3202 552 3290 619 qui
3338 566 3549 606 assere-

1963 640 2092 694 bant
2134 642 2313 693 omnia
2357 657 2421 695 cx
2469 640 2701 721 humore,
2736 651 3008 697 constare.
3044 642 3211 699 Stoici
3254 643 3543 711 quemdam

1962 730 2062 796 spis
2080 730 2211 783 itum
2245 732 2565 796 naturalem,
2590 731 2731 800 quod
2756 732 3055 801 probabant
3081 735 3170 787 tali
3201 731 3549 800 syllogismo:

1964 823 2116 891 Quod
2152 826 2437 880 recedente
2465 825 2534 879 ab
2565 825 2816 889 homine,
2851 824 3013 880 homo
3043 825 3241 879 desinit
3271 837 3396 879 esse
3435 824 3557 878 ani-

1968 916 2107 979 mal,
2161 919 2335 969 anima
2381 926 2503 983 est;
2556 917 2650 971 sed
2698 918 2889 986 spiritu
2943 920 3174 972 naturali
3229 918 3554 987 recedente.

1970 1003 2133 1057 horno
2171 1004 2363 1058 desiuit
2407 1020 2526 1061 esse
2564 1007 2759 1061 animal
2802 1022 2977 1075 :ergo
3025 1008 3247 1076 spiritus
3296 1010 3563 1062 naturalis

1965 1106 2048 1149 est
2077 1097 2277 1151 anima.
2312 1096 2463 1151 Plato
2494 1108 2669 1153 autem
2703 1098 2838 1153 dixit
2870 1098 3075 1152 animas
3108 1100 3368 1153 humanas
3397 1114 3546 1152 com-

1965 1186 2168 1254 positas
2197 1202 2319 1242 esse
2346 1188 2412 1242 de
2443 1189 2680 1258 reliquiis
2712 1189 2995 1243 mundanas
3027 1189 3242 1243 animae.
3277 1188 3545 1243 Aristotc-

1966 1277 2045 1332 les
2076 1294 2203 1333 vero
2235 1281 2457 1333 vocabat
2485 1288 2604 1335 eam
2636 1281 3006 1335 endelechiam
3034 1322 3049 1345 ,
3081 1281 3132 1334 id
3164 1290 3247 1335 est
3273 1322 3287 1344 ,
3316 1282 3551 1335 formam

1966 1370 2187 1424 animati
2232 1375 2507 1439 corporis,
2555 1382 2608 1426 et
2654 1389 2747 1440 per
2792 1373 2894 1427 hoc
2938 1375 3186 1427 volebant
3238 1376 3383 1427 illam
3429 1390 3552 1430 esse

1966 1459 2240 1513 accidens.
2274 1460 2379 1515 Sed
2414 1461 2560 1514 Plato
2584 1503 2599 1525 ,
2630 1462 2781 1529 cujus
2812 1464 3101 1517 auctoritas
3134 1464 3545 1532 pneponderat,

1964 1558 2019 1604 et
2058 1564 2215 1619 quem
2254 1554 2484 1605 maxime
2514 1552 2808 1607 Macrobius
2855 1554 3118 1620 imitatur,
3156 1555 3285 1608 dicit
3312 1556 3549 1609 animant

1965 1655 2086 1695 esse
2130 1643 2481 1697 substantiam
2528 1643 2896 1712 incorporcam
2944 1660 3005 1700 se
3044 1657 3385 1700 moventem:
3418 1656 3470 1700 et
3496 1645 3551 1700 in

1969 1731 2071 1787 hoc
2108 1735 2229 1789 aliis
2268 1744 2350 1790 est
2395 1737 2673 1805 oppositus
2716 1736 2991 1791 Aristoteli
3032 1737 3290 1807 quidem,
3335 1739 3427 1805 qui
3470 1737 3551 1791 di-

273 1824 501 1887 animaa,
534 1832 590 1876 ut
628 1822 907 1889 discendo,
956 1836 1009 1877 et
1050 1826 1288 1893 neglecta
1318 1824 1632 1894 relegendo,
1674 1826 1859 1881 rcdeit
1890 1795 1939 1857 Β
1968 1826 2126 1879 cebat
2173 1825 2317 1881 illam
2370 1842 2495 1883 esse
2540 1829 2828 1893 accidens,
2873 1846 3088 1885 causam
3140 1830 3366 1900 primam
3416 1831 3553 1886 sub—

262 1911 341 1965 ad
378 1914 607 1981 priorem
635 1915 1029 1985 cognitionem;
1057 1916 1201 1971 unde
1240 1916 1380 1984 quod
1413 1916 1551 1983 apud
1597 1932 1695 1971 nos
1726 1916 1864 1969 dici-

270 2009 367 2057 tur
412 2003 594 2065 lectio.
619 2004 759 2073 apud
809 2005 1027 2059 Graecos
1060 2016 1284 2060 vocatur
1326 2006 1555 2074 repetita
1604 2007 1861 2077 cognitio.

264 2092 661 2149 Reilluminata
721 2109 849 2149 vero
898 2094 1126 2163 ratione,
1180 2110 1284 2148 non
1343 2104 1525 2151 tamen
1578 2096 1864 2164 aliquando

268 2169 456 2255 potest
489 2185 663 2241 facere
684 2202 803 2255 qua:
824 2187 926 2241 scit
954 2201 1077 2242 esse
1107 2189 1410 2243 necessaria
1436 2196 1490 2241 et
1513 2189 1663 2242 utilia
1686 2205 1699 2242 :
1723 2188 1865 2257 quod

259 2285 331 2332 ut
364 2276 554 2345 possit,
595 2277 879 2333 adhibetur
916 2277 964 2332 ei
993 2278 1182 2349 virtus,
1212 2277 1367 2347 cujus
1398 2279 1512 2333 hmc
1556 2288 1637 2334 est
1666 2288 1869 2349 etymo—

264 2368 417 2437 logia
448 2387 461 2421 :
489 2369 658 2423 virtus
700 2369 924 2434 dicitur,
955 2372 1108 2440 quasi
1159 2371 1391 2439 propriis
1438 2372 1643 2425 viribus
1690 2372 1867 2425 nitens

264 2472 460 2515 contra
492 2462 640 2515 vitia.
673 2459 938 2517 Definitur
965 2472 1143 2519 autem
1176 2465 1291 2519 sic:
1326 2464 1505 2519 Virtus
1536 2475 1619 2520 est
1654 2464 1865 2519 habitus

268 2552 444 2606 animi
494 2553 546 2607 in
598 2555 816 2608 modum
861 2563 1067 2609 naturrc
1112 2555 1308 2609 rationi
1352 2566 1778 2621 censentaneus,
1812 2555 1863 2609 id

265 2652 383 2709 est,
424 2644 690 2700 consentit
725 2646 919 2700 anima:
961 2645 1026 2699 ad
1060 2646 1111 2700 id
1142 2646 1285 2717 quod
1315 2656 1436 2702 nata
1468 2657 1569 2714 est,
1607 2647 1657 2701 id
1689 2657 1770 2701 est
1794 2646 1864 2700 ad

267 2734 500 2800 bonum,
551 2743 607 2790 et
646 2736 699 2789 in
729 2735 832 2789 hoc
859 2735 1059 2791 fautrix
1099 2737 1216 2802 ejus
1262 2745 1361 2789 est.
1394 2734 1530 2790 Cum
1564 2743 1741 2791 autem
1785 2737 1867 2790 ha:
1914 2730 1915 2733 “

184 2898 187 2899 ν
267 2824 733 2880 animaa'debeant
783 2825 1001 2893 probari
1055 2827 1407 2890 immortales,
1458 2828 1639 2895 plures
1673 2840 1861 2882 occur-

268 2926 405 2971 runt
430 2917 774 2985 questiones,
802 2933 1031 2986 quarum
1066 2918 1184 2973 haec
1214 2928 1295 2973 est
1348 2919 1538 2987 prima.
1569 2918 1623 2973 Si
1673 2918 1866 2972 animm

268 3015 407 3065 sunt
433 3008 789 3074 immortales,
817 3019 868 3065 et
900 3025 1089 3066 omnes
1116 3011 1359 3080 ejusdem
1391 3013 1661 3081 dignitatis
1705 3012 1757 3067 in
1786 3013 1867 3066 sui

274 3106 495 3165 natura,
528 3113 625 3153 cur
656 3100 771 3169 plus
816 3102 868 3154 in
914 3116 1023 3155 uno
1051 3102 1195 3172 viget
1243 3118 1405 3172 quam
1451 3104 1501 3156 in
1543 3103 1648 3157 alio
1668 3103 1865 3169 ?‘Quod

271 3193 445 3249 solvit
489 3194 745 3264 Virgilius
791 3188 978 3250 dicens
1031 3197 1339 3260 :Quanlmn
1386 3196 1600 3249 innoxia
1647 3211 1866 3261 corpora

269 3282 504 3349 tardant,
534 3284 587 3337 id
615 3291 722 3349 est,
751 3298 849 3352 pro
880 3284 1157 3339 habilitatc
1184 3300 1468 3351 corporum
1499 3284 1659 3338 habet
1691 3284 1867 3337 anima

200 3402 203 3403 ν
276 3387 503 3427 suarum
535 3372 726 3428 virium
758 3376 1107 3438 exercitium;
1141 3377 1279 3429 sicut
1328 3375 1411 3429 leo
1457 3376 1671 3430 clausus
1702 3375 1752 3427 in
1783 3390 1873 3427 ca-

272 3476 376 3517 vea
406 3478 596 3517 omnes
625 3464 838 3532 quidem
874 3465 1016 3519 vires
1055 3480 1177 3519 suas
1202 3464 1396 3519 ibidem
1432 3465 1612 3528 habet,
1637 3464 1730 3518 sed
1762 3478 1868 3517 non

277 3566 390 3606 tam
425 3562 667 3619 potenter
696 3565 915 3609 exercet
947 3555 1066 3609 illas
1111 3556 1163 3609 in
1212 3570 1371 3608 cavea
1404 3570 1562 3623 quam
1612 3556 1663 3607 in
1713 3554 1867 3607 silva.

275 3643 411 3696 Inde
444 3644 948 3711 rursusopponilur
980 3662 994 3697 :
1026 3645 1135 3698 Cur
1166 3647 1366 3707 animo,
1401 3663 1517 3712 qua:
1548 3645 1761 3711 dignior
1789 3654 1873 3699 est

270 3732 332 3784 in
378 3733 456 3787 sui
502 3744 718 3801 natura,
758 3735 1002 3803 subjecta
1027 3738 1096 3789 sit
1122 3736 1333 3803 corpori
1368 3736 1686 3804 indigniorii
1718 3737 1872 3791 Solu-

412 3825 597 3878 Anima
649 3840 778 3879 vero
806 3826 1019 3895 dignior
1064 3835 1147 3881 est
1194 3828 1247 3881 in
1298 3830 1377 3882 sui
1431 3839 1640 3891 natura,
1692 3829 1785 3882 sed
1818 3830 1870 3883 in

275 3910 385 3967 hoc
415 3914 554 3981 quod
587 3915 891 3969 continetur
924 3917 1189 3986 indignior
1221 3927 1304 3971 est
1333 3934 1557 3987 corpore
1588 3922 1872 3973 continen-

275 4011 355 4069 te,
381 4012 435 4058 et
479 4004 774 4060 secundum
823 4006 961 4061 hanc
991 4008 1302 4078 dignitatem
1354 4010 1596 4077 subjecta
1627 4017 1707 4063 est
1752 4024 1872 4063 cor—

276 4092 424 4161 peri.
453 4092 719 4161 Objicitur
764 4095 889 4149 item
919 4115 931 4149 :
961 4098 1020 4151 Si
1064 4093 1242 4153 an’ima
1271 4099 1642 4167 comprimitur
1668 4099 1719 4152 in
1746 4113 1871 4154 cor.

281 4196 437 4247 pore,
471 4190 529 4236 ut
558 4198 662 4236 non
709 4184 879 4251 possit
918 4186 1062 4241 vires
1110 4202 1239 4242 suas
1268 4202 1543 4251 exercere,
1586 4196 1711 4242 tunc
1754 4202 1873 4242 cor-

276 4270 569 4335 rumpitur,
600 4279 655 4324 et
688 4271 792 4325 erit
839 4272 1074 4344 indigna,
1109 4290 1205 4331 nec
1250 4277 1409 4331 bene.
1437 4276 1667 4332 Solutio.
1700 4276 1754 4331 In
1787 4278 1870 4331 sui

277 4371 474 4415 natura
529 4377 634 4415 non
685 4368 1071 4435 corrumpitur,
1105 4370 1226 4437 quia
1284 4370 1585 4424 naturalem
1618 4370 1871 4423 observat

276 4453 602 4513 claritatem,
648 4453 773 4507 licet
816 4456 998 4510 clausa
1030 4458 1083 4510 in
1115 4472 1344 4526 corpore
1393 4474 1497 4512 non
1533 4461 1701 4527 possit
1728 4460 1867 4514 adeo
1897 4483 1949 4541 Ι)

276 4547 476 4609 nitere,
510 4542 647 4597 sicut
678 4546 899 4600 lucerna
928 4548 1111 4602 modio
1140 4550 1415 4618 supposito
1462 4565 1567 4603 non
1595 4566 1660 4606 eo
1692 4552 1869 4607 minus

274 4630 541 4685 claritatis
569 4634 617 4686 in
642 4650 699 4689 se
727 4636 939 4701 habeat,
973 4639 1098 4693 licet
1126 4655 1189 4694 eo
1220 4642 1393 4693 minus
1422 4651 1697 4707 appareat.
1729 4642 1867 4696 Rur-

274 4737 375 4775 sus
401 4726 729 4790 opponitur:
763 4726 817 4780 Si
866 4728 995 4781 nihil
1050 4730 1102 4781 in
1144 4744 1202 4785 se
1249 4731 1525 4783 sordidum
1559 4731 1869 4797 admittunt,

275 4829 380 4866 cur
406 4826 535 4879 ergo
564 4812 616 4866 in
665 4813 880 4889 inferno
925 4820 1257 4884 puniuntur?
1287 4819 1515 4872 Solutio.
1547 4820 1678 4885 Quia
1713 4834 1873 4874 nove-

278 4911 413 4957 runt
465 4911 653 4957 exutas
697 4904 764 4957 de
813 4907 1131 4975 corporibus
1182 4908 1372 4961 sordes
1420 4908 1594 4962 adhuc
1651 4909 1871 4975 habere,

276 5008 405 5063 qua:
430 4992 498 5046 de
526 4996 801 5061 corporeis
828 5007 882 5050 et
913 4997 978 5051 de
1024 4998 1253 5075 terrenis
1292 4998 1454 5053 rebus
1498 4999 1604 5053 illis
1634 5002 1875 5054 adhaese-

278 5090 430 5143 runt,
463 5094 580 5148 qua:
610 5094 666 5134 ut
715 5084 1043 5150 auferantur,
1083 5087 1323 5155 indigent
1372 5091 1437 5143 ad
1493 5101 1701 5157 tempus
1748 5107 1870 5158 pur-

278 5170 524 5241 gatione,
557 5173 697 5227 sicut
736 5190 945 5243 gemma
996 5179 1207 5230 noverit
1238 5178 1305 5231 de
1336 5180 1446 5231 luto
1482 5182 1657 5234 levata
1701 5181 1877 5235 adhuc

282 5260 499 5315 habere
514 5262 707 5317 sordes
732 5264 834 5317 sibi
863 5264 1208 5329 inberentes,
1245 5266 1447 5336 indiget
1479 5270 1808 5338 purgatiOne.

756 5352 832 5405 De
860 5357 1057 5427 origine
1084 5357 1408 5419 animarum.

363 5438 444 5495 De
470 5438 569 5495 hac
594 5441 893 5495 animarum
920 5444 1126 5514 origine
1148 5446 1374 5500 diverste
1402 5446 1728 5501 diversorum
1754 5458 1879 5504 sunt

294 5532 608 5585 sententia.
641 5531 870 5598 Quidam
898 5532 1041 5587 enim
1070 5535 1320 5604 dicebant
1345 5538 1575 5612 animam
1605 5552 1722 5591 esse
1752 5554 1879 5593 cou-

286 5621 474 5675 natam
515 5634 579 5673 cx
620 5622 814 5675 atomis
866 5621 1039 5691 ignis,
1092 5626 1359 5680 imitantes
1410 5632 1777 5698 Anasagoram
1826 5640 1881 5685 et

291 5710 658 5777 Heraclitum,
687 5714 775 5781 qui
806 5714 1051 5769 volebant
1078 5715 1251 5784 ignem
1281 5718 1515 5773 omnium
1549 5736 1726 5776 rerum
1758 5736 1877 5778 esse

1966 1916 2261 1981 stantiam,
2315 1918 2435 1973 aliis
2491 1934 2704 1988 quoque
2759 1918 2848 1988 qui
2909 1922 3158 1995 dicebant
3222 1923 3365 1975 illam
3432 1938 3554 1978 esse

1974 2020 2331 2085 corpoream,
2369 2024 2585 2063 causam
2636 2011 2860 2081 primam
2902 2010 3298 2080 incorpoream.
3343 2012 3552 2079 Quaeri-

1974 2106 2058 2154 tur
2107 2110 2285 2153 autem
2335 2102 2627 2175 secundum
2672 2118 2869 2169 quem,
2907 2103 3219 2171 incorporea
3251 2103 3546 2157 substantia

1968 2192 2263 2245 utrum-sit
2311 2202 2565 2257 generata
2618 2193 2829 2260 anima,
2885 2209 2952 2249 an
3006 2196 3340 2263 ingenerata.
3398 2196 3551 2263 Quod

1980 2291 2266 2351 utrumque
2301 2284 2449 2364 Plato
2478 2286 2671 2341 asserit
2715 2288 2859 2342 illam
2905 2302 3057 2353 esse,
3104 2289 3330 2345 diversis
3372 2299 3552 2345 tamen

1970 2370 2325 2441 respectibus.
2371 2375 2698 2431 Generatam
2740 2379 2886 2432 enim
2918 2380 3029 2459 vult
3060 2379 3208 2432 illam
3241 2379 3464 2447 intelligi
3492 2377 3551 2435 in

1976 2463 2202 2527 Tiniteo,
2238 2466 2327 2522 ubi
2358 2468 2485 2521 dicit
2515 2486 2525 2520 :
2560 2470 3012 2525 Praestantissima
3043 2487 3071 2526 a
3105 2474 3553 2539 praestantissimo

1979 2550 2117 2605 facta
2148 2564 2260 2620 est,
2293 2558 2374 2610 vel
2407 2558 2456 2611 in
2502 2560 2767 2625 secundo,
2810 2562 3045 2617 universi
3088 2564 3298 2631 generis
3340 2580 3553 2619 semen-

1974 2653 2077 2697 tem
2112 2644 2325 2701 faciam.
2361 2650 2475 2704 Non
2504 2663 2817 2721 generatam
2850 2670 2975 2709 vero
3008 2656 3179 2708 innuit
3208 2656 3259 2709 in
3294 2656 3551 2710 Phaedro-

1970 2748 2057 2796 πε,
2089 2750 2207 2788 cum
2235 2738 2365 2792 dicit
2395 2758 2405 2791 :
2441 2742 2628 2795 Anima
2661 2759 2757 2797 nec
2786 2753 2929 2808 nata,
2966 2753 3022 2799 et
3051 2746 3172 2799 ideo
3204 2756 3427 2800 mtcrna.
3471 2745 3547 2801 Ne

1972 2835 2153 2880 anth
2186 2842 2306 2895 post
2336 2831 2385 2885 in
2419 2832 2518 2886 hoc
2546 2834 2792 2890 videatur
2824 2836 2920 2891 sibi
2951 2852 3071 2892 esse
3098 2840 3394 2906 oppositis,
3431 2839 3552 2893 idco

1970 2918 2099 2972 dicit
2129 2921 2361 2974 animam
2396 2924 2762 2993 ingeneratam
2786 2970 2799 2988 ,
2830 2929 2972 2997 quod
3005 2937 3184 2982 utatur
3227 2928 3345 2997 lege
3387 2938 3549 2997 gene-

1968 3017 2205 3063 ratorum
2228 3051 2240 3071 ,
2271 3012 2512 3075 scilicet,
2542 3023 2596 3065 ut
2622 3014 2951 3069 dissolvatur
2975 3017 3277 3081 actualiter,
3307 3018 3421 3071 sive
3450 3031 3547 3071 na-

1974 3101 2235 3152 turaliter.
2268 3100 2395 3153 Nam
2429 3103 2603 3157 omnia
2642 3114 2893 3173 generata
2916 3148 2929 3169 ,
2960 3115 3157 3172 pr.rter
3202 3107 3456 3161 mundum
3498 3117 3553 3161 et

1975 3188 2186 3251 divina,
2221 3190 2585 3245 dissolvuntur
2616 3195 2916 3259 actualiter,
2951 3196 3179 3250 mundus
3221 3211 3351 3251 vero
3394 3208 3552 3251 natu-

1974 3278 2180 3333 raliter.
2217 3279 2347 3333 Nam
2386 3281 2507 3336 licet
2538 3298 2810 3352 nunquam
2856 3284 3201 3350 dissolvatur,
3245 3295 3433 3340 natura
3479 3296 3559 3340 la-

1977 3385 2129 3433 men,
2179 3371 2223 3423 si
2270 3372 2519 3425 conditor
2568 3374 2761 3440 vellet,
2809 3374 3211 3427 dissolutionem
3236 3368 3546 3441 pateretur.

1972 3461 2103 3514 Nam
2136 3462 2391 3528 quidquid
2424 3464 2488 3515 de
2523 3463 2760 3529 partibus
2791 3472 2875 3517 est
2916 3452 3305 3531 compositum,
3336 3462 3409 3517 illi
3455 3478 3551 3516 ua-

1975 3550 2148 3603 turale
2176 3549 2263 3603 est'
2287 3552 2546 3615 dissolvi;
2580 3553 2772 3605 anima:
2804 3567 2933 3606 vero
2964 3553 3225 3620 simplici,
3260 3568 3358 3608 nec
3396 3568 3548 3607 com-

1978 3641 2206 3706 positae,
2243 3656 2345 3695 nou
2379 3652 2459 3697 est
2500 3644 2744 3698 naturale
2787 3644 3057 3707 dissolvi;
3104 3644 3248 3697 unde
3290 3646 3431 3697 dicta
3474 3650 3559 3697 est

1975 3727 2300 3797 ingenerata.
2360 3730 2680 3811 Generatam
2733 3742 2913 3821 autem
2966 3731 3116 3785 Plato
3171 3733 3290 3785 ideo
3342 3733 3545 3795 innuit,
3599 3800 3617 3823 χ

1974 3821 2115 3889 quod
2143 3821 2436 3874 secundum
2468 3807 2663 3875 multos
2689 3807 3066 3889 prwjacentem
3092 3821 3369 3875 materiam
3397 3821 3556 3890 hylen

1984 3908 2271 3972 habuerit,
2301 3909 2443 3977 quod
2476 3910 2603 3964 licet
2632 3925 2894 3977 nusquam
2942 3909 3094 3964 Plato
3136 3918 3381 3974 testetur,
3428 3927 3558 3965 nus-

1977 4012 2140 4065 quam
2178 4005 2357 4050 tamen
2389 4000 2727 4054 contradicit.
2762 4000 2899 4070 llyle
2929 3999 3142 4068 quidem
3190 4001 3241 4053 in
3286 4017 3417 4067 puro
3462 4015 3561 4057 suo

1976 4097 2118 4141 statu
2169 4090 2540 4165 considerata,
2598 4106 2700 4142 non
2748 4090 2960 4142 diffe.at
3002 4106 3031 4142 a
3078 4092 3300 4144 materia
3347 4091 3559 4145 anitum.

1976 4178 2031 4232 In
2075 4195 2209 4248 puro
2245 4194 2344 4234 suo
2387 4191 2528 4233 statu
2560 4182 2917 4245 considerata,
2951 4182 3001 4235 id
3034 4193 3138 4246 est,
3170 4184 3288 4236 sine
3318 4184 3559 4244 ratione,

1975 4269 2086 4332 ira,
2136 4279 2189 4322 et
2237 4271 2701 4336 concupiscentia,
2734 4272 2927 4342 quibus
2982 4275 3323 4342 informatur,
3361 4277 3409 4328 id
3452 4286 3559 4340 est,

1973 4375 2095 4427 quae
2128 4360 2178 4413 in
2210 4375 2274 4413 ea
2308 4360 2616 4416 funduntur.

2497 4451 2574 4505 De
2622 4456 2793 4505 anima
2842 4457 3037 4507 mundi.

2055 4542 2243 4596 Dicunt
2274 4546 2432 4598 etiam
2466 4546 2679 4612 quidam
2714 4562 2872 4599 unam
2904 4557 3109 4600 tantum
3140 4563 3261 4603 esse
3289 4550 3559 4615 animam,

1976 4634 2025 4688 id
2064 4638 2384 4687 mundanam
2410 4678 2423 4698 ,
2460 4650 2580 4704 qua!
2610 4636 2784 4687 omnia
2819 4637 2870 4688 in
2906 4635 3141 4689 animum
3177 4648 3229 4691 et
3254 4640 3559 4694 conformo:

1975 4726 2265 4792 unicuique
2297 4726 2374 4779 rei
2408 4726 2549 4778 vires
2584 4740 2679 4793 pro
2723 4740 2818 4778 sua
2865 4727 3168 4793 habililate,
3212 4729 3346 4782 sicut
3390 4732 3556 4784 stellis

1977 4817 2234 4869 rationem
2260 4855 2276 4881 ,
2308 4814 2618 4869 hominibus
2649 4830 2783 4885 quos
2813 4817 2865 4870 iu
2897 4819 3111 4872 caducis
3156 4820 3316 4874 rebus
3360 4821 3564 4877 invenit

1978 4906 2179 4961 habere
2209 4907 2531 4975 sphmricum
2564 4919 2758 4978 caput,
2791 4920 2842 4964 et
2873 4922 3107 4965 erectam
3144 4913 3360 4980 faciem,
3396 4919 3566 4969 ratio-

1978 5011 2099 5049 nem
2142 5010 2353 5065 quoque
2394 4996 2618 5061 infudit,
2667 5007 2721 5053 et
2762 5002 3164 5056 sensualitatem
3198 5004 3336 5057 sicut
3368 5006 3564 5058 divinis

1979 5088 2327 5153 corporibus,
2368 5089 2492 5143 licet
2524 5106 2630 5157 prae
2671 5092 2833 5146 nimia
2878 5095 3334 5161 contemplatione
3383 5095 3562 5148 divina

1979 5178 2227 5231 animalia
2254 5180 2659 5235 scnsualitatem
2704 5198 2809 5235 non
2853 5192 3162 5237 exerceant.
3196 5182 3419 5235 Catteris
3450 5186 3565 5237 ani-

1980 5270 2253 5322 mantibus
2307 5284 2524 5324 sensum
2582 5281 2637 5325 et
2690 5273 3101 5339 vegetatiouem.
3163 5271 3459 5326 Arboribus
3514 5281 3570 5327 et

1984 5361 2161 5414 herbis
2218 5362 2585 5415 tantummodo
2640 5366 3062 5430 vegetationem;
3124 5373 3179 5418 et
3234 5365 3372 5417 sicut
3428 5380 3565 5419 unus

1981 5454 2159 5506 Vultus
2192 5454 2245 5507 in
2277 5453 2514 5521 pluribus
2544 5454 2807 5519 speculis,
2836 5465 2889 5507 et
2918 5458 2969 5508 in
2998 5472 3105 5509 uno
3135 5459 3353 5526 speculo
3386 5458 3565 5524 plures

1985 5547 2159 5597 vultus
2185 5552 2462 5611 apparent,
2495 5545 2562 5596 ita
2596 5559 2696 5599 una
2728 5546 2903 5599 anima
2934 5547 2985 5601 in
3021 5550 3258 5615 pluribus
3283 5549 3481 5603 rebus:
3516 5556 3570 5607 et

1986 5636 2178 5705 ubique
2207 5650 2393 5690 omnes
2426 5636 2565 5691 vires
2595 5647 2720 5693 suas
2752 5640 2941 5706 habet,
2973 5640 3095 5693 licet
3127 5640 3177 5693 in
3208 5638 3442 5693 diversis
3477 5640 3568 5693 ha-

1986 5728 2107 5781 ben
2137 5728 2445 5783 exercitium
2478 5745 2573 5799 pro
2601 5731 2877 5788 babilitate
2905 5743 3219 5800 corporum.
3252 5729 3563 5786 Secundum
