3922 6246
426 391 532 447 905

860 378 868 385 ’
927 383 1128 438 ΒΕῡῶ
1171 378 1619 436 \‘ENERABILIS
1655 377 1803 434 OPP.
1847 375 2022 431 PARS
2058 374 2099 428 Ι.
2143 373 2337 429 SECT.
2379 375 2442 428 ll.
2486 403 2552 413 —
2596 372 2795 427 01-13”
2844 373 2929 428 Εἰ·
2968 372 3216 432 SPURIA

3588 371 3711 428 9οι

427 518 588 573 quam
635 500 950 554 sententiam
1003 498 1177 550 nullus
1229 496 1390 548 homo
1435 493 1646 548 videtur
1690 505 1809 546 esse
1856 491 2001 558 pejor
2028 490 2081 547 Δ
2105 497 2282 542 sumat
2311 503 2557 554 aereum,
2592 487 2672 540 vel
2703 486 3029 550 mthereum,
3066 496 3121 540 ut
3148 485 3321 554 angeli
3354 485 3437 538 vel
3477 485 3695 538 damo-

422 598 531 657 ulio
556 637 568 657 ,
597 595 716 660 quia
749 606 849 644 'tua
883 591 1177 655 eademque
1212 586 1387 638 anima
1419 586 1555 637 bona
1586 593 1638 637 et
1666 581 2004 636 immaculata

435 694 486 745 in
536 690 614 741 soi
667 697 853 740 natura
887 693 968 737 est
996 683 1046 734 in
1080 679 1330 732 omnibus
1362 677 1674 744 corporibus
1703 692 1715 738 ;
1749 673 1840 726 sed
1874 673 2007 725 dici-

434 791 518 833 tur
549 779 714 846 magis
743 777 1069 843 degenerare
1102 771 1154 822 in
1204 785 1313 822 uno
1341 781 1499 831 quam
1545 766 1594 817 in
1635 765 1740 818 alio
1763 803 1777 827 ,
1804 772 1859 816 ut
1886 770 2008 830 pote

430 867 853 924 consensualitas
880 863 1183 915 dominatur
1216 857 1442 920 rationi,
1477 858 1600 924 quia
1637 857 1688 908 in
1721 855 2011 921 cujuscun-

435 976 536 1028 que
567 969 791 1021 corpore
833 953 939 1016 sit,
986 949 1111 1003 illud
1159 963 1352 1014 corpus
1394 956 1473 1001 est
1515 943 1751 998 infernus
1799 945 2006 996 animai.

433 1051 736 1104 Secundum
799 1045 934 1095 hanc
987 1056 1199 1109 quoque
1252 1040 1570 1094 sententiam
1626 1039 1802 1090 nullus
1851 1037 2012 1089 homo

439 1141 682 1201 moritur,
741 1138 809 1189 ita
869 1133 1008 1202 quod
1069 1133 1296 1202 patiatur
1346 1133 1734 1198 separationetn
1783 1131 2010 1196 animae,

441 1248 742 1302 quanquam
798 1235 1074 1294 separatur
1130 1242 1157 1277 a
1212 1233 1439 1290 quatuor
1493 1224 1802 1282 elementis,
1860 1222 2018 1289 inque

445 1330 624 1379 omnia
657 1336 879 1385 corpora
911 1319 1288 1377 resolvuntur;
1326 1315 1418 1368 sed
1449 1326 1571 1368 tunc
1601 1315 1794 1366 dicitur
1834 1313 1968 1365 mori
2001 1352 2017 1378 ,

447 1433 566 1469 cum
601 1418 650 1466 in
687 1416 789 1467 illis
823 1413 996 1464 anima
1033 1410 1286 1475 relinquit
1327 1412 1560 1476 prorum
1593 1406 1786 1459 virium
1816 1407 2022 1460 exorci-

447 1512 598 1560 timn.
637 1506 896 1558 i‘raterca
933 1502 1114 1552 dicunt
1144 1500 1359 1567 quidam
1405 1499 1648 1551 eamdem
1695 1497 2018 1550 mundanam

449 1600 678 1651 animam
713 1597 906 1663 pariter
936 1610 1056 1647 cum
1089 1593 1317 1644 humana
1350 1591 1523 1643 anima
1547 1603 1671 1642 esse
1702 1588 1752 1640 in
1787 1589 2019 1650 homine,

451 1692 514 1740 de
544 1702 644 1754 qua
679 1699 890 1737 wrtnes
923 1684 1261 1735 vivificentur
1294 1682 1343 1733 in
1377 1679 1609 1743 homine,
1641 1677 1823 1745 sicque
1856 1677 2027 1730 homi-

457 1793 573 1828 nem
609 1775 738 1824 dvas
768 1773 971 1824 animus
1003 1782 1249 1823 a~serunt
1283 1769 1500 1821 habere.

597 1863 768 1922 Idem,
802 1864 863 1913 de
893 1864 1179 1912 animorum
1210 1860 1402 1927 origine
1432 1859 1708 1911 secundum
1735 1858 1885 1908 alios.

527 1956 628 2009 Sed
673 1952 950 2019 quazritur,
984 1952 1025 2002 si
1071 1950 1242 2000 anima
1289 1950 1517 2001 humana
1549 1957 1629 2001 est
1657 1955 1943 2015 generata,
1979 1944 2028 1996 id

458 2055 535 2096 (ει
557 2082 571 2106 ,
604 2052 814 2103 creata,
848 2055 912 2091 an
950 2050 1136 2090 auett-r
1167 2053 1290 2090 suus
1320 2053 1506 2089 omnes
1540 2038 1745 2089 animas
1778 2038 1828 2088 in
1862 2037 2028 2103 prima

454 2134 636 2186 initus"
683 2129 1062 2182 constitutione
1112 2128 1306 2194 pariter
1349 2127 1639 2192 creaverit,
1687 2142 1753 2179 an
1799 2126 2033 2194 quotidie

458 2240 621 2281 novas
663 2221 887 2275 iecerit?
927 2219 981 2273 Si
1009 2261 1022 2280 ,
1072 2220 1384 2274 testantibus
1427 2219 1794 2288 philosophis,
1844 2232 2032 2270 omnes

462 2315 656 2386 pariter
688 2315 752 2367 ab
784 2312 1002 2366 exordio
1035 2311 1215 2364 mundi
1249 2312 1400 2364 laetae
1430 2319 1589 2373 sunt,
1622 2318 1674 2363 et
1715 2310 1766 2361 in
1810 2322 2028 2374 compa-

461 2423 547 2464 res
574 2406 756 2460 stellas
797 2414 1042 2470 tanquam
1069 2401 1120 2453 in
1147 2401 1392 2454 vehiculo
1423 2389 1833 2464 ιοοςιιειι,’ἀοηρο
1863 2396 2034 2465 quoti-

459 2501 549 2553 die
579 2490 1256 2564 incorporatidi'desiderio
1284 2490 1630 2544 descendant.
1669 2489 1781 2543 lluc
1821 2487 2040 2547 accedit,

464 2586 722 2640 Ilehraica
753 2585 976 2642 Vrl'ilus,
1005 2597 1122 2648 quzc
1151 2580 1278 2632 dicit
1307 2597 1320 2631 :
1351 2577 1478 2632 Ecce
1507 2595 1602 2632 eoa;
1634 2579 1896 2648 sanguinis
1928 2577 2036 2644 [ra-

458 2679 552 2730 nis
587 2677 656 2727 tui
687 2677 870 2726 clamat
903 2670 1076 2724 adma
1118 2672 1180 2722 de
1224 2679 1391 2729 terra,
1436 2669 1486 2722 id
1530 2680 1642 2734 est,
1687 2670 1876 2720 aninue
1917 2682 2037 2735 qua:

457 2767 869 2836 Incorporandte
919 2773 1072 2818 erant
1114 2764 1252 2817 natis
1285 2763 1350 2816 de
1381 2763 1637 2831 sanguine
1689 2761 1857 2825 Abel,
1916 2759 2036 2814 ideo

465 2859 610 2917 enim
643 2857 977 2918 clamabant,
1025 2855 1144 2922 quia
1189 2854 1436 2907 volebant
1479 2853 1768 2922 perfectam
1812 2849 2039 2904 beatitu-

462 2955 640 3011 dinem
687 2949 881 3005 mcreri
925 2950 976 3001 in
1017 2947 1363 3016 corporibus;
1408 2945 1499 2999 sed
1543 2942 1866 3011 superfluum
1909 2938 2040 2994 nihil

465 3047 597 3105 facit
626 3044 800 3106 Deus,
833 3039 974 3092 unde
1008 3037 1195 3091 frivola
1227 3047 1309 3090 est
1339 3036 1453 3090 hzec
1486 3033 1768 3089 sententia.

603 3135 770 3197 Item,
804 3133 866 3184 de
894 3131 1182 3182 animarum
1214 3129 1412 3196 origine
1438 3127 1717 3179 secundum
1748 3124 1899 3176 alios.

543 3228 641 3282 Alii
675 3225 860 3278 dicunt
889 3223 1122 3275 animam
1155 3235 1273 3272 esse
1307 3227 1507 3284 partem
1538 3218 1727 3270 divinae
1759 3223 2041 3276 essentne,

472 3333 632 3387 quam
666 3316 881 3367 trahunt
910 3313 977 3365 ab
1009 3313 1096 3364 illo
1128 3311 1283 3362 loco:
1321 3307 1389 3359 Et
1418 3308 1622 3375 spiravit
1651 3309 1700 3357 in
1732 3305 1912 3372 [aciem
1938 3305 2046 3372 ejus

471 3408 781 3482 spiraculum
825 3407 956 3457 vitm.
992 3403 1114 3456 llzec
1139 3411 1315 3453 autem
1345 3398 1593 3465 particula
1624 3413 1726 3450 non
1760 3394 1914 3448 rediit
1945 3408 2051 3445 am-

477 3502 650 3571 plius,
687 3501 756 3549 ita
789 3511 919 3549 vero
952 3496 1164 3547 uniatur
1192 3505 1313 3543 cum
1361 3489 1503 3553 Deo,
1553 3487 1691 3540 unde
1734 3497 1786 3540 et
1834 3498 2051 3551 peccare

475 3600 671 3664 potest.
710 3588 773 3641 Hi
804 3595 983 3638 autem
1016 3594 1178 3651 agunt
1207 3580 1274 3632 de
1309 3579 1415 3632 Deo
1449 3589 1697 3644 tanquam
1729 3576 1798 3628 sit
1841 3572 2048 3626 localis.

481 3685 743 3737 Asseruut
787 3675 876 3730 alii
909 3674 1113 3727 animas
1143 3681 1293 3722 natas
1323 3669 1391 3722 de
1420 3667 1674 3736 angelicis
1719 3664 2048 3718 siibstantiis.

478 3775 646 3830 Aiunt
676 3769 762 3822 alii
793 3768 1000 3819 animas
1047 3761 1192 3815 nasci
1223 3760 1290 3813 de
1322 3769 1462 3813 terra
1483 3798 1497 3822 ,
1547 3758 1681 3810 duce
1725 3755 1968 3817 semine;
2002 3760 2055 3804 et

478 3864 619 3918 sicut
648 3859 872 3914 scissum
909 3863 990 3908 est
1020 3865 1215 3919 corpus
1263 3849 1357 3902 lilii
1399 3847 1466 3901 de
1511 3847 1680 3916 pitris
1724 3841 2014 3897 substantia
2040 3882 2054 3906 ,

476 3957 549 4010 ita
597 3950 774 4006 anima
819 3944 909 3999 tibi
953 3944 1020 3996 de
1066 3941 1238 3993 anima
1283 3937 1495 4005 patris;
1539 3941 1861 4002 trahuntque
1894 3945 2055 4001 argu-

480 4055 717 4104 mentum
749 4040 816 4094 de
847 4031 1299 4090 eonsimilitudine
1331 4043 1562 4083 morum.

923 4125 998 4178 De
1030 4135 1163 4176 certa
1194 4123 1381 4173 animo:
1414 4119 1626 4186 origine.

551 4222 653 4277 Est
707 4227 888 4272 autem
950 4212 1262 4266 indubitatae
1323 4209 1477 4271 fidei,
1538 4222 1637 4261 nec
1690 4204 1810 4260 inde
1855 4206 2061 4258 animas

484 4312 637 4374 nasci
661 4352 677 4377 ,
708 4310 793 4364 vel
823 4306 991 4360 creari
1017 4344 1032 4366 ,
1062 4303 1145 4356 vel
1177 4299 1390 4353 aliunde
1418 4297 1608 4351 adduci
1631 4338 1644 4360 ,
1676 4297 1768 4350 sed
1813 4295 2063 4349 similiter

485 4424 607 4465 eum
636 4409 752 4470 ipso
778 4411 1008 4466 corpore
1041 4395 1184 4447 nasci
1213 4407 1227 4454 ;
1260 4401 1313 4445 et
1339 4399 1420 4443 est
1449 4387 1710 4456 quoddam
1741 4386 2065 4439 determina-

2111 594 2222 634 nes.
2257 580 2424 642 Alius,
2455 580 2542 647 qui
2571 594 2844 647 nunquam
2865 589 2946 632 est
2972 579 3088 632 sine
3112 594 3362 648 corpore,
3393 587 3452 632 ut
3479 578 3716 647 Spiritus

2115 669 2391 721 brutorum
2422 668 2762 734 animalium,
2788 669 2874 734 qui
2905 682 3024 721 cum
3051 668 3181 735 ipsis
3206 678 3260 721 et
3286 669 3456 721 oritur
3481 677 3537 722 et
3569 667 3720 721 inte-

2114 760 2203 812 rit.
2228 759 2464 823 Tertius,
2494 759 2651 811 modo
2681 758 2734 812 iu
2765 772 3010 826 corpore,
3035 756 3194 810 modo
3215 767 3362 812 extra
3391 772 3616 825 corpus,
3652 765 3719 811 ut

2114 849 2332 918 spiritus
2364 848 2454 917 qui
2497 848 2730 900 vivilicat
2762 847 3006 901 homines
3027 886 3042 908 .
3077 847 3127 899 id
3158 856 3281 912 est,
3311 848 3514 900 anima.
3547 846 3721 912 Quod

2115 951 2291 993 autem
2316 939 2538 992 dicitur:
2563 937 2792 1006 Spiritus
2822 935 3030 991 Domini
3058 938 3315 1005 ferebatur
3335 954 3488 1005 super
3517 954 3714 1005 aquas.

2119 1028 2219 1081 hoc
2248 1043 2464 1096 quoque
2491 1027 2698 1081 dictum
2733 1040 2860 1096 puto
2889 1029 3002 1083 sive
3032 1029 3100 1081 de
3131 1028 3232 1082 hoc
3261 1043 3388 1082 aere
3418 1041 3579 1082 terrae
3602 1068 3617 1093 ,
3658 1040 3722 1083 et

2120 1132 2268 1185 aqua:
2324 1118 2777 1182 circuinfusione,
2833 1119 2946 1174 sive
2996 1119 3062 1170 de
3115 1119 3410 1182 subtiliori,
3470 1120 3520 1171 id
3582 1129 3709 1180 est.

2121 1207 2320 1261 aethere
2340 1248 2353 1271 ,
2402 1208 2484 1261 vel
2530 1207 2597 1261 de
2640 1207 2842 1275 Spiritu
2871 1207 3148 1261 Trinitatis
3171 1249 3186 1274 ,
3221 1210 3288 1262 de
3317 1223 3424 1277 quo
3455 1209 3501 1262 si
3535 1209 3675 1264 dicit
3701 1250 3720 1272 ,

2123 1302 2296 1355 innuit
2326 1301 2548 1354 salutem
2581 1303 2807 1354 futuram
2841 1316 2933 1369 per
2965 1315 3178 1369 aquam.

2201 1391 2332 1444 Nota
2364 1400 2471 1443 tres
2505 1390 2698 1458 figuras
2733 1391 2785 1442 in
2817 1389 3205 1455 compositione
3234 1391 3427 1443 anima:
3459 1391 3723 1458 depictas

2126 1483 2189 1536 ad
2220 1483 2359 1536 idem
2406 1496 2539 1547 pene
2574 1481 2786 1533 tandem
2815 1496 2828 1543 ;
2865 1480 3148 1534 intervalla
3181 1482 3322 1533 enim
3354 1497 3472 1547 quae
3506 1493 3632 1533 sunt
3666 1483 3726 1534 in

2130 1577 2329 1641 primu,
2362 1588 2482 1625 cunt
2528 1573 2724 1625 vellent
2763 1573 2972 1640 impleri
3024 1572 3356 1626 harmonicis
3397 1587 3726 1626 coastfnan-

2128 1668 2236 1730 tiis,
2270 1681 2365 1719 nec
2397 1665 2768 1732 proportiones
2802 1666 2931 1732 ips-.e
2962 1672 3179 1732 possent
3210 1665 3469 1730 discerni,
3507 1665 3559 1717 in
3599 1674 3716 1716 tam

2133 1756 2307 1822 parvis
2355 1757 2591 1807 numeris
2639 1755 2776 1807 facta
2824 1763 2905 1807 est
2953 1756 3160 1822 ligura,
3216 1763 3274 1807 ut
3322 1755 3373 1806 in
3420 1753 3730 1822 majoribus

2067 1834 2106 1889 Β
2137 1847 2370 1898 numeris
2398 1847 2671 1910 doceatur,
2721 1861 2840 1914 qua:
2889 1859 2994 1898 non
3041 1853 3246 1912 poterat
3297 1844 3347 1898 in
3396 1845 3731 1898 minoribus.

2137 1935 2356 1989 Ponitur
2383 1950 2510 2002 ergo
2537 1945 2696 1988 sexto
2728 1936 2844 1988 loco
2890 1934 3104 1988 unitatis
3128 1976 3143 2000 ,
3197 1935 3314 1988 loco
3363 1935 3555 1988 binarii
3616 1951 3728 1998 vn,

2133 2033 2187 2077 et
2220 2024 2297 2076 sic
2328 2034 2449 2076 nota
2485 2024 2536 2075 in
2567 2024 2797 2076 exteris.
2831 2023 2938 2076 Sed
2969 2025 3094 2091 quia
3125 2024 3302 2076 adhuc
3347 2023 3578 2078 deerant
3626 2039 3735 2078 nu-

2136 2117 2265 2171 meri
2291 2159 2306 2184 ,
2341 2122 2393 2169 in
2425 2117 2618 2186 quibus
2651 2116 2940 2170 setnitonia
2987 2116 3454 2182 discernerentur,
3506 2116 3734 2170 inventa
3766 2112 3769 2114 ’

2144 2210 2297 2261 tertia
2332 2208 2521 2276 ﬁgura,
2552 2217 2606 2261 et
2637 2218 2812 2261 tamen
2845 2223 2939 2274 pro
2964 2208 3302 2275 suppletione
3330 2209 3734 2264 hemitonorum

2138 2309 2400 2366 quantum
2447 2297 2517 2351 ibi
2563 2313 2656 2366 per
2689 2312 2748 2351 se
2780 2313 2882 2350 non
2932 2299 3307 2360 ostenduntur.
3355 2299 3447 2352 sed
3500 2299 3551 2352 in
3601 2316 3740 2352 cou-

2135 2387 2429 2451 sonantiis,
2463 2387 2790 2440 diatessaron
2838 2399 2893 2440 et
2937 2387 3223 2454 diapente,
3256 2403 3480 2456 quarum
3524 2403 3735 2441 conso-

2135 2463 2445 2531 inantiaruin
2481 2478 2910 2546 proportionales
2943 2479 3154 2532 numeri
3179 2478 3430 2532 diStincte
3458 2479 3531 2532 ibi
3564 2493 3729 2548 τερε-

2142 2567 2377 2620 rinutur.
2425 2566 2656 2620 Mundus
2687 2568 2903 2630 dicitur,
2936 2582 3022 2621 res
3071 2568 3174 2620 ida:
3217 2568 3542 2632 sensibiles,
3577 2568 3736 2634 quasi

2141 2657 2411 2709 mundata:
2459 2667 2513 2710 et
2568 2656 2824 2710 discretae
2875 2656 2941 2710 ab
2997 2657 3088 2710 illa
3141 2655 3457 2711 confusione
3511 2656 3565 2709 in
3623 2670 3730 2722 qua

2143 2745 2288 2814 prius
2318 2745 2532 2800 fuerunt
2561 2747 2613 2800 itt
2647 2747 2790 2816 hyle.
2828 2746 2978 2801 Unde
3009 2747 3161 2817 Augu
3196 2752 3373 2800 tinus:
3406 2764 3424 2798 ι
3452 2747 3497 2801 0
3526 2745 3734 2800 munde

2143 2838 2456 2890 immundo!
2497 2857 2514 2888 ο

2215 2926 2501 2981 Sciendum
2535 2929 2674 2995 quod
2706 2927 2760 2981 iu
2794 2943 3115 2996 quocunque
3145 2928 3388 2995 epitheto
3417 2927 3734 2982 constitutis

2143 3015 2351 3070 duobus
2399 3017 2684 3084 epogdois,
2719 3017 2977 3086 quidquid
3025 3026 3267 3070 remanet
3309 3016 3490 3070 limina
3521 3026 3645 3079 est,
3681 3016 3742 3070 id

2144 3115 2264 3172 est,
2295 3107 2472 3159 minus
2505 3105 2851 3158 εθηιὶιοιιίιιιιι
2875 3147 2890 3171 ,
2922 3117 3210 3173 superatur
3256 3119 3285 3157 a
3331 3105 3522 3172 minori
3569 3106 3742 3158 semi-

2153 3199 2332 3260 tonio,
2389 3206 2444 3249 ut
2497 3197 2675 3265 sagaci
2731 3196 3144 3264 investigatione
3192 3193 3553 3248 calculatorite
3607 3193 3748 3247 artis

2156 3302 2428 3357 repertum
2462 3300 2582 3354 est,
2619 3291 2771 3343 tertia
2811 3301 2958 3358 parte
2989 3291 3070 3342 sui
3107 3290 3273 3357 ipsius
3315 3290 3591 3342 semitonii
3635 3290 3746 3342 mi-

2152 3386 2298 3433 noris
2320 3421 2333 3441 ,
2367 3392 2417 3433 et
2454 3380 2552 3433 105
2585 3392 2733 3448 parte
2761 3397 2870 3434 sua:
2915 3381 3078 3449 partis
3111 3381 3302 3433 tertiie.

2223 3470 2277 3523 Si
2309 3471 2388 3524 vis
2417 3471 2556 3524 scire
2583 3471 2852 3539 quomodo
2881 3471 2948 3526 de
2979 3481 3089 3525 tono
3121 3471 3296 3538 possis
3328 3471 3503 3522 facere
3546 3470 3731 3521 minus

2155 3561 2496 3614 seinitoniuin
2522 3603 2536 3624 ,
2569 3561 2749 3628 accipe
2779 3573 3019 3615 octavam
3055 3572 3257 3628 partem
3278 3605 3291 3627 ,
3324 3574 3428 3627 qua
3459 3559 3740 3626 sesquioc—

2157 3665 2275 3705 tava
2325 3652 2600 3719 preportio
2647 3639 2812 3705 vineit
2857 3653 3422 3719 subsesqnioctavam,
3462 3659 3518 3702 et
3555 3647 3748 3701 divide

2157 3759 2274 3797 eam
2325 3743 2375 3796 in
2423 3758 2614 3795 novem
2659 3743 2893 3811 aequales
2941 3752 3158 3810 partes;
3209 3753 3424 3810 postea,
3472 3735 3677 3793 reliciis
3708 3740 3743 3793 5

2160 3832 2412 3892 novenis.
2449 3843 2556 3886 tres
2604 3846 2841 3886 novenae
2884 3831 3163 3901 aequaliter
3209 3829 3390 3884 divide
3436 3830 3486 3882 in
3516 3827 3582 3878 27
3622 3843 3749 3895 par-

2166 3932 2267 3976 tes.
2305 3923 2378 3976 De
2407 3909 2604 3990 quibus
2635 3923 2888 3976 vicesima
2921 3923 3144 3990 septima
3179 3929 3326 3989 parte
3354 3918 3590 3979 sublata,
3629 3931 3752 3985 pro—

2161 4015 2243 4065 cul
2277 4011 2438 4066 dubio
2468 4011 2769 4066 remanebit
2803 4012 2894 4065 tibi
2926 4011 3106 4064 limma
3128 4050 3145 4076 ,
3177 4009 3230 4062 id
3276 4018 3396 4072 est,
3432 4007 3608 4060 minus
3655 4022 3747 4062 se-

2161 4102 2281 4156 mis.
2314 4101 2426 4157 ﬂoc
2472 4112 2650 4156 autem
2701 4117 2806 4156 non
2851 4110 2935 4157 est
2978 4100 3380 4171 ignorandum,
3415 4113 3519 4166 quo
3566 4100 3749 4151 minus

2162 4195 2325 4248 semis
2368 4194 2682 4248 collocatum
2725 4208 2846 4246 cum
2886 4194 3255 4260 sesquioctava
3301 4187 3648 4256 proportione
3680 4186 3748 4238 il-

2166 4288 2268 4340 lius
2312 4286 2734 4351 sesquioctavze,
2785 4296 2814 4334 a
2861 4281 3014 4349 cujus
3045 4295 3185 4333 nona
3224 4287 3374 4347 parte
3402 4276 3745 4337 diminuitur,

2166 4374 2407 4429 continet
2436 4384 2600 4426 totam
2633 4373 2775 4426 illam
2805 4370 3236 4439 sesquioctavam
3255 4406 3271 4432 ,
3301 4378 3355 4422 et
3386 4367 3604 4433 insuper
3634 4364 3754 4432 ejus

491 4462 605 4556 ζιῇω
637 4462 845 4560 tempus
878 4462 996 4557 post
1029 4485 1433 4546 conceptionem
1462 4480 1684 4533 seminis
1704 4518 1718 4542 ,
1751 4477 1889 4545 quod
1920 4477 2062 4530 redi-
2095 4501 2142 4558 ο
2168 4467 2239 4519 24
2270 4476 2472 4535 partem
2502 4464 2627 4560 ejus
2650 4465 2918 4517 vicesimae
2944 4462 2976 4516 6
3009 4462 3204 4560 par-tis,
3237 4468 3290 4512 et
3315 4468 3757 4560 prietere‘a-octa-

491 4593 634 4660 gitur
665 4587 718 4639 in
751 4595 945 4648 corpus
979 4578 1305 4631 humanum,
1335 4584 1440 4635 quo
1471 4570 1706 4621 nascitur
1734 4567 1908 4620 anima
1937 4580 2057 4619 cum

487 4659 738 4746 corpore.
799 4672 1006 4726 Anima:
1056 4674 1231 4717 autem
1281 4660 1397 4713 dua:
1444 4668 1570 4711 sunt
1611 4659 1776 4721 vires,
1820 4672 1921 4709 una
1965 4671 2059 4708 su-

490 4775 689 4843 perior,
735 4766 900 4817 altera
949 4756 1192 4811 inferior.
1239 4751 1490 4817 Superior
1541 4748 1848 4804 coelestibus
1888 4757 1942 4799 et
1983 4747 2064 4798 in-

491 4837 928 4926 corruptiliilihus
969 4847 1240 4905 adhaeret,
1287 4851 1338 4894 et
1382 4841 1484 4890 alia
1515 4837 1872 4903 concupiscit,
1905 4848 2063 4887 voca-

499 4925 696 5016 tnrque
727 4939 1082 5000 rationalitas,
1115 4932 1354 5002 spEritus,
1384 4930 1600 4983 domina
1634 4942 1801 4991 mens,
1833 4925 2063 4978 animus.

497 5014 723 5097 Inferior
768 5042 852 5088 est
900 5042 1021 5096 qua:
1071 5021 1430 5090 voluptatibus
1477 5014 1715 5086 corporis
1764 5014 2064 5078 consentit,

491 5138 822 5194 vocaturque
866 5115 1220 5175 sensualitas,
1269 5110 1604 5170 animalitus.
1653 5106 1846 5159 famula
1896 5120 2065 5159 mens.

491 5219 857 5290 Superioique
883 5211 1045 5265 debet
1071 5218 1255 5272 regere
1285 5201 1588 5290 inferiorem
1615 5213 1632 5264 ;
1662 5198 1765 5290 sed
1788 5196 2070 5266 aliquando

493 5329 562 5370 es
611 5305 906 5376 superioris
956 5293 1275 5367 negligentia
1325 5289 1576 5361 przm'alct
1621 5289 1857 5355 inferior,
1887 5297 1940 5342 et
1987 5302 2072 5341 se-

492 5405 639 5462 ducit
668 5402 1017 5468 superiorein.
1053 5392 1149 5445 Est
1175 5397 1229 5440 ct
1259 5388 1312 5439 in
1345 5386 1444 5437 hoc
1476 5382 1641 5451 figura
1677 5380 1803 5432 Ada
1830 5390 1885 5433 et
1916 5380 2069 5432 Em.

495 5497 557 5553 Si
587 5493 730 5548 enim
764 5488 930 5541 Adam
964 5481 1208 5548 superior
1236 5491 1296 5530 se
1327 5483 1469 5527 recte
1498 5472 1754 5536 rexisset,
1787 5487 1892 5524 non
1924 5470 2071 5522 illum

499 5587 609 5640 Eva
641 5580 863 5634 inferior
894 5573 1219 5625 seduxisset.
1264 5567 1504 5631 Cumque
1549 5563 1628 5616 eis
1670 5561 1889 5628 spiritus
1932 5569 2075 5614 esset

503 5673 800 5732 secundum
848 5662 1188 5720 diversitates
1236 5661 1566 5718 animarum,
1617 5670 1753 5708 unus
1800 5654 1888 5722 qui
1941 5667 2074 5704 nun-

499 5787 660 5839 quam
695 5778 877 5821 uultur
904 5775 1023 5814 cum
1056 5769 1282 5822 corpore
1307 5794 1321 5818 ,
1354 5753 1476 5806 licet
1508 5751 1793 5819 aliquando
1823 5748 1950 5802 illud
1984 5759 2070 5799 as-

2167 4572 2288 4610 vam
2322 4553 2696 4622 partemieius
2743 4562 2946 4620 quarta:
2979 4551 3145 4618 partis
3167 4591 3182 4613 ,
3214 4559 3270 4602 et
3299 4547 3498 4616 septies
3527 4545 3588 4598 8|
3631 4559 3755 4613 pars

2166 4657 2272 4702 tem
2302 4646 2419 4716 ejus
2451 4654 2657 4698 octava:
2690 4644 2874 4711 partis.
2909 4640 3069 4695 Verbi
3113 4639 3285 4708 gratia
3309 4676 3324 4701 ,
3369 4649 3755 4704 praeponamus

2168 4740 2302 4792 tales
2331 4737 2541 4791 numeri
2575 4737 2629 4802 3,
2661 4738 2712 4788 in
2743 4736 2935 4802 quibus
2966 4735 3224 4801 liquescat
3249 4731 3339 4798 qui
3368 4727 3581 4781 dicitur.
3614 4725 3760 4779 Sunt

2169 4838 2378 4889 numeri
2406 4833 2542 4899 343,
2573 4841 2628 4884 et
2655 4832 2786 4893 255,
2814 4841 2866 4884 et
2893 4829 3023 4897 275,
3052 4838 3107 4880 et
3138 4826 3421 4886 trientem,
3450 4831 3504 4876 et
3533 4834 3755 4874 semun-

2168 4929 2305 4982 ciam
2327 4967 2340 4989 ,
2371 4924 2504 4990 253,
2535 4935 2588 4976 et
2617 4922 3127 4988 subsesquioctavua
3156 4916 3222 4969 ad
3251 4913 3379 4980 273,
3411 4922 3466 4966 et
3497 4912 3754 4966 trientem

2169 5015 2520 5071 semunciam.
2563 5012 2692 5065 Nam
2740 5013 2842 5066 iste
2882 5018 2966 5062 est
3008 5008 3406 5074 sesquioetavns
3451 5003 3519 5057 ad
3561 5002 3752 5068 illum,

2172 5108 2406 5161 continet
2431 5119 2553 5158 eum
2588 5113 2788 5169 totmn,
2823 5111 2877 5156 et
2905 5101 3022 5168 eius
3063 5110 3306 5152 octavam
3350 5105 3590 5165 partem,
3631 5109 3757 5163 qua:

2173 5207 2256 5252 est
2281 5196 2373 5260 50,
2401 5206 2455 5250 et
2486 5196 2652 5248 triens
2679 5206 2733 5248 et
2764 5191 3062 5256 semuncia,
3089 5202 3144 5245 et
3171 5190 3332 5243 etiam
3361 5196 3520 5241 tonus
3545 5186 3759 5256 integer

2173 5291 2240 5345 ad
2271 5291 2442 5342 illum.
2480 5288 2701 5341 Ducenti
2737 5301 2865 5341 vero
2897 5286 2987 5350 55,
3018 5283 3109 5351 qui
3157 5296 3415 5336 numerus
3457 5286 3551 5335 ut
3579 5280 3758 5347 senii-

2177 5380 2322 5434 tonio
2351 5379 2556 5440 minus,
2583 5378 2674 5447 qui
2706 5377 2772 5431 ad
2802 5375 2909 5429 243
2957 5383 3320 5442 comparatur,
3369 5369 3508 5425 bene
3552 5368 3761 5423 dicitur

2179 5471 2428 5525 diminnti
2466 5487 2493 5524 a
2527 5486 2667 5524 nona
2700 5478 2850 5538 parte
2882 5469 3233 5521 ducentorum
3261 5464 3356 5530 78,
3387 5475 3442 5517 et
3472 5462 3683 5517 trientis
3713 5471 3766 5515 et

2178 5563 2488 5617 semuncia.
2515 5561 2750 5627 Quorum
2784 5569 2979 5623 prater
3007 5566 3176 5610 tntum
3205 5557 3366 5620 egiam
3413 5562 3593 5622 potest
3636 5567 3768 5606 ωη-

2181 5657 2336 5709 ιὼεή
2369 5669 2506 5708 nona
2538 5664 2687 5722 parte
2733 5652 2815 5705 sui
2861 5650 2977 5718 ejus
3021 5657 3262 5703 octavam
3294 5655 3532 5713 partem,
3563 5643 3616 5698 id
3646 5649 3766 5708 est,

2182 5749 2534 5802 ducentorum
2565 5744 3002 5812 sexagintatrium
3026 5783 3040 5801 .
3066 5741 3150 5796 eui
3178 5753 3363 5794 concei
3378 5749 3485 5802 tus,
3513 5731 3776 5801 queunt!—
