3922 6246
191 348 288 405 eos
846 322 849 333 ³
1027 337 1037 346 ’
1486 344 1695 402 unum
1737 342 2215 402 cousrrrurzo.
2782 422 2787 428 ,
3380 344 3483 400 ριλς

198 465 411 520 modum
460 464 874 534 sesquioctavns
921 465 1065 520 facit.
1116 464 1228 518 Non
1279 464 1420 516 enim
1465 472 1683 531 superat
1728 461 1785 514 il—
1817 465 1865 519 A
1898 461 2049 516 Unde
2088 461 2374 530 proborum
2410 474 2592 516 mores
2623 473 2839 529 assequi
2866 474 2971 513 non
3006 459 3220 523 valent,
3256 476 3343 529 qut
3377 479 3485 517 t'er'

198 566 311 620 lum
332 606 347 629 ,
377 562 480 617 nisi
513 557 803 626 tredecim,
837 561 1075 615 continet
1109 570 1290 613 tamen
1324 558 1475 611 illum
1502 566 1705 621 totum,
1734 564 1788 609 et

200 659 317 724 ejus
338 656 651 709 vicesimam
673 663 916 723 quartam
948 662 1153 720 partem
1178 692 1192 718 ,
1219 667 1335 720 qua:
1362 652 1521 705 etiam
1547 650 1614 702 10
1639 660 1789 701 asses

201 759 257 802 et
299 746 356 812 5,
386 756 440 801 et
466 756 754 815 praeterea,
786 743 1029 797 continet
1076 742 1231 809 hujus
1278 741 1545 794 vicesima:
1594 750 1789 804 marite

205 839 410 903 partis,
442 851 562 903 quae
606 836 768 891 etiam
815 833 921 885 duo
962 847 1130 887 asses.
1177 831 1393 885 Necnon
1443 829 1618 883 adlnn-
1664 842 1791 880 con-

203 927 344 980 tinet
392 927 548 993 hujus
601 933 805 992 quartae
854 922 1017 990 partis
1074 921 1105 973 8
1163 930 1403 988 partem,
1460 932 1579 987 qua
1629 917 1789 971 etiam

199 1019 471 1088 quadrans
503 1034 565 1083 ι,
596 1018 650 1072 9.
682 1016 766 1087 εδ.
800 1030 850 1069 c.
886 1016 941 1069 9.
975 1017 1039 1067 Et
1087 1014 1329 1067 omnium
1379 1009 1621 1065 continet
1671 1014 1793 1073 post

202 1109 481 1177 superiora
534 1107 691 1175 hujus
737 1115 939 1159 octavae
989 1104 1156 1172 partis
1202 1102 1414 1170 species
1459 1100 1790 1167 octogesima

203 1203 435 1271 primam
486 1210 729 1268 partem,
779 1214 897 1269 qnze
943 1208 1027 1251 est
1077 1196 1361 1263 scrupulus
1410 1206 1465 1247 et
1513 1193 1787 1255 calculus;

203 1308 340 1363 ergo
385 1293 555 1346 minus
601 1292 941 1345 semitonium
989 1299 1353 1356 comparatum
1403 1303 1523 1341 cum
1569 1288 1789 1340 subses-

207 1384 492 1452 quioctava
524 1382 873 1449 proportione
904 1381 1044 1433 illius
1088 1380 1471 1445 sesquioctavae
1496 1420 1510 1442 ,
1562 1392 1590 1430 a
1639 1378 1793 1445 Cujus

211 1488 358 1528 nona
410 1484 559 1541 parte
604 1471 939 1535 diminuitur.
981 1470 1389 1538 comprehendit
1436 1478 1598 1522 totam
1644 1468 1791 1522 illam

205 1563 736 1629 subsesquioctavam
756 1604 770 1621 ,
803 1571 857 1615 et
884 1560 998 1628 ejus
1026 1559 1098 1613 24
1127 1570 1181 1614 et
1211 1570 1412 1629 partem
1434 1600 1449 1623 ,
1483 1568 1537 1613 et
1562 1558 1634 1610 24
1668 1574 1790 1626 par-

202 1656 311 1717 tis,
341 1664 580 1724 quartam
603 1697 619 1720 ,
651 1665 705 1707 et
732 1666 932 1722 quarm
963 1663 1202 1707 octavam
1225 1694 1241 1715 ,
1272 1664 1326 1706 et
1355 1664 1557 1706 octava:
1590 1653 1790 1718 septies

201 1744 276 1799 81
316 1756 537 1814 partem.
571 1745 627 1798 Si
657 1755 833 1798 autem
865 1745 966 1797 hoc
996 1745 1235 1798 invenire
1266 1744 1540 1799 desideras
1570 1745 1622 1797 in
1654 1744 1791 1797 inte-

1900 552 1966 604 tis
1997 562 2051 605 et
2102 550 2471 618 probabilibus
2520 557 2741 605 utuntur
2787 552 3106 605 rationibus.
3162 553 3243 606 Fit
3286 556 3427 609 enim
3462 561 3487 607 θ

1898 643 2199 697 intervallo.
2236 642 2376 696 Dicit
2406 642 2507 697 hoc
2535 657 2633 713 per
2664 643 2995 697 involucrum
3045 653 3099 697 et
3145 645 3480 709 integumen-

1898 744 2043 799 tum,
2076 735 2228 804 quasi
2262 749 2394 790 axes
2441 735 2563 791 caeli
2606 735 2896 803 aliquando
2945 737 3067 789 triui
3110 740 3477 800 emolircntnr,

1896 835 1950 881 et
1980 826 2221 881 facerent
2252 827 2422 895 ipsam
2451 826 2718 896 ερὴεεηηι
2767 828 3018 882 mundani
3067 830 3311 896 corporis
3359 832 3488 883 sula-

1896 917 2098 981 sidere,
2132 927 2190 971 et
2218 917 2289 971 ita
2322 918 2471 973 calor
2501 918 2869 973 dominaretur
2902 920 3139 983 humori,
3176 932 3229 974 et
3261 923 3330 974 ita
3367 938 3488 988 prc-

1896 1009 2106 1062 veniret
2134 1009 2395 1065 diluvium
2431 1025 2525 1079 per
2561 1012 2611 1079 ig
2627 1026 2747 1064 nem
2773 1054 2786 1077 ,
2820 1019 2875 1064 et
2902 1028 2929 1064 e
2963 1028 3241 1064 converso.
3290 1013 3489 1067 Taliter

1896 1099 2375 1156 circumactionem
2425 1112 2584 1157 vocat
2633 1106 3009 1158 transitionem
3052 1117 3108 1159 et
3151 1109 3488 1162 reLrausitio-

1897 1206 2018 1243 nem
2074 1190 2509 1256 elementorum,
2566 1195 2709 1261 quod
2767 1210 2871 1248 non
2927 1197 3065 1264 ignis
3118 1198 3382 1264 Spissatur
3439 1199 3486 1249 in

1896 1295 2078 1335 aerem
2104 1322 2120 1346 ,
2157 1297 2251 1337 aer
2280 1282 2335 1336 in
2379 1299 2605 1353 aquam,
2638 1300 2776 1354 aqua
2811 1287 2861 1338 in
2897 1298 3123 1347 terram,
3160 1288 3241 1341 vel
3286 1305 3315 1343 e
3363 1306 3489 1342 cou-

1898 1387 2088 1440 verso,
2126 1383 2251 1427 tunc
2281 1376 2461 1429 exulat
2504 1378 2672 1441 calor,
2722 1378 2801 1430 vel
2854 1378 3045 1431 humrr
3092 1382 3147 1430 lit
3195 1380 3493 1441 diluvium,

1896 1466 1980 1518 vel
2023 1480 2120 1533 per
2168 1467 2383 1535 ignem,
2432 1467 2514 1520 vel
2563 1484 2659 1536 per
2702 1483 2931 1535 aquam,
2984 1472 3208 1522 alteram
3256 1473 3488 1525 circum-

1896 1556 2164 1610 actionem
2199 1558 2329 1611 dicit
2375 1574 2470 1626 per
2496 1560 2933 1613 convolutiooem
2961 1560 2990 1612 ’ῑ
3023 1561 3391 1629 planetarum,
3424 1583 3488 1619 ex

1894 1665 2121 1718 quorum
2169 1661 2358 1705 natura
2391 1652 2474 1705 vel
2511 1653 2708 1705 nimius
2753 1653 2902 1706 calor
2934 1656 3016 1706 vcl
3052 1656 3249 1709 humor
3299 1673 3489 1725 prove-

1898 1744 1995 1795 nit.
2030 1742 2125 1795 Est
2151 1744 2331 1798 adhuc
2364 1745 2535 1811 major
2564 1759 2723 1799 causa
2753 1759 2873 1800 eum
2905 1747 3334 1803 ferventissimus
3365 1763 3441 1804 esr
3466 1792 3478 1807 .

210 1840 324 1905 gris
352 1840 452 1902 his,
487 1841 538 1891 in
571 1838 863 1892 minoribus
896 1854 997 1891 non
1029 1838 1228 1907 poteris
1257 1838 1495 1891 invenire
1526 1837 1784 1899 numeris,
1819 1811 1866 1869 Β
1896 1833 1940 1884 si
1990 1843 2116 1887 tunc
2163 1834 2355 1888 humor
2399 1836 2620 1890 nimium
2666 1847 2907 1891 moratus
2951 1841 3141 1905 fuerit,
3176 1844 3343 1895 stt-lla:
3374 1844 3481 1896 cir-

201 1944 367 1997 quam
401 1931 537 1982 inter
567 1929 658 1992 57,
684 1927 809 1993 208,
840 1936 895 1982 et
923 1927 1013 1992 65,
1043 1922 1169 1980 556.
1201 1926 1270 1982 Ut
1300 1926 1506 1995 plenius
1535 1927 1793 1996 liquescat

205 2022 480 2091 probatio,
516 2030 843 2088 proponatur
873 2018 1121 2087 epitritus
1146 2027 1201 2073 et
1229 2018 1577 2085 subepitritus
1608 2034 1795 2072 nurne-

205 2126 327 2175 rus,
360 2111 444 2164 ubi
480 2121 596 2178 post
623 2111 755 2164 duos
787 2119 941 2164 tonos
972 2117 1253 2162 remaneat
1283 2107 1375 2163 tibi
1407 2108 1751 2163 semitonium
1774 2151 1790 2176 ,

206 2201 300 2254 ubi
335 2202 586 2266 probetur
613 2200 882 2267 quadrans
910 2213 1027 2252 esse
1059 2213 1244 2252 verum
1268 2237 1286 2263 ,
1318 2208 1372 2253 et
1416 2198 1486 2251 ita
1532 2199 1790 2253 inclinen-

200 2296 299 2342 tur
326 2288 417 2351 49,
443 2288 567 2351 155,
596 2288 712 2356 ejus
740 2298 954 2340 octavas
981 2296 1158 2354 partes
1185 2286 1239 2348 fi,
1270 2286 1390 2351 100,
1419 2286 1507 2350 11,
1535 2287 1590 2348 4.
1618 2286 1707 2352 50,
1736 2286 1789 2351 5,

203 2382 351 2447 200,
386 2381 484 2448 10,
524 2382 656 2446 100,
687 2382 753 2443 6.
785 2381 900 2448 ejus
926 2390 1113 2434 octava
1147 2395 1269 2448 pars
1299 2381 1362 2444 7,
1394 2379 1530 2444 700,
1562 2380 1659 2442 76,
1688 2380 1790 2446 115,

203 2468 339 2525 536.
386 2471 490 2525 lste
523 2484 649 2539 ergo
677 2470 918 2524 continet
948 2478 1116 2523 totum
1149 2471 1485 2538 superiorem
1508 2510 1522 2533 ,
1574 2479 1629 2525 et
1675 2470 1793 2538 ejus

204 2560 522 2613 vicesimam
552 2555 794 2629 quartam
826 2570 1029 2629 partem
1049 2600 1064 2624 ,
1100 2576 1216 2628 qua:
1245 2569 1328 2614 est
1353 2558 1488 2625 648,
1532 2571 1587 2615 et
1634 2560 1793 2629 hujus

206 2660 416 2720 quartae
447 2652 616 2721 partis
644 2664 888 2705 octavam
920 2660 1157 2719 partem,
1190 2668 1308 2719 qua:
1334 2663 1415 2705 est
1442 2651 1535 2715 80,
1567 2662 1621 2705 et
1650 2654 1792 2705 insu-

206 2752 310 2806 per
353 2741 593 2793 continet
639 2740 839 2808 septies
886 2740 1264 2807 octogesimam
1315 2742 1539 2808 primam
1587 2752 1790 2808 partem

206 2830 374 2896 hujus
416 2840 621 2885 octava:
671 2832 860 2899 partis.
911 2830 1051 2885 Inter
1079 2832 1114 2885 5
1140 2841 1315 2885 autem
1367 2842 1421 2885 et
1459 2842 1685 2901 quatuor
1714 2833 1792 2887 sic

206 2930 386 2989 potest
416 2920 643 2975 inveniri
676 2922 1053 2988 semitonium,
1084 2938 1115 2975 a
1146 2922 1353 2977 duobus
1382 2924 1638 2992 epogdois
1670 2926 1793 2977 reli-

204 3022 357 3067 ctum
378 3055 393 3079 ,
425 3016 458 3069 5
487 3012 831 3081 octava’pars
863 3024 946 3067 est
976 3016 1141 3068 triens
1166 3024 1220 3069 et
1250 3016 1563 3081 semiuncia,
1596 3016 1790 3069 sextuli

206 3108 443 3173 obulus,
475 3107 713 3161 calculus
743 3116 800 3161 et
828 3105 1084 3160 dimidius
1111 3109 1145 3161 5
1165 3147 1177 3170 ,
1212 3106 1559 3161 hemitonium
1590 3109 1785 3162 minus.

207 3198 358 3251 Inter
411 3199 511 3251 hos
558 3197 695 3251 duos
745 3213 994 3253 numeros
1043 3199 1308 3252 invenitur
1352 3199 1525 3253 minus
1574 3201 1793 3253 semito-

207 3291 360 3346 nium
384 3330 398 3352 ,
427 3291 515 3357 qui
549 3299 673 3343 sunt
700 3290 732 3344 4
755 3328 770 3353 ,
802 3289 940 3353 800,
969 3290 1073 3353 60,
1107 3290 1173 3354 4,
1204 3298 1259 3343 et
1287 3292 1352 3355 4,
1383 3290 1507 3357 500,
1548 3292 1667 3355 100,
1707 3293 1789 3346 17.

206 3383 271 3437 Si
305 3382 463 3451 igitur
505 3382 584 3435 vis
627 3381 765 3434 scire
808 3381 1074 3449 quomodo
1115 3395 1179 3433 se
1223 3380 1381 3433 habet
1426 3382 1477 3432 in
1522 3384 1665 3434 omni
1708 3398 1792 3435 se-

206 3472 439 3526 mitonio
484 3470 674 3525 minori
723 3469 894 3539 major
938 3485 1194 3524 numerus
1239 3471 1303 3524 ad
1349 3472 1644 3537 minorem,
1699 3475 1789 3527 sed

206 3560 409 3613 horum
465 3560 690 3613 duorum
743 3574 1089 3612 numerorum
1142 3560 1512 3614 collectionem
1571 3563 1793 3617 lirmiter

214 3631 416 3716 ubique
460 3648 676 3701 habeas.
723 3646 972 3701 Continet
1001 3663 1231 3715 namque
1260 3652 1312 3703 in
1345 3653 1443 3704 hac
1474 3652 1795 3707 collectione

205 3738 392 3809 major
419 3753 674 3793 numerus
695 3779 709 3802 ,
742 3739 829 3806 qui
862 3748 943 3793 est
973 3742 1027 3804 4,
1057 3739 1183 3804 800,
1218 3742 1307 3807 00,
1341 3741 1394 3806 4,
1427 3753 1592 3803 totum
1624 3746 1793 3798 mino-

211 3848 365 3897 rem,
396 3833 636 3897 scilicet,
670 3831 736 3896 4,
769 3831 894 3897 500,
933 3832 1055 3897 100,
1092 3834 1194 3895 l8;
1227 3843 1280 3888 et
1311 3835 1529 3903 insuper
1559 3839 1675 3902 ejus
1706 3854 1795 3891 no-

208 3937 341 3973 nam
370 3921 628 3974 decimam
663 3929 902 3988 partem,
936 3936 1055 3987 qua:
1091 3922 1139 3985 1,
1170 3922 1311 3987 200,
1349 3925 1437 3989 10,
1470 3925 1557 3988 Et),
1593 3928 1660 3987 ὃς
1697 3941 1793 3979 nec

218 4024 333 4063 non
364 4010 478 4077 ejus
513 4024 664 4063 nonre
694 4010 918 4063 decima
950 4012 1114 4078 partis
1145 4016 1524 4080 octogesimam
1568 4016 1791 4089 primum

220 4108 430 4167 partem
462 4100 514 4161 1,
546 4097 620 4163 5;
651 4108 707 4152 et
737 4110 993 4167 prmterea
1035 4103 1274 4156 continet
1313 4107 1651 4173 octogesimas
1682 4108 1792 4175 pri-

220 4205 328 4241 ma:
361 4190 526 4256 partis
547 4230 561 4252 ,
592 4204 711 4258 qum
740 4198 825 4243 est
856 4192 1052 4245 unitas.
1089 4193 1235 4246 linus
1265 4194 1389 4247 duo.
1424 4194 1546 4249 Ideo
1575 4212 1603 4249 a
1640 4198 1794 4251 mini-

217 4292 310 4335 mo
345 4281 431 4333 hic
470 4278 610 4331 Liter
650 4278 869 4347 incipit,
902 4280 1023 4349 quia
1065 4282 1309 4337 conditor
1352 4288 1594 4338 humanae
1636 4286 1794 4339 molis

213 4385 499 4423 munerum
550 4372 717 4424 voluit
769 4372 968 4425 habere
1014 4378 1289 4444 exemplar
1337 4378 1387 4429 in
1437 4380 1581 4432 omni
1629 4396 1792 4447 opere

1894 1924 2153 1979 cumfusaa
2176 1927 2273 1979 soli
2300 1929 2517 1981 mittunt
2536 1944 2600 1983 ex
2630 1944 2690 1983 se
2722 1929 2987 1985 fervorem
3020 1934 3158 1986 eirea
3192 1936 3398 1998 solem,
3430 1949 3483 1989 et.

1899 2015 2028 2069 inde
2063 2015 2393 2082 minuuntur,
2430 2020 2661 2072 calorem
2693 2020 2854 2072 mittit
2882 2032 3074 2086 terrai,
3108 2034 3160 2076 et
3193 2035 3318 2078 tunc
3361 2026 3484 2093 igne

1898 2115 2148 2174 pereunt.
2185 2106 2278 2160 Vel
2311 2109 2636 2163 exorbitatio
2684 2111 2888 2165 referas
2937 2112 3001 2166 ad
3052 2128 3271 2169 currum
3319 2118 3486 2181 solis,

1898 2210 2023 2250 nam
2057 2198 2365 2253 exorbitare
2397 2200 2609 2254 videtur
2654 2203 2704 2256 in
2752 2214 2970 2268 aestate,
3004 2221 3122 2260 cum
3166 2209 3322 2261 altior
3368 2225 3489 2264 sur-

1896 2291 2011 2357 g't;
2046 2299 2101 2342 et
2132 2299 2256 2343 tunc
2288 2294 2461 2360 magis
2504 2304 2695 2347 contra
2727 2310 2825 2348 nos
2856 2311 3045 2349 versus
3090 2308 3208 2363 est,
3241 2315 3401 2367 quant
3432 2302 3485 2355 in

1906 2382 2123 2445 hieme,
2174 2385 2254 2437 vel
2302 2386 2452 2438 dicas
2497 2387 2638 2454 quod
2693 2388 2850 2457 longo
2902 2389 3187 2443 intervallo
3239 2391 3372 2444 dicit
3420 2395 3488 2446 de

1900 2490 2091 2544 magno
2124 2491 2293 2539 anno,
2327 2478 2413 2544 qui
2449 2488 2532 2530 cst
2564 2478 2737 2534 15000
2785 2494 3070 2534 annorum.
3106 2484 3276 2537 Aliter
3304 2484 3490 2540 dicu:.t

1896 2580 2109 2632 quoque
2157 2566 2461 2633 philosophi
2508 2570 2678 2624 solem
2725 2585 2845 2624 esse
2892 2574 3011 2625 talis
3058 2582 3292 2637 naturae,
3345 2580 3487 2642 quod

1896 2658 2135 2709 omnium
2189 2657 2237 2709 in
2288 2674 2349 2711 se
2397 2659 2569 2711 trahat
2625 2661 2801 2729 ignem
2854 2663 3165 2726 stellarum,
3214 2666 3277 2717 ad
3328 2682 3486 2734 quem

1901 2748 2309 2811 temperandum
2342 2748 2564 2802 attrahit
2594 2751 2694 2804 sibi
2730 2751 3007 2805 humorem
3044 2754 3182 2805 illius
3214 2756 3487 2818 elementi.

1896 2836 2141 2901 scilicet,
2175 2853 2365 2906 aquae;
2398 2850 2449 2895 et
2483 2850 2611 2895 tunc
2641 2856 2776 2911 aqua
2810 2853 2862 2896 et
2895 2845 3125 2897 maxime
3161 2846 3329 2899 maria
3360 2846 3487 2900 con-

1899 2927 2200 2991 trahuntur,
2234 2944 2394 2996 quam
2429 2945 2549 2983 cum
2583 2932 2822 2997 remisit,
2854 2935 3167 2988 distrahitur
3199 2952 3365 2995 mare.
3395 2940 3487 2991 scd

1898 3015 2073 3085 aliquo
2107 3026 2348 3086 tempore
2379 3022 2550 3089 magis
2580 3038 2742 3092 quam
2771 3026 2893 3078 alio.
2934 3027 3080 3081 Unde
3113 3028 3354 3081 Lucanus
3380 3046 3391 3079 :

2086 3173 2378 3285 Flammiger
2401 3188 2463 3224 an
2488 3177 2629 3226 Titan
2656 3185 2709 3228 ut
2736 3179 2930 3229 alentes
2955 3182 3142 3231 Ιιοητίνιι
3169 3186 3334 3248 undas,

2086 3234 2253 3285 ErtRat
2324 3250 2526 3285 ceanum
2550 3241 2828 3285 ﬂuctusnue
2849 3243 2905 3285 ad
2931 3245 3090 3285 sidera
3122 3250 3271 3285 tulm,

2081 3234 2253 3295 Erigat
2277 3234 2526 3285 Oceanum
2550 3241 2828 3302 ﬂuctusque
2849 3243 2905 3288 ad
2931 3245 3091 3292 sidera
3122 3250 3274 3296 tollat.

1897 3381 2031 3434 Nota
2077 3384 2217 3451 quod
2251 3385 2380 3438 dicit
2415 3402 2697 3442 numerum
2730 3392 2964 3459 priorem
2998 3398 3302 3461 supetticic.
3354 3399 3486 3454 Nul-

1900 3472 2007 3524 lum
2044 3475 2187 3527 enim
2221 3476 2471 3531 accidens
2504 3480 2653 3546 prius
2684 3492 2765 3534 est
2793 3484 3042 3551 submoto
3088 3503 3215 3549 uno,
3266 3498 3319 3541 et
3360 3490 3490 3543 ἀιρὶι

1897 3566 2239 3630 superficiem
2273 3582 2589 3651 corpoream
2624 3582 2845 3641 propter
2894 3586 3203 3643 perpetuam
3254 3582 3485 3648 conjun-

1896 3656 2129 3709 ctionem
2161 3656 2244 3710 sui
2277 3671 2400 3709 cum
2429 3673 2657 3725 corpore
2679 3700 2693 3724 ,
2728 3662 2869 3730 quod
2920 3679 3193 3733 nunquam
3243 3668 3447 3723 deserit
3468 3658 3503 3733 ,’“

1899 3746 2218 3814 incorporea
2252 3759 2432 3803 autem
2467 3760 2552 3803 est
2579 3752 2661 3804 sui
2695 3764 2906 3806 natura.
2939 3754 3120 3822 Itaque
3169 3772 3484 3825 corporeum

1898 3848 1952 3893 et
2002 3839 2380 3906 incorporeum
2434 3840 2537 3895 hoc
2585 3856 2831 3911 respectu
2886 3847 3019 3901 bene
3072 3852 3343 3915 patiuntur
3391 3868 3483 3915 se,

1897 3943 2219 3994 corporeum
2255 3939 2314 3981 ut
2341 3932 2621 3997 corporis,
2653 3942 2709 3985 et
2743 3935 3118 4003 incorporeum
3153 3944 3344 3995 auium:
3392 3962 3482 4008 pe—

1897 4019 2045 4072 nitus
2091 4026 2217 4072 sunt
2264 4022 2546 4088 opposita,
2596 4036 2693 4076 nec
2741 4027 2959 4077 omnino
3010 4029 3280 4095 patiuntur
3326 4049 3383 4085 so
3432 4036 3481 4086 in

1896 4109 2105 4163 eodem.
2618 4125 2620 4128 '
2702 4157 2707 4161 .

1970 4201 2108 4269 llyle
2150 4202 2409 4271 impressa
2462 4207 2596 4261 ideis
2638 4207 2765 4263 dicit
2815 4209 3030 4266 firmare
3062 4227 3294 4283 corpus,
3327 4218 3481 4284 cujus

1903 4295 2349 4359 prtcstantissima
2403 4310 2553 4367 parte
2608 4314 2855 4358 constare
2905 4306 3082 4359 divina
3134 4310 3287 4373 dicit,
3343 4314 3482 4379 quod

1904 4401 2011 4440 non
2048 4387 2255 4441 videtur
2283 4406 2420 4463 esse.
2462 4394 2593 4463 llyle
2625 4396 2766 4449 enim
2816 4407 2898 4449 est
2943 4414 3027 4450 res
3077 4400 3319 4455 informis
3345 4443 3358 4465 ,
3393 4420 3482 4475 ve—

215 4473 354 4523 suo,
403 4459 489 4512 ubi
536 4462 693 4513 etiam
745 4461 795 4514 in
846 4462 928 4514 his
960 4473 1173 4518 notetur
1206 4468 1462 4533 perfectio
1492 4474 1705 4537 operis,
1741 4483 1793 4526 et
1818 4491 1872 4549 D
1903 4492 2015 4529 ram
2051 4494 2153 4530 non
2189 4459 2347 4534 habet
2380 4459 2583 4550 partem
2617 4486 2668 4538 in
2701 4488 2779 4539 sui
2814 4498 2997 4540 natura
3028 4505 3041 4550 ;
3076 4506 3245 4555 quare
3275 4507 3335 4544 ex
3370 4470 3486 4559 ejus

209 4550 283 4600 ait
332 4563 466 4612 uno,
519 4549 569 4602 id
616 4559 734 4616 est,
784 4566 813 4604 a
864 4552 1006 4616 Deo,
1036 4556 1157 4623 quia
1200 4573 1336 4609 unus
1364 4572 1443 4612 est
1477 4562 1645 4614 factor
1672 4580 1787 4615 om-

213 4642 399 4703 nium.
437 4656 554 4708 ane
582 4651 705 4695 sunt
730 4683 746 4706 ,
780 4658 809 4694 a
843 4643 1056 4698 duobus
1087 4656 1141 4701 et
1166 4663 1193 4700 a
1228 4651 1426 4715 tribus,
1458 4658 1707 4720 quoniam
1741 4656 1790 4708 lii

220 4739 455 4782 tractant
483 4729 548 4783 de
576 4730 719 4781 omni
754 4731 1050 4797 alteritate,
1096 4752 1215 4801 qua:
1243 4738 1310 4790 ab
1341 4756 1478 4805 uno,
1522 4742 1571 4794 id
1616 4754 1728 4808 est,
1763 4760 1790 4796 a

218 4820 338 4872 Deo
392 4818 705 4884 descendit,
764 4819 899 4874 sicut
952 4836 981 4873 a
1036 4828 1263 4882 tnonade
1319 4833 1495 4884 omnis
1552 4834 1791 4888 alternas

216 4909 401 4963 mundi
435 4910 668 4963 ducitur.
702 4911 932 4977 Quartus
976 4913 1074 4969 hac
1106 4920 1312 4973 ratione
1341 4914 1666 4977 suhlrahitur
1697 4942 1795 4977 nu-

213 5016 441 5064 merus,
494 5008 548 5052 ut
597 5000 793 5052 senarii
845 5007 1050 5058 numeri
1102 5010 1387 5074 perfectius
1440 5027 1786 5079 remaneant,

207 5090 341 5157 quia
377 5092 425 5140 lii
458 5099 563 5141 tres
598 5086 815 5156 perfecti
850 5099 1101 5145 notantur
1132 5098 1182 5148 in
1213 5100 1435 5153 scientia
1467 5104 1531 5155 de
1565 5106 1792 5158 naturali

198 5178 444 5249 justitia.
474 5178 605 5233 Nam
633 5179 678 5233 si
711 5198 813 5234 non
846 5184 1268 5253 subtraheretur,
1319 5192 1570 5247 denarius
1617 5211 1791 5247 rema-

208 5278 407 5333 neret,
440 5286 597 5334 quem
628 5284 837 5327 constat
882 5291 1003 5332 esse
1051 5279 1375 5346 perfectum,
1424 5289 1541 5353 quia
1588 5288 1790 5343 divisus

209 5373 322 5411 non
357 5357 670 5425 restituitur,
700 5362 837 5418 sicut
865 5368 1104 5422 senarius
1134 5370 1475 5439 imperfectus
1505 5382 1792 5432 resolvitur

211 5462 312 5509 per
361 5457 575 5515 partes,
626 5463 745 5516 qua:
795 5468 1127 5512 coacervata:
1177 5461 1374 5515 faciunt
1423 5464 1787 5534 imperfectum

208 5553 497 5593 numerum
519 5580 534 5602 ,
571 5540 620 5591 id
652 5550 763 5602 est,
796 5552 1086 5604 senarium.

282 5633 545 5698 Superest
587 5633 763 5699 igitur.
812 5639 1072 5703 δοριιῦμιω
1117 5662 1242 5701 vero
1285 5664 1426 5704 nunc
1455 5665 1577 5705 snas
1607 5653 1792 5710 defen-

209 5724 351 5779 dunt
382 5720 636 5796 rationes,
667 5735 719 5775 et
748 5725 953 5785 alienas
982 5730 1295 5805 impngnant
1316 5781 1331 5805 ,
1364 5751 1416 5795 et
1447 5756 1474 5797 c
1505 5758 1785 5803 ρυηγρτεο,

672 5815 937 5880 ΡΑτηοι.
987 5822 1115 5883 XC.

1901 4580 2052 4635 parte
2086 4572 2217 4643 nihil
2251 4587 2461 4628 consult
2483 4618 2498 4641 ,
2535 4593 2633 4631 nec
2663 4579 2819 4630 etiam
2854 4594 2918 4631 cx
2965 4579 3079 4642 ejus
3111 4584 3339 4634 termino
3382 4584 3482 4635 ali-

1884 4658 2025 4722 ‘qnid
2078 4671 2313 4712 Constat.
2348 4663 2399 4715 Si
2432 4665 2573 4715 enim
2608 4667 2729 4733 hyle
2779 4666 2829 4718 in
2861 4667 3075 4734 aliquod
3109 4684 3270 4721 unum
3307 4682 3480 4725 trans-

1901 4745 2004 4798 iret
2037 4755 2225 4812 totum,
2257 4749 2364 4816 jam
2397 4752 2496 4802 alia
2525 4755 2699 4806 omnia
2732 4770 2795 4808 ex
2828 4757 2946 4826 ityle
2980 4761 3198 4813 materia
3232 4777 3335 4815 non
3364 4778 3500 4816 cou-

1902 4849 2109 4891 starent
2136 4882 2150 4905 ,
2180 4842 2319 4904 quod
2350 4842 2510 4896 etiam
2544 4854 2625 4897 est
2672 4857 2858 4900 contra
2906 4850 3275 4905 auctoritatem
3300 4895 3313 4917 ,
3363 4868 3482 4907 cum

1900 4944 1998 4984 nec
2026 4945 2088 4983 ex
2125 4940 2271 4994 toto,
2307 4948 2405 4986 nec
2435 4949 2497 4988 ex
2532 4946 2681 5003 parte
2715 4937 2835 5007 hyle
2865 4950 3158 4996 constaret.
3190 4944 3481 4997 Dicendum

1899 5028 1983 5071 cst
2016 5020 2181 5088 igitur
2212 5024 2334 5093 hyle
2366 5026 2621 5081 advenire
2654 5030 2877 5083 lormam
2901 5077 2914 5098 ,
2961 5046 3014 5085 et
3060 5037 3229 5102 primo
3274 5036 3331 5087 in‘
3372 5037 3483 5089 ali-

1898 5126 2055 5176 quam
2093 5125 2296 5179 partem
2329 5119 2409 5170 Sui
2437 5159 2450 5182 ,
2486 5122 2624 5173 unde
2649 5122 2857 5176 dicatur
2885 5126 2997 5177 fieri
3028 5127 3222 5193 aliquid
3246 5168 3259 5189 ,
3288 5127 3485 5182 deinde

1898 5207 2054 5259 aliam
2086 5208 2310 5263 formam
2346 5214 2397 5264 in
2429 5215 2533 5265 alia
2569 5226 2718 5281 parte
2751 5206 2869 5277 sui:
2902 5229 2954 5269 et
2985 5219 3063 5270 sic
3111 5233 3205 5283 per
3251 5223 3479 5289 singula.

1899 5296 2137 5351 'l'radunt
2170 5302 2374 5370 physici
2421 5306 2665 5372 qua-dam
2715 5308 3056 5361 convenienti
3103 5325 3331 5378 corpore
3370 5314 3451 5366 ele

1898 5400 2202 5444 mentorum
2259 5396 2321 5445 ad
2381 5396 2789 5447 similitudinem
2850 5414 3197 5453 numerorum
3254 5418 3481 5469 corpora

1898 5482 2323 5547 proportionari,
2353 5483 2417 5533 ad
2454 5484 2553 5535 hoc
2590 5496 2644 5535 ut
2674 5485 2781 5536 sint
2810 5498 2927 5551 apta
2961 5490 3216 5543 γίνίοεπί
3260 5492 3327 5543 ab
3371 5493 3485 5543 aui-

1896 5584 1980 5621 ma
2004 5609 2019 5630 ,
2055 5586 2173 5635 qua:
2201 5571 2520 5638 corupOsitio
2554 5574 2872 5629 ttuiverSalis
2902 5580 3026 5631 dum
3060 5595 3212 5631 suum
3245 5588 3482 5631 tenorem

1897 5660 2053 5713 habet
2077 5699 2092 5722 ,
2125 5670 2365 5714 naturain
2397 5665 2647 5718 animalis
2675 5667 2898 5719 solidam
2930 5652 2982 5722 et
3010 5670 3242 5735 quietam
3267 5709 3281 5731 ,
3312 5686 3485 5736 quan-

1899 5759 2007 5803 tum
2043 5751 2095 5805 in
2128 5753 2205 5806 sui
2242 5766 2481 5810 naturam
2517 5772 2733 5811 manere
2762 5759 2960 5812 dicunt.
3016 5760 3069 5812 Si
3119 5776 3245 5816 \(‘l'O
3276 5780 3339 5816 cx
3384 5764 3481 5815 alt-

3042 5851 3118 5911 ‘29
