3922 6246
444 364 545 420 2οῗ

885 362 1114 415 ’ΒΙΞΙὶιΕ
1158 362 1606 417 Ἠ·1Ν[ΗΑΒΙΙ.15
1647 363 1792 419 ΟΡΡ.
1836 362 2009 421 PARS

2139 364 2330 423 SECT.
2376 368 2435 421 ll.
2479 396 2544 407 -ο
2586 368 2789 424 DUBIA
2833 368 2915 423 ET
2956 365 3221 423 SPUltH.

446 491 548 538 qua
585 485 730 540 parte
761 490 820 525 ev
859 476 1139 540 stipe-ﬂuis
1192 478 1533 537 humoribus,
1584 480 1694 531 sive
1739 478 2014 531 diminutis
2051 481 2095 540 Α
2125 490 2176 532 et
2228 492 2480 549 perpetua
2532 485 2753 537 mansio.
2792 483 3041 539 Modestia
3073 496 3153 537 est
3196 500 3285 551 per
3327 499 3486 551 quam
3537 485 3715 551 pudor

444 567 709 621 discordia
754 570 1159 634 compositionis
1202 574 1476 633 evenerit,
1520 552 1880 624 iiihrniitatem
1924 586 2016 624 ac-

441 660 661 721 cidere;
696 658 737 711 si
776 672 902 711 vero
936 656 1123 725 periit',
1160 661 1438 714 dissolutio
1489 663 1645 713 fuerit
1678 702 1693 726 ,
1741 663 1877 713 mori
1922 661 2019 713 lio-

440 755 684 817 minem;
732 753 870 805 unde
918 753 1043 805 dicit
1084 754 1242 815 liber,
1287 755 1410 806 dum
1459 755 1657 807 mundo
1697 764 2017 823 supersunt,

438 859 545 903 etc.
579 847 709 899 Cum
745 862 870 897 vero
898 845 1187 910 deficiunt,
1237 864 1357 898 mox
1404 863 1597 899 arcana
1647 849 1723 899 vis
1768 848 2014 906 solvitur,

442 941 559 1008 quia
591 949 843 1007 quantum
893 939 944 990 in
998 948 1184 990 natuia
1233 938 1423 992 anima:
1471 955 1589 991 cum
1639 954 1853 1005 semper
1898 949 2018 1005 apta

437 1040 518 1081 est
548 1032 788 1081 animare
810 1068 823 1086 .
857 1028 954 1079 nisi
986 1042 1180 1091 corpus
1225 1028 1509 1092 impediat,
1546 1031 1684 1081 umle
1714 1018 2016 1097 subjnngit,

435 1123 608 1172 animo
644 1121 753 1184 ipsa
788 1136 891 1171 non
927 1120 1136 1179 deficit,
1172 1130 1277 1173 etc.
1312 1118 1441 1172 (lum
1476 1122 1651 1172 adhuc
1684 1129 1859 1187 potest
1898 1133 2020 1171 esst:

433 1214 689 1267 accessio.
723 1210 851 1263 Nota
886 1212 983 1262 hoc
1015 1225 1130 1263 esse
1165 1221 1351 1263 contra
1383 1211 1703 1263 sententiam
1745 1208 2017 1273 Platonis,

438 1306 524 1358 ubi
566 1305 759 1357 dicitur
802 1304 1007 1356 meritis
1054 1304 1104 1355 in
1151 1303 1256 1356 fine
1298 1303 1501 1356 locatis.
1550 1304 1680 1357 Nam
1728 1305 2016 1357 secundum

437 1401 649 1451 heatuni
702 1396 1055 1465 Augustinum
1104 1398 1279 1449 omnis
1331 1396 1493 1449 homo
1543 1398 1747 1449 tollitur
1798 1410 1827 1448 a
1878 1398 2016 1461 vita,

433 1504 553 1540 enni
589 1486 669 1537 vel
701 1487 935 1552 Optimus
971 1486 1052 1538 vel
1090 1488 1358 1553 pessimus
1392 1496 1512 1551 est,
1548 1503 1651 1541 non
1692 1487 1811 1540 dico
1853 1502 2019 1551 quau-

434 1589 542 1631 tuin
600 1578 661 1629 ad
717 1577 965 1629 Cﬂt‘CiUlll
1020 1577 1237 1642 operis,
1301 1586 1556 1645 pensatur
1606 1593 1670 1631 ex
1724 1578 2019 1646 quantitate

436 1671 667 1729 amoris;
711 1668 798 1734 qui
844 1677 1022 1721 autem
1078 1677 1202 1721 tunc
1253 1670 1413 1722 homo
1464 1670 1668 1722 tollitur
1707 1685 1768 1722 ex
1810 1668 2016 1736 justitia

436 1761 526 1812 lh-i
564 1761 616 1809 fit
640 1803 652 1821 ,
687 1776 747 1811 ex
783 1776 882 1825 qua
916 1761 1075 1812 homo
1107 1761 1445 1813 incremento
1476 1760 1731 1813 virtutum
1779 1761 2012 1827 peilicit,

2128 572 2381 625 itOtteSluS
2404 575 2619 627 cliarani
2648 586 2700 627 et
2733 574 2974 628 stabilem
3004 586 3275 641 comparat
3304 575 3713 633 auctoritatem.

2129 662 2372 715 Amicitia
2422 673 2505 717 est
2554 666 2797 717 voluntas
2842 666 3099 718 bonarum
3147 680 3347 729 rerum,
3377 680 3496 732 qua!
3528 666 3716 729 aliqua

2126 756 2261 805 illius
2297 754 2461 821 ipsius
2487 769 2643 807 causa
2678 771 2832 820 quem
2864 756 3053 823 diligit,
3090 767 3272 809 contra
3309 756 3425 821 ejus
3458 756 3563 821 pati
3616 770 3716 801 vu-

2126 845 2401 897 luntateiu.
2453 845 2788 912 Philosophia
2839 856 2921 899 est
2972 846 3212 899 veritatis
3261 846 3714 912 comprehensio,

2123 949 2240 1001 quae
2285 934 2531 987 dividitur
2562 936 2612 987 in
2655 948 2772 996 ira,
2821 936 3061 999 scilicet,
3109 937 3373 999 ethicam,
3430 936 3708 1004 logicani,

2126 1024 2416 1093 physicam.
2466 1025 2649 1078 Etliica
2680 1035 2972 1081 autemest
3020 1026 3239 1080 scientia
3293 1026 3534 1092 moralis,
3576 1026 3714 1078 vita

2123 1116 2361 1167 ordinem
2394 1126 2573 1181 aperte
2603 1115 3009 1179 demonstrans;
3042 1117 3126 1169 cui
3158 1126 3535 1183 supponuntur
3568 1114 3712 1178 tria,

2122 1205 2342 1267 scilicet,
2370 1208 2594 1268 animus,
2626 1207 2821 1269 anima,
2869 1209 3047 1261 homo.
3080 1208 3303 1260 Animus
3342 1217 3423 1261 est
3471 1222 3559 1261 res
3610 1205 3708 1260 sul

2123 1309 2304 1348 curam
2333 1310 2543 1363 gerens.
2582 1297 2769 1349 Anima
2811 1306 2892 1350 est
2918 1298 3123 1362 reipub.
3160 1310 3342 1351 curam
3373 1297 3711 1363 suscipiens.

2126 1387 2293 1447 llouio
2343 1397 2427 1439 est
2473 1403 2557 1441 res
2609 1388 2905 1453 familiaris,
2956 1390 3189 1442 officium
3229 1391 3539 1457 disponens,
3587 1388 3711 1452 vel,

2121 1477 2411 1530 secundum
2483 1477 2819 1542 dialec1icos,
2876 1480 3070 1531 animal
3146 1482 3425 1533 rationale.
3485 1480 3709 1531 Anima:

2122 1580 2296 1620 autem
2327 1578 2554 1633 quatuor
2584 1579 2973 1637 supponuntur,
3009 1571 3235 1633 scilicet,
3271 1572 3581 1639 prudentia,
3610 1569 3713 1638 ju-

2122 1656 2298 1721 stitia,
2345 1656 2618 1720 fortitudo,
2670 1662 3044 1725 temperantia.
3093 1658 3379 1713 Prudentia
3425 1670 3509 1714 est
3559 1673 3714 1714 vera

2123 1746 2297 1801 laudis
2342 1744 2621 1815 perfectio.
2656 1747 2866 1802 Justitia
2896 1761 2979 1803 est
3012 1750 3221 1804 habitus
3252 1751 3439 1804 animi.
3471 1751 3713 1821 Sapien-

431 1866 486 1906 et
518 1854 567 1906 in
599 1854 848 1907 sordibus
880 1854 1131 1905 vitiorum
1167 1854 1446 1921 putrescit.
1480 1853 1553 1907 De
1584 1864 1721 1907 terra
1764 1864 1813 1907 et
1858 1855 2009 1923 igne,

2123 1836 2210 1900 tia,
2240 1850 2429 1892 cuncta
2466 1840 2823 1908 proSpiciens,
2871 1841 2952 1893 Vl'l
2987 1840 3195 1894 habitus
3223 1841 3383 1894 animi
3422 1842 3713 1895 communi

432 1946 553 2012 quia
586 1945 819 1997 viviheat
868 1945 1191 2010 Spississima
1242 1955 1294 1998 et
1336 1945 1703 1999 subtilissima.
1757 1945 1831 1998 Ex
1878 1956 2015 1998 terra

428 2046 482 2089 et
514 2050 684 2104 aqua,
718 2034 841 2103 quia
874 2036 1238 2103 Spississiina;
1294 2052 1359 2088 ex
1413 2050 1539 2089 aere
1588 2046 1641 2089 et
1688 2036 1843 2104 igne,
1892 2037 2014 2104 quia

438 2126 778 2177 tenuissima.
817 2125 963 2177 Hanc
997 2126 1178 2178 dividit
1215 2126 1459 2178 horizon.
1513 2126 1622 2179 Hoc
1669 2142 1773 2181 non
1806 2136 1886 2180 est
1925 2140 2017 2179 ve-

434 2232 569 2268 rum.
608 2215 843 2283 lioriznn
877 2216 1017 2267 enim
1050 2216 1100 2266 in
1137 2215 1466 2283 longitudine
1501 2216 1659 2269 habet
1690 2214 1795 2268 500
1824 2215 2013 2281 stadia,

434 2324 533 2375 qua
588 2322 834 2358 mensura
883 2316 1076 2359 teriam
1126 2322 1244 2361 esse
1294 2307 1590 2377 longiorem
1634 2320 1875 2373 constat;
1921 2311 2014 2364 sed

432 2398 571 2466 quod
608 2398 693 2449 hic
726 2398 860 2450 liher
890 2398 1051 2463 dicit,
1088 2398 1495 2467 intelligendum
1529 2409 1611 2451 est
1642 2401 1707 2451 de
1739 2400 2017 2453 liorizonte

436 2490 557 2542 rmli
581 2530 593 2551 ,
646 2488 788 2552 quod
820 2497 903 2542 est
937 2488 1379 2553 hetniSphmrium
1400 2529 1413 2552 ,
1445 2490 1545 2542 sub
1574 2504 1682 2557 quo
1711 2490 2015 2544 continetur

427 2580 642 2632 dimidia
673 2595 793 2645 pars
827 2588 1001 2632 terr:e.
1032 2577 1291 2645 Ultroque
1323 2594 1567 2648 magnam
1603 2589 1832 2647 partem.
1859 2580 2013 2634 Citro

430 2671 549 2735 quia
585 2687 687 2721 non
722 2679 883 2723 totam
913 2670 1176 2732 continet,
1210 2671 1289 2723 vel
1338 2672 1478 2723 ultro
1506 2671 1769 2738 citroque,
1796 2671 1845 2723 id
1890 2664 2008 2735 est,

427 2778 489 2813 ex
517 2773 740 2827 utraque
769 2771 937 2828 parte.
964 2761 1114 2813 Tunc
1147 2773 1367 2829 prepter
1394 2762 1669 2814 eluviones
1694 2776 1746 2815 et
1772 2765 2013 2817 exustio-

432 2870 545 2907 nes.
584 2854 733 2919 Quod
769 2855 921 2906 Plato
952 2863 1198 2919 testatur,
1229 2853 1303 2906 sic
1333 2854 1535 2907 dicens.
1571 2854 1653 2907 Fit
1680 2856 1819 2907 enim
1852 2855 2012 2922 longo

429 2945 711 2996 intervallo
758 2943 938 2996 mundi
987 2944 1419 2997 circumactionis
1466 2944 1822 3007 exui-ltitatio,
1852 2959 2009 3012 quam

435 3034 870 3087 inﬂammationis
926 3034 1187 3086 vasti'atis
1240 3048 1460 3087 necesse
1503 3044 1583 3087 est
1628 3046 2008 3100 eouseqiiatur.

424 3126 556 3178 (lum
604 3124 733 3177 nihil
772 3124 911 3175 aliud
966 3136 1225 3187 tempora,
1260 3125 1359 3177 nisi
1394 3140 1583 3178 cursus
1614 3127 1742 3178 solis
1776 3126 2000 3179 efficiat.
2034 3162 2080 3224 Ο

427 3216 626 3283 (Inisus
659 3214 784 3265 solis
816 3227 920 3265 non
968 3213 1132 3265 efficit
1166 3226 1429 3280 tempora,
1462 3231 1582 3267 cum
1631 3216 1793 3267 eti.im
1837 3218 2003 3281 alzqui

431 3305 542 3357 dies
576 3302 741 3355 fuisse
775 3303 1019 3370 legantur
1050 3312 1175 3356 ante
1206 3304 1333 3356 Solis
1375 3305 1662 3371 originem;
1695 3306 1787 3358 sed
1818 3308 1893 3359 sol
1927 3306 2007 3360 di-

422 3398 559 3447 citur
582 3394 797 3446 efficere
824 3404 1054 3459 tempus,
1081 3394 1201 3458 quia
1234 3409 1323 3460 per
1347 3409 1467 3445 cum
1496 3394 1836 3447 discernitur.
1872 3395 2002 3449 Nam

425 3494 635 3550 tempus
685 3496 765 3533 est
812 3493 1101 3550 perpetuus
1146 3498 1325 3534 rerum
1377 3483 1657 3549 decursus,
1703 3500 1794 3550 per
1832 3487 2001 3540 solem

430 3584 663 3628 notatus.
703 3574 822 3627 lileo
875 3574 1075 3643 physici
1126 3576 1381 3627 mundum
1433 3590 1680 3643 maguum
1736 3578 2003 3631 hominem

426 3679 633 3719 vocant.
675 3666 922 3717 Mundum
956 3667 1170 3717 nomine
1218 3665 1449 3718 hominis
1498 3677 1844 3727 vocaverunt,
1875 3669 2003 3735 quia

424 3760 688 3811 animatus
729 3767 785 3808 ut
834 3755 1015 3819 ltomo,
1065 3753 1333 3807 hominem
1381 3770 1507 3807 vero
1551 3756 1767 3809 nomine
1813 3759 1995 3809 mundi

426 3858 767 3908 vocaverunt,
804 3849 921 3913 quia
954 3862 1017 3898 ex
1051 3858 1278 3913 quatuor
1319 3854 1530 3899 constat
1563 3848 1866 3901 elementis.
1900 3852 2005 3903 Aut

428 3938 690 4004 splnnrico
724 3948 889 3988 motu.
917 3936 1066 3999 Quod
1102 3936 1369 4003 splncrico
1394 3947 1539 3989 motu
1573 3946 1796 3999 rotatur,
1830 3939 2002 4003 ipsum

426 4030 476 4079 in
522 4041 579 4078 se
631 4040 795 4079 ιυτιιιιι
832 4025 1003 4077 1001111
1049 4040 1205 4090 quem
1248 4024 1426 4087 habet,
1476 4041 1747 4089 nunquam
1782 4027 2003 4090 deserit,

428 4120 520 4173 sed
554 4120 606 4169 in
638 4118 822 4169 eodem
854 4118 1054 4169 ambitu
1086 4130 1301 4181 semper
1330 4125 1507 4167 manet
1540 4126 1734 4179 totum,
1765 4132 1858 4182 per
1890 4131 2008 4181 par-

429 4219 510 4262 tes
541 4217 715 4259 autem
748 4206 1015 4257 diversum
1050 4203 1222 4257 locum
1253 4205 1480 4257 assumit
1509 4207 2004 4260 circumvolvendo.

422 4300 573 4365 Quod
607 4309 779 4349 autem
816 4311 907 4363 per
942 4298 1137 4348 lineam
1168 4305 1437 4359 movetur,
1468 4299 1760 4365 aliquando
1797 4304 2005 4367 penitus

424 4392 656 4459 priorem
706 4389 879 4440 locum
929 4388 1131 4440 deserit
1181 4389 1494 4441 translatum
1547 4388 1599 4440 in
1652 4391 1849 4455 alium,
1905 4392 2005 4443 ali-

2121 1930 2346 1993 ntilitate
2383 1940 2717 1983 conservata.
2752 1930 3033 1984 Fortitudo
3064 1940 3151 1985 est
3187 1934 3457 2002 quedam,
3491 1933 3711 1988 relictis

2122 2021 2283 2085 vitii~,
2317 2021 2380 2073 ad
2425 2022 2647 2075 meliora
2697 2035 2912 2090 semper
2943 2038 3001 2076 se
3046 2024 3281 2092 erigens,
3311 2026 3390 2079 vel
3435 2025 3589 2079 fortis
3620 2037 3714 2079 est

2122 2112 2480 2178 periculorum
2514 2112 2803 2179 susceptio,
2834 2122 2886 2166 et
2920 2112 3180 2166 malorum
3210 2118 3506 2181 perpessio.
3541 2114 3711 2169 Tem-

2121 2205 2359 2271 perantia
2391 2213 2493 2267 est,
2524 2206 2661 2271 quod
2710 2205 2907 2258 amoris
2936 2208 3198 2274 gravitate
3228 2221 3457 2274 quaeque
3489 2211 3711 2261 consti-

2120 2304 2291 2350 tuens.
2327 2294 2520 2363 Logica
2567 2306 2647 2349 est
2694 2295 2922 2361 diligens
2966 2297 3100 2350 ratio
3129 2297 3450 2362 disserendi,
3486 2307 3540 2352 et
3583 2314 3702 2349 IIII-

2117 2387 2279 2457 gistra
2331 2385 2549 2453 judicii;
2594 2387 2672 2439 sic
2723 2385 2936 2439 definita
2988 2385 3171 2440 Stricte
3218 2387 3500 2453 accipitur,
3542 2400 3708 2440 como

2119 2478 2455 2546 prehendens
2484 2486 2659 2531 tamen
2690 2477 3009 2532 rhetoricam
3041 2479 3336 2533 dialectiCa.
3367 2478 3542 2547 Largo
3572 2494 3710 2535 vero

2116 2571 2193 2622 sic
2222 2569 2544 2621 describitur
2574 2584 2584 2617 ;
2623 2567 2813 2636 Logica
2846 2579 2927 2622 est
2956 2568 3327 2622 sermocinalis
3356 2570 3608 2635 scientia,
3644 2578 3708 2624 et

2114 2659 2367 2712 dividitur
2401 2660 2451 2711 in
2482 2659 2601 2723 tria,
2637 2661 2687 2711 in
2721 2660 3079 2723 dialecticam,
3122 2652 3468 2723 rhetoricam,
3511 2675 3705 2729 gratu—

2114 2751 2378 2802 maticain.
2417 2748 2698 2802 Dialectica
2730 2758 2812 2803 est
2856 2750 3117 2818 sagacitas
3150 2750 3371 2818 ingenii,
3418 2751 3705 2804 stultitia-

2115 2856 2219 2908 que
2265 2852 2561 2908 sequester.
2596 2840 2976 2907 Supponuntur
3016 2851 3191 2893 antem
3236 2841 3527 2894 dialecticae
3559 2857 3700 2911 qua-

2117 2937 2256 2989 tuor,
2288 2929 2516 2993 scilicet,
2547 2926 2811 2994 probatio,
2840 2932 3153 2996 assumptio,
3183 2928 3541 2994 confirmatio,
3571 2945 3704 2983 cun-

2114 3019 2306 3071 clusio.
2357 3016 2661 3077 Rhetorica.
2691 3020 3084 3087 coniunctionis
3133 3020 3397 3081 honestae,
3431 3031 3485 3073 et
3540 3021 3706 3075 faceti

2116 3110 2182 3162 eli
2205 3110 2335 3176 quii,
2368 3109 2576 3162 doctrix
2624 3118 3031 3177 argumentosa;
3061 3110 3145 3165 cui
3171 3121 3545 3179 supponuntur
3576 3114 3704 3175 tria,

2115 3208 2317 3262 natura,
2351 3199 2614 3260 doctrina,
2663 3214 2807 3251 usus.
2856 3197 3235 3265 Grammatica,
3272 3200 3562 3267 eloquendi
3601 3216 3697 3269 pe-

2113 3291 2254 3345 ritia.
2314 3291 2570 3360 Physica,
2624 3290 2847 3344 scientia
2900 3293 3157 3345 naturalis
3207 3293 3430 3360 vigoris,
3478 3306 3700 3344 causam

2110 3392 2257 3435 recte
2288 3397 2731 3435 coinniemorans.
2771 3381 2997 3451 Physica
3050 3391 3225 3437 autem
3257 3384 3360 3436 alia
3412 3384 3697 3437 intellecti-

2113 3468 2252 3532 bilis,
2286 3478 2341 3522 ut
2370 3472 2581 3537 angeli;
2626 3470 2729 3523 alia
2770 3470 3142 3539 intelligibLlis,
3174 3483 3231 3525 ut
3261 3472 3431 3533 Dens;
3466 3475 3571 3527 alia
3608 3489 3703 3525 na-

2112 3560 2321 3623 turalis,
2351 3571 2404 3613 ut
2430 3544 2757 3613 substantia.
2778 3562 3046 3615 Naturalis
3071 3565 3198 3615 vero
3220 3562 3473 3616 dividitur
3498 3563 3552 3617 in
3578 3579 3699 3624 sex.

2109 3642 2335 3713 scilicet,
2378 3650 2807 3714 arithmeticam,
2851 3654 3235 3720 geometriam,
3285 3657 3578 3716 musicam,
3614 3660 3703 3708 as-

2112 3753 2462 3807 tronomiam,
2515 3741 2889 3809 astrologiam,
2937 3745 3282 3798 medicinam.
3332 3745 3695 3801 Aritlnuetica

2109 3846 2193 3889 est
2240 3835 2611 3898 multitudinis,
2647 3850 2763 3901 qua:
2813 3850 2905 3901 per
2948 3849 3007 3888 se
3052 3846 3135 3888 est
3174 3836 3409 3889 sollicita
3460 3836 3699 3889 calculao

2111 3926 2233 3977 trix.
2268 3924 2627 3977 Arithmetica:
2658 3926 2972 3990 supponitur
3002 3923 3285 3991 perfectio,
3320 3926 3691 3994 imperfectin,

2113 4016 2387 4082 plusquam
2419 4014 2693 4082 perfectio.
2721 4015 3023 4069 Geometria
3054 4026 3140 4071 est
3172 4019 3464 4071 immobilis
3493 4021 3701 4087 magni.

2114 4110 2310 4162 tudinis
2339 4109 2575 4163 doetrina
2617 4110 2984 4176 pouderatrix,
3018 4110 3101 4163 vel
3150 4112 3538 4172 mensuratt-ix,
3571 4126 3699 4179 qua!

2118 4200 2279 4253 habet
2309 4201 2654 4267 lineamenta,
2682 4201 2981 4265 intervalla,
3014 4203 3426 4269 magnitudines,
3468 4207 3697 4273 figuras,

2119 4290 2500 4354 dimensiones,
2543 4306 2814 4345 numeros.
2850 4292 3049 4345 Musica
3078 4300 3161 4346 est
3190 4293 3431 4346 melodis:
3460 4294 3695 4364 ejusque

2114 4381 2588 4434 instrumentorum
2617 4382 2809 4436 artifex
2852 4384 3083 4435 curiosa.
3116 4382 3314 4436 Musica
3344 4394 3544 4447 autem,
3578 4386 3691 4439 alia

425 4480 637 4547 quando
671 4482 899 4546 priorem
948 4496 1052 4531 non
1102 4478 1401 4533 deserendo
1444 4480 1729 4548 porrigitur
1770 4482 1821 4534 in
1869 4486 2002 4536 ulte.
2039 4502 2087 4561 Ι)
2114 4470 2563 4534 harinonica,’aha
2587 4473 2907 4542 rhytlimica,
2944 4474 3043 4525 alia
3078 4473 3319 4529 metrica.
3349 4474 3701 4529 Astronomia

424 4573 645 4633 riorein,
676 4580 727 4622 ut
773 4570 932 4622 arbor
978 4570 1291 4623 crescendo.
1328 4570 1435 4625 Nos
1476 4586 1665 4625 cavere
1716 4573 2001 4641 przestigia.

427 4663 579 4717 Sicut
605 4661 658 4715 in
692 4662 971 4729 pratstigiis
994 4662 1189 4726 aliquid
1222 4664 1429 4716 videtur
1451 4676 1591 4723 esse,
1616 4680 1734 4715 cuiu
1761 4665 1886 4716 nihil
1914 4666 2000 4727 sit,

424 4760 495 4809 ita
526 4756 701 4808 verbis
732 4756 874 4806 illius
923 4756 1010 4821 qui
1042 4754 1328 4821 scpbistice
1358 4756 1485 4824 agit,
1515 4769 1633 4807 cum
1672 4764 1845 4809 tamen
1876 4756 2004 4809 nihil

425 4843 666 4898 veritatis
694 4840 780 4896 sit.
809 4842 1111 4897 Intellectus
1139 4854 1220 4897 est
1251 4860 1345 4913 per
1372 4862 1529 4912 quem
1560 4847 1768 4897 animus
1792 4861 1852 4899 ea
1890 4862 2007 4913 qua:

426 4946 554 4989 sunt
596 4935 862 5002 perSpicit.
900 4932 1252 4996 Providentia,
1306 4950 1396 5000 per
1427 4952 1585 5002 quam
1617 4936 1816 5003 aliquid
1866 4936 2007 4989 futu-

428 5044 547 5081 rum
581 5027 809 5089 videtur,
834 5034 1117 5093 antequam
1147 5024 1254 5079 fiat.
1282 5026 1691 5097 Magnanimitas
1721 5040 1803 5083 est
1830 5046 2006 5082 rerum

426 5134 735 5190 magnarum
757 5129 808 5173 et
838 5117 1171 5171 excelsarum
1200 5134 1321 5173 cum
1349 5119 1528 5173 anima
1556 5125 1731 5187 ampla
1754 5131 1807 5175 et
1838 5121 2008 5190 splen-

427 5212 547 5263 dida
596 5210 824 5279 quadam
882 5210 1246 5278 propositione
1308 5210 1563 5279 cognitio.
1618 5212 2007 5279 Maguilicemia

428 5302 612 5354 eadem
660 5300 712 5353 in
746 5299 959 5354 effectu.
996 5297 1211 5353 Fiducia
1242 5311 1322 5353 est
1368 5316 1460 5367 per
1488 5317 1649 5370 quam
1711 5302 1917 5371 magnis
1957 5314 2007 5357 et

428 5390 665 5444 honestis
695 5389 745 5442 in
776 5391 933 5443 rebus
964 5392 1187 5444 multum
1223 5394 1337 5459 ipse
1368 5391 1581 5445 animus
1611 5394 1660 5445 in
1695 5408 1753 5447 se
1801 5393 2008 5448 ﬁduciae

431 5495 553 5531 cum
581 5488 725 5533 certa
758 5492 853 5547 spe
894 5480 1231 5533 collocatum.
1262 5480 1571 5534 Tolerantia
1601 5488 1685 5533 est
1716 5481 2011 5536 honestatis

430 5578 522 5621 aut
553 5571 795 5622 utilitatis
828 5586 982 5622 causa
1015 5584 1105 5623 rex
1140 5572 1425 5623 arduaruiu
1460 5586 1523 5627 ac
1553 5570 1876 5637 difficilium,
1913 5588 2010 5627 vo—

435 5657 715 5709 luntarium
748 5673 810 5711 ac
834 5658 1021 5711 diurna
1053 5660 1348 5727 perpessio.
1373 5659 1711 5725 Constantia,
1742 5663 1859 5715 sive
1890 5676 2011 5727 per-

437 5758 750 5816 severantia,
786 5762 867 5807 est
908 5754 959 5806 in
1007 5755 1211 5807 ratione
1245 5754 1379 5808 bene
1410 5753 1770 5824 c-insiderata,
1808 5755 2013 5811 statilis

2114 4572 2196 4616 est
2228 4565 2439 4617 niohilis
2487 4566 2869 4631 magnitudinis
2916 4566 3083 4618 ascita
3130 4570 3559 4633 contemplatrix.
3594 4569 3703 4622 Δία

2112 4656 2329 4725 trologia
2378 4668 2461 4710 est
2508 4660 2691 4725 peritia
2743 4673 2859 4725 qua:
2903 4658 3055 4710 ccelis
3104 4658 3419 4726 vertiginem
3460 4674 3702 4715 Conver-

2110 4747 2261 4801 sione
2290 4750 2611 4801 considerat.
2641 4750 2821 4803 Altera
2852 4756 3027 4802 autem
3077 4752 3367 4814 naturalis,
3400 4750 3567 4805 alien
3603 4769 3705 4808 au-

2112 4850 2213 4893 tem
2246 4844 2633 4908 superstitiosa.
2663 4842 2928 4895 Naturalis
2971 4844 3096 4896 dum
3129 4844 3448 4912 exsequitur
3478 4844 3616 4898 solis
3648 4856 3707 4901 et

2111 4933 2249 4987 luna:
2278 4949 2516 4997 cursum,
2544 4944 2829 4997 astrorum,
2858 4947 3037 4989 certas
3066 4944 3369 5003 temporum
3399 4938 3697 4994 stationes.

2111 5022 2489 5091 Superstitiosa
2520 5040 2646 5079 vero
2692 5032 2796 5093 est,
2830 5041 2989 5091 quam
3039 5026 3407 5081 mathematici
3452 5042 3701 5095 sequun—

2113 5124 2216 5173 tur.
2258 5128 2375 5183 qua:
2421 5116 2472 5169 in
2518 5117 2687 5170 stellis
2727 5128 3079 5184 augurantur.
3128 5116 3243 5171 lloc
3273 5132 3404 5171 vero
3432 5129 3514 5172 est
3554 5118 3707 5177 inter

2112 5208 2494 5260 astronomiam
2525 5218 2578 5261 et
2620 5208 2989 5276 astrologiam,
3022 5208 3145 5278 quia
3197 5208 3529 5262 astronomia
3557 5225 3704 5266 cor:-

2115 5295 2397 5358 versionis,
2426 5304 2593 5361 ortus,
2620 5296 2819 5361 obitus,
2851 5308 3136 5365 motusque
3168 5296 3404 5352 siderum
3432 5298 3706 5361 continet.

2114 5400 2168 5441 et
2196 5402 2291 5439 cur
2323 5386 2399 5439 sic
2440 5397 2719 5441 vocentur.
2749 5387 3049 5460 Astrologia
3080 5400 3209 5443 vero
3254 5389 3449 5456 partim
3482 5396 3706 5444 natura-

2114 5476 2199 5543 lis,
2228 5486 2285 5531 et
2308 5480 2675 5544 superstitiosa
2711 5479 2922 5544 partim.
2958 5477 3215 5533 Medicina
3248 5489 3333 5534 est
3360 5493 3454 5533 ars
3480 5495 3605 5548 qua
3634 5482 3709 5539 de

2114 5568 2313 5621 morbis
2356 5577 2410 5622 et
2450 5570 2621 5621 salute
2667 5582 2953 5636 corporum
2998 5579 3213 5626 tractat.
3248 5570 3370 5625 Alia
3404 5585 3538 5627 vero
3580 5587 3711 5629 mes

2116 5661 2348 5723 thodica,
2374 5660 2475 5712 alia
2506 5670 2681 5713 autem
2713 5662 2987 5730 enipirica,
3020 5663 3123 5719 alia
3152 5664 3350 5734 logica.
3378 5662 3713 5718 Aristotelea

2113 5755 2297 5824 qumrit
2332 5768 2396 5807 an
2451 5752 2585 5811 Deus
2626 5752 2733 5809 sit:
2764 5768 2921 5825 pana
2962 5755 3155 5825 dignus
3212 5769 3316 5825 cst,
3348 5756 3476 5824 quia
3524 5753 3715 5810 colere
