3922 6246
206 434 294 489 909

1493 424 1741 480 ιιυδιεΑ
1786 421 2150 477 ΤΙΙΕΟΜΕᾹ.

3347 412 3447 467 MU

206 547 377 619 magis,
408 560 569 617 quam
601 544 870 616 inquirere
899 542 1153 600 convenit
1181 540 1431 610 sapienti.
1462 536 1769 593 Alexander
1797 546 1847 605 Α
1873 548 2061 587 omnes
2094 532 2283 584 animae
2314 539 2642 583 recreantur.
2678 528 3064 603 Hermogenes.
3092 529 3147 585 Si
3182 529 3315 584 Deus
3345 539 3448 575 nun

204 639 263 694 ad
303 638 623 709 Didymum:
659 637 744 692 Est
774 636 950 691 anima
998 650 1097 688 una
1131 648 1223 702 per
1266 646 1325 686 se
1371 630 1596 693 stabilis,
1641 628 1779 682 unde

210 783 1261 808 _____________________

1886 637 1989 679 est.
2017 623 2154 678 unde
2184 623 2354 676 bona?
2379 622 2419 675 si
2451 632 2553 686 est,
2584 622 2722 674 unde
2750 621 2926 675 mala?

1265 767 3451 794 _______—__—___-_______—_—_—__-.

936 887 1465 1003 BEDE
1542 879 2721 996 PRESBYTER!

1500 1075 1750 1131 MUSICA
1791 1072 2159 1129 Tlli-LORICA.

264 1221 559 1279 Notandum
590 1230 669 1274 est
700 1216 841 1287 quod
870 1214 1043 1271 omnis
1072 1230 1161 1269 ars
1193 1216 1243 1267 in
1275 1223 1481 1267 ratione
1522 1211 1767 1265 Contine-

203 1322 295 1369 tur.
321 1311 523 1367 Musica
552 1323 763 1379 quoque
796 1309 847 1361 in
880 1310 1085 1361 ratione
1130 1319 1473 1360 numerorum
1522 1304 1771 1358 consistit

203 1417 348 1475 atque
380 1412 639 1458 versatur.
674 1401 803 1456 Illud
834 1414 1009 1456 autem
1040 1401 1180 1470 quod
1216 1399 1272 1452 fit
1303 1415 1367 1453 ex
1402 1410 1647 1451 tonorum
1693 1400 1771 1451 in—

202 1495 502 1550 strnmentis
549 1494 897 1549 mutatorium
946 1503 1043 1545 est.
1076 1494 1321 1561 Quinque
1367 1500 1488 1545 sunt
1536 1504 1766 1543 sensus:

203 1586 426 1656 ipsorum
452 1600 707 1641 sensuum
737 1584 843 1637 dno
875 1595 999 1637 sunt
1030 1585 1115 1651 qui
1143 1582 1293 1652 juxta
1321 1598 1517 1651 corpus
1546 1597 1769 1637 Sumun-

202 1685 301 1743 tur,
325 1677 474 1732 visus
500 1685 555 1731 et
596 1678 845 1741 auditus;
876 1685 930 1730 et
958 1676 1062 1729 duo
1104 1685 1228 1730 sunt
1256 1676 1345 1746 qui
1392 1677 1555 1739 intra,
1588 1686 1772 1743 gustus

200 1777 251 1823 et
273 1776 460 1835 tactus,
491 1769 600 1822 imo
626 1783 755 1822 vere
784 1766 1029 1821 olfactus.
1059 1768 1283 1843 Dubium
1309 1777 1393 1821 est
1420 1777 1598 1821 utrum
1628 1767 1772 1820 intus

201 1876 263 1916 an
291 1860 419 1916 foris
439 1861 654 1916 sentiat.
700 1861 797 1914 Est
826 1869 1003 1914 autem
1027 1875 1218 1914 sensus
1239 1860 1505 1915 vinculum
1530 1860 1773 1929 corporis
1812 1887 1852 1946 Β

199 1960 251 2007 οι
288 1953 497 2007 animm.
529 1950 782 2020 Quaedam
828 1958 951 2004 sunt
985 1952 1342 2019 incorporalia
1372 1960 1427 2005 et
1458 1949 1774 2013 invisibilia,

205 2052 261 2097 ut
286 2046 490 2109 anima;
522 2052 574 2098 et
600 2044 843 2111 quasdam
869 2044 1167 2111 corporalia
1198 2052 1253 2096 et
1281 2043 1533 2107 visibilis,
1566 2050 1623 2095 ut
1654 2051 1779 2096 sunt

206 2149 453 2205 corpora;
493 2136 736 2206 quadam
772 2136 1052 2191 invisibilia
1080 2147 1131 2191 et
1159 2136 1477 2206 corporalia,
1508 2146 1563 2190 ut
1591 2151 1779 2191 sensus

201 2227 462 2296 corporei.
512 2227 823 2297 Corporalia
880 2238 1035 2293 sunt,
1096 2228 1217 2297 quia
1274 2230 1487 2298 corpori
1546 2228 1779 2281 admini-

205 2328 467 2381 strantur;
499 2330 551 2374 et
584 2320 888 2385 invisibilia,
916 2324 1037 2389 quia
1071 2319 1193 2374 illud
1223 2330 1276 2373 ut
1309 2320 1557 2375 inanimis
1586 2321 1668 2376 vel
1701 2320 1778 2374 vi-

203 2424 313 2476 sus,
352 2425 460 2465 non
514 2419 692 2480 potest
742 2411 930 2465 videri.
967 2411 1117 2466 Unde
1162 2412 1247 2477 Iit,
1281 2420 1337 2465 ut
1376 2426 1497 2466 cum
1549 2414 1781 2481 quinque

200 2504 441 2573 corporei
481 2520 673 2559 sensus
704 2505 807 2558 alia
840 2505 1108 2559 exteriora
1139 2506 1395 2572 sentiant,
1426 2506 1633 2573 seipsos
1677 2521 1779 2559 non

200 2598 450 2653 sentiant.
480 2598 637 2654 Visus
668 2600 814 2654 enim
845 2600 1083 2668 seipsum
1126 2616 1227 2654 non
1271 2600 1442 2666 videt,
1475 2612 1664 2669 gustus
1695 2616 1780 2655 se-

202 2688 369 2756 ipsum
396 2707 498 2743 nun
528 2698 735 2761 gustat;
767 2692 907 2760 quod
938 2693 981 2745 si
1010 2691 1232 2756 faceret,
1264 2708 1533 2761 nunquam
1559 2692 1781 2761 jejunus

142 2842 143 2845 η
202 2791 370 2846 essu;
402 2783 478 2835 sic
502 2781 569 2834 de
593 2783 824 2836 exteris.
855 2782 1315 2838 Considerandum
1347 2800 1474 2854 ergo
1504 2786 1627 2853 quia
1658 2801 1779 2839 cum

202 2883 389 2926 sensus
422 2873 664 2942 corporis
694 2874 812 2929 sine
846 2876 1029 2929 labore
1057 2876 1407 2929 adhibeamus
1438 2877 1791 2931 sensibilibus

203 2961 362 3018 rebus
393 2979 509 3033 qum
550 2964 907 3035 percipienda:
947 2974 1091 3030 sunt,
1124 2970 1191 3021 ab
1221 2968 1325 3021 illis
1357 2984 1461 3022 non
1506 2968 1660 3023 facile
1694 2983 1787 3035 po-

204 3060 307 3108 test
334 3055 591 3125 explicari
633 3067 685 3109 et
722 3056 934 3110 definiri
965 3074 1082 3125 qua:
1128 3068 1313 3111 natura
1362 3059 1598 3127 ipSnrum
1632 3061 1786 3128 quiu-

205 3162 305 3215 que
331 3164 582 3203 sensuum
629 3150 711 3205 vel
757 3152 1004 3218 corporis
1042 3153 1145 3216 sit,
1187 3154 1266 3207 vel
1318 3170 1436 3223 qum
1480 3157 1783 3223 proprietas

1880 1202 2143 1280 quaquam
2175 1225 2272 1263 nos
2303 1212 2537 1278 potuisse
2582 1213 2801 1275 sentire,
2836 1213 2939 1265 nisi
2986 1213 3035 1265 in
3067 1228 3225 1268 sensu
3268 1223 3453 1267 nostro

1878 1305 2053 1370 aliqua
2100 1304 2392 1357 similitudo
2427 1306 2738 1373 conspectui
2787 1307 3049 1373 corporis.
3084 1306 3263 1373 Neque
3311 1307 3452 1360 enim

1878 1410 1998 1447 cum
2025 1394 2252 1448 annulus
2275 1411 2411 1450 cera:
2437 1396 2782 1464 imprimitur,
2809 1397 2926 1451 ideo
2951 1398 3092 1450 nulla
3126 1398 3299 1466 imago
3324 1399 3458 1454 facta

1877 1494 1978 1549 est,
2012 1484 2134 1552 quia
2167 1499 2271 1537 non
2312 1485 2655 1551 discernitur,
2689 1487 2789 1539 nisi
2835 1501 2951 1540 cum
2994 1485 3150 1541 fuerit
3179 1496 3455 1555 separata;

1875 1574 1966 1627 sed
1985 1574 2233 1643 quoniam
2260 1583 2377 1643 post
2393 1590 2568 1628 ceram
2589 1589 2884 1644 separatam
2910 1580 3237 1649 manctquod
3259 1579 3453 1635 factum

1880 1677 1983 1727 est,
2020 1674 2076 1719 ut
2104 1666 2270 1719 videri
2321 1668 2506 1734 possit.
2556 1668 2841 1737 Propterea
2883 1669 3039 1725 facile
3087 1672 3459 1740 persuidetur,

1880 1758 2019 1825 quod
2070 1757 2240 1811 inerat
2276 1757 2387 1827 jam
2433 1775 2571 1814 ccrzc
2613 1762 2778 1813 forma
2830 1764 3083 1829 impressa
3133 1779 3196 1819 ex
3241 1766 3457 1830 annulo,

1881 1858 1935 1901 et
1982 1860 2262 1917 antequam
2310 1852 2378 1903 ab
2418 1852 2505 1905 illa
2551 1864 2850 1919 separetur.
2881 1854 2935 1908 Si
2988 1866 3164 1910 autem
3197 1872 3225 1909 a
3259 1858 3459 1927 liquido

1882 1941 2090 1994 liumori
2147 1941 2534 2010 adjnngeretur
2604 1945 2865 2007 annulus.
2906 1961 2971 2001 eo
3014 1948 3284 2012 detracto,
3337 1948 3467 2002 nihil

1882 2036 2046 2105 magis
2076 2048 2379 2104 appareret.
2423 2036 2530 2091 Nec
2572 2038 2693 2093 ideo
2743 2046 2921 2094 tamen
2968 2039 3274 2097 discernere
3324 2043 3460 2095 ratio

1883 2142 1985 2179 non
2019 2126 2234 2181 deberet
2266 2128 2428 2183 fuisse
2461 2129 2511 2181 in
2546 2129 2638 2182 illo
2672 2129 2918 2198 humore,
2947 2144 3231 2203 antequam
3278 2134 3455 2189 detra-

1884 2218 2119 2283 lieretur,
2149 2220 2329 2273 annuli
2362 2222 2583 2274 formam
2629 2222 2818 2275 factam
2851 2219 2913 2277 ex
2942 2228 3138 2280 annulo
3160 2268 3175 2291 ,
3206 2244 3324 2297 quae
3354 2228 3465 2283 dis-

1885 2310 2170 2378 tinguenda
2196 2322 2276 2365 est
2302 2312 2367 2365 ab
2410 2327 2473 2366 ea
2521 2311 2688 2367 forma
2734 2315 2853 2384 q’ua:
2886 2316 2939 2369 in
2965 2316 3160 2370 annulo
3191 2330 3289 2383 est,
3320 2302 3460 2372 unde

1884 2401 1983 2455 ista
2014 2402 2152 2455 faeta
2182 2412 2283 2466 est,
2314 2418 2433 2471 qua:
2478 2404 2720 2459 detracto
2752 2406 2947 2459 annulo
2980 2422 3085 2462 non
3116 2410 3242 2477 erit,
3276 2425 3461 2479 quau:-

1886 2499 1962 2550 vis
2011 2498 2095 2551 illa
2137 2500 2188 2552 in
2231 2499 2427 2554 annulo
2460 2509 2696 2565 maneat,
2730 2500 2870 2555 unde
2915 2503 3015 2556 ista
3062 2502 3197 2557 facta
3241 2514 3342 2559 est.
3375 2504 3462 2559 Sic

1885 2607 2073 2647 sensus
2102 2594 2378 2647 oculorum
2408 2609 2513 2648 non
2544 2595 2800 2649 ideonon
2833 2595 2996 2650 habet
3028 2599 3310 2667 imaginem
3341 2612 3462 2652 coro

1887 2689 2051 2756 poris,
2094 2689 2233 2757 quod
2286 2688 2521 2753 videtur,
2550 2689 2785 2759 quandiu
2826 2690 3055 2756 videtur,
3089 2694 3209 2759 quia
3259 2707 3327 2748 eo
3370 2694 3466 2748 de-

1889 2787 2058 2832 tracto
2088 2794 2190 2833 non
2221 2793 2481 2843 remanet,
2515 2796 2578 2835 ac
2610 2797 2702 2849 per
2745 2782 2846 2837 hoc
2886 2784 3207 2838 tardioribus
3239 2787 3463 2855 ingeniis

1886 2870 2200 2926 difficillime
2229 2873 2537 2941 persuaderi
2571 2885 2745 2943 potest
2774 2874 2987 2929 formari
3020 2879 3069 2931 in
3096 2892 3278 2931 nomo
3301 2894 3459 2933 sensu

1889 2965 2171 3034 imaginem
2203 2967 2276 3019 rei
2308 2966 2551 3031 visibilis,
2573 2983 2692 3021 cum
2724 2984 2843 3022 eam
2876 2970 3114 3024 videmus
3140 2983 3185 3025 et
3220 2974 3462 3027 eamdem

1891 3058 2113 3109 formam
2142 3071 2268 3131 esse
2297 3058 2582 3112 visionum.
2613 3059 2669 3115 Si
2703 3060 2792 3128 qui
2824 3060 2960 3117 forte
2991 3063 3469 3120 animadverterint

1890 3148 2027 3215 quod
2059 3150 2511 3214 commemorabo,
2544 3167 2647 3205 non
2692 3154 2760 3205 ita
2791 3153 2840 3205 in
2874 3155 3349 3225 liacinquisitione
3378 3158 3460 3210 la-

203 3240 533 3294 sensibilium
570 3257 749 3296 rerum
781 3244 1163 3311 percipiuntur.
1202 3244 1395 3299 Natura
1441 3247 1485 3299 si
1525 3246 1652 3316 quid
1699 3263 1785 3301 re-
1816 3249 1863 3312 ο
1898 3241 2197 3306 borabunt,
2246 3242 2559 3312 plerumque
2613 3258 2745 3297 cum
2791 3244 3031 3302 diuscule
3079 3250 3465 3307 attenderimus

204 3332 431 3400 quiritur
457 3349 738 3399 sensuum,
770 3340 825 3390 et
865 3336 1121 3391 delinitur
1151 3338 1291 3407 quod
1326 3339 1433 3393 sint
1462 3341 1704 3408 corporei
1735 3349 1790 3395 et

206 3421 525 3492 invisibiles,
560 3436 615 3479 ut
653 3434 736 3482 est
780 3426 994 3480 auditus
1039 3442 1330 3494 corporeus
1378 3436 1431 3480 et
1482 3429 1783 3483 invisibilis.

206 3509 312 3565 Res
356 3527 486 3567 vero
530 3514 821 3580 sensibilis,
854 3517 974 3584 quia
1023 3518 1314 3583 percipitur
1365 3517 1430 3570 ab
1478 3517 1688 3577 auditu,
1735 3518 1786 3570 id

204 3613 304 3668 est,
336 3619 435 3657 vos
471 3606 826 3673 proprietates
861 3605 1040 3672 habet,
1070 3615 1125 3659 ut
1154 3620 1246 3660 aer
1276 3621 1396 3660 esse
1442 3608 1786 3661 commodum

204 3706 259 3749 et
289 3711 600 3765 percussum
628 3698 860 3766 quodam
893 3697 1021 3764 ictu,
1053 3713 1173 3768 quin
1216 3700 1327 3767 ipsa
1359 3716 1571 3769 qunque
1600 3716 1791 3771 corpo-

204 3806 292 3844 rea
324 3802 405 3845 est
432 3800 487 3845 et
514 3791 813 3846 invisibilis.
842 3790 973 3848 Nam
1007 3794 1331 3862 proximiora
1368 3796 1573 3847 facilius
1617 3796 1787 3849 visum

206 3892 508 3951 penetrant,
540 3898 699 3955 quam
730 3899 791 3937 ea
840 3899 958 3955 qure
1004 3897 1127 3939 sunt
1174 3884 1483 3939 remotiora.
1515 3886 1569 3940 Si
1620 3900 1792 3955 neque

204 3973 406 4029 clausis
454 3975 629 4030 oculis
673 3976 875 4043 aliquid
927 3977 1261 4044 pervidemus
1310 3991 1647 4041 corporeum.
1682 3980 1793 4028 Au-

205 4065 472 4133 gustinus,
503 4066 555 4120 in
586 4065 723 4121 libro
742 4080 797 4119 at
825 4066 1104 4119 desaucta
1137 4066 1419 4129 'l‘rinitate,
1454 4065 1582 4119 dicit
1612 4084 1621 4117 :
1655 4084 1672 4117 ‹
1697 4065 1791 4119 Gi-

207 4157 390 4225 gnitur
416 4172 544 4226 ergo
566 4170 634 4213 ex
662 4170 723 4212 re
754 4156 946 4211 visibili
989 4157 1142 4218 visio,
1175 4156 1267 4210 sed
1300 4171 1406 4209 non
1434 4173 1495 4210 ex
1528 4156 1662 4221 sola,
1694 4158 1795 4211 nisi

205 4247 346 4301 adsit
389 4256 443 4302 et
485 4247 793 4303 videatur.»
826 4247 1088 4314 Quocirca
1131 4263 1197 4302 ex
1249 4249 1439 4301 visibili
1484 4257 1537 4301 et
1588 4249 1797 4302 vidente

203 4337 441 4407 gignitur
467 4340 625 4404 visio,
651 4339 723 4392 ita
752 4352 901 4403 sane,
929 4347 987 4391 ut
1012 4353 1080 4393 ex
1112 4338 1323 4392 vidente
1350 4339 1417 4391 sit
1446 4352 1638 4390 sensus
1666 4353 1795 4391 ocu-

208 4428 409 4494 lorum,
450 4436 505 4482 et
546 4428 856 4496 aspicientis
902 4439 1061 4497 atque
1109 4428 1363 4482 intuentis
1412 4429 1659 4483 inteosio.
1708 4428 1795 4483 Illa

207 4528 390 4575 taliten
439 4517 744 4575 informatio
783 4535 994 4585 sensus,
1023 4536 1140 4589 qum
1192 4521 1328 4575 visio
1372 4522 1587 4586 dicitur,
1620 4537 1648 4575 a
1680 4522 1798 4575 solo

1893 3351 2115 3403 quaeque
2162 3334 2465 3399 luminaria,
2513 3346 2566 3390 et
2608 3336 2808 3392 deinde
2861 3341 3210 3395 clauserimus
3260 3346 3467 3409 oculos,

1893 3425 2042 3491 quasi
2077 3434 2357 3478 versantur
2388 3426 2438 3477 in
2470 3438 2762 3494 conspectu
2810 3430 3022 3497 quidam
3073 3434 3231 3488 lucidi
3263 3437 3471 3492 colores

1894 3514 2040 3568 varie
2070 3530 2189 3569 sese
2218 3516 2699 3583 communicantes,
2733 3528 2785 3573 et
2827 3522 3004 3577 minus
3050 3524 3329 3595 minusque
3369 3530 3469 3583 lal-

1894 3616 2103 3675 geutes,
2134 3605 2305 3663 donec
2336 3610 2555 3665 omnino
2582 3613 2867 3681 desistant,
2896 3619 3043 3685 quasi
3072 3618 3471 3690 intelligendum

1896 3709 1979 3753 est
2020 3700 2251 3767 reliquas
2290 3716 2410 3755 esse
2453 3702 2642 3759 formai
2690 3706 2852 3769 illius,
2896 3723 3014 3777 quae
3070 3710 3202 3766 facta
3259 3723 3375 3768 erat
3424 3716 3474 3769 in

1897 3804 2056 3844 sensu
2098 3806 2218 3844 cum
2269 3807 2461 3862 corpus
2509 3795 2741 3850 lucidum
2788 3799 3080 3867 videretur,
3116 3806 3477 3876 paulatimque

1897 3889 1951 3935 et
1980 3882 2374 3949 quodammodo
2402 3886 2667 3953 gradatim
2697 3888 2994 3947 deficiendo
3018 3898 3228 3950 variari.
3258 3899 3385 3952 Nam
3418 3912 3473 3952 ct

1899 3970 2220 4026 inscrtarum
2254 3976 2601 4031 fenestrarum
2630 3982 2877 4043 cancelli,
2910 3986 2952 4036 si
2984 4000 3077 4038 eos
3124 3987 3258 4041 forte
3302 3990 3471 4042 intue-

1902 4062 2108 4131 bamur,
2142 4080 2284 4133 saepe
2316 4066 2369 4121 in
2400 4067 2503 4119 illis
2534 4084 2829 4137 apparuere
2874 4074 3164 4138 coloribus.
3198 4088 3256 4131 ut
3307 4082 3478 4133 mani-

1902 4155 2089 4209 festum
2136 4157 2204 4208 sit
2241 4160 2377 4211 lianc
2422 4158 2757 4216 affectionem
2790 4170 2969 4219 sensui
3004 4179 3186 4223 nostro
3213 4187 3276 4225 ex
3309 4186 3368 4225 ea
3414 4190 3470 4227 re

1902 4259 2017 4311 quae
2050 4246 2330 4300 videbatur
2362 4248 2641 4317 impressa.
2674 4253 2801 4309 Erat
2828 4272 2956 4325 ergo
2987 4260 3145 4313 etiam
3174 4276 3294 4316 cum
3332 4266 3473 4317 vide-

1902 4352 2101 4399 remus,
2134 4348 2187 4392 et
2220 4341 2303 4392 illa
2335 4352 2449 4395 erat
2493 4343 2687 4399 clarior
2714 4358 2765 4400 et
2804 4352 3129 4417 expreSsior,
3164 4355 3207 4406 si
3254 4358 3475 4412 multum

1903 4430 2185 4498 conjuncta
2223 4448 2343 4487 cum
2389 4435 2568 4503 specie
2612 4438 2686 4491 rei
2731 4439 2847 4508 ejus
2888 4457 3006 4510 quae
3048 4448 3388 4515 cernebatur,
3428 4462 3483 4503 ut

1904 4521 2131 4577 discerni
2155 4528 2374 4579 omnino
2406 4543 2509 4578 non
2544 4540 2745 4595 posset,
2778 4539 2832 4582 et
2864 4532 2973 4597 ipsa
3007 4547 3119 4587 erat
3150 4538 3308 4591 visio.
3337 4540 3477 4605 Quin

207 4604 533 4666 informatur
562 4626 792 4681 corpore
822 4612 962 4683 quod
997 4613 1223 4678 videtur,
1258 4614 1309 4667 id
1340 4624 1443 4680 est,
1474 4630 1503 4666 a
1532 4630 1589 4669 re
1618 4615 1793 4684 aliqua
1829 4617 1877 4677 υ
1904 4615 2065 4669 etiam
2094 4632 2213 4670 cum
2247 4618 2477 4670 lucernae
2508 4616 2777 4673 llammula
2811 4623 2969 4677 modo
2999 4626 3227 4691 quodam
3275 4604 3477 4683 divari-

208 4704 445 4771 visibili;
477 4721 580 4772 qua
608 4705 870 4771 detracta,
899 4706 1044 4760 nulla
1077 4714 1318 4761 remanet
1355 4703 1523 4759 forma
1567 4722 1686 4774 qua
1717 4707 1799 4759 in-

203 4807 330 4851 erat
353 4798 557 4861 sensui,
577 4797 699 4847 dum
728 4796 938 4849 adesset
959 4795 1085 4847 illud
1107 4797 1247 4862 quod
1274 4795 1574 4848 videbatur.
1600 4798 1799 4851 Sensus

208 4896 396 4942 tamen
428 4885 541 4954 ipse
589 4892 851 4949 remanet,
879 4885 970 4952 qui
1001 4895 1115 4937 erat
1150 4893 1205 4939 et
1249 4886 1555 4953 priusquam
1600 4886 1798 4956 aliquid

204 4979 529 5044 sentiretur,
552 4975 694 5030 velut
722 4975 774 5029 in
805 4990 941 5047 aqua
973 4975 1256 5045 vestigium
1288 4977 1469 5030 tandiu
1498 4988 1581 5031 est
1628 4976 1800 5031 donec

206 5072 394 5145 insutu
440 5084 637 5140 corpus
685 5086 792 5139 quo
832 5070 1171 5139 imprimitur
1228 5072 1388 5126 inest.
1432 5070 1549 5139 Quo
1598 5070 1800 5137 ablato,

206 5167 419 5221 nullum
442 5164 563 5232 erit,
587 5178 708 5220 cum
733 5156 1007 5217 rembneat
1030 5178 1184 5231 aqua,
1208 5179 1328 5233 quae
1353 5175 1489 5229 erat,
1514 5176 1800 5233 antequam

207 5260 448 5317 formam
500 5260 744 5332 corporis
788 5267 1024 5329 caperet.
1082 5258 1309 5328 Ideoque
1366 5277 1470 5315 non
1523 5274 1804 5330 possumus

207 5352 434 5421 quidem
463 5352 666 5419 dicere,
695 5355 833 5424 quod
863 5366 1081 5406 sensum
1108 5348 1288 5420 gignat
1316 5368 1403 5407 res
1434 5354 1691 5410 visibilis:
1723 5356 1804 5423 gi-

205 5444 325 5513 guit
363 5452 542 5501 tamen
572 5446 794 5501 fortnam
828 5444 1019 5501 nedum
1047 5441 1451 5499 similitudinem
1478 5460 1657 5508 suam,
1682 5461 1805 5514 quae

206 5536 277 5587 sit
313 5532 371 5585 in
402 5546 741 5597 sensu,curu
772 5534 969 5602 aliquid
1018 5531 1249 5586 videndo
1289 5531 1575 5588 sentimus.
1602 5533 1663 5591 Si
1694 5535 1805 5590 lor-

212 5640 365 5679 mam
388 5624 632 5690 corporis
653 5638 814 5696 quam
847 5626 1113 5701 videmus,
1141 5637 1198 5682 et
1229 5625 1455 5682 formam
1478 5641 1597 5695 qua
1622 5629 1692 5685 ab
1716 5618 1805 5685 ilia

214 5717 270 5774 in
310 5712 484 5773 sensu
515 5715 742 5795 νίιηιιίε
772 5716 851 5781 fit,
883 5732 978 5787 per
1014 5718 1265 5775 eumdem
1311 5733 1529 5775 sensum
1551 5733 1656 5776 non
1692 5720 1807 5778 dis-

213 5813 488 5879 cernitur,
514 5812 786 5883 quoniam
818 5820 965 5866 tanta
1017 5816 1328 5883 eonjunetio
1358 5826 1461 5883 est,
1494 5825 1552 5874 ut
1576 5832 1687 5882 non
1716 5832 1809 5893 pn-

216 5911 335 5964 teat
380 5901 722 5963 discernendi
772 5901 945 5973 locus,
976 5903 1073 5961 sed
1115 5906 1323 5965 ratione
1348 5908 1669 5983 “colligimus
1707 5923 1806 5969 nc-

1902 4709 2035 4760 catis
2063 4706 2221 4759 radiis
2250 4710 2548 4772 oculorum,
2575 4714 2727 4779 quasi
2759 4716 3080 4779 geminatur,
3108 4719 3225 4773 dum
3248 4722 3483 4777 Visiones

1903 4798 2057 4858 fiunt,
2082 4813 2198 4851 cum
2232 4800 2299 4852 sit
2328 4814 2413 4853 res
2438 4816 2537 4853 una
2560 4818 2677 4871 qua:
2710 4805 2941 4861 videtur.
2968 4809 3249 4878 Sigillatim
3282 4818 3478 4883 quippe

1903 4891 2203 4945 efficiuntur
2236 4892 2372 4946 idem
2408 4895 2540 4948 radii
2572 4898 2637 4952 de
2664 4913 2764 4951 suo
2794 4901 3019 4972 quisque
3049 4905 3205 4959 oculo
3238 4908 3474 4960 emican-

1905 4992 2006 5047 tes,
2037 4982 2161 5037 duni
2196 5000 2299 5038 non
2334 4986 2621 5052 liniuntur,
2666 4992 2716 5043 in
2751 4991 2879 5046 illud
2920 5011 3113 5063 corpus
3165 4997 3477 5052 intuendum

1906 5074 2126 5144 pariter,
2166 5077 2559 5148 conjuncteque
2602 5097 2957 5151 concurrere,
2993 5102 3045 5139 ut
3096 5102 3232 5141 unus
3278 5089 3367 5142 fiat
3412 5105 3481 5145 es

1906 5182 2133 5241 utroque
2160 5175 2438 5241 contuitu;
2461 5185 2515 5230 et
2545 5174 2665 5229 ideo
2692 5177 2733 5229 si
2768 5193 2930 5230 unum
2962 5179 3175 5235 oculum
3218 5182 3481 5236 clauseri-

1908 5283 2044 5328 mus.
2078 5283 2183 5321 non
2227 5271 2492 5337 geminum
2539 5271 2738 5339 ignem,
2786 5271 2912 5335 sed,
2956 5274 3110 5329 sicuti
3155 5286 3270 5342 est,
3321 5295 3481 5331 unum

1910 5359 2170 5415 videmus.
2220 5360 2456 5414 Sinfstro
2514 5364 2671 5431 igitur
2720 5363 2936 5431 clauso,
2988 5365 3078 5421 illa
3138 5372 3345 5437 specie;
3400 5372 3488 5422 νζ..

1910 5448 2021 5505 deri
2080 5449 2310 5516 desinit,
2362 5466 2480 5520 quin
2526 5452 2589 5506 ad
2639 5454 2886 5509 dextrum
2936 5465 3087 5521 erat;
3140 5458 3479 5527 vicissimque

1912 5542 2103 5599 dextro
2146 5544 2355 5609 clauso,
2400 5543 2493 5599 illa
2544 5546 2936 5612 intermoritur,
2966 5561 3085 5615 qua:
3116 5548 3180 5601 ad
3210 5549 3488 5606 sinistrum

1911 5642 2045 5692 erat.
2711 5680 2714 5684 Α
3439 5624 3441 5626 ’

1948 5772 1949 5775 η
1985 5728 2393 5786 Adverblaliter.
2431 5727 2561 5785 Nam
2594 5731 2731 5786 sicut
2761 5732 2975 5801 quando
3002 5742 3227 5805 augetur
3257 5737 3373 5795 dies
3402 5737 3485 5790 vel

1915 5822 2194 5891 minuitur,
2229 5839 2331 5880 non
2379 5824 2556 5878 statim
2600 5836 2973 5897 praesentatur,
3016 5828 3118 5884 nisi
3168 5843 3263 5901 per
3292 5830 3492 5885 inultos

1914 5912 2069 5983 dies;
2102 5916 2182 5973 sic
2211 5916 2369 5973 etiam
2400 5918 2601 5975 musica
2629 5921 2842 5990 quando
2884 5928 3105 5992 augetur
3132 5930 3186 5979 et
3232 5919 3487 5981 minuitur
