3922 6246
450 375 539 429 Ml

441 586 611 638 donec
656 583 759 639 illa:
807 595 985 652 partes
1032 601 1465 656 supercrescaut.
1513 591 1775 658 lsciatici,
1812 593 1865 647 id
1916 605 2018 662 est,

440 690 697 729 coxarum
731 676 1059 747 injuriaticus
1109 679 1281 743 dolor,
1325 691 1382 733 ut
1428 692 1509 736 est
1556 682 1816 752 frigiditas
1845 700 2018 755 aqum,

440 768 731 823 humiditas
760 772 920 834 aeris,
952 771 1196 825 caliditas
1248 773 1404 841 ignis,
1438 773 1651 830 siccitas
1684 786 1857 831 terrae.
1889 776 2018 830 Nam

439 864 545 916 duo
574 878 641 917 ex
690 862 771 916 his
798 871 982 931 agunt,
1013 861 1148 932 ignis
1190 872 1244 918 et
1273 879 1397 929 aer;
1421 868 1530 920 duo
1561 867 1853 935 patiuntur,
1884 882 2019 937 aqua

440 964 494 1006 et
519 962 677 1007 terra.
698 953 932 1019 Quatuor
954 963 1129 1008 autem
1154 965 1277 1008 sunt
1303 965 1565 1032 tempora,
1591 962 1792 1029 χειμών
1818 958 2013 1024 hiems,

435 1044 529 1119 ἴαρ
562 1060 676 1109 ver,
708 1046 853 1116 θέρος
891 1055 1072 1108 aestas,
1113 1044 1429 1123 φθινόπωρον
1477 1058 1784 1103 autumnus.
1835 1050 2017 1105 Hiems

438 1146 778 1206 comparatur
805 1153 978 1206 aqum,
1009 1149 1294 1194 autumnus
1324 1152 1497 1195 terrm.

509 1230 710 1284 Plinius
741 1230 1040 1293 Secundus,
1071 1232 1122 1284 in
1168 1232 1306 1285 libro
1348 1233 1583 1286 secundo
1630 1232 1901 1288 Naturalis
1935 1233 2015 1289 hi-

428 1325 628 1381 storiae.
655 1338 720 1375 an
752 1323 820 1376 sit
847 1322 1145 1377 immensus
1176 1323 1426 1388 mundus,
1452 1333 1507 1379 et
1535 1324 1656 1379 ideo
1680 1341 1893 1379 sensum
1916 1342 2010 1380 au-

431 1417 568 1471 rium
600 1417 895 1471 extendens
928 1426 1086 1471 tanta!
1110 1418 1265 1470 molis
1302 1426 1488 1471 relata:
1517 1418 1776 1488 vertigine
1801 1419 2014 1473 assidua

434 1509 487 1562 lit
513 1519 707 1571 motus,
729 1522 831 1562 non
855 1509 1069 1578 quidem
1091 1507 1245 1562 facile
1268 1508 1517 1572 dixerint,
1538 1523 1645 1563 non
1670 1510 1839 1580 magis
1855 1525 2012 1579 quam

430 1602 874 1655 rireumactorum
906 1601 1068 1655 simul
1102 1601 1326 1657 tinnitus
1350 1600 1612 1667 siderum,
1640 1616 1872 1672 suosque
1899 1602 2014 1657 vol-

350 1726 351 1731 η
426 1695 662 1747 ventium
693 1693 871 1748 orbes.
903 1696 983 1748 An
1014 1693 1184 1748 dulcis
1215 1693 1454 1763 quidam,
1482 1703 1535 1747 et
1566 1693 1865 1748 incredibili
1891 1707 2013 1747 sua~

427 1786 587 1839 vitate
610 1795 900 1854 conceptus
923 1785 1102 1850 nobis,
1127 1787 1215 1855 qui
1247 1784 1389 1841 intus
1412 1786 1619 1857 agimus
1643 1785 1794 1855 juxta
1818 1785 2010 1842 diebus

428 1877 778 1945 noctibusque
805 1877 996 1931 tacitus
1024 1877 1235 1933 labitur

501 1966 631 2021 [Tum
681 1966 882 2021 musica
922 1966 1158 2022 celestis
1196 1983 1261 2021 ex
1300 1968 1668 2022 subtilioribus
1709 1970 2007 2034 coniicitur,

423 2060 539 2115 sine
580 2060 685 2115 ulla
729 2060 1156 2115 inconvenientia
1204 2061 1553 2114 sonorissima
1596 2061 2009 2131 comprehendi-

422 2162 537 2215 tur;
572 2167 693 2206 nam
726 2152 951 2208 latenter
973 2167 1041 2207 ex
1071 2152 1439 2223 superioribus
1461 2154 1526 2208 ad
1558 2154 1810 2210 inferiora
1835 2170 2009 2225 usque

421 2263 441 2295 θ
458 2244 635 2298 uditus
664 2254 876 2298 nostros
900 2243 1191 2298 ellunditur
1216 2246 1459 2314 quamvis
1482 2261 1600 2300 eam
1631 2257 1852 2315 propter
1880 2262 2005 2301 con-

424 2334 759 2389 suetudinem
783 2350 851 2387 no
875 2367 887 2387 ι
916 2322 1303 2400 consentimus,
1331 2335 1470 2390 sicut
1498 2345 1623 2389 sunt
1646 2336 1721 2390 illi
1749 2336 1840 2406 qui
1868 2338 2006 2392 circa

422 2426 748 2496 καταϐαθμὸν
780 2427 1054 2492 habitant,
1085 2425 1137 2481 id
1168 2435 1283 2493 est,
1325 2427 1643 2483 descensum
1673 2429 1797 2485 Nili.
1827 2431 1881 2485 Si
1912 2444 2006 2485 au-

373 2542 376 2544 ~
419 2530 527 2572 tem
568 2518 761 2588 aliquis
790 2518 842 2572 in
872 2519 1042 2574 altero
1073 2521 1271 2574 mundo
1304 2534 1615 2576 nasceretur
1643 2523 1711 2594 (si
1753 2524 2006 2593 possibile

411 2610 579 2677 esset)
626 2621 682 2665 ut
730 2620 950 2667 sanctus
983 2612 1313 2681 Augustinus
1362 2611 1618 2682 afﬁrmat,
1652 2622 1711 2667 ut
1750 2616 1803 2669 in
1857 2615 2002 2669 hunc

415 2704 673 2757 mundum
723 2712 906 2772 postea
954 2704 1213 2771 venisset,
1265 2690 1393 2759 eam
1438 2705 1560 2761 sine
1614 2706 1723 2760 ullo
1778 2706 2004 2774 impedi-

416 2807 597 2849 mento
644 2795 886 2861 audiret,
924 2796 1083 2864 eique
1123 2795 1259 2850 ultra
1309 2797 1449 2850 vires
1499 2798 1753 2865 placeret.
1803 2795 1998 2851 Musica

412 2896 594 2941 autem
644 2886 889 2952 quamvis
937 2887 1234 2952 terrestris,
1286 2886 1442 2940 nobis
1493 2886 1777 2954 placuerit,
1821 2896 1999 2938 tamen

414 2982 537 3046 quia
584 2977 1074 3046 corpulentioribus
1114 2976 1395 3030 elementis
1454 2976 1709 3043 ellicitur,
1755 2975 1837 3029 vix
1884 2976 2003 3028 sine

412 3072 590 3139 aliqua
622 3069 1028 3137 incongrueutia
1074 3066 1373 3121 invenitur.
1422 3066 1488 3119 Et
1527 3066 1627 3119 hoc
1671 3066 1995 3129 notandum,

412 3162 553 3232 quod
580 3162 717 3215 sicut
747 3162 910 3214 multa
954 3158 1131 3215 anima
1162 3166 1293 3231 agit,
1326 3160 1417 3213 illa
1451 3161 1565 3229 ipsa
1614 3159 1904 3225 nesciente,
1943 3170 1999 3211 ut

941 377 1143 433 μελε
1187 379 1641 438 V'ENERABILIS
1679 381 1829 438 OPl‘.
1872 382 2051 442 PARS
2090 388 2129 444 I.
2171 385 2363 441 SECT.
2408 386 2471 442 ll.
2508 418 2575 429 —
2617 388 2817 445 DUBIA
2860 391 2946 447 ET
2988 392 3253 451 SPUlllA.

446 502 539 551 per
564 483 875 549 hemitonia,
914 488 994 539 vel
1032 489 1085 544 in
1120 488 1238 543 dies
1267 504 1371 543 non
1415 494 1671 547 continuo
1699 495 2018 564 percipitur,
2051 504 2098 562 Α
2130 500 2622 567 perparticnlaritas
2653 504 2905 561 continue
2932 508 3199 576 scribitur,

3615 408 3723 458 ηιξ

3231 510 3352 578 quia
3387 525 3484 579 per
3532 528 3726 583 partes

2129 591 2372 657 partitur.
3224 610 3242 626 -

2196 680 2385 734 Omnis
2414 684 2729 752 symphonia
2772 686 3045 755 multiplex
3102 689 3348 747 discretae
3391 680 3725 762 quantitatis

2127 772 2507 838 proprietatem
2567 777 2838 845 sequitur,
2890 794 2994 832 nou
3054 792 3235 836 tamen
3296 791 3354 837 ut
3404 784 3719 852 inﬁnitam,

2123 862 2215 915 sed
2279 878 2372 930 per
2430 872 2538 919 tres
2598 876 2800 921 tantum
2859 870 3086 937 gradus,
3138 873 3398 942 duplum,
3459 878 3716 947 scilicet,

2126 952 2340 1019 triplum
2371 962 2425 1007 et
2455 956 2829 1027 quadruplum.
2854 959 3040 1015 Omnis
3083 971 3262 1018 autem
3307 970 3720 1037 superparticu-

2123 1048 2247 1099 laris
2277 1049 2616 1117 symphonia,
2647 1054 2956 1120 quantitatis
2985 1058 3252 1113 continuae
3296 1072 3546 1118 naturam
3588 1080 3719 1120 ser-

2118 1151 2238 1203 vat,
2272 1155 2377 1195 non
2407 1142 2617 1210 quidem
2661 1146 2711 1198 in
2753 1145 3015 1203 infinitum
3037 1190 3052 1215 ,
3084 1151 3178 1205 sed
3219 1162 3422 1210 tantum
3465 1173 3562 1225 per
3596 1168 3717 1213 tres

2120 1231 2348 1299 gradus,
2405 1235 2851 1305 sesquialtizrum,
2907 1244 3307 1312 sesquitertium
3406 1250 3711 1319 sesquioc-

2120 1329 2320 1377 tavutn.
2466 1386 2469 1391 _
2908 1390 2911 1391 ν

2190 1414 2434 1485 Duplicat
2467 1433 2697 1562 namque
2739 1426 3241 1493 superparticularis
3282 1441 3437 1483 suam
3475 1443 3713 1501 propor-

2190 1518 2338 1562 iuem.
2370 1521 2629 1562 utttecuna
2671 1524 2701 1562 e
2729 1512 2817 1562 sit.
2842 1522 2896 1562 et
2926 1529 3019 1562 ner
3046 1515 3257 1562 dualem
3286 1532 3574 1562 nummum
3608 1521 3709 1562 ἀρ-

2118 1504 2338 1572 tionem,
2370 1504 2701 1578 quacunque
2729 1512 2817 1575 sit,
2842 1522 2896 1566 et
2926 1529 3019 1591 per
3046 1515 3257 1571 dualem
3286 1532 3574 1574 numerum
3608 1521 3709 1576 de-

2118 1601 2378 1666 nominat,
2408 1612 2569 1672 atque
2594 1617 2622 1655 a
2652 1603 2795 1658 duali
2828 1603 3064 1672 inchoat,
3092 1617 3147 1663 et
3172 1611 3227 1663 in
3256 1625 3381 1665 eum
3415 1613 3708 1683 redigitur,

2115 1708 2288 1762 neque
2312 1696 2551 1763 pervenit
2570 1696 2636 1751 ad
2662 1698 2949 1765 unitatem;
2976 1701 3202 1770 ideoque
3221 1713 3401 1758 servat
3424 1706 3708 1760 continua:

2112 1786 2422 1854 quantitatis
2448 1787 2864 1857 proportionem.

2038 1869 2086 1929 B
2202 1878 2615 1948 Transgreditur
2667 1896 2897 1950 namque
2962 1886 3176 1938 musica:
3236 1886 3692 1951 consonantiam,

2112 1968 2342 2039 ideoque
2386 1972 2527 2040 quod
2562 1972 2754 2053 plures
2802 1984 2981 2044 partes
3029 1976 3270 2043 excedit,
3302 1988 3357 2032 et
3388 1993 3418 2032 a
3458 1976 3705 2050 simplici

2111 2060 2358 2115 discedit.

2179 2151 2235 2204 lu
2278 2166 2421 2206 nono
2458 2145 2627 2223 quinti
2674 2153 2793 2208 libri
2836 2154 3092 2225 capitulo,
3134 2164 3361 2222 octavo,
3405 2164 3603 2224 quarto
3651 2166 3702 2209 et

2111 2240 2289 2307 tertio,
2326 2243 2438 2312 ipse
2483 2258 2695 2312 quoque
2737 2243 3121 2315 Pythagoricus
3176 2242 3501 2298 Ptolemtcus
3552 2242 3702 2297 Phil-

2104 2337 2371 2405 adelph'us
2400 2338 2777 2407 philosophus.
2944 2338 2954 2347 ’

2186 2431 2240 2484 In
2289 2431 2538 2486 omnibus
2594 2431 2674 2484 bis
2725 2430 2853 2485 latet
2900 2428 3192 2500 epogdoos,
3236 2429 3287 2483 id
3322 2436 3436 2491 est,
3481 2431 3702 2498 sesqui-

2104 2532 2288 2578 octava
2347 2523 2658 2592 proportio;
2714 2511 2941 2591 ideoque
2988 2522 3297 2592 specialiter
3348 2523 3488 2575 inter
3537 2535 3692 2590 sym-

2106 2615 2329 2683 phonias
2374 2631 2481 2670 non
2532 2615 3023 2669 connumerabitur.
3076 2615 3152 2668 Ex
3202 2628 3272 2670 eo
3321 2628 3555 2683 namque
3582 2627 3693 2666 eie-

2105 2715 2234 2761 tera:
2277 2690 2695 2776 componuntur.
2747 2705 2842 2760 Est
2899 2704 3041 2761 enim
3090 2705 3395 2760 communis
3452 2705 3695 2758 omnium

2104 2811 2376 2852 mensura.

2183 2889 2278 2960 Est
2305 2889 2358 2943 in
2402 2889 2622 2944 vocibus
2652 2889 2921 2953 similiter,
2956 2896 3152 2951 uttres
3200 2888 3264 2941 ad
3298 2903 3461 2942 unum
3507 2887 3690 2956 tripla,

2103 2995 2221 3048 qum
2259 2982 2502 3035 continet
2548 2981 2601 3034 in
2644 2995 2704 3035 se
2741 2980 2873 3034 duas
2910 2982 3313 3045 consonantias,
3348 2989 3402 3031 ut
3433 2980 3467 3030 3
3508 2978 3574 3033 ad
3620 2978 3688 3044 ἓ,

2102 3072 2371 3139 diapente,
2396 3070 2431 3122 2
2459 3070 2523 3124 ad
2559 3071 2605 3135 l,
2636 3070 2915 3140 diapason.

2176 3162 2266 3217 Ille
2296 3162 2455 3216 nimis
2482 3170 2666 3215 acutus
2705 3170 2820 3224 est,
2866 3175 2972 3215 non
3004 3160 3297 3214 reﬂectitur
3336 3158 3402 3212 ad
3447 3174 3691 3229 gravem,

412 3256 588 3325 capilli
614 3254 932 3324 ungulaque
954 3261 1229 3318 crescunt,
1256 3252 1332 3304 sic
1356 3254 1517 3304 etiam
1546 3254 1711 3304 multa
1740 3252 1789 3303 in
1813 3253 1997 3305 auditu
2026 3223 2073 3286 ε
2108 3264 2165 3306 ut
2189 3256 2236 3308 ei
2284 3256 2586 3318 conveniat,
2631 3264 2684 3307 et
2725 3253 2840 3321 ille,
2873 3252 2962 3322 qui
2994 3252 3167 3306 minus
3211 3260 3295 3306 est
3342 3253 3545 3321 gravis,
3577 3267 3687 3306 non

412 3349 579 3417 ipsius
609 3357 856 3418 aguntur,
892 3360 1011 3415 qua:
1036 3358 1156 3398 eam
1190 3352 1409 3413 propter
1438 3340 1882 3398 consuetudinem
1919 3342 1997 3394 la-

409 3451 549 3505 tent,
581 3451 638 3494 ut
663 3439 871 3493 sonitus
899 3438 1251 3508 planetarum.

391 3554 398 3562 -
488 3530 611 3584 Ηωο
636 3529 891 3581 vivacitas
919 3529 1146 3580 rationis
1171 3535 1254 3579 est
1283 3526 1397 3593 ipsa
1433 3524 1513 3577 vis
1540 3525 1759 3577 rationis
1782 3526 1996 3589 animm,

415 3636 535 3691 qua:
564 3620 663 3674 sub
704 3617 918 3673 silentio
945 3614 999 3670 in
1029 3616 1208 3669 animo
1251 3614 1400 3683 latet.
1427 3614 1575 3666 Tunc
1604 3622 1779 3667 autem
1811 3616 1999 3668 misce-

412 3726 497 3768 tur
518 3712 753 3781 corpori,
780 3709 993 3783 quando
1022 3708 1339 3773 inirabiiiter
1367 3722 1465 3777 per
1488 3720 1651 3761 sonos
1684 3706 1827 3761 foras
1852 3720 1999 3778 egre-

406 3808 575 3860 ditur.

480 3897 879 3965 Contemplatio
923 3893 1226 3965 regularum
1274 3907 1339 3948 ex
1388 3899 1586 3957 mente,
1634 3904 1753 3961 quae
1805 3888 1996 3945 Grmce

418 3993 652 4066 Oedip-qua
678 3991 889 4043 dicitur.
1672 4060 1685 4071 Χ

482 4084 754 4150 Multiplex
786 4084 943 4151 igitur
972 4083 1091 4137 ideo
1121 4082 1378 4150 majorem
1411 4089 1728 4149 potestatem
1756 4076 1822 4132 ad
1853 4092 1984 4132 con-

412 4175 687 4231 sonantias
732 4174 956 4237 retinet,
1005 4175 1127 4240 quia
1185 4170 1399 4227 diserta:
1446 4172 1727 4243 quantitati
1781 4172 1831 4224 in
1890 4184 1990 4223 au-

416 4278 634 4339 gmento
664 4270 942 4319 crescente
965 4262 1249 4316 similatur.
1289 4261 1353 4314 Et
1382 4275 1478 4314 cur
1512 4261 1831 4329 propterea?
1860 4259 1994 4325 Quia

412 4354 747 4412 arithmetica
778 4369 898 4424 quae
931 4368 1022 4422 per
1059 4366 1117 4407 se
1145 4362 1249 4418 est,
1279 4359 1334 4405 et
1375 4351 1599 4414 musica,
1626 4364 1744 4417 qua:
1798 4362 1998 4401 conso-

394 4448 719 4503 .nantiarum
752 4444 1171 4501 demonstratrix
1206 4452 1310 4509 est,
1342 4442 1409 4496 ad
1441 4440 1725 4495 discretam
1777 4438 2000 4507 quanti-

407 4553 568 4597 tatem
597 4541 885 4612 pertinent.

480 4634 788 4689 Geometria
820 4646 948 4687 vero
988 4643 1041 4685 et
1071 4627 1357 4697 astrologia
1388 4625 1658 4681 continuae
1686 4620 1996 4691 quantitatis

409 4736 569 4789 sunt,
615 4726 701 4779 eui
753 4725 874 4792 quia
922 4719 1425 4792 superparticularis
1474 4704 1526 4772 in
1564 4714 2001 4771 decrescentibus

412 4819 650 4886 partibus
678 4820 869 4871 similis
897 4826 1003 4883 est,
1032 4832 1139 4871 non
1162 4814 1405 4870 eamdem
1435 4828 1592 4881 quam
1626 4810 1899 4879 multiplex
1931 4807 1997 4862 ad

405 4908 786 4962 consonantiae
831 4908 936 4958 vim
986 4915 1216 4969 retinet,
1249 4905 1297 4959 si
1340 4913 1517 4958 tamen
1562 4914 1777 4972 propter
1819 4901 1997 4969 singu—

362 5038 363 5041 η
407 5000 673 5055 laritatem
721 4995 946 5065 partium
993 4995 1230 5049 secundo
1279 4995 1397 5045 loco
1445 4992 1761 5060 admittitur.
1795 4993 1995 5061 Super—

414 5088 753 5159 particularis
797 5086 957 5141 etiam
1016 5082 1394 5138 consonantias
1441 5091 1675 5142 tantum.
1727 5082 1997 5149 multiplex

410 5200 540 5238 vero
583 5198 687 5238 non
722 5193 827 5237 tam
867 5176 1248 5235 consonantias
1280 5190 1439 5245 quam
1470 5174 1885 5243 acquisonantias
1913 5171 1996 5227 ef-

410 5274 542 5327 ﬁcit.

486 5361 792 5420 Secundum
846 5360 1230 5431 Pythagoricos
1278 5368 1335 5414 et
1382 5357 1761 5423 Ptolemaum,
1808 5363 1997 5411 natura

411 5456 707 5512 secundum
738 5452 1117 5506 Aristoxenum
1142 5462 1226 5506 est
1256 5453 1309 5505 in
1338 5452 1617 5521 qualitate.
1648 5449 1777 5504 Nam
1808 5460 1998 5517 quam-

414 5552 494 5603 vis
548 5556 598 5609 in
626 5545 865 5603 numeris
910 5544 1302 5614 particularitas
1349 5544 1579 5609 dicatur,
1605 5544 1823 5599 abusive
1864 5540 1999 5596 dici-

408 5652 525 5706 tur;
556 5656 678 5695 cum
713 5637 928 5708 proprie
957 5637 1211 5708 quidquid
1252 5652 1347 5709 per
1378 5646 1557 5706 partes
1586 5637 1996 5705 partitur,‘con-

414 5731 557 5782 tinua
605 5732 876 5798 quantitas
931 5728 1275 5798 intelligatur,
1306 5742 1429 5797 qua:
1475 5727 1828 5795 longitudine,
1870 5722 1993 5779 lati-

415 5818 618 5879 tudine.
672 5819 1057 5889 altitudineque
1104 5819 1612 5889 comprehenditur:
1644 5825 1700 5872 et
1744 5816 1862 5874 ideo
1902 5831 1996 5875 su-

2103 3344 2220 3396 vult
2248 3343 2448 3410 aliquid
2475 3342 2627 3412 erigi.
2660 3344 2794 3408 Quia
2824 3345 3071 3412 cognovit
3107 3343 3443 3397 differentias
3491 3355 3693 3398 conso-

2104 3436 2419 3490 nantiarum.

2175 3526 2414 3591 Auditui,
2448 3534 2500 3579 et
2530 3540 2635 3579 non
2684 3524 2899 3579 rationi.
2946 3523 3106 3579 Multa
3151 3525 3294 3580 enim
3338 3527 3577 3582 varietas
3604 3538 3689 3582 eat

2106 3615 2245 3670 inter
2269 3628 2487 3669 sensum
2517 3624 2569 3667 et
2599 3616 2885 3669 rationem.

2180 3706 2353 3759 Medio
2385 3706 2578 3759 itinere
2610 3705 2869 3770 feruntur,
2900 3708 3018 3775 quia
3052 3721 3149 3759 nec
3178 3721 3243 3760 ex
3278 3716 3390 3760 toto
3441 3708 3689 3762 tribuunt

2100 3796 2478 3850 discretionem
2528 3797 2772 3861 auribus,
2803 3812 2902 3851 nec
2929 3812 2993 3851 ex
3029 3808 3141 3851 toto
3187 3799 3401 3864 rationi,
3436 3802 3532 3854 sed
3566 3816 3690 3867 par-

2106 3884 2198 3939 tim
2221 3885 2442 3951 auditui,
2473 3886 2666 3954 partim
2696 3885 2908 3951 rationi,
2931 3901 3142 3953 sonum,
3169 3888 3440 3950 videlicet,
3467 3899 3683 3943 acutum

2103 3977 2188 4033 vel
2218 3993 2432 4048 gravem
2466 3977 2690 4044 auditui,
2724 3976 3053 4032 dill‘erentias
3078 3989 3256 4033 autem
3287 3982 3673 4035 consonantia-

2101 4085 2218 4124 rum
2249 4069 2464 4124 rationi.
2898 4136 2899 4139 η
2970 4094 2977 4100 -
3246 4052 3257 4060 ’

2177 4164 2441 4220 Producta
2466 4172 2591 4218 sunt
2616 4174 2880 4219 momenta
2910 4165 2989 4219 vel
3024 4172 3202 4219 motus
3230 4164 3427 4220 artium
3454 4176 3509 4219 et
3541 4166 3683 4229 vita.

2088 4236 2161 4309 ea
2192 4271 2310 4324 qua:
2354 4256 2712 4310 discernenda
2761 4264 2905 4310 sunt.
2955 4255 3215 4321 Primum,
3249 4256 3499 4313 sensibus
3540 4256 3686 4311 acci-

2100 4347 2252 4411 dunt,
2276 4363 2338 4401 ac
2372 4364 2466 4416 per
2494 4363 2711 4402 sensum
2744 4350 3070 4415 sentiuntur,
3095 4362 3158 4402 ac
3183 4358 3458 4418 postremo
3478 4348 3688 4403 ratione

2099 4437 2498 4490 discernuntur.

2173 4524 2505 4593 Pythagoras
2554 4527 2796 4593 indigens
2842 4527 3262 4595 interrogatione
3313 4528 3401 4580 vel
3449 4528 3685 4581 intene-

2106 4614 2334 4681 gatiouis
2383 4615 2620 4668 cumulo.
2672 4615 2868 4684 Pythos
2920 4616 3062 4669 enim
3119 4615 3506 4684 interrogatio,
3553 4630 3685 4683 ago-

2104 4720 2190 4758 ras
2231 4707 2511 4771 cumulus;
2556 4704 2678 4760 inde
2728 4719 2905 4775 agora,
2948 4704 3205 4770 Ecclesia,
3243 4706 3325 4760 vel
3372 4705 3682 4775 Synagoga,

2102 4808 2339 4851 vocatur.

2171 4890 2366 4955 Quales
2411 4905 2575 4945 sonos
2628 4889 2922 4945 reddebant
2975 4892 3241 4961 primum,
3290 4892 3425 4946 tales
3476 4904 3688 4961 quoque

2101 4981 2380 5053 postquam
2411 4995 2623 5037 mutatae
2650 4992 2795 5047 sunt,
2818 4986 2937 5051 quia
2961 4998 3065 5037 non
3096 4994 3211 5039 erat
3241 4984 3293 5038 in
3317 4985 3369 5038 vi
3402 4983 3684 5038 ferentium

2099 5088 2281 5140 sonus,
2304 5075 2400 5129 sed
2430 5074 2881 5145 inmagnitudine
2910 5075 3249 5132 malleorum.

2166 5160 2318 5234 Ἐχω
2357 5180 2586 5234 namque
2625 5167 2815 5234 habeo,
2844 5167 2968 5224 inde
2993 5170 3221 5238 a-u'vixu,
3252 5165 3542 5225 continuo;
3570 5164 3682 5221 ὂιᾶσ

2099 5272 2295 5325 mm,
2338 5255 2692 5325 intervallum,
2736 5261 2819 5313 vel
2854 5261 3114 5329 spatium;
3147 5254 3270 5310 inde
3294 5253 3685 5329 διώστημαπιτή,

2099 5354 2295 5420 spatia,
2325 5356 2405 5408 vel
2438 5354 2741 5408 intervalla.
3324 5370 3333 5374 ‘

2176 5445 2272 5501 llic
2317 5456 2438 5502 nota
2485 5449 2804 5521 αἱθητήριον,
2838 5444 2889 5497 id
2935 5451 3047 5505 est,
3094 5443 3392 5498 custodiam
3443 5459 3521 5500 oo
3559 5445 3688 5499 dum

2098 5552 2373 5604 sensuum,
2404 5551 2523 5607 quae
2571 5537 2741 5603 primo
2773 5536 2824 5587 in
2852 5534 3016 5588 corde
3040 5537 3398 5591 communiter
3431 5551 3477 5590 ct
3509 5537 3689 5591 .itine-

2102 5638 2207 5695 tur,
2234 5630 2360 5685 inde
2401 5626 2712 5697 specialiter
2737 5625 2809 5703 ad_
2831 5640 3019 5683 omnes
3049 5640 3237 5683 sensus
3277 5643 3441 5699 eor-pr
3474 5634 3527 5684 ,ἐι
3556 5643 3691 5699 pro—

2064 5744 2073 5752 τ
2097 5724 2332 5789 ducitur,
2366 5731 2423 5776 ut
2449 5729 2531 5774 est
2562 5719 2880 5775 luminosum
2926 5722 2977 5775 in
3019 5721 3190 5777 oculis
3228 5721 3423 5790 quidda
3466 5737 3511 5786 ι,
3544 5718 3692 5791 quod

2099 5818 2312 5888 igneam
2346 5814 2508 5871 habet
2540 5824 2803 5885 naturam,
2836 5814 3100 5885 quoddam
3133 5813 3333 5872 mobile
3377 5828 3406 5867 a
3448 5814 3592 5870 rium
3638 5822 3693 5870 et
