3922 6246
266 407 381 469 913

1565 402 1814 458 ιιυειω
1853 401 2216 458 ΤίΙΕυΒΙΟᾹ.

3442 402 3546 454 9;ι

270 535 523 576 serenum
559 522 608 574 in
653 518 889 580 auribus,
921 516 1062 585 quod
1095 516 1280 582 recipit
1329 515 1527 569 formas
1574 517 1845 570 colorabi-
1880 518 1927 575 Α
1957 523 2012 570 ει
2037 515 2122 568 ubi
2157 515 2311 568 tertia
2350 529 2470 582 pars
2499 516 2678 579 fuerit,
2712 529 2849 580 puue
2881 517 3141 572 arculum.
3171 526 3222 570 et
3255 525 3407 583 tange
3439 528 3547 569 ter-

274 614 376 670 Ies,
418 624 748 676 qtiterunque
793 608 923 660 fiunt
967 624 1030 661 ex
1077 607 1337 675 superiori
1369 606 1640 662 elemento
1673 610 1854 677 igneo,

273 714 404 755 aere
431 699 749 754 tenuissimo
777 700 1026 768 quodam,
1061 698 1312 751 olfactuzu
1358 699 1408 751 in
1441 699 1678 763 naribus,
1714 700 1857 768 quod

273 778 341 848 ex
403 794 638 848 inferiori
679 803 734 848 et
791 795 1042 848 crassiori
1104 808 1229 847 aere
1287 793 1608 857 coniicitur;
1671 803 1858 860 gustus

275 902 345 940 ex
385 900 548 954 aqua,
605 893 776 938 tactus
815 886 880 936 ad
940 895 1134 937 terram
1183 885 1448 950 pertinet,
1488 886 1610 950 quia
1655 884 1858 938 nullum

275 997 447 1047 genus
493 982 710 1033 musicae
751 979 1018 1032 invenitur
1057 989 1178 1032 ante
1209 979 1355 1032 illam
1394 977 1733 1044 disciplinam
1777 987 1856 1029 te-

276 1072 712 1137 trachordarum,
763 1070 813 1124 id
876 1079 990 1136 est,
1046 1068 1492 1137 quemadmodum
1557 1069 1860 1137 pervenerit

274 1177 564 1216 nervorum
625 1175 878 1215 numerus
921 1159 986 1213 ad
1047 1159 1440 1228 pluralitatem,
1491 1160 1543 1212 in
1594 1174 1699 1228 qua
1753 1173 1858 1213 non

271 1263 376 1308 est.

857 1343 993 1410 Quid
1016 1345 1080 1398 sit
1112 1353 1258 1398 tonus

355 1434 537 1488 Tonus
601 1443 684 1489 est
750 1435 962 1502 quando
1032 1436 1218 1491 vocula
1279 1435 1521 1490 voculam
1591 1444 1696 1488 tota
1773 1435 1854 1488 sui

270 1525 570 1594 quantitate
607 1525 958 1592 superaverit,
998 1534 1055 1577 et
1103 1527 1319 1592 insuper
1369 1525 1538 1594 ipsius
1584 1535 1854 1593 superatae

270 1616 480 1670 vocula:
512 1626 696 1669 octava
728 1625 898 1683 parte,
933 1615 1014 1670 vel
1044 1607 1101 1669 in
1128 1617 1426 1671 intensione
1452 1620 1737 1686 acuminis,
1773 1620 1855 1673 vel

267 1709 328 1761 in
378 1709 691 1763 remissione
734 1709 1033 1777 gravitatis.
1073 1709 1423 1764 Semitonium
1475 1722 1592 1776 εει,
1640 1715 1856 1780 quando

271 1811 438 1852 tonus
467 1799 516 1850 iu
549 1799 682 1852 duas
711 1813 814 1853 non
848 1815 1048 1866 aquas,
1081 1800 1176 1854 sed
1209 1801 1498 1867 inaequales
1549 1815 1727 1871 partes
1766 1822 1853 1858 se-

1964 608 2088 662 tiam
2119 619 2321 676 partem
2355 610 2516 676 ipsius
2548 608 2784 672 chordae,
2812 616 2968 677 tange
2995 619 3048 664 et
3070 613 3290 663 alteram
3326 623 3548 674 partem,

1962 708 2016 752 et
2046 700 2247 753 videbis
2281 701 2680 753 consonantiam
2713 700 2992 767 diapason.
3031 701 3205 754 Tertia
3247 704 3392 755 cn'm
3423 717 3546 768 pars

1964 790 2044 841 bis
2074 791 2278 842 acutior
2304 791 2527 843 duarum
2566 792 2813 858 partium,
2849 802 2901 844 et
2946 791 3063 843 dua:
3097 803 3274 858 partes
3305 792 3380 844 bis
3429 806 3550 859 gra-

1964 880 2138 932 viores
2183 881 2232 933 in
2281 896 2434 934 smro.
2488 881 2564 934 Ad
2622 886 3028 936 consmtautiam
3086 900 3212 938 vero
3267 884 3550 950 diapente,

1962 969 2156 1023 deinde
2189 980 2356 1024 totum
2392 988 2611 1025 nervum
2644 973 2694 1024 in
2723 973 2958 1041 quinque
2987 976 3220 1040 aequales
3263 984 3460 1038 partes,
3497 971 3551 1025 id

1961 1071 2064 1126 est,
2099 1063 2182 1116 ubi
2230 1075 2335 1116 tres
2387 1065 2598 1117 fuerunt
2637 1067 2798 1119 finitae
2844 1077 3042 1134 partes,
3079 1081 3212 1133 pone
3241 1065 3547 1130 articulum,

1964 1161 2019 1206 et
2063 1163 2220 1218 tange
2270 1166 2519 1224 utrasque
2571 1169 2768 1223 partes,
2817 1166 2872 1210 et
2917 1157 3020 1211 t-rit
3066 1158 3230 1210 altera
3278 1171 3401 1225 pars
3442 1166 3552 1212 tota

1963 1247 2259 1312 quantitate
2292 1248 2512 1300 minoris
2537 1249 2750 1317 gravior
2770 1249 2986 1316 insuper
3007 1259 3060 1302 et
3081 1247 3197 1317 ejus
3225 1249 3552 1313 medietatis,

1963 1340 2129 1392 altera
2175 1355 2301 1392 vero
2333 1356 2455 1406 pars
2485 1343 2694 1395 acutior
2737 1353 2842 1396 tota
2882 1344 3196 1411 quantitate,
3226 1343 3440 1412 majoris
3470 1345 3554 1396 in-

1961 1443 2123 1497 super
2166 1441 2221 1482 et
2262 1431 2380 1498 ejus
2430 1433 2757 1489 medietatis.
2806 1432 3178 1488 Cousooantia'
3217 1435 3548 1489 diatessarOn

1962 1521 2085 1584 erit,
2134 1519 2177 1572 si
2221 1519 2427 1573 dividas
2479 1533 2640 1576 totam
2690 1524 2946 1577 chordatn
2999 1525 3048 1577 iu
3099 1537 3300 1592 septem
3351 1537 3551 1593 partes.

1964 1626 2099 1676 pone
2125 1611 2386 1674 arculum,
2417 1624 2472 1666 et
2501 1622 2656 1684 tange
2699 1625 2950 1684 utrasque
2978 1626 3175 1683 partes.
3209 1615 3335 1670 Item
3369 1617 3551 1670 divide

1923 1699 2129 1769 ‘ipsam
2158 1702 2414 1755 chordam
2449 1706 2498 1755 in
2529 1715 2754 1772 septem,
2790 1707 2838 1758 id
2872 1715 2973 1767 est,
3005 1707 3188 1761 decem
3223 1719 3423 1778 partes,
3459 1709 3547 1763 ubi

1963 1809 2100 1847 urna
2145 1810 2271 1863 pars
2313 1795 2472 1849 fuerit
2524 1813 2660 1861 pone
2701 1799 2958 1862 arculum,
3002 1807 3055 1852 et
3099 1809 3253 1868 tange
3295 1811 3545 1868 utrasque.

269 1899 450 1942 catur.
482 1889 724 1942 Alterum
776 1889 1117 1943 setnitunium
1151 1892 1344 1958 majus,
1375 1893 1598 1947 alterum
1638 1898 1854 1948 semito-

1968 1896 2165 1951 partes,
2199 1895 2253 1937 ct
2283 1887 2517 1940 invenies
2563 1891 2826 1942 minorem
2868 1902 3072 1956 partem
3121 1894 3409 1945 acutiorem
3444 1909 3548 1945 uno

271 1980 422 2033 nium
458 1981 634 2032 minus
667 1980 771 2033 dici
807 1979 1124 2033 maluerunt.
1180 1979 1352 2034 Diesis
1389 1993 1470 2036 est
1520 1985 1858 2038 semitouiutn

269 2073 473 2135 minus,
504 2074 553 2126 in
605 2073 738 2127 duas
768 2083 942 2139 partes
969 2073 1220 2138 divisum,
1249 2073 1300 2127 id
1347 2088 1450 2138 est,
1489 2078 1662 2129 minus
1693 2078 1860 2132 semi-

268 2166 478 2218 tonium
542 2167 714 2220 diesin
780 2167 1025 2220 dixerunt
1073 2168 1282 2220 musici.
1341 2168 1569 2222 Melodia
1624 2170 1858 2232 dicitur,

267 2277 394 2327 qnze
423 2271 478 2313 et
502 2261 788 2328 antiquior,
822 2261 1064 2329 quamvis
1093 2259 1454 2327 subasperior,
1488 2262 1702 2328 quando
1729 2278 1858 2316 con-

267 2353 517 2404 sonantia
549 2368 610 2404 ex
646 2353 854 2404 duobus
877 2351 1018 2405 tonis
1045 2363 1097 2405 et
1128 2353 1430 2414 sentitonio,
1459 2355 1538 2407 vel
1572 2354 1862 2410 hemitonio

268 2454 328 2497 et
360 2443 564 2495 duobus
610 2445 771 2503 tonis,
806 2444 1123 2508 Ctlmpieluf.
1167 2444 1507 2497 Chromatica
1553 2455 1634 2499 est
1660 2462 1779 2513 qua:
1808 2456 1859 2500 et

269 2532 558 2599 posterior.
590 2542 644 2587 et
673 2533 738 2585 ad
768 2533 1179 2588 delectatiopem
1218 2535 1424 2586 aurium
1469 2548 1562 2587 sua
1605 2535 1862 2588 varietate

268 2621 570 2692 permulcet
598 2624 830 2686 animos,
863 2636 916 2678 et
947 2626 1121 2679 nimiis
1162 2625 1398 2679 minutiis
1439 2626 1642 2680 tinnule
1671 2627 1858 2691 fertur,

266 2723 589 2780 constatque
637 2730 705 2766 cx
758 2723 884 2766 tono
933 2724 982 2767 et
1017 2714 1187 2767 tribus
1213 2715 1533 2776 sentituniis,
1575 2718 1656 2768 vel
1693 2717 1860 2770 tribus

267 2804 578 2857 sentitooiis
630 2814 684 2858 ct
734 2815 879 2857 tono.
943 2805 1358 2859 Enltartnonium
1417 2816 1579 2859 totam
1628 2808 1861 2875 possidet

269 2893 634 2958 harmOuiam,
664 2903 718 2948 et
747 2896 827 2948 sui
861 2897 1116 2963 dignitate
1142 2897 1277 2950 alias
1306 2897 1602 2966 praecellit;
1643 2907 1690 2951 et
1734 2909 1861 2951 ροη-

267 2995 379 3041 stat
429 3000 493 3039 ex
543 2985 750 3040 duobus
794 2985 975 3051 diesis,
1006 2996 1060 3041 ει
1102 2987 1310 3040 duobus
1350 2988 1508 3048 tonis,
1543 2989 1622 3039 vel
1654 2988 1860 3040 duobus

266 3076 416 3132 tonis
445 3085 499 3129 et
526 3058 946 3132 duobusidiesis.
978 3079 1335 3131 Consouantia
1382 3079 1711 3131 diatessaron
1753 3090 1854 3144 εει,

267 3170 486 3239 quando
529 3170 715 3224 vocula
768 3169 1066 3223 intensiune
1109 3171 1188 3223 sui
1233 3170 1494 3224 acuminis
1534 3171 1772 3224 voculaut
1803 3173 1852 3223 in

268 3260 590 3314 remissione
616 3259 893 3328 gravitatis
927 3268 1090 3313 totam
1125 3261 1380 3329 possidet,
1424 3261 1637 3328 insuper
1663 3270 1717 3314 et
1745 3270 1854 3315 ter~

266 3351 401 3406 tiam
433 3360 635 3421 partem
662 3361 926 3419 superatae
956 3353 1185 3406 voculte.
1221 3351 1478 3420 Diapente
1508 3353 1858 3407 consonantia

268 3449 380 3510 est,
410 3441 624 3510 quando
653 3443 838 3496 vocula
863 3442 1104 3496 voculam
1138 3451 1244 3495 tota
1271 3442 1353 3494 sui
1380 3442 1671 3509 quantitate
1699 3457 1858 3510 supe-

267 3541 376 3596 rat,
433 3533 701 3598 videlicet,
751 3542 806 3586 et
851 3541 1118 3600 superate
1166 3533 1334 3597 vocis,
1386 3532 1600 3599 insuper
1647 3544 1702 3586 et
1742 3533 1858 3601 ejus

269 3620 558 3674 medietate
601 3620 680 3673 vel
728 3623 780 3674 in
813 3621 1110 3675 iuteusione
1145 3623 1424 3686 acuminis,
1461 3623 1540 3676 vel
1582 3624 1632 3677 in
1667 3626 1857 3678 remis-

267 3711 426 3765 sione
475 3710 772 3778 gravitatis.
835 3709 1095 3777 Diapason
1155 3725 1260 3765 non
1317 3714 1710 3779 consonantia,
1757 3715 1854 3769 sed

267 3801 656 3866 equisouantia
705 3809 809 3864 est,
840 3800 1051 3870 quoties
1099 3802 1287 3855 vocula
1319 3803 1560 3857 voculam
1603 3804 1684 3857 sui
1723 3819 1852 3858 acu-

268 3892 421 3945 mine
469 3893 512 3944 si
561 3892 718 3946 fuerit
764 3891 818 3945 in
869 3892 1187 3954 inteusione,
1236 3903 1328 3946 aut
1373 3894 1452 3947 sui
1497 3898 1776 3962 gravitate,
1807 3896 1852 3948 si

268 3981 436 4036 fuerit
459 3984 511 4035 in
543 3983 880 4048 remissione,
907 3992 1012 4038 t0ta
1042 3985 1122 4039 sui
1147 3986 1440 4054 quantitate
1466 3995 1728 4053 superata:
1761 4000 1854 4039 vo-

266 4071 352 4126 cis
375 4072 722 4139 quantitatem
767 4073 849 4127 bis
889 4081 1130 4142 occupat.
1169 4075 1234 4126 Et
1278 4085 1336 4128 ut
1374 4083 1558 4141 aperte
1604 4073 1853 4131 advertas

266 4161 400 4230 quid
445 4161 518 4214 sit
565 4162 817 4229 intensio,
861 4162 983 4229 quid
1031 4164 1296 4230 remissio,
1351 4179 1469 4232 qua!
1514 4165 1565 4219 in
1605 4166 1854 4223 omnibus

267 4251 638 4306 consonantiis
667 4252 894 4307 videnda
925 4265 1029 4318 est,
1059 4253 1129 4308 ita
1163 4255 1373 4308 noveris
1393 4257 1607 4326 quando
1627 4256 1851 4324 primam

269 4359 463 4399 vocem
506 4361 575 4400 ea
608 4362 723 4412 ure,
754 4347 836 4402 vel
873 4347 1054 4412 corde,
1098 4348 1179 4403 vel
1217 4347 1388 4416 aliqtm
1419 4348 1635 4402 materia
1667 4349 1852 4417 organi

268 4435 519 4490 miseris
547 4452 562 4489 :
595 4437 698 4505 fige
723 4446 944 4500 metam,
967 4437 1295 4506 etquidquid
1325 4451 1420 4506 per
1445 4437 1592 4490 illam
1625 4441 1850 4507 primam

269 4541 464 4581 vocem
511 4527 564 4580 in
590 4529 756 4581 altum
782 4529 878 4582 sui
909 4525 1066 4597 gerit,
1098 4539 1190 4582 aut
1215 4540 1419 4594 tonum,
1447 4541 1536 4584 aut
1571 4531 1847 4600 diapason,
1881 4558 1928 4616 υ

267 4627 370 4672 aut
411 4616 681 4688 diapente,
737 4630 814 4672 tut
855 4620 1206 4686 diatessaron,
1254 4623 1466 4676 noveris
1509 4623 1624 4676 illas
1664 4640 1853 4680 omnes

265 4711 652 4765 consonantiae
721 4727 770 4764 .u
825 4711 1125 4766 intensione
1179 4712 1439 4766 acuminis
1491 4727 1610 4766 esse
1665 4715 1850 4769 factas.

264 4799 538 4868 Quidquid
589 4814 716 4854 ve'o
767 4816 863 4868 per
891 4803 1037 4856 illam
1080 4804 1300 4868 primam
1340 4816 1524 4856 vocem
1556 4804 1644 4856 ubi
1673 4807 1852 4858 termi-

268 4905 404 4944 num
443 4890 676 4944 diximus
723 4889 986 4959 ﬁgendum
1026 4904 1164 4955 esse,
1195 4890 1445 4945 deorsum
1477 4894 1850 4948 remittendum

265 4979 507 5046 ﬂuxerit,
556 4983 672 5036 sive
720 4993 896 5045 tonus,
950 4982 1064 5036 sive
1105 4981 1458 5047 diatessaron,
1487 4983 1600 5038 sive
1635 4997 1848 5050 cratera,

264 5076 412 5127 scito
435 5086 622 5125 omnes
651 5071 768 5126 illas
798 5073 1170 5126 oonsonantias
1201 5074 1252 5126 in
1285 5074 1597 5129 remissione
1624 5080 1852 5146 gravita-

268 5167 343 5222 tis
369 5167 506 5222 ﬁeri.
535 5165 592 5222 Si
619 5175 796 5220 autem
828 5168 936 5219 toni
965 5181 1155 5220 sonum
1189 5166 1271 5219 vel
1311 5166 1645 5221 diatessaron
1676 5183 1738 5220 ac
1771 5184 1854 5221 re-

266 5261 540 5328 liquarum
597 5258 1003 5314 consonantium
1061 5271 1218 5309 nosse
1264 5257 1458 5324 cupis.
1512 5258 1668 5310 talem
1722 5272 1853 5326 cape

265 5351 662 5417 conjecturam.
704 5349 897 5417 Accipe
929 5348 1164 5414 regulam
1197 5346 1423 5415 ligneam
1462 5347 1704 5401 manibus
1737 5363 1851 5400 rna-

266 5440 428 5512 gistri
456 5440 732 5491 formatam
753 5477 794 5502 ,.
821 5447 875 5491 et
923 5435 1229 5505 praparatis
1277 5434 1445 5488 tribus
1481 5433 1737 5497 articulis,
1769 5434 1852 5488 vel

266 5532 492 5596 arcolis,
517 5545 582 5584 es
613 5529 756 5583 omni
788 5539 933 5596 parte
977 5539 1129 5596 mque
1170 5523 1371 5578 libratis
1409 5530 1466 5576 et
1502 5522 1728 5588 cavatis,
1754 5537 1849 5576 ex-

271 5623 438 5676 tende
479 5633 700 5672 nervum
745 5633 906 5685 super
957 5617 1192 5685 regulam
1241 5615 1294 5668 in
1334 5614 1541 5667 duobus
1587 5614 1853 5682 capitibus

269 5709 564 5782 suppusitis
607 5707 865 5770 articulis,
912 5713 967 5759 et
1013 5721 1117 5771 non
1168 5704 1470 5768 incideudo,
1513 5702 1605 5755 sed
1644 5703 1695 5755 in
1741 5718 1851 5758 me-

273 5801 471 5860 tienda:
501 5809 663 5858 tutam
692 5797 944 5854 chordatu
970 5797 1023 5853 in
1048 5806 1156 5854 tres
1187 5797 1365 5874 partes
1395 5793 1625 5865 cqualcs
1653 5795 1846 5864 ditide,

1882 3213 1929 3272 C

1965 1985 2113 2039 toao,
2133 1977 2389 2044 majorem
2418 1993 2548 2031 vero
2564 1982 2862 2048 graviorem
2894 1998 3002 2035 uno
3025 1991 3149 2035 tono
3173 1984 3224 2037 in
3246 1995 3372 2036 tota.
3396 1985 3549 2050 Qua:-

1966 2067 2101 2122 ritur
2124 2084 2291 2137 quare
2321 2071 2466 2137 prius
2489 2072 2664 2140 pusuit
2687 2072 2964 2140 diapason,
2993 2072 3258 2141 diapente,
3294 2075 3549 2128 diatessa-

1964 2175 2083 2225 ron,
2114 2170 2168 2215 et
2199 2178 2339 2215 nunc
2370 2164 2528 2217 aliter
2559 2165 2743 2233 incipit
2785 2168 2836 2219 in
2865 2169 3053 2222 ortline
3097 2171 3326 2237 ipsarum
3361 2183 3548 2224 conso-

1967 2252 2270 2304 nautiarum
2300 2264 2530 2308 vertere.
2561 2254 2713 2321 Quod
2746 2258 2822 2311 sic
2855 2259 3097 2323 solvitur,
3132 2261 3253 2326 quia
3300 2262 3349 2312 iu
3382 2277 3548 2329 quan-

1967 2349 2076 2393 tuan
2103 2341 2168 2394 ad
2195 2345 2742 2411 proportionalitatetu
2777 2347 3129 2402 arithmetica:
3161 2354 3413 2417 pertinet,
3448 2368 3545 2404 au-

1964 2430 2160 2482 teccdit
2211 2431 2374 2498 dupla
2416 2434 2842 2502 sesquialterum,
2874 2440 3144 2493 antecedit
3202 2442 3546 2510 sesquialtera

1963 2522 2377 2586 sesquiterliam,
2423 2542 2538 2593 qum
2589 2539 2858 2592 postremo
2907 2533 3137 2596 ponitur.
3189 2533 3228 2585 Ε
3277 2537 3547 2587 contrario

1964 2627 2092 2665 vero
2147 2615 2365 2668 musica:
2421 2620 2770 2672 consonantia
2827 2634 2969 2673 retro
3024 2624 3345 2689 speculatur.
3417 2625 3544 2679 Nam

1965 2704 2132 2768 prima
2162 2707 2506 2758 consonantia
2551 2718 2632 2761 est
2662 2710 2878 2763 musica:
2907 2715 3033 2765 artis
3064 2715 3418 2781 sesquitertia,
3450 2718 3548 2770 hoc

1961 2799 2064 2854 est,
2098 2792 2459 2860 diatessaron;
2496 2797 2615 2849 inde
2661 2801 2965 2865 pervcnitur
3011 2804 3075 2855 ad
3118 2806 3544 2872 sesquialtetam,

1963 2884 2062 2938 hoc
2101 2894 2205 2946 est,
2236 2886 2514 2953 diapente;
2567 2887 2690 2943 inde
2737 2892 2802 2943 ad
2833 2894 3068 2958 duplam,
3101 2909 3217 2962 quae
3248 2906 3328 2948 est
3365 2897 3547 2962 diapa-

1962 2986 2082 3027 son.
2127 2973 2284 3029 Nicos
2333 2977 2520 3041 victor,
2575 2980 2778 3034 macbia
2827 2997 3019 3050 pugna,
3055 3000 3177 3038 orea
3209 2985 3392 3039 Crcete
3433 2988 3546 3051 pul-

1963 3063 2113 3127 cli-ra,
2147 3065 2323 3132 pltonc
2357 3083 2478 3129 vus,
2513 3070 2634 3123 inde
2677 3072 2908 3138 orpheus
2950 3074 3163 3141 pulchra
3198 3092 3296 3130 vox
3327 3076 3544 3133 dicitttr.

1963 3153 2268 3210 Similitudo
2300 3162 2572 3212 nominum
2618 3161 2669 3214 itt
2698 3163 2964 3227 omnibus,
3010 3163 3307 3220 dim-rentia
3336 3185 3462 3223 vero
3493 3173 3545 3225 in

1964 3252 2199 3306 licltant-s
2246 3253 2472 3322 hypaten
2514 3254 2878 3322 chromatice,
2928 3260 3286 3315 enharmonos
3318 3262 3547 3317 diatoni-

1961 3357 2075 3397 cos.
2124 3344 2378 3400 Similiter
2425 3347 2476 3399 iu
2521 3347 2760 3401 lichanos
2789 3363 2996 3416 meeou,
3025 3360 3080 3416 et
3120 3365 3372 3420 paranete
3399 3356 3542 3408 sine-

1963 3446 2180 3496 menon,
2213 3439 2275 3486 et’
2296 3445 2547 3502 paranete
2578 3435 2960 3505 hyperboleou.
2992 3440 3123 3494 Nam
3154 3457 3273 3496 cuzn
3312 3445 3416 3496 sint
3445 3445 3540 3497 de-

1959 3534 2076 3574 cem
2101 3529 2155 3574 et
2175 3530 2297 3575 octo
2324 3524 2494 3592 nervi,
2528 3528 2654 3581 etin
2689 3527 2980 3595 diatonico,
3013 3543 3066 3584 et
3109 3530 3161 3584 in
3190 3533 3540 3598 chromatico,

1960 3625 2018 3668 et
2067 3615 2138 3679 in.
2168 3617 2553 3682 enharntonio;
2606 3620 2794 3688 reliqui
2845 3623 3092 3676 similiter
3129 3636 3268 3686 sunt,
3305 3631 3542 3694 exceptis

1959 3707 2209 3777 quinque.
2243 3702 2538 3764 Dissimiles
2565 3725 2694 3780 ergo
2736 3711 2804 3766 de
2845 3715 3176 3768 chromatico
3206 3717 3457 3786 quinque,
3489 3716 3544 3771 et.

1957 3797 2028 3852 de
2055 3797 2405 3852 enbarmonio
2433 3801 2692 3869 quiuqtte,
2733 3814 2941 3869 sumpta
2973 3803 3037 3856 ad
3084 3804 3267 3858 decem
3299 3817 3348 3858 et
3392 3818 3538 3873 octo,

1956 3890 2001 3943 si
2041 3889 2380 3966 adjiciuntur,
2413 3892 2503 3961 qui
2551 3902 2676 3946 sunt
2712 3893 2766 3948 in
2806 3895 3091 3961 diatonico,
3136 3897 3269 3951 fiunt
3315 3899 3374 3952 lO
3404 3909 3454 3953 et
3481 3903 3536 3954 8.

1958 3981 2294 4046 Ambrosius,
2326 3981 2377 4034 in
2410 3986 2751 4052 expositione
2781 3989 2969 4054 psalmi
3012 4004 3193 4053 cum,
3223 4006 3341 4058 cap.
3373 3992 3428 4054 9.,
3466 3994 3538 4047 ita

1955 4068 2086 4124 dicit
2115 4088 2126 4123 :
2164 4089 2181 4121 ι
2216 4071 2348 4126 Ριιιο
2375 4073 2771 4144 Pythagoram,
2797 4076 3169 4146 pbilOsOphum
3211 4080 3537 4136 imitatorem

1959 4147 2336 4230 prophetarum
2365 4205 2380 4230 ,
2438 4165 2729 4219 instituisse
2780 4175 3002 4231 sectam,
3059 4178 3114 4221 ιιι
3163 4169 3405 4239 di<cipuli
3453 4173 3538 4227 sui

1956 4253 2324 4320 quinquennio
2353 4271 2458 4310 non
2492 4256 2791 4324 loquentes,
2840 4269 2985 4312 tanto
3023 4261 3236 4314 silentio
3285 4263 3422 4332 loqui
3454 4265 3536 4319 di-

1956 4351 2188 4396 scerent.
2228 4361 2246 4394 ε
2287 4346 2591 4412 Aaiomata,
2622 4348 2671 4401 id
2702 4358 2804 4412 est,
2833 4349 3184 4406 admiratione
3209 4353 3387 4421 digna,
3417 4369 3538 4423 quae

1957 4442 2012 4486 et
2060 4434 2334 4504 proloquia
2384 4437 2652 4503 dicuntur,
2703 4439 2754 4492 id
2798 4449 2902 4504 est,
2944 4441 3172 4495 obnoxia
3215 4444 3424 4497 veritati
3451 4444 3535 4500 vel

1957 4522 2196 4578 falsitati.
2241 4527 2286 4578 Α
2311 4526 2473 4596 duplo
2521 4543 2749 4597 namque
2797 4529 3135 4597 sesquialter,
3165 4548 3194 4587 a
3235 4529 3392 4602 triplo
3421 4550 3534 4592 ses-

1957 4613 2241 4682 quitertius
2281 4615 2682 4681 denominatur;
2720 4626 2775 4669 et
2827 4616 3013 4685 reliqui
3053 4620 3342 4675 secundum
3373 4637 3529 4679 suum

1902 4716 1907 4722 ·
1957 4701 2218 4758 ordinem.
2251 4705 2420 4759 Si'illa
2451 4706 2813 4761 deuominatio
2837 4719 3093 4779 quantum
3125 4709 3190 4764 ad
3228 4726 3444 4766 sensum
3476 4712 3530 4768 in

1954 4797 2277 4866 contrariam
2307 4809 2510 4866 partem
2541 4799 2630 4864 sit,
2671 4800 2792 4867 qnia
2821 4815 2939 4854 cum
2982 4802 3032 4855 in
3066 4803 3350 4870 primitivis.
3372 4805 3450 4859 sit
3478 4806 3532 4858 itt

1954 4895 2315 4954 augmentum,
2365 4887 2417 4939 in
2464 4886 2772 4941 derivativis
2814 4889 2864 4942 in
2912 4891 3262 4949 diminutione
3312 4905 3415 4947 est.
3474 4895 3530 4948 In

1955 4977 2333 5046 multiplicibus
2355 4981 2550 5049 quippe
2571 4991 2770 5051 quanto
2793 4986 2964 5054 major
2983 4995 3066 5040 est
3090 5001 3361 5052 numerus,
3384 4996 3530 5040 tanto

1955 5067 2122 5135 major
2175 5069 2230 5120 fit
2291 5073 2587 5139 proportio.
2649 5075 2869 5144 Insuper
2925 5077 3331 5145 particularibus
3403 5093 3530 5130 veru

1955 5169 2232 5213 crescente
2262 5176 2506 5228 numero,
2551 5162 2865 5219 decrescunt
2905 5167 3294 5234 proportiones.
3326 5171 3532 5233 Qttzcri-

1956 5257 2039 5302 tur
2078 5251 2345 5318 quomodo
2383 5253 2557 5305 minor
2604 5257 2880 5323 proportio
2925 5267 3006 5308 est
3054 5255 3106 5308 in
3149 5257 3530 5327 quinquaginta

1957 5341 2144 5404 tribus,
2170 5351 2224 5395 et
2263 5343 2645 5413 quinquaginta
2675 5359 2816 5411 octo,
2849 5361 3004 5414 quam
3053 5348 3102 5398 in
3148 5350 3530 5418 quinquaginta

1952 5441 2008 5485 et
2035 5432 2410 5502 quinquaginta
2442 5437 2703 5506 quinque;
2745 5445 2799 5490 ct
2827 5440 3094 5504 quomodo
3125 5439 3314 5492 iterum
3359 5440 3528 5508 major

1956 5527 2233 5589 proportio
2269 5535 2352 5578 cst
2400 5527 2453 5578 in
2496 5528 2838 5596 quadraginta
2879 5539 3025 5596 octo,
3057 5540 3112 5584 et
3149 5532 3526 5598 quinquaginta

1956 5615 2144 5679 tribus,
2175 5630 2331 5684 quam
2361 5618 2734 5688 quinquaginta
2773 5631 2826 5671 et
2855 5624 3229 5690 quinquaginta
3257 5621 3528 5691 quinque?

1956 5707 2044 5762 Sic
2083 5709 2510 5776 respondendum
2539 5719 2622 5763 est
2654 5727 2664 5761 :
2690 5711 2840 5776 Quod
2868 5713 2912 5764 si
2945 5712 3240 5780 philologus
3267 5711 3364 5766 iste
3395 5713 3530 5767 Boe-

1957 5801 2058 5854 tius
2098 5801 2286 5856 itrrum
2333 5801 2552 5859 adderet
2593 5815 2752 5873 super
2791 5805 3161 5873 quinquaginta
3213 5815 3322 5859 trcs
3367 5806 3546 5874 duus,‘
