3922 6246
405 382 509 436 at;
909 375 1113 431 oena:
1158 375 1608 432 VENERABILIS
1647 377 1794 433 ore.
1837 376 2016 433 rans
2055 376 2092 429 t.
2136 375 2329 430 sccr.
2370 374 2435 430 tt.
2468 408 2534 418 -
2574 378 2775 435 onata
2822 379 2905 435 cr
2945 368 3227 437 Spuma.
3578 383 3699 443 916

404 506 584 551 essent
609 496 697 560 65,
732 504 784 548 ct
824 495 992 561 ipsum
1038 509 1315 547 numerum
1350 502 1679 547 mensurarel
1707 491 1981 562 quinarius
2013 495 2056 554 Α
2087 488 2292 558 liplices
2324 497 2525 544 tantum
2567 500 2621 545 et
2660 494 3172 559 superparticularcs
3216 504 3395 550 notam
3438 512 3699 556 commu-

406 590 683 643 uzulecies:
734 601 783 642 ct
829 588 871 643 si
906 588 1332 655 adderet-super
1379 585 1446 640 58
1494 588 1593 641 alia
1633 587 1757 649 duo,
1806 597 1983 639 essent
2086 598 2206 635 nem
2240 597 2544 637 mensuram
2580 584 2775 638 habere
2808 600 2985 653 posse.
3016 586 3149 640 Nam
3193 590 3574 657 quaternarius
3613 593 3698 648 ad

405 684 699 749 sexagintt,
732 691 780 735 ct
813 689 1144 736 mensurarct
1185 681 1320 734 idem
1371 695 1621 733 numerus
1664 681 1810 751 illum
1853 681 1983 733 duo-

404 776 602 838 decies,
645 783 699 827 ct
744 787 880 828 esset
933 776 1392 843 sesquiundecima
1436 776 1730 842 proportio,
1780 764 1829 827 id
1875 783 1979 839 est,

404 866 783 935 quinquaginta
819 870 1068 934 quinque,
1105 878 1153 919 et
1187 869 1481 935 So‘xugiuta,
1520 885 1636 932 qua:
1680 879 1759 921 est
1808 869 1982 923 minor

402 971 464 1007 ex
498 956 890 1023 sesquidecitna.
943 958 1042 1011 Sed
1090 961 1329 1024 quamvis
1381 958 1443 1010 ad
1496 959 1638 1012 illam
1683 960 1979 1025 proportioo

404 1063 521 1099 nem
556 1062 657 1099 non
692 1049 927 1113 pervenit
961 1051 1009 1099 in
1040 1049 1106 1101 55
1134 1062 1181 1101 et
1213 1050 1300 1113 3:8,
1338 1060 1509 1102 tamen
1542 1060 1761 1118 apparet
1790 1067 1849 1104 ex
1877 1054 1977 1106 hoc

402 1140 539 1202 quod
572 1142 742 1193 minor
770 1123 1035 1201 proportiii
1066 1153 1143 1192 est
1177 1144 1226 1193 in
1263 1143 1546 1209 majoribus
1577 1144 1835 1206 numeris,
1866 1161 1978 1195 ma-

395 1230 479 1292 jor
512 1230 559 1280 in
594 1232 904 1284 iriinorilius.
943 1232 1091 1294 Item,
1124 1236 1162 1283 si
1199 1235 1435 1285 demeret
1479 1246 1587 1286 tres
1638 1250 1700 1288 ex
1748 1236 1975 1302 quadra-

399 1323 539 1383 ginta
568 1333 708 1381 orto,
746 1334 923 1374 es~eut
952 1322 1039 1383 45,
1076 1336 1126 1374 et
1160 1336 1491 1376 meu~uraret
1526 1326 1667 1378 illum
1699 1326 1973 1392 quinarius

400 1412 599 1462 notios.
654 1413 801 1464 liswt
830 1414 1093 1475 similiter,
1129 1417 1169 1467 si
1224 1425 1329 1465 tres
1374 1418 1581 1469 tolleret
1624 1420 1689 1481 de
1718 1421 1975 1488 quinqua-

399 1502 539 1560 ginta
583 1503 765 1566 Itilius,
791 1507 907 1568 jure
938 1515 1270 1558 remanerent
1305 1508 1704 1576 quinquaginta,
1736 1519 1785 1561 et
1825 1527 1973 1563 men—

395 1601 597 1640 surarct
640 1592 910 1658 quinarius
968 1594 1112 1645 illum
1180 1594 1399 1656 decies,
1451 1608 1593 1649 esset
1651 1602 1971 1667 sesquiuona

399 1684 687 1746 prOportio,
723 1700 839 1750 quze
889 1685 1059 1750 major
1095 1696 1175 1738 cst
1218 1688 1637 1754 scsqnidecima;
1671 1701 1719 1743 et
1760 1702 1840 1743 est
1876 1691 1974 1745 iste

394 1790 642 1826 numerus
687 1777 752 1827 4’3
795 1786 847 1827 ct
887 1778 974 1835 55,
1006 1777 1211 1830 medius
1245 1780 1382 1830 inter
1415 1780 1665 1847 majorem
1707 1790 1758 1833 et
1798 1785 1968 1834 tn'no-

2085 674 2348 727 binarium
2381 674 2571 742 duplus
2604 686 2705 739 est,
2740 674 2770 726 6
2801 691 2929 730 vero
2968 678 3033 729 ad
3082 677 3116 729 2
3161 680 3373 743 triplus.
3404 681 3694 740 Subtrahe

2082 767 2135 831 2,
2170 768 2232 820 ad
2263 784 2420 838 quem
2453 768 2483 817 6
2512 769 2696 836 triplus
2730 778 2831 833 est,
2865 781 3101 823 remanet
3133 772 3186 834 6,
3216 771 3279 824 ad
3315 771 3346 823 4
3376 773 3428 824 in
3461 776 3689 843 sesqui—

2082 863 2244 911 altera
2298 861 2657 926 proportione.
2708 860 2833 913 Due
2882 862 3244 930 sesquialteraa
3298 867 3693 931 proportiones

2082 960 2204 1003 Sunt
2235 950 2266 1004 6
2292 952 2357 1003 ad
2387 950 2439 1013 4,
2474 956 2507 1006 8
2540 952 2603 1003 ad
2632 952 2685 1010 6.
2714 952 2807 1003 sed
2848 952 2881 1003 4
2911 952 3102 1019 duplus
3131 953 3184 1015 8,
3212 954 3407 1017 minor,
3442 955 3685 1022 scilicet,

2082 1043 2114 1093 9
2142 1045 2374 1096 ›ο‹ἰιιιόο
2417 1045 2789 1111 sesquialtcro.
2843 1044 2972 1096 Nam
3017 1047 3060 1097 si
3101 1045 3354 1099 unitatem
3394 1045 3685 1114 detrahas,

2079 1136 2143 1188 ad
2170 1152 2327 1200 quant
2356 1138 2605 1190 videlicet
2652 1138 2685 1191 3
2732 1136 2941 1205 triplus,
2975 1136 3007 1186 4
3040 1152 3164 1189 vero
3202 1137 3535 1205 qttadrupltts
3566 1150 3685 1207 est,

2080 1238 2317 1279 remanet
2349 1227 2403 1285 ό,
2444 1227 2507 1279 ad
2535 1230 2565 1281 5
2598 1228 2989 1293 sesquitertius.
3020 1228 3151 1281 Tres
3182 1230 3507 1294 sesquitertii
3549 1241 3685 1284 sunt

2079 1318 2167 1378 ‘27,
2211 1322 2296 1382 56,
2345 1318 2434 1381 48,
2484 1317 2571 1384 54,
2620 1319 2711 1372 sed
2746 1318 2815 1372 27
2863 1320 3066 1371 nttmeri
3113 1320 3300 1382 triplus
3338 1328 3422 1372 est
3460 1320 3553 1386 8|,
3584 1324 3682 1375 cui

2079 1412 2278 1463 scilicet
2311 1410 2541 1463 minores
2567 1420 2689 1462 sunt
2723 1420 2829 1462 tres
2856 1411 3201 1478 sesquitertii.
3239 1411 3350 1463 ltuo
3378 1412 3684 1480 sesquiler-

2082 1501 2134 1552 lii
2167 1510 2289 1552 sunt
2323 1500 2404 1565 18,
2434 1499 2524 1562 25,
2568 1499 2657 1563 52,
2703 1500 2989 1567 ampliores
3038 1515 3263 1553 numero
3312 1500 3403 1563 27,
3454 1501 3544 1568 qui
3593 1512 3684 1555 est

2077 1591 2392 1659 scsquialler
2421 1590 2485 1643 ad
2522 1589 2606 1653 18,
2645 1591 2712 1645 12
2753 1590 2817 1642 ad
2857 1590 2888 1643 9
2934 1590 3310 1658 sesquitertius
3347 1603 3451 1652 est,
3486 1591 3518 1640 9
3542 1590 3612 1644 ad
3644 1594 3680 1646 6

2077 1682 2427 1750 se-quialter;
2474 1682 2567 1735 sed
2602 1682 2665 1733 12
2696 1681 2759 1733 ad
2789 1696 2880 1734 sex
2912 1682 3126 1746 duplex.
3159 1680 3215 1736 Si
3259 1680 3347 1747 12,
3389 1683 3474 1750 qui
3510 1684 3577 1735 ad
3612 1683 3681 1736 14

2076 1776 2467 1840 sesquitertius,
2502 1775 2565 1827 ad
2599 1773 2631 1827 8
2662 1775 2975 1842 sesquialter
3016 1786 3121 1837 est,
3170 1775 3444 1839 detrahas,
3494 1770 3679 1830 rema-

394 1880 525 1915 ri-m.
563 1864 623 1916 Et
656 1865 739 1916 hic
773 1867 963 1918 iterum
995 1871 1265 1934 quatritur.
1304 1880 1407 1921 tres
1452 1873 1726 1936 quantitati
1771 1873 1964 1925 utrius-

2079 1877 2164 1917 net
2212 1868 2243 1919 9
2284 1866 2347 1917 ad
2384 1865 2415 1916 8
2469 1865 2517 1918 in
2560 1868 2923 1932 sesquioctava
2975 1868 3302 1922 habitudine.
3354 1866 3674 1921 Difl‘erentia

393 1968 494 2019 que
545 1955 745 2006 muneri
801 1956 969 2021 addit,
1014 1967 1067 2008 ut
1108 1958 1337 2025 majores
1381 1961 1574 2012 rlliriat
1616 1977 1886 2026 numeros,
1919 1976 1971 2017 ei

389 2060 551 2109 quare
577 2045 709 2098 duos
742 2047 925 2099 minuit
956 2063 1018 2101 ex
1068 2052 1252 2102 eadem
1283 2053 1594 2116 quantitate,
1640 2065 1696 2105 ut
1739 2058 1972 2107 minores

395 2137 612 2189 laceret.
650 2138 735 2190 Sic
765 2139 1079 2192 solvendum
1114 2151 1211 2199 est.
1239 2142 1376 2209 quod
1403 2146 1697 2209 quantitate
1722 2146 1965 2211 qtiinaiii,

301 2271 304 2273 λ
391 2244 506 2291 quae
534 2240 612 2281 cst
643 2230 938 2287 differentia
973 2232 1341 2299 praedictorum
1387 2252 1750 2300 numerorum,
1785 2238 1967 2292 divisit

388 2320 439 2371 in
467 2320 599 2374 duas
629 2335 822 2389 partes,
868 2325 965 2375 hoc
997 2334 1096 2387 est,
1143 2328 1191 2377 in
1242 2328 1335 2379 tria
1383 2337 1435 2380 et
1478 2328 1601 2391 duo,
1633 2341 1682 2381 cl
1714 2334 1965 2395 majorem

392 2421 591 2474 partem
621 2412 762 2463 addit
796 2416 1067 2480 quantitati
1105 2417 1393 2482 praulietm,
1429 2427 1481 2469 ut
1522 2429 1701 2471 essent
1742 2421 1968 2486 majores

388 2502 610 2563 numeri,
645 2512 695 2555 et
726 2505 897 2555 minor
930 2507 1234 2569 proportio;
1268 2517 1319 2559 et
1350 2507 1609 2560 minorem
1643 2508 1874 2574 dempsit
1903 2526 1965 2564 ex

386 2590 573 2645 eadem
608 2595 924 2658 quantitate,
958 2606 1009 2646 ut
1041 2608 1221 2649 essent
1267 2600 1499 2651 minores
1542 2601 1744 2652 lllllllCli
1776 2611 1827 2652 et
1857 2617 1968 2653 ma-

383 2683 468 2748 jor
501 2686 792 2750 proportio.
828 2686 1181 2739 Duodecimus
1212 2703 1464 2739 munerus
1492 2688 1552 2740 ad
1586 2687 1618 2740 8
1651 2691 1969 2757 sesquialter

385 2784 489 2835 est,
534 2774 593 2826 ad
643 2775 673 2826 9
720 2791 843 2828 vero
884 2776 1274 2843 sesquitertids.
1319 2778 1421 2830 Sed
1471 2780 1512 2830 si
1561 2777 1965 2843 duodenariuut,

388 2864 475 2929 qui
509 2875 588 2915 est
646 2866 710 2917 atl
754 2865 785 2917 9
818 2867 1211 2934 sesquilertius,
1245 2868 1592 2933 subtraxeris,
1629 2880 1865 2922 remanet
1911 2869 1963 2932 9,

385 2954 449 3005 ad
480 2957 511 3009 8
564 2956 611 3006 in
666 2957 1033 3023 sesquioctava
1082 2960 1443 3023 proportione,
1476 2974 1595 3027 qua:
1637 2961 1828 3013 eximie
1862 2975 1963 3011 non

382 3060 501 3097 es~e
549 3048 717 3097 media
771 3048 1023 3099 subtractt
1072 3049 1393 3115 sesquitertii
1436 3052 1724 3118 colligitur,
1755 3051 1873 3117 quia
1921 3052 1961 3102 si

384 3142 516 3187 duas
569 3142 849 3191 continuas
889 3141 1283 3206 seSquiortavas
1316 3144 1673 3209 perquisieris,
1706 3154 1761 3195 ut
1800 3145 1848 3195 in
1882 3146 1961 3196 his

386 3231 619 3282 numeris
654 3231 772 3295 112,
796 3230 919 3289 210.
945 3234 1068 3293 245,
1099 3236 1283 3286 tertius
1314 3236 1591 3298 terminus,
1624 3237 1672 3288 id
1704 3248 1805 3301 est,
1833 3237 1957 3298 245,

385 3336 490 3371 non
522 3323 716 3387 poterit
752 3324 1120 3391 scsquitertius
1149 3328 1213 3378 ad
1247 3326 1495 3391 primunt,
1521 3327 1611 3379 sed
1641 3328 1765 3389 2.56,
1794 3331 1962 3390 major

386 3412 631 3464 videlicet
660 3414 1031 3481 sesquioctavo
1058 3416 1314 3470 secundo.
1346 3416 1480 3481 Quid
1511 3418 1554 3470 si
1594 3417 1815 3484 simpiex
1849 3433 1961 3471 ses-

385 3504 696 3569 quioctavus
745 3507 1001 3558 medietas
1056 3516 1196 3559 esset
1257 3508 1611 3574 sesquitertii,
1664 3508 1962 3574 geminatus

384 3599 567 3664 utique
616 3598 859 3651 redderet
911 3600 1191 3666 integrum.
1250 3598 1545 3667 Vigesimus
1595 3614 1844 3653 numerus
1895 3599 1958 3650 ad

384 3688 454 3741 15
480 3693 846 3758 sesquitettius
877 3701 977 3753 cst,
1020 3692 1085 3743 ad
1132 3689 1197 3740 15
1240 3706 1364 3743 vero
1403 3692 1820 3758 sesquiquartus.
1855 3691 1960 3744 Sed

385 3781 432 3834 si
455 3782 697 3834 emndem
721 3782 790 3837 20
817 3798 1114 3844 numerum,
1141 3782 1227 3850 qui
1254 3792 1330 3836 est
1358 3784 1419 3834 ad
1454 3784 1512 3834 16
1536 3783 1957 3850 sesquiquartus,

385 3870 700 3939 dcnipseris,
732 3882 1011 3925 remanent
1042 3874 1129 3937 16,
1179 3872 1241 3923 ad
1301 3871 1364 3923 15
1414 3872 1464 3924 in
1506 3874 1961 3941 sesquiquintade-

385 3964 521 4014 cima
572 3967 949 4028 proportione,
999 3977 1115 4030 qu.e
1178 3978 1280 4014 non
1325 3978 1445 4017 esse
1494 3965 1748 4016 medietas
1795 3964 1959 4015 ablati

387 4054 738 4121 scsquiquarti
770 4070 833 4105 ex
886 4055 983 4105 huc
1012 4054 1453 4120 deprehenditur,
1484 4059 1630 4121 quasi
1679 4056 1806 4109 duas
1834 4072 1960 4109 con-

386 4147 561 4196 tinuas
612 4146 1241 4213 scsqu‘quiutasdecimas
1301 4146 1635 4199 habitudines
1678 4146 1961 4201 adinvcne-

386 4240 477 4300 ris,
517 4247 571 4287 ut
606 4238 654 4289 in
685 4237 765 4289 lus
798 4240 1031 4290 numeris
1065 4257 1074 4289 :
1109 4237 1233 4300 909,
1263 4239 1383 4301 90d,
1418 4239 1503 4301 60,
1544 4239 1625 4300 l0,
1651 4239 1739 4303 25,
1777 4240 1961 4293 tertius

388 4328 667 4390 terminus,
698 4329 744 4379 id
777 4338 878 4391 est,
906 4328 1185 4396 vigesimus
1216 4340 1451 4394 quartus.
1488 4346 1589 4380 non
1620 4330 1812 4397 poterit
1841 4344 1961 4383 esse

373 4429 780 4485 .st-Squiquarlus
810 4420 872 4471 ad
908 4420 1152 4485 primum.
1188 4420 1315 4471 Nam
1356 4422 1395 4471 si
1430 4420 1531 4473 $100
1571 4433 1809 4488 quartam
1840 4434 1958 4486 par-

1991 3188 2038 3248 C

2078 1959 2456 2025 quinquaginta
2488 1974 2674 2013 novem
2712 1960 2935 2011 millium
2976 1959 3327 2029 quadraginta
3358 1975 3573 2020 novem,
3606 1958 3677 2014 ad

2077 2056 2351 2117 sexaginta
2399 2050 2507 2104 duo
2557 2052 2715 2104 millia
2763 2052 3021 2105 ducentos
3069 2062 3213 2112 octo.
3265 2062 3317 2106 et
3359 2051 3457 2104 tria
3501 2053 3671 2107 millia

2078 2158 2289 2198 centum
2311 2146 2685 2215 quinquaginta
2712 2160 2923 2208 novem,
2940 2161 3058 2213 quae
3079 2161 3142 2199 ex
3168 2143 3415 2199 ducentis
3437 2146 3671 2212 quadra-

2074 2236 2214 2305 ginta
2259 2238 2428 2290 tribus
2462 2247 2541 2291 ter
2571 2237 2751 2290 decies
2795 2237 3157 2303 multiplicatis
3196 2238 3456 2302 excrevit,
3485 2250 3535 2290 et
3566 2238 3668 2289 mi-

2076 2343 2175 2379 nus
2208 2344 2364 2393 quam
2396 2329 2614 2380 minoris
2644 2338 2886 2381 octavam
2910 2328 3170 2381 decimam
3201 2328 3408 2381 obtinet
3430 2339 3663 2393 partem.

2072 2420 2336 2473 Similiter
2364 2419 2689 2482 dilTerentia,
2724 2419 2997 2484 sexaginta
3043 2421 3265 2471 duorum
3307 2419 3529 2473 millium
3563 2419 3666 2470 du-

2074 2520 2349 2563 CCttlt-rttttt
2404 2500 2524 2564 octo
2578 2514 2640 2563 ad
2694 2512 2969 2578 sexaginta
3013 2511 3247 2578 quinque
3287 2508 3475 2575 millia,
3507 2510 3663 2577 quin-

2070 2612 2258 2670 gentos
2312 2602 2521 2670 triginta
2575 2617 2691 2665 sex,
2741 2612 2796 2655 et
2844 2603 2941 2653 tria
2987 2600 3150 2652 millia
3204 2599 3426 2652 trecenti
3478 2598 3665 2666 viginti

2071 2703 2212 2753 octo,
2243 2709 2359 2761 qua:
2407 2709 2470 2747 ex
2520 2692 2762 2746 ducentis
2812 2690 3191 2759 quinquaginta
3239 2704 3333 2743 sex
3378 2698 3458 2741 ter
3483 2689 3669 2742 decies

2072 2784 2435 2848 multiplicatis
2458 2784 2715 2844 excrevit,
2743 2791 2795 2833 et
2838 2781 3111 2849 sexaginta
3152 2777 3379 2832 duorum
3413 2778 3665 2841 millium,

2070 2873 2418 2925 dueentorum
2464 2884 2587 2926 octo
2637 2874 2812 2925 minus
2867 2887 3025 2939 quam
3079 2881 3319 2923 octavam
3374 2867 3665 2931 decimam,

2074 2963 2193 3027 plus
2239 2978 2365 3016 vero
2417 2978 2571 3029 quam
2626 2978 2817 3015 nonam
2873 2960 3133 3013 decimam
3181 2958 3387 3011 obtinet
3429 2967 3664 3028 partem.

2070 3050 2455 3118 Quinquaginta
2508 3065 2696 3101 novem
2751 3050 3008 3114 millium,
3062 3048 3411 3115 quadraginta
3468 3063 3664 3099 novent

2072 3150 2261 3193 octava
2314 3153 2435 3207 pars
2483 3148 2587 3201 est,
2640 3150 2846 3206 seplcm
2895 3140 3081 3200 millia,
3136 3135 3355 3189 Ireteltli
3391 3135 3664 3203 octoginta

2071 3242 2318 3296 quatuor,
2361 3239 2415 3283 et
2460 3242 2645 3282 octava
2700 3245 2819 3295 pars
2849 3229 3087 3288 unitatis.
3115 3242 3234 3294 qua:
3274 3225 3477 3279 eisdem
3506 3226 3663 3294 quin-

2068 3320 2320 3389 quaginta
2359 3334 2547 3372 novem
2580 3320 2814 3371 millibus
2858 3318 3205 3387 quadraginta
3258 3332 3449 3370 novem
3480 3317 3664 3369 addita

2066 3418 2229 3469 el‘ticit
2254 3416 2531 3484 sexaginta
2563 3431 2655 3468 sex
2699 3413 2885 3476 millia,
2910 3412 3329 3482 quadringentos
3355 3410 3567 3479 triginta
3606 3420 3666 3463 et

2066 3520 2330 3572 octavam,
2359 3509 2445 3576 qui
2479 3516 2733 3572 superant
2754 3497 3026 3573 sexaginta
3050 3506 3281 3573 quinque
3306 3502 3470 3557 millia
3501 3503 3660 3571 quin-

2064 3614 2254 3673 gentos
2296 3602 2503 3670 triginta
2555 3615 2675 3664 sex,
2724 3599 3040 3666 octingentis
3088 3597 3373 3663 nonaginta
3422 3603 3685 3662 quatuor‘

2068 3695 2352 3747 unitatibus
2403 3702 2458 3745 et
2503 3700 2690 3743 octava
2741 3698 2887 3755 parte
2929 3688 3163 3739 unitatis.
3208 3686 3261 3741 Si
3301 3684 3410 3739 215
3458 3697 3652 3739 octava

2065 3784 2373 3853 requiritur,
2408 3783 2509 3835 erit
2540 3782 2630 3844 50,
2664 3789 2717 3831 et
2750 3780 2906 3831 trium
2939 3767 3198 3830 u'nilatum
3229 3785 3432 3829 octava:
3465 3774 3653 3843 partis,

2064 3892 2183 3943 quin
2221 3875 2422 3929 eisdem
2470 3873 2649 3928 addita
2680 3872 2841 3924 ellicit
2871 3868 2993 3934 275,
3026 3884 3146 3922 cum
3193 3869 3353 3921 trium
3394 3869 3655 3919 unilatum

2065 3966 2293 4018 octavis.
2327 3965 2464 4019 Sunt
2492 3976 2619 4031 ergo
2649 3964 2698 4015 in
2740 3961 3007 4013 semitonii
3052 3960 3395 4025 proportione
3425 3955 3555 4017 216,
3585 3958 3653 4010 ad

2064 4059 2326 4111 ducentos
2372 4055 2463 4119 41,
2512 4069 2736 4122 quorum
2786 4048 3080 4105 dilfereutia
3136 4050 3221 4116 15,
3274 4051 3452 4101 minus
3492 4064 3652 4117 quam

2066 4150 2285 4202 minoris
2330 4159 2540 4214 octava,
2590 4147 2853 4200 decimam
2904 4145 3024 4211 plus
3073 4158 3200 4196 vero
3250 4156 3409 4209 quam
3456 4157 3651 4195 nonam

2064 4240 2325 4293 decimam
2376 4250 2577 4306 partem
2611 4238 2834 4290 obtinet.
2882 4236 2935 4289 Si
2967 4236 3108 4289 enim
3151 4235 3319 4288 octies
3357 4234 3534 4287 decies
3584 4232 3652 4287 15

2062 4332 2253 4397 dicas,
2281 4331 2480 4385 efticies
2523 4330 2647 4394 255,
2701 4330 2787 4396 qui
2838 4338 2958 4381 sunt
3005 4328 3237 4380 minores
3283 4325 3389 4379 215
3432 4336 3651 4393 Quater-

2066 4425 2235 4475 nario.
2285 4423 2338 4476 In
2388 4428 2665 4490 apotomes
2694 4436 2819 4475 vero
2865 4420 3206 4488 proportione
3243 4427 3489 4471 constant
3514 4417 3646 4485 9.73,

384 4520 489 4559 ti-m
522 4511 833 4576 sumpseriS,
866 4525 981 4577 qua:
1012 4519 1085 4562 est
1120 4510 1254 4575 225,
1284 4523 1335 4564 et
1362 4512 1597 4579 ejusdem
1630 4513 1957 4580 apposueris,
1989 4536 2034 4591 υ
2064 4531 2182 4569 cum
2219 4517 2375 4567 trium
2410 4515 2666 4567 unitatem
2698 4514 2899 4567 octavis
2948 4512 3014 4564 ad
3051 4510 3180 4571 256,
3226 4525 3451 4577 quorum
3491 4508 3648 4563 diﬂ'e-

383 4601 481 4651 crit
529 4616 776 4653 numerus
828 4600 985 4662 1125,
1030 4600 1219 4666 major,
1269 4603 1488 4666 scilicet,
1540 4603 1678 4656 1024
1724 4604 1961 4657 secundo

384 4690 981 4757 sesquiquiutodecimo.
1035 4693 1182 4755 Quod
1236 4693 1277 4744 si
1332 4694 1555 4759 simplex
1596 4693 1960 4761 ses’quiquinla

382 4781 587 4833 decima
632 4785 888 4835 medietas
937 4791 1079 4834 esset
1125 4783 1500 4850 sesquiquarti,
1543 4785 1803 4852 duplicata
1845 4786 1961 4839 sine

383 4875 542 4927 dubio
572 4875 633 4925 ad
669 4877 869 4941 integra
902 4886 1064 4927 esset.
1099 4876 1205 4927 lloc
1238 4875 1289 4927 in
1320 4879 1565 4928 omnibus
1594 4878 1844 4943 deinceps
1871 4895 1961 4930 su-

384 4965 885 5031 pcrparticulartbus
930 4966 1127 5029 evenit,
1172 4973 1224 5019 et
1254 4968 1295 5017 si
1336 4968 1581 5018 continua
1623 4969 1793 5021 minor
1836 4985 1958 5036 pro-

385 5056 556 5121 ptit'liO
587 5057 855 5117 dematur,
887 5063 1023 5124 quod
1058 5058 1371 5125 relinquitur
1402 5072 1501 5109 non
1545 5060 1713 5125 possit
1750 5062 1960 5113 Subtra-

383 5161 482 5200 IZIZI‘.
509 5160 757 5205 constare
802 5152 1078 5204 medietas.
1134 5152 1497 5205 Duodenarius
1539 5154 1601 5205 ad
1634 5150 1664 5202 8
1696 5156 1960 5221 sesquial-

386 5252 576 5303 teram,
607 5241 670 5292 ad
705 5246 735 5296 6
763 5258 889 5297 vero
919 5242 1131 5310 duplam
1174 5244 1364 5295 retinet
1406 5244 1822 5311 proportionem.
1853 5244 1958 5300 Sed

384 5334 424 5383 si
459 5334 715 5385 minorem
763 5335 1089 5397 continuam,
1122 5334 1203 5387 vel
1246 5334 1648 5400 sesquialteram
1679 5336 1959 5390 subtraxe-

382 5428 477 5488 ris,
530 5435 797 5475 remanent
852 5424 902 5487 8,
960 5424 1023 5475 ad
1066 5422 1097 5474 6
1139 5425 1186 5475 itt
1230 5424 1567 5492 sesquitertia
1619 5424 1952 5489 habitudine;

384 5532 501 5577 qua:
532 5517 806 5583 plusquam
839 5518 1094 5570 medietas
1137 5515 1335 5582 dt'lttpli
1378 5515 1713 5583 sesquialteri
1753 5530 1815 5569 ex
1860 5517 1959 5569 hoc

384 5622 504 5659 esse
526 5608 810 5674 eutligilur,
842 5610 959 5674 quia
992 5611 1035 5661 si
1066 5610 1194 5659 duas
1224 5607 1588 5673 sesquitcrtias
1626 5605 1954 5671 adinvcnies,

385 5705 441 5750 ut
470 5700 519 5751 in
554 5699 633 5749 his
661 5701 894 5753 numeris
926 5716 940 5755 :
974 5700 1056 5761 18,
1086 5698 1181 5761 21,
1212 5699 1301 5765 32,
1338 5698 1569 5765 majores
1608 5707 1729 5750 sunt
1758 5699 1824 5752 27
1857 5716 1956 5752 ηυ-

381 5802 550 5855 mero,
580 5791 670 5856 qui
701 5799 783 5843 est
810 5792 872 5845 ad
912 5790 973 5844 18
1003 5789 1333 5858 sesquialter.
1366 5787 1465 5845 Ubi
1493 5787 1691 5845 dictum
1718 5799 1800 5844 est
1822 5789 1953 5845 mul-

2060 5529 2113 5569 et
2140 5518 2367 5584 quinque
2410 5528 2625 5569 octavas
2673 5534 2686 5567 :

2069 4610 2234 4663 rentia
2274 4609 2356 4674 t7,
2388 4622 2509 4661 cum
2558 4608 2714 4659 trium
2761 4603 2962 4657 octavis
3010 4602 3184 4655 minus
3221 4614 3377 4668 quam
3423 4600 3677 4654 minoris

2063 4712 2308 4770 quartam
2341 4700 2625 4759 decimam,
2667 4700 2782 4766 plus
2830 4713 2959 4751 vero
3008 4710 3167 4763 qnam
3217 4694 3457 4763 quintam
3502 4694 3617 4748 deci

2063 4810 2203 4846 ntatn
2238 4794 2443 4845 obtinet
2474 4803 2696 4857 partem,
2724 4791 2841 4857 quia
2867 4790 2909 4843 si
2935 4798 3121 4856 quater
3147 4786 3325 4841 decies
3360 4787 3423 4838 l7
3456 4785 3645 4854 ducas,

2062 4893 2221 4937 crunt
2248 4883 2372 4933 258.
2403 4881 2465 4933 Et
2492 4882 2533 4930 si
2568 4882 2723 4931 trium
2754 4880 3012 4931 ttnitatum
3048 4886 3265 4930 octavas
3294 4875 3487 4941 ducas,
3509 4892 3643 4945 qua-

2064 4984 2144 5027 ter
2173 4982 2227 5026 et
2252 4971 2431 5024 decies
2462 4968 2698 5022 cflicient
2728 4969 2761 5022 5
2789 4970 3019 5023 unitatcs
3046 4978 3100 5020 et
3138 4949 3490 5035 quadrantem
3526 4969 3648 5021 uni-

2063 5067 2181 5119 tatis
2213 5084 2223 5118 :
2259 5066 2354 5118 hos
2385 5062 2489 5116 258
2518 5062 2785 5129 sejungas,
2834 5065 2956 5114 tienl
3006 5059 3132 5121 245,
3176 5069 3230 5113 et
3274 5060 3507 5128 quadras
3546 5058 3649 5113 nii-

2062 5172 2241 5220 nnres,
2290 5157 2514 5217 scilicet,
2566 5151 2671 5203 256
2722 5152 3001 5206 duodecim
3037 5152 3347 5213 unitatibus,
3388 5158 3443 5203 et
3474 5148 3645 5203 tribus

2060 5248 2262 5316 quartis
2294 5245 2531 5312 partibus
2562 5244 2799 5295 unitatis.
2826 5242 2882 5296 Si
2914 5259 3040 5296 vero
3070 5240 3350 5311 quinquies
3380 5246 3434 5293 et
3463 5239 3641 5295 decies

2064 5340 2122 5390 li
2158 5338 2339 5399 ducas,
2387 5335 2511 5387 ﬁent
2559 5333 2687 5393 256,
2734 5342 2789 5386 at
2836 5334 2878 5385 si
2927 5332 3082 5384 trium
3124 5333 3386 5384 unitatum
3426 5342 3643 5387 octava!

2064 5442 2155 5492 per
2200 5424 2262 5476 15
2312 5428 2563 5487 minores,
2596 5424 2819 5477 reddent
2870 5424 3099 5491 integras
3138 5422 3370 5491 quinque
3409 5421 3642 5477 unitates

2734 5520 2828 5569 hos
2870 5517 3030 5583 junge
3057 5515 3185 5582 255,
3224 5516 3390 5569 facies
3424 5514 3555 5580 260,
3585 5526 3641 5571 et

2061 5608 2295 5673 quinque
2323 5618 2555 5666 octavas,
2604 5607 2691 5672 qui
2723 5615 2978 5671 superant
3011 5604 3116 5659 256
3157 5619 3385 5672 quatuor
3418 5605 3643 5661 unitati-

2062 5700 2157 5748 hus
2186 5707 2238 5749 et
2277 5697 2512 5764 quinque
2561 5696 2783 5749 octavis.
2836 5696 2997 5765 Igitur
3044 5697 3085 5749 si
3134 5698 3370 5750 muneris
3416 5697 3643 5764 integris

2062 5789 2173 5843 lucc
2201 5791 2377 5845 omnia
2410 5788 2586 5845 videre
2636 5790 2902 5846 desideras
2949 5803 3052 5847 tam
3094 5794 3491 5861 seprascriptos
3530 5797 3643 5845 toro
