3922 6246
128 434 230 492 917

1462 439 1711 496 MUSICA
1754 437 2122 495 THEORICA.

3313 440 3417 491 2H

127 552 304 605 minos
334 562 502 616 quam
534 548 877 611 differentias,
913 562 1004 617 per
1025 549 1357 604 octonarium
1392 568 1633 612 numera.
1667 562 1721 607 et
1752 553 1796 610 Α
1827 550 2123 615 comitetur,
2171 557 2331 604 erunt
2374 548 2498 613 325,
2546 565 2598 603 et
2640 566 2845 613 octava,
2882 552 2968 613 qui
3019 561 3268 616 superant
3306 551 3414 604 525

129 641 255 695 nihil
288 640 584 693 molestum
629 648 679 693 te
718 641 954 706 reperire
998 639 1276 711 gaudebis.
1326 645 1434 697 Duc
1462 659 1589 714 ergo
1618 645 1723 699 213

126 733 312 792 ocries,
366 732 501 785 fient
532 732 625 786 tibi
657 730 821 798 1913;
854 734 1021 787 octies
1056 733 1185 800 256,
1216 733 1392 800 2018;
1423 737 1592 790 octies
1620 734 1726 789 273

130 830 253 875 sunt
280 823 460 886 2184;
494 823 665 877 oi'ties
711 833 818 878 tres
844 836 1044 878 octava:
1076 835 1183 881 tres
1223 827 1457 895 integras
1496 829 1725 885 unitates

130 915 397 974 efticient;
449 929 584 981 q'as
612 914 777 983 junge
823 913 984 980 2185,
1020 917 1069 969 in
1104 918 1469 985 sesquioctava
1502 935 1560 972 se
1603 934 1725 973 con-

132 1006 362 1058 tinentes
412 1006 727 1059 habitudine
754 1006 819 1059 ad
856 1006 1005 1070 1911,
1051 1024 1275 1076 quorum
1312 1009 1608 1063 diderentia
1640 1020 1724 1063 est

127 1096 252 1162 245,
284 1114 408 1166 qua:
440 1113 505 1151 es
539 1100 609 1152 30
648 1110 700 1153 et
731 1098 887 1151 trium
923 1101 1181 1153 unitatum
1223 1101 1423 1155 octavis
1452 1102 1720 1165 distantia,

132 1188 355 1253 scilicet,
409 1186 521 1241 213
566 1196 621 1239 et
669 1188 795 1252 273,
846 1190 1104 1244 imitatum
1154 1192 1376 1255 octavis,
1432 1192 1509 1245 sic
1556 1195 1723 1243 octies

132 1288 279 1331 aucta
314 1280 615 1331 concrevit.
648 1280 829 1333 Octies
863 1281 1023 1332 trium
1067 1292 1270 1333 octavae
1294 1282 1325 1333 3
1358 1283 1573 1350 integrae
1605 1282 1723 1335 uni-

130 1379 282 1423 tates.
316 1368 452 1423 Inde
485 1370 598 1423 haec
628 1369 931 1425 dffereutia
961 1370 1067 1423 213
1092 1387 1297 1426 summa
1329 1383 1429 1427 est.
1466 1372 1516 1426 In
1558 1374 1722 1427 semi-

127 1462 232 1515 torri
266 1478 397 1514 vero
433 1464 655 1515 minoris
685 1462 995 1519 hab'tudine
1025 1476 1271 1520 constant
1300 1466 1442 1519 2018
1471 1466 1532 1518 ad
1561 1466 1720 1533 19M,

125 1569 352 1622 quorum
388 1553 688 1607 differentia
717 1568 800 1608 est
856 1557 979 1619 104,
1026 1573 1090 1609 cx
1124 1557 1186 1608 13
1223 1558 1475 1611 distantia
1524 1556 1630 1609 215
1670 1566 1723 1611 et

126 1646 484 1699 ducentorum
520 1643 589 1697 56
627 1646 971 1713 octuplicata.
1010 1649 1223 1702 Obtiuct
1274 1650 1495 1702 minoris
1545 1649 1721 1701 minus

126 1752 281 1805 quam
310 1748 564 1792 Octavam
590 1740 874 1801 decimam,
907 1740 1023 1807 plus
1055 1757 1181 1793 vero
1209 1758 1363 1808 quam
1397 1758 1591 1796 notior-
1622 1742 1719 1797 de-

125 1831 336 1894 cimam,
372 1833 495 1899 quia
525 1832 693 1884 octies
723 1831 902 1886 decies
932 1833 1033 1886 101
1061 1844 1182 1885 Slinl
1222 1834 1375 1899 1872,
1404 1836 1624 1897 sci'icet,
1652 1850 1718 1889 ex

1834 646 2035 695 unitate
2062 651 2116 695 et
2147 652 2330 695 octava
2354 651 2503 709 parte
2530 644 2769 698 unitatis.
2798 643 2944 709 Quod
2977 645 3017 693 si
3054 643 3163 695 Ιιςιιρ
3195 643 3419 696 fortasse

1830 743 2015 787 octava
2065 746 2188 801 pars
2236 733 2457 787 unitatis
2506 736 2729 787 molesta
2783 734 3067 798 videbitur,
3118 728 3438 799 superiores

1832 826 2037 878 numeri
2069 840 2161 894 per
2191 823 2225 877 8
2257 826 2701 895 multiplicemur,
2734 836 2786 879 et
2834 826 2884 878 in
2934 829 3163 889 integerr
3192 830 3292 877 ruis
3328 844 3419 878 utt-

1830 916 1991 967 rreris
2039 916 2221 969 decem
2261 916 2602 970 habitudines
2650 917 3003 983 reperiuntur.
3058 917 3419 983 Mtrilipiicalts’

1829 1024 1955 1075 ergo
2000 1006 2107 1061 256
2158 1026 2251 1076 per
2286 1023 2552 1069 oetavurn,
2589 1020 2712 1062 sunt
2742 1011 2877 1063 9018
2904 1030 2914 1067 ;
2946 1008 3049 1060 272
3086 1026 3206 1059 tero
3253 1013 3420 1060 octies

1828 1099 1993 1163 ducti,
2016 1098 2156 1152 2176
2187 1102 2478 1168 complent.
2508 1100 2765 1154 Similiter
2787 1102 2888 1153 280
2912 1102 3075 1151 octies
3105 1101 3247 1156 facti,
3279 1098 3418 1149 231:!

1829 1192 2088 1251 reddunt;
2132 1202 2183 1245 et
2230 1204 2352 1244 sunt
2388 1194 2577 1245 iterum
2624 1194 2741 1246 dure
2788 1198 3133 1259 si'squisrxtrc
3180 1194 3419 1251 decitur,

1826 1282 1988 1347 20-18,
2036 1282 2198 1346 2176,
2243 1282 2405 1349 2312,
2444 1301 2561 1353 qua:
2592 1296 2840 1339 constant
2874 1290 3300 1347 sesquiortavum
3334 1302 3422 1337 su-

1829 1386 2037 1438 perare,
2092 1373 2213 1439 quia
2268 1375 2310 1427 si
2358 1374 2565 1425 duobus
2616 1376 2848 1427 millibus
2900 1374 3243 1442 quadraginta
3301 1384 3420 1427 octo

1830 1477 1950 1529 pars
1977 1464 2291 1517 eorurndem
2326 1474 2532 1521 octava.
2562 1464 2609 1519 id
2646 1476 2743 1529 est,
2778 1464 2901 1530 246,
2929 1468 3265 1532 copulentur,
3294 1469 3421 1517 flent

1826 1554 1987 1613 2301.
2024 1557 2112 1623 qui
2162 1566 2305 1608 certe
2336 1566 2656 1625 superantur
2702 1573 2729 1610 a
2776 1558 2916 1609 23l2
2956 1570 3077 1610 octo
3108 1560 3415 1610 unitatibus.

1829 1643 2031 1701 [trusus
2058 1646 2161 1701 289
2192 1661 2285 1714 per
2311 1659 2561 1700 octavum
2589 1649 2752 1715 ducti,
2785 1648 2979 1701 faciunt
3000 1648 3158 1705 2562.
3190 1649 3419 1702 'l'ri-cen-

1828 1741 1862 1795 ti
1888 1754 1978 1796 ses
2011 1754 2219 1807 qucque
2249 1741 2417 1793 octies
2449 1742 2772 1801 augmentati
2801 1741 2996 1793 faciunt
3027 1739 3183 1793 £618.
3221 1741 3413 1793 Eodem

1825 1829 1985 1881 modo
2011 1816 2115 1882 524
2140 1830 2449 1898 octuplicati
2471 1830 2611 1884 2522
2634 1833 2926 1898 complent,
2959 1841 3010 1884 et
3042 1841 3196 1883 erunt
3230 1832 3416 1883 iterum

126 1919 227 1973 S34
254 1924 597 1987 octuplicatis
627 1924 770 1989 facti,
805 1934 857 1978 et
886 1936 1009 1977 sunt
1056 1927 1283 1977 minores
1338 1925 1473 1976 tflu
1504 1936 1715 1991 scplttu-
1754 1904 1794 1961 Β
1823 1921 1940 1971 dure
1977 1922 2401 1987 sesquiseptimre
2428 1921 2672 1981 decimae.
2697 1921 2858 1980 2512.
2892 1920 3053 1983 2118,
3087 1920 3135 1972 2'
3158 1922 3247 1973 92.
3291 1922 3418 1986 Quo:

128 2014 268 2078 ginta
298 2013 516 2067 duabus
549 2014 865 2077 unitatibus,
893 2031 1011 2082 qua:
1042 2032 1105 2068 ex
1137 2032 1229 2068 nos
1244 2016 1447 2081 errario,
1481 2032 1586 2085 quo
1613 2016 1718 2072 245

127 2103 226 2155 251
261 2104 615 2169 superabant,
658 2106 692 2158 8
739 2116 918 2172 sueto,
948 2119 1252 2161 ereverunt.
1284 2108 1336 2162 Si
1373 2124 1497 2162 reio
1532 2112 1719 2164 novies

127 2194 301 2247 decies
330 2194 433 2248 101
464 2212 682 2266 augeas,
727 2198 949 2252 habebis
982 2199 1138 2263 1976,
1183 2201 1406 2265 scilicet,
1438 2218 1501 2255 ex
1534 2201 1638 2254 218
1668 2204 1716 2257 irt

127 2298 245 2340 octo
271 2289 475 2355 dnctis,
501 2291 591 2358 qui
637 2302 760 2344 sunt
807 2292 1064 2361 majores,
1100 2293 1237 2347 1941
1270 2295 1351 2347 his
1390 2296 1457 2348 3'2
1498 2297 1719 2350 un'tati-

130 2380 243 2446 bus,
266 2397 386 2447 qua:
409 2397 475 2435 ex
496 2386 549 2443 4,
578 2398 682 2449 quo
710 2382 924 2437 ducenti
956 2382 1025 2435 45
1072 2385 1203 2437 actis
1232 2382 1317 2447 17,
1346 2385 1715 2450 vincebantur,

126 2474 290 2525 Octies
320 2481 506 2533 aucto,
534 2482 840 2527 creverunt.
874 2473 942 2527 At
975 2474 1025 2524 in
1056 2484 1332 2541 apotomes
1364 2480 1717 2541 proportione

129 2561 431 2616 consistunt
458 2560 620 2625 2187,
650 2579 876 2631 quorum
924 2564 1221 2617 differentia
1263 2574 1343 2617 est
1378 2564 1496 2631 159,
1529 2582 1601 2641 ex.
1634 2568 1716 2629 l7,

126 2662 177 2705 et
209 2662 371 2706 trium
406 2654 672 2706 unitatum
701 2655 901 2707 octavis
927 2670 941 2718 ;
972 2655 1045 2708 sic
1072 2667 1227 2707 aucta
1260 2672 1275 2708 :
1307 2656 1473 2709 octies
1510 2657 1565 2708 l7
1594 2667 1717 2709 sunt

130 2740 248 2797 136.
281 2744 468 2797 Ucties
495 2754 701 2797 octava:
732 2746 887 2797 trium
925 2747 1143 2807 integra:
1174 2758 1280 2799 tres
1310 2746 1559 2805 unitates,
1588 2746 1607 2813 j
1635 2764 1716 2797 in-

125 2846 331 2901 crmque
369 2834 489 2899 156,
520 2834 751 2888 reddrrnt
787 2834 905 2889 159.
949 2837 1167 2890 Obtinct
1216 2837 1389 2889 minus
1418 2852 1575 2904 quam
1620 2837 1717 2891 mi-

128 2926 267 2978 noris
307 2938 556 2995 quartam
609 2926 893 2989 decimam,
941 2929 1055 2995 plus
1097 2944 1224 2981 vero
1268 2944 1426 2997 quam
1477 2930 1714 2998 quintam

124 3018 407 3084 decimam,
436 3019 555 3083 quia
601 3030 854 3088 sequatur
898 3022 1075 3074 decies
1127 3019 1225 3074 139
1271 3020 1454 3085 ducas,
1500 3022 1716 3073 habebis

128 3109 281 3177 1916,
310 3127 376 3163 ex
402 3111 529 3173 213,
556 3121 609 3165 et
638 3114 985 3179 quadrantem
1012 3112 1248 3175 unitatis,
1274 3111 1318 3165 si
1342 3120 1525 3165 auctos
1549 3130 1595 3164 or
1618 3114 1715 3165 tios

124 3199 244 3266 213,
294 3202 456 3257 1944.
508 3205 785 3271 Quadrans
830 3220 1038 3273 quoque
1091 3206 1257 3258 octies
1308 3215 1529 3267 auctus,
1584 3206 1712 3257 duas

126 3290 352 3359 integras
383 3295 613 3348 rnritates
639 3296 803 3362 junge
847 3294 1003 3361 1911,
1031 3304 1188 3350 erunt
1231 3297 1321 3349 tibi
1361 3295 1513 3362 1616,
1555 3307 1607 3350 et
1634 3298 1713 3349 itt-

125 3391 242 3436 sunt
269 3385 510 3437 minores
530 3384 670 3439 2019
712 3386 813 3439 102
842 3388 1153 3449 unitatbus,
1189 3404 1306 3457 qua:
1336 3405 1399 3442 ex
1450 3388 1512 3441 12
1544 3402 1594 3443 et
1623 3391 1714 3443 tri-

128 3476 218 3528 bus
247 3478 457 3544 quartis
500 3477 759 3531 unitatom
811 3479 1071 3547 par-trbus,
1104 3479 1191 3542 qui
1242 3479 1367 3540 260,
1417 3494 1535 3532 cum
1585 3495 1714 3547 qua-

124 3566 308 3622 drante
339 3581 395 3621 et
424 3568 554 3631 256,
577 3570 873 3635 distabant,
904 3571 980 3624 sic
1012 3580 1291 3624 venerunt.
1328 3572 1508 3624 UClitS
1550 3572 1614 3624 12
1644 3570 1713 3624 06

125 3666 273 3719 sunt;
302 3660 474 3712 octies
500 3662 535 3715 3
566 3672 767 3727 quarta:
800 3666 1020 3731 integra:
1051 3663 1115 3727 6;
1151 3665 1328 3730 iunge,
1360 3673 1412 3716 et
1438 3672 1557 3717 tene
1588 3664 1710 3719 102.

124 3748 268 3813 Quod
300 3751 343 3802 si
376 3752 665 3818 quinquies
694 3763 747 3805 et
778 3751 957 3805 decies
1000 3752 1100 3806 1-39
1140 3751 1327 3819 facias,
1358 3766 1517 3808 erunt
1543 3755 1711 3823 2085,

123 3853 183 3891 ex
228 3837 335 3893 260
380 3850 436 3892 et
483 3842 717 3910 quinque
764 3844 967 3897 octavis
1004 3846 1343 3913 complicatis
1372 3848 1449 3900 sic
1491 3849 1713 3902 :Octies

123 3930 245 3997 260,
270 3932 446 3996 2080;
480 3937 649 3989 octies
678 3936 712 3991 5
738 3946 941 3991 octava:
990 3939 1212 3991 unitatis
1261 3949 1436 4004 partes
1484 3940 1713 4008 integras

124 4024 350 4096 quinque
381 4026 655 4093 efficiunt;
685 4028 845 4100 junge
877 4031 1267 4098 superioribus,
1300 4040 1351 4084 ct
1384 4032 1517 4084 habe
1548 4032 1708 4097 2805,

124 4116 207 4181 qui
259 4127 384 4169 sunt
440 4118 671 4183 majores
718 4119 859 4173 2018
907 4121 986 4171 his
1036 4122 1099 4173 37
1146 4122 1485 4187 monadibus,
1517 4125 1604 4189 qui
1647 4138 1710 4177 ex

125 4208 460 4271 quaternario
504 4216 557 4258 et
607 4206 844 4273 quinque
890 4210 1090 4261 octavis
1134 4208 1241 4262 260
1289 4211 1590 4275 vincebant,
1635 4214 1713 4267 sic

127 4295 475 4359 pullulabuut.
508 4297 689 4351 Octii-s
722 4298 769 4359 4,
803 4298 904 4362 52;
939 4302 1103 4355 octies
1134 4303 1166 4356 5
1197 4312 1397 4355 Octava:
1430 4305 1647 4371 integra:
1678 4306 1713 4359 5

127 4398 272 4452 sunt;
304 4392 468 4457 iunge
499 4401 551 4445 et
580 4391 717 4443 habe
744 4394 832 4446 37.
869 4396 921 4447 Si
951 4396 1070 4461 quis
1116 4397 1166 4447 in
1214 4396 1434 4462 integris
1475 4397 1711 4450 numeris

130 4477 463 4533 habitudines
512 4482 790 4549 pervidere
835 4484 1094 4547 voiuerit,
1135 4495 1347 4551 Oportet
1389 4496 1441 4537 ut
1490 4485 1587 4539 hac
1628 4502 1713 4540 ra-

130 4574 265 4628 tione
292 4574 617 4630 consideret.
652 4576 707 4629 Si
746 4576 809 4630 16
841 4577 891 4628 in
938 4592 995 4630 se
1036 4577 1178 4641 ipsos
1213 4578 1550 4644 rnultiplicet,
1587 4579 1713 4633 fient

127 4659 247 4716 256.
274 4665 328 4719 Si
364 4680 490 4718 vero
524 4680 614 4733 per
642 4666 670 4717 7
704 4676 758 4719 et
787 4668 839 4728 9,
876 4669 1000 4719 fient
1046 4666 1173 4720 272.
1224 4670 1373 4735 Quod
1424 4672 1464 4722 si
1514 4670 1543 4721 7
1588 4681 1640 4724 et
1681 4671 1713 4724 9

130 4768 216 4820 per
243 4770 302 4809 se
335 4758 479 4825 ipsos
501 4758 683 4823 ducat,
720 4758 845 4811 fient
875 4757 1001 4812 289.
1036 4759 1207 4812 Erunt
1254 4762 1412 4827 igitur
1451 4762 1569 4813 duce
1600 4775 1713 4815 ses-

129 4847 381 4910 quisertae
411 4849 638 4902 decimae
684 4852 1057 4917 proportiones
1087 4852 1211 4911 2.16,
1253 4852 1379 4912 272,
1414 4852 1539 4917 289,
1582 4870 1714 4922 quas

134 4938 263 4990 haud
294 4940 455 4991 dubio
481 4950 689 4992 constat
727 4941 1158 5008 sesquioctavurn
1199 4946 1477 5007 excedere,
1508 4948 1627 5013 quia
1668 4948 1713 5000 si

133 5030 231 5084 21.0
254 5046 316 5085 ex
349 5031 416 5084 56
447 5042 634 5085 octava
666 5037 1021 5101 perquiratur,
1055 5050 1173 5103 qua:
1197 5034 1264 5086 52
1294 5036 1581 5090 unitatibus
1604 5040 1715 5091 col-

134 5123 322 5191 ligitur,
349 5125 663 5195 eisdemque
687 5135 915 5217 quqrum
965 5132 1128 5181 etiam
1172 5139 1355 5181 octava
1395 5138 1710 5197 apponatur,

136 5211 255 5269 fient
301 5216 429 5279 288,
472 5218 560 5286 qui
593 5211 846 5270 nimirum
902 5230 929 5266 a
975 5214 1079 5270 28')
1130 5219 1331 5271 unitate
1374 5229 1711 5284 superantur.

140 5302 332 5358 Itur-sus
363 5310 426 5361 10
456 5320 510 5363 et
539 5311 570 5363 7
604 5311 656 5363 in
689 5324 749 5363 se
778 5309 920 5377 ipsos
960 5310 1299 5378 multiplicet,
1345 5313 1472 5363 fient
1500 5311 1624 5366 280.
1659 5310 1713 5365 Si

135 5407 254 5448 vero
280 5400 497 5453 eosdem
543 5402 574 5453 7
621 5411 677 5455 et
724 5402 788 5456 10
817 5417 909 5471 per
954 5400 1018 5455 10
1059 5412 1108 5454 et
1147 5399 1179 5450 8
1210 5404 1387 5468 ducat,
1433 5404 1557 5458 fient
1587 5406 1711 5459 306.

137 5484 277 5551 Quod
308 5489 351 5542 si
385 5488 449 5541 10
475 5499 528 5545 et
560 5493 591 5545 8
633 5508 726 5561 per
753 5509 812 5547 se
860 5492 1003 5561 ipsos
1043 5492 1383 5562 colligantur,
1420 5496 1548 5548 liurrt
1585 5478 1711 5562 321,

137 5592 245 5644 qua:
282 5581 529 5634 nimirum
579 5582 699 5636 dua:
743 5588 1170 5655 sesquiseptimze
1219 5586 1458 5649 decimre,
1511 5587 1713 5652 idest,

133 5670 252 5732 289,
281 5671 404 5738 306,
433 5672 557 5741 321,
589 5677 1019 5745 sesquiocravum
1063 5696 1167 5732 non
1222 5679 1464 5747 implent,
1496 5680 1618 5747 quia
1665 5684 1709 5735 si

138 5760 233 5813 289
258 5772 438 5817 octava
474 5767 832 5834 perquiratur,
865 5783 983 5835 qua:
1016 5768 1085 5823 56
1117 5770 1406 5823 unitatibus
1445 5780 1495 5824 et
1526 5781 1710 5823 octava

141 5862 273 5915 parte
300 5852 515 5911 unitatis
543 5855 793 5923 efficitur,
826 5872 885 5913 ac
917 5860 1117 5917 eisdem
1153 5877 1373 5931 quorum
1404 5876 1481 5921 est
1521 5874 1707 5921 UCtata

1824 2011 1875 2064 in
1908 2012 2007 2065 hoc
2037 2012 2383 2076 pervidentur
2411 2013 2846 2079 sesquioctavum
2880 2028 2981 2064 non
3018 2013 3263 2079 implere,
3297 2013 3416 2077 quia

1824 2100 1866 2152 si
1896 2099 2037 2155 2512
2065 2110 2252 2154 octava
2283 2103 2541 2170 ipsorum,
2577 2103 2626 2155 id
2654 2114 2754 2165 ρει,
2785 2102 2908 2164 280,
2943 2112 3261 2169 apponatur,
3291 2102 3413 2153 fient

1822 2187 1986 2254 2601,
2012 2191 2099 2259 qui
2146 2206 2243 2259 pro
2288 2204 2437 2245 certo
2485 2202 2743 2261 superant
2769 2193 2911 2245 2562
2942 2202 3061 2245 octo
3092 2192 3375 2244 "uitalibus
3401 2209 3412 2251 ;

1824 2276 1874 2328 in
1908 2277 2175 2345 prioribus
2206 2292 2334 2345 ergo
2367 2282 2605 2333 numeris
2652 2280 2829 2332 unitas
2876 2276 3230 2331 differentium
3282 2280 3415 2328 ἱιιῑιιι-

1822 2372 2275 2439 sesquioctavum,
2308 2375 2751 2440 etsesquisextas
2803 2373 3036 2426 decimas
3084 2365 3418 2423 habitudines

1822 2460 1965 2521 fecit,
1997 2478 2118 2529 qua:
2144 2464 2337 2517 eodem
2372 2480 2598 2517 numero
2625 2480 2732 2534 quo
2763 2474 2815 2518 et
2860 2465 2985 2531 ipsa:
3015 2478 3257 2519 summie,
3290 2479 3415 2531 qna-

1822 2566 1937 2604 rum
1964 2551 2261 2605 differentia
2313 2554 2410 2607 fuit
2442 2565 2783 2625 augmentata
2820 2556 2866 2607 in
2903 2556 3290 2622 posterioribus
3320 2569 3411 2603 rut-

1822 2643 2005 2706 lucris,
2035 2654 2157 2697 octo
2180 2644 2443 2697 unitatttm
2473 2646 3136 2713 pluralitatern-sucmevit.
3158 2644 3413 2698 Situiiitcr

1822 2733 1963 2788 inter
2000 2736 2427 2805 sesquioctavum
2459 2746 2515 2792 et
2556 2740 2995 2806 sesquiseptirnas
3021 2739 3257 2792 decinris
3288 2752 3407 2802 pro-

1822 2826 2117 2891 portiones,
2156 2829 2331 2882 unitas
2380 2838 2434 2881 et
2477 2839 2661 2882 octava
2696 2845 2817 2895 pars
2850 2830 3067 2882 unitatis
3106 2828 3410 2880 distantiam

1820 2916 1965 2969 fecit.
2004 2916 2184 2971 Unitas
2208 2934 2335 2987 ergo
2362 2936 2455 2986 per
2493 2922 2822 2973 octonarium
2856 2922 2992 2973 sicut
3032 2929 3083 2971 et
3117 2919 3219 2971 ill.c
3258 2934 3407 2972 sum-

1819 3023 1943 3074 mae,
1973 3024 2201 3079 quarum
2232 3010 2530 3066 differentia
2566 3014 2661 3067 fuit
2691 3011 3035 3082 multiplicata
3068 3012 3117 3063 in
3151 3013 3408 3078 posterio—

1818 3100 1987 3169 ribus,
2031 3102 2097 3154 ad
2139 3114 2260 3155 octo
2304 3106 2531 3159 unitates
2573 3106 2827 3159 excrevit.
2871 3107 3065 3158 Octava
3114 3120 3237 3157 νει-υ
3283 3118 3407 3173 pars

1820 3194 2043 3249 unitatis
2091 3196 2279 3250 eodem
2323 3198 2603 3251 octonario
2646 3200 2825 3263 ducta,
2856 3198 2904 3250 in
2938 3199 3195 3265 integram
3238 3198 3408 3250 unita-

1822 3295 1926 3338 tem
1960 3286 2205 3354 profecit.
2242 3290 2307 3341 h‘t
2338 3289 2457 3344 ideo
2490 3290 2541 3344 irt
2573 3290 2957 3359 posterioribus
2990 3288 3229 3342 terminis
3268 3290 3405 3341 intra

1818 3380 2244 3449 sesquioi'tavam
2291 3390 2343 3435 et
2390 3385 2747 3451 scsquisextas
2791 3383 3023 3436 decimas
3080 3382 3405 3443 octouarius,

1818 3468 1958 3521 inter
1981 3473 2422 3537 sesquiseptimas
2458 3487 2586 3526 vero
2616 3484 2669 3525 et
2710 3474 3138 3542 sesquioctat'ottt
3174 3488 3403 3523 novena-

1818 3559 1928 3612 rius
1956 3559 2257 3615 ditferentia
2299 3570 2399 3615 est.
2454 3562 2810 3633 Ducentorurn
2862 3565 3131 3631 sexaginta
3178 3565 3402 3615 duorum

1818 3652 2040 3707 millium
2074 3653 2175 3707 144
2207 3656 2357 3709 tertia
2390 3670 2513 3724 pars
2544 3668 2623 3709 est
2665 3657 2752 3719 80,
2801 3656 2963 3722 7581,
2991 3667 3043 3709 et
3086 3658 3235 3708 tertia
3286 3671 3410 3722 pars

1819 3746 2057 3801 unitatis.
2092 3747 2148 3801 Si
2196 3763 2393 3801 nonam
2438 3758 2639 3816 partem
2674 3758 2793 3801 nete
2830 3748 3278 3816 diazengmenon,
3325 3749 3408 3801 \cl

1818 3855 2011 3892 nonam
2060 3847 2261 3907 partem
2307 3854 2605 3907 paramese,
2638 3844 2717 3893 vel
2765 3855 2959 3895 nonam
2992 3842 3267 3909 utriusque
3306 3839 3398 3908 by-

1817 3939 1938 3998 pate
1964 3930 2259 3997 sumpseris
2284 3932 2635 3985 rectissimam
2670 3933 2943 4000 utriusque
2970 3943 3220 4001 paranete
3244 3933 3404 3985 chro-

1817 4022 2029 4087 matice,
2064 4024 2146 4075 vel
2178 4024 2454 4093 utriusque
2481 4024 2721 4078 lichanos
2744 4028 3070 4081 chromatice
3100 4040 3403 4079 mensuram

1819 4115 1868 4165 in
1904 4113 2272 4167 rnonochordo
2322 4114 2522 4168 habere
2574 4117 2797 4181 poteris,
2832 4115 2920 4166 tibi
2968 4130 3177 4182 quoque
3219 4126 3409 4181 apoto-

1819 4217 1934 4255 nios
1992 4212 2299 4256 mensurate
2358 4202 2661 4255 nullatenus
2720 4203 2957 4271 effugiet.
3017 4204 3070 4257 Si
3131 4205 3408 4256 coturnatis

1816 4310 2028 4363 quoque
2055 4310 2361 4348 mensuram
2397 4297 2729 4354 verissimam
2782 4298 2977 4350 habere
3022 4298 3294 4364 qurcsieris
3328 4300 3408 4347 irr-

1818 4394 1899 4439 ter
1941 4386 2191 4441 lichanon
2238 4386 2473 4457 hypaton
2523 4390 2902 4441 chrontaticaur
2955 4387 3321 4456 lrypoluniodi,
3356 4394 3410 4437 it

1821 4479 2288 4547 parhipatemesorr
2317 4479 2697 4534 chrornatiCam
2733 4481 3067 4547 hypodorum
3102 4481 3283 4546 procul
3310 4481 3406 4532 du-

1740 4604 1791 4663 Ι)
1820 4570 1909 4624 bio
1942 4571 2198 4638 reperies.
2232 4572 2373 4625 Inter
2400 4570 2503 4625 154
2550 4580 2599 4624 et
2646 4569 2750 4624 2-17
2796 4575 3161 4642 sesquioctava
3203 4573 3301 4627 dcc
3325 4589 3409 4626 tua

1822 4665 2100 4732 proportio
2123 4674 2223 4723 est,
2255 4664 2375 4731 quia
2405 4662 2703 4718 differentia
2736 4681 2945 4733 eorum,
2971 4683 3088 4735 qua:
3120 4678 3200 4721 est
3234 4665 3319 4730 15,
3354 4668 3408 4719 in

1820 4754 2012 4807 minori
2039 4763 2122 4807 cst
2149 4753 2320 4806 octies
2350 4763 2404 4808 et
2446 4755 2646 4820 decies,
2678 4764 2733 4809 et
2764 4757 2827 4809 .in
2872 4758 3095 4825 majore,
3145 4756 3327 4808 novies
3357 4764 3413 4810 et

1820 4850 2018 4902 decies.
2060 4847 2265 4913 Quibus
2308 4850 2352 4904 si
2388 4850 2660 4905 addideris
2689 4851 3027 4905 medietatem
3071 4849 3409 4911 differentiae,

1820 4956 1937 5007 quc
1986 4950 2066 4993 est
2110 4938 2195 5007 15,
2241 4941 2291 4994 id
2338 4951 2419 4995 est
2457 4942 2489 4996 6
2528 4952 2580 4996 et
2610 4942 2843 4995 rnediurn
2877 4941 3112 5004 unitatis,
3148 4943 3276 4995 fitrnt
3315 4958 3413 4995 titt-

1822 5036 1951 5085 tni-ri
1980 5031 2087 5086 210
2117 5033 2302 5101 semis,
2334 5046 2385 5087 et
2406 5033 2514 5091 255
2542 5037 2727 5089 semis.
2755 5036 2893 5089 Inter
2917 5050 3049 5103 quos
3078 5044 3160 5089 est
3194 5050 3409 5102 propor-

1821 5124 1893 5175 tio
1925 5125 2295 5192 Sesquioctuva
2329 5126 2533 5180 decima
2582 5129 2765 5181 semis.
2818 5128 2908 5180 llis
2939 5127 3073 5180 adde
3103 5127 3206 5177 duo
3234 5135 3285 5177 et
3328 5139 3412 5177 sc-

1823 5214 1945 5277 ruis’,
1979 5214 2183 5271 efficies
2208 5217 2333 5281 213,
2358 5229 2410 5271 et
2440 5218 2564 5282 256,
2590 5220 2677 5286 qui
2711 5217 2979 5270 sernitonii
3024 5216 3255 5270 retinent
3285 5232 3410 5282 pro-

1824 5311 2146 5377 portionem,
2183 5313 2212 5363 0
2244 5313 2466 5370 Scilicet,
2503 5309 2790 5360 unitatibus
2837 5308 3091 5375 majores,
3140 5322 3297 5374 quam
3335 5307 3408 5361 illi

1823 5404 1910 5470 qni
1931 5402 2230 5456 retinebant
2246 5400 2674 5467 sesquioctavam
2693 5398 2956 5452 decimam
2982 5400 3408 5469 proportionem.

1823 5496 1885 5549 Et
1918 5497 2035 5549 ideo
2062 5493 2283 5547 minoris
2308 5492 2669 5560 proportionis
2692 5502 3000 5564 suntquam
3029 5495 3403 5562 sesquioctm-a

1820 5589 2047 5649 decima,
2083 5588 2161 5639 rel
2193 5587 2559 5654 sesquiOCtavn
2597 5588 2801 5639 decima
2836 5588 3021 5641 semis.
3062 5587 3150 5655 llis
3188 5585 3228 5636 si
3261 5584 3408 5636 addi-

1820 5681 1962 5735 deris
2008 5679 2053 5743 1,
2109 5680 2236 5733 fient
2283 5679 2409 5746 217,
2445 5688 2497 5731 et
2542 5681 2666 5740 2‘60,
2724 5679 2859 5731 inter
2909 5694 3043 5748 quos
3087 5678 3405 5742 sesqninona

1820 5772 2024 5825 decima
2078 5773 2375 5837 proportio,
2430 5784 2529 5839 qua
2566 5770 2751 5821 musici
2798 5770 3066 5821 sernitonir
3130 5769 3405 5837 proportio

1821 5863 1987 5933 major
2019 5870 2117 5917 est.
2156 5860 2461 5919 Uiti'crentia
2511 5879 2611 5931 qua
2669 5863 3010 5919 scmitoniurn
3069 5864 3241 5918 uziuis
3291 5871 3385 5916 tria
