3922 6246
458 430 561 482 H9

926 427 1126 483 BEDA'L
1170 426 1625 483 YENEﬂAUILlS
1664 427 1816 481 Ul'l‘.
1864 425 2039 480 PARS
2080 427 2117 481 Ι.
2161 428 2356 484 SECT.
2401 432 2463 485 ll.
2505 462 2574 472 —-
2619 432 2817 488 ltljlllA
2865 435 2949 487 ΕΤ
2992 437 3264 490 δΡωΗᾹ.
3652 438 3747 489 ‘JJW

452 553 661 596 comata
705 553 959 611 superat,
1011 552 1093 595 est
1140 540 1303 608 5165,
1352 557 1453 610 qna
1488 557 1617 594 vero
1663 541 1697 595 4
1747 541 2049 596 comatibus
2078 544 2125 603 Α
2156 541 2208 595 in
2256 545 2445 600 ordine
2492 548 2915 617 distinguuntur.
2963 551 3133 605 Acute
3177 551 3264 606 hic
3318 551 3745 620 inSpiciendum.

450 643 766 699 superatur,
822 645 903 687 est
960 632 1116 688 1988.
1166 634 1295 700 Quae
1346 634 1503 686 simul
1554 634 1757 703 junctae
1804 636 2048 690 elliciunt

449 723 608 787 7154,
644 726 693 778 id
726 734 832 791 est,
882 727 1109 781 comatis
1139 729 1505 795 proportione.
1554 725 1752 779 Eadem
1783 726 2040 781 differen-

348 820 361 831 '
450 814 519 868 tia
568 824 819 885 spotome
848 828 1064 889 superat
1097 818 1130 871 ὦ
1181 828 1414 885 comata,
1464 833 1569 887 qua
1601 820 1779 874 minus
1810 822 2035 873 semita-

450 908 594 962 nium
627 908 745 971 tria.
772 918 825 964 et
852 909 1043 964 eadem
1069 921 1405 978 superatura
1432 911 1671 980 quinque
1704 912 2029 975 comatihns,

446 1014 547 1066 qua
567 999 909 1053 scmituninm
931 1001 1107 1054 minus
1131 1017 1158 1054 a
1176 1013 1418 1071 quatuor.
1453 1002 1571 1055 D;ll'i
1593 1005 1764 1055 rentia
1784 1020 1885 1073 qua
1920 1004 2032 1058 toni

450 1091 723 1161 proportio
752 1101 1106 1159 Superatocto
1123 1102 1355 1163 comata,
1376 1103 1457 1146 est
1480 1093 1636 1160 19:23,
1655 1110 1756 1163 qua
1784 1110 1910 1148 vero
1942 1110 2030 1149 su-

443 1194 659 1249 peratur
679 1200 706 1236 a
734 1200 922 1237 novem
947 1194 1029 1239 est
1058 1184 1220 1249 53328,
1248 1162 1365 1253 qua:
1384 1185 1582 1253 juncta?
1607 1162 1837 1239 reddunt
1855 1201 2032 1251 coma,

443 1275 492 1329 id
523 1284 625 1340 est,
658 1276 820 1331 7155.
848 1274 1085 1338 Scilicet,
1122 1287 1177 1330 ut
1207 1293 1233 1329 a
1270 1290 1421 1329 δοχύ
1450 1278 1669 1345 octuplo
1709 1277 2033 1347 incipiantur

442 1367 636 1437 inquiri
668 1369 1056 1439 sesquioctava:
1106 1371 1402 1439 portiOnes.
1439 1370 1492 1424 Si
1524 1369 1557 1421 Ιι
1609 1370 1841 1423 litteram
1878 1370 2033 1424 trite-

440 1460 756 1514 sinemennn
790 1464 1173 1529 assumpseris,
1201 1466 1308 1517 erit
1339 1478 1398 1516 ea
1432 1464 1642 1527 Species
1671 1478 1829 1529 quam
1878 1464 2032 1527 dicit,

376 1546 379 1549 Α
439 1552 664 1615 scilicet,
714 1554 1004 1609 mobilibus
1036 1556 1343 1621 terminata,
1400 1570 1522 1608 cum
1586 1556 1724 1607 inter
1757 1554 2037 1624 parhipate

443 1659 625 1700 meson
657 1655 710 1700 et
742 1661 1023 1715 paramese
1057 1648 1337 1716 plusquam
1372 1646 1717 1701 diatessaron
1749 1648 1840 1714 sit,
1867 1658 1919 1702 et
1943 1664 2035 1717 pa-

438 1747 648 1787 ramese
698 1735 919 1788 minime
972 1736 1185 1788 mobilis
1227 1734 1322 1789 sit.
1381 1735 1688 1805 Descriptio
1750 1736 1938 1805 incipit
2003 1753 2032 1790 a

438 1824 1014 1893 proslambanomenon
1041 1827 1501 1899 ltypcrutiwlidii,
1538 1838 1590 1880 et
1624 1828 1806 1881 linitur
1828 1829 1879 1883 in
1906 1839 2033 1884 ncte

434 1914 803 1984 hyperboleon
882 1917 1201 1988 hypntloru;
1258 1918 1353 1973 sed
1414 1919 1780 1974 consideratio
1838 1936 2030 1974 vocum

434 1998 687 2061 diatonici
720 2009 954 2076 generis,
990 2009 1129 2079 quod
1178 2010 1228 2064 in
1263 2010 1598 2065 diatessaron
1633 2020 1760 2064 tono
1805 2022 1860 2066 et
1905 2021 2032 2066 tono

435 2098 830 2169 neniitouioque
878 2100 1077 2169 pariter
1122 2115 1149 2152 a
1182 2112 1303 2156 nete
1330 2101 1697 2170 hyperboleun
1749 2102 2031 2172 hypotlorn

430 2196 869 2262 exoritur,atque
893 2196 943 2247 in
970 2194 1347 2263 proslambano
1369 2210 1563 2249 menon
1592 2195 2031 2266 hypermixolidu

429 2287 751 2354 completur.
804 2287 1043 2357 Miroqne
1076 2289 1237 2342 modo
1270 2302 1373 2357 qua
1409 2288 1724 2342 habitudine
1755 2288 2027 2343 diatonica

431 2379 482 2431 in
511 2378 843 2449 longitudine
892 2381 1642 2450 descriptionis'singulorum
1680 2380 1960 2434 modorum
1996 2398 2024 2435 a

428 2485 488 2525 se
515 2472 662 2525 nervi
692 2471 967 2540 dill‘erunt,
996 2472 1185 2527 eadem
1222 2472 1533 2527 habitudine
1562 2472 1713 2527 nervi
1749 2480 2026 2541 traporum

464 2642 759 2656 m

2152 638 2292 705 quod
2325 654 2505 693 mesen
2552 655 2657 693 non
2687 641 2806 695 ideo
2850 640 3303 698 dicitconsonare
3334 643 3402 697 ad
3452 654 3615 700 neten
3667 645 3749 697 die

2150 743 2504 797 zengmenon,
2549 733 2689 799 quod
2744 733 2809 785 ad
2862 733 3005 787 illam
3040 743 3186 788 tenet
3235 735 3573 791 intervallum
3632 736 3747 789 dia-

2151 829 2311 887 pente
2336 824 2692 891 symphoniae,
2721 825 2815 879 sed
2843 826 2965 895 quia
2996 843 3090 895 per
3119 828 3375 895 diapason
3422 844 3745 882 ciinsnnan-

2149 911 2276 964 tiatn
2333 912 2741 982 ltypatemeson,
2777 917 2916 970 idem
2951 928 3105 971 sonat
3132 921 3272 987 quod
3303 932 3425 974 nete
3454 920 3544 974 die
3577 937 3744 988 zeugo

2148 1018 2367 1057 menon.
2400 1010 2541 1061 niese
2568 1022 2779 1075 quoque
2809 1023 2904 1076 per
2932 1008 3189 1078 diapason
3223 1010 3364 1063 idem
3394 1022 3553 1063 sonat
3594 1013 3742 1079 quod

2147 1108 2272 1152 nete
2305 1098 2693 1170 hyperboleon.
2728 1101 2860 1155 Nete
2895 1103 3260 1171 hyperboleon
3310 1114 3489 1156 autem
3522 1114 3745 1157 resonat

2144 1189 2209 1242 ad
2262 1199 2383 1244 nete
2412 1190 2503 1244 die
2551 1206 2884 1257 zeugmcnon
2934 1192 3268 1247 diatessaron
3330 1192 3739 1264 symphoniam.

2145 1280 2291 1335 Mese
2321 1297 2558 1351 quoque,
2590 1282 2733 1350 quod
2784 1298 2879 1351 per
2928 1283 3183 1350 diapason
3217 1284 3357 1337 idem
3387 1294 3547 1337 sonat
3594 1285 3743 1352 quod

2145 1387 2319 1439 neque
2351 1374 2738 1443 hyperboleon.
2774 1373 2839 1427 ad
2871 1385 2994 1429 nete
3024 1374 3111 1427 die
3158 1390 3493 1442 zeugmennn
3526 1374 3741 1429 diates-

2142 1478 2301 1517 saron
2335 1477 2626 1531 consonat;
2663 1466 2802 1520 idem
2835 1466 3343 1535 argumentandum,
3377 1468 3463 1519 nhi
3496 1466 3631 1520 dicit
3674 1468 3743 1519 ad

2141 1557 2447 1623 graviorem
2482 1546 2686 1627 partem
2715 1572 3031 1625 paramesen
3083 1572 3386 1611 consonare
3412 1556 3478 1609 ad
3508 1556 3741 1626 hypate-

2142 1663 2348 1703 meson.
2385 1648 2499 1703 Non
2551 1650 2693 1701 enim
2729 1658 2947 1717 propter
2991 1649 3243 1715 diapente
3274 1647 3375 1701 hoc
3425 1646 3575 1709 dicit,
3636 1646 3737 1701 sed

2139 1740 2261 1809 quia
2294 1757 2388 1809 per
2414 1740 2671 1808 diapason
2704 1754 2981 1808 paramese
3014 1738 3152 1792 idem
3182 1743 3340 1791 sonat
3384 1737 3525 1803 quod
3560 1738 3741 1807 hypa-

2142 1832 2395 1901 teipaton,
2430 1842 2691 1885 consonat
2720 1830 2908 1885 eadem
2941 1842 3219 1897 paramese
3248 1828 3311 1881 ad
3340 1828 3738 1897 hypatemeson

2140 1926 2474 1979 diatessaron
2507 1923 2644 1976 sicut
2675 1922 3077 1992 hypateipaton.
3109 1912 3377 1984 Quoniam
3408 1920 3495 1971 hic
3528 1920 3742 1984 primus

2142 2030 2395 2070 numerus
2426 2025 2601 2083 potest
2629 2014 2678 2067 in
2700 2014 2757 2078 ‘2,
2783 2025 2836 2067 et
2866 2013 2919 2079 5,
2948 2021 3002 2066 et
3029 2012 3084 2077 4,
3117 2011 3307 2076 dividi,
3338 2009 3391 2064 in
3420 2024 3541 2079 qua:
3586 2008 3739 2064 divi-

2141 2108 2218 2162 dit
2248 2110 2607 2162 Aristoxenus
2635 2116 2843 2172 tonum,
2894 2104 3001 2159 9.45
3050 2105 3251 2173 septies
3275 2102 3421 2157 ducti
3454 2099 3588 2156 l70l
3627 2115 3740 2156 nn-

2143 2213 2348 2251 merum
2383 2197 2675 2260 efﬁciunt;
2712 2195 2819 2249 9.56
2851 2209 2978 2249 vero
3025 2196 3224 2261 septies
3281 2191 3548 2245 numerati
3590 2188 3738 2246 1792

2141 2290 2433 2357 complent.
2468 2288 2728 2341 Similiter
2759 2288 2842 2351 l5,
2877 2301 2997 2356 qua:
3039 2294 3123 2339 est
3169 2284 3470 2338 differentia
3517 2281 3626 2337 256
3678 2291 3739 2339 et

2139 2379 2267 2440 245.
2317 2382 2692 2450 ερμιυνιίωιω,
2742 2379 2909 2434 ellieit
2951 2377 3043 2445 9i,
3093 2375 3458 2432 dilierentiant
3492 2373 3634 2429 1792
3678 2384 3737 2428 et

2144 2476 2303 2539 l7t'2,
2341 2485 2445 2528 rte.
2742 2478 2743 2483 “

3637 2635 3740 2651 ἡ

1184 2776 1717 2886 BEDE
1791 2773 2987 2887 PRESBYTER!

1389 2964 1641 3021 MUSICA
1685 2966 2073 3034 QUADRA'I'A
2116 2966 2248 3023 SEU
2291 2960 2735 3023 MENSUBATA.

493 3103 755 3172 Quoniam
778 3103 923 3159 circa
953 3112 1125 3158 artem
1150 3102 1410 3157 musicam
1449 3101 1750 3156 necessaria
1777 3102 2021 3173 quasdam

2131 3099 2356 3154 scientia
2412 3100 2629 3155 musica:
2686 3100 2738 3154 in
2799 3098 3103 3168 cognitione
3158 3095 3408 3163 rationis,
3451 3112 3611 3168 quam
3668 3100 3729 3155 in

423 3196 492 3253 ad
524 3196 805 3251 utilitatem
854 3195 1188 3248 cantantium
1237 3202 1469 3247 tractare
1499 3194 1871 3262 proponimus,
1922 3208 2018 3247 ne-
2051 3191 2096 3251 C
2132 3207 2300 3261 opere
2334 3191 2604 3247 efticiendi
2650 3201 2811 3259 atque
2839 3198 2986 3253 actu,
3018 3190 3070 3243 in
3096 3197 3298 3258 quanto
3318 3204 3517 3258 corpus
3546 3204 3732 3247 mente

428 3301 580 3342 casse
609 3296 685 3341 est
712 3281 1078 3340 utsecundnm
1104 3284 1343 3337 auctoris
1366 3284 1717 3336 intentionem
1741 3282 2028 3336 subtilissi-

430 3390 548 3430 mas
573 3376 782 3445 regulas
806 3388 1152 3443 summopere
1179 3372 1452 3443 subjectae
1484 3374 1783 3443 intelligere
1808 3374 2030 3429 studea-

430 3482 568 3522 mus.
606 3465 738 3523 Cum
770 3468 914 3521 enim
965 3467 1195 3521 humana
1243 3478 1430 3522 natura
1480 3468 1799 3522 naturaliter
1846 3468 2024 3522 omnia

431 3560 572 3617 scire
599 3558 897 3621 desiderat,
930 3567 982 3612 et
1010 3572 1037 3611 a
1070 3558 1227 3628 primi
1275 3559 1507 3612 hominis
1545 3570 1765 3626 peccato
1796 3570 2026 3628 quatuor

422 3662 553 3707 sunt
579 3651 715 3705 mala
747 3634 867 3722 quze
892 3659 1139 3705 naturam
1172 3650 1472 3718 impediunt
1524 3648 1835 3714 humanam,
1869 3651 2015 3704 scili-

424 3752 532 3807 cet,
563 3744 885 3811 ignorantia,
918 3743 1128 3808 vitium,
1160 3741 1429 3812 imperitia
1480 3741 1757 3811 loquendi,
1790 3750 1847 3795 et
1876 3741 2021 3795 indi-

423 3832 623 3903 guttis,
667 3834 861 3901 quibus
910 3844 1088 3889 tamen
1136 3844 1367 3905 quatuor
1398 3834 1533 3888 bona
1576 3844 1701 3888 sunt
1731 3833 1973 3904 opposita
2002 3872 2018 3897 ,

424 3925 650 3988 scilicet.
687 3926 1002 3993 ignorantia:
1029 3928 1312 3993 sapientia,
1340 3926 1470 3980 vitio
1512 3929 1701 3994 virtus,
1736 3926 2021 3995 imperitia:

422 4017 670 4086 loquendi
699 4017 1029 4087 eloquentia,
1068 4015 1376 4086 indigentize
1424 4021 1737 4095 necessitas,
1791 4020 2019 4085 ideoque

419 4109 597 4161 divina
644 4109 930 4162 clementia
987 4108 1324 4177 philosophis
1376 4106 1625 4173 peritiam
1671 4117 1816 4162 artes
1863 4109 2015 4159 inve-

421 4200 602 4254 nicndi
631 4200 921 4264 concessit,
954 4209 1013 4254 ut
1041 4216 1134 4267 per
1162 4214 1281 4255 eam
1312 4202 1537 4272 quisque
1568 4202 1812 4254 notitiam
1841 4198 2017 4252 valeat

419 4289 674 4361 pra-dicta
703 4290 843 4344 bona
874 4291 1359 4357 comprehendere,
1390 4304 1445 4346 et
1476 4292 1724 4347 faciendo
1746 4332 1761 4357 ,
1812 4292 1895 4344 his
1934 4291 2013 4343 la-

419 4396 569 4451 psam
620 4392 867 4435 naturam
900 4390 955 4437 et
1004 4382 1071 4435 ad
1113 4382 1390 4437 meliorem
1439 4384 1847 4437 consistentiam
1879 4384 2013 4437 sub-

414 4477 623 4531 limare.
656 4474 900 4545 Cumque
931 4489 1096 4528 unum
1126 4474 1336 4529 discere
1370 4474 1523 4528 valde
1552 4474 1623 4526 sit
1670 4473 1917 4537 dillicile,
1948 4472 2017 4526 de

2134 3292 2442 3352 superatur,
2481 3283 2643 3351 quod,
2674 3282 2900 3348 scilicet,
2935 3281 3159 3335 rationis
3210 3295 3409 3350 espers
3454 3282 3577 3338 sine
3627 3299 3721 3337 ra-

2134 3374 2279 3428 tione
2306 3372 2472 3441 degit.
2506 3373 2599 3426 Illa
2634 3388 2762 3426 vero
2791 3373 3024 3440 imperat
3066 3382 3225 3441 atque
3273 3374 3338 3426 ad
3384 3385 3592 3427 rectum
3626 3376 3723 3427 dc-

2127 3466 2295 3529 ducit,
2326 3466 2469 3537 quod
2504 3466 2607 3521 nisi
2639 3466 2756 3536 ejus
2787 3479 3041 3535 pareatur
3070 3465 3319 3533 imperio,
3349 3479 3545 3533 expers
3580 3480 3723 3531 Opus

2130 3558 2351 3612 rationis
2406 3558 2676 3612 titubabit.
2729 3557 2884 3612 Unde
2935 3556 2994 3610 lit
3041 3566 3097 3610 ut
3141 3556 3440 3625 speculatio
3487 3556 3725 3611 rationis

2126 3650 2387 3718 operandi
2434 3661 2553 3705 actu
2603 3667 2708 3704 non
2740 3659 2911 3720 egeat,
2947 3664 3199 3703 manuum
3250 3663 3379 3703 vero
3409 3651 3557 3704 nulla
3604 3650 3717 3703 sint

2124 3756 2309 3806 opera,
2344 3742 2449 3794 nisi
2497 3743 2707 3796 ratione
2750 3743 3037 3796 ducantur.
3070 3741 3189 3795 Jam
3220 3755 3348 3795 vero
3390 3752 3590 3811 quanta
3636 3742 3717 3795 sit

2124 3830 2292 3899 gloria
2344 3833 2680 3900 multumque
2736 3834 2990 3896 rationis,
3041 3832 3166 3887 hinc
3227 3833 3452 3900 intelligi
3506 3841 3712 3899 potest.

2123 3925 2246 3994 quia
2278 3924 2459 3978 caeteri
2496 3925 2577 3994 (ut
2619 3924 2692 3977 ita
2722 3925 2922 3992 dicam)
2953 3924 3265 3991 corporales
3294 3924 3566 3985 artiﬁces,
3600 3935 3713 3974 non

2123 4031 2190 4070 ex
2226 4015 2537 4085 disciplina,
2570 4015 2664 4070 sed
2695 4032 2760 4071 ex
2805 4015 2937 4084 ipsis
2966 4015 3145 4085 potius
3190 4014 3563 4075 instrumentis
3615 4028 3719 4068 ce-

2127 4123 2253 4173 pere
2283 4108 2567 4162 voeabula.
2600 4107 2733 4162 Nam
2766 4105 3093 4162 citharoedus
3137 4120 3205 4161 ex
3235 4105 3471 4171 cithara,
3505 4104 3711 4160 tibicen

2123 4200 2207 4253 vel
2241 4201 2485 4255 aulmdus
2504 4216 2569 4255 et
2595 4201 2751 4266 tibia,
2782 4200 3103 4271 exterisque
3132 4214 3352 4254 suorum
3380 4186 3723 4253 instrumen-

2124 4302 2299 4346 torum
2327 4291 2602 4347 vocabulis
2628 4302 3025 4359 nunenpantur.
3057 4291 3214 4344 Ratio
3240 4304 3369 4343 vero
3400 4303 3508 4344 non
3535 4288 3604 4343 ab
3630 4290 3721 4340 in.

2119 4386 2459 4449 strumentis,
2512 4384 2608 4439 sed
2642 4399 2673 4437 a
2706 4384 3078 4454 Speculatione
3106 4391 3163 4437 et
3208 4381 3435 4436 scientia
3466 4380 3723 4435 denomi-

2122 4494 2253 4534 nare
2280 4481 2447 4534 voluit
2477 4480 2698 4533 musica:
2724 4478 3079 4547 professores.
3110 4474 3167 4531 Si
3195 4475 3314 4544 quis
3342 4488 3474 4543 ergo
3498 4488 3568 4527 ex
3608 4470 3722 4524 im-

417 4570 603 4623 multis
652 4584 758 4624 non
791 4576 876 4623 est
904 4566 1149 4632 dubium,
1183 4581 1304 4621 cum
1336 4565 1407 4620 sit
1449 4566 1600 4635 quasi
1634 4561 2011 4633 impossibile;
2044 4595 2093 4653 ι)
2124 4571 2344 4653 proviso
2370 4570 2526 4623 discit
2551 4578 2795 4631 cantare,
2827 4568 3112 4635 qualitates
3142 4575 3199 4620 et
3235 4565 3594 4633 quantitates,
3635 4564 3727 4615 si-

418 4665 471 4718 in
500 4664 748 4718 omnibus
765 4672 944 4719 tamen
970 4662 1123 4717 valde
1153 4662 1308 4731 plura
1333 4670 1460 4715 sunt
1486 4675 1607 4737 qua:
1636 4667 1823 4711 nostro
1844 4670 2012 4710 sensu

414 4756 755 4823 agnoscimus
782 4772 943 4825 quam
972 4769 1039 4811 ea
1065 4770 1184 4825 quae
1213 4771 1244 4808 a
1276 4757 1533 4825 magistro
1563 4752 1847 4808 discimus.
1879 4747 2014 4804 Nam

414 4848 554 4901 sicut
584 4846 633 4899 in
666 4846 859 4900 arbore
888 4862 1045 4900 unam
1075 4857 1280 4901 natura:
1312 4848 1562 4902 virtutem
1597 4848 1889 4900 multarum
1919 4857 2011 4898 re-

416 4940 640 5009 gitivam
678 4937 1021 5005 prOpaginem
1069 4940 1484 5006 complantavit,
1536 4940 1614 4993 sic
1666 4939 1717 4992 in
1771 4937 2010 4999 homine,

413 5033 553 5088 ratio
581 5046 649 5086 ex
687 5031 843 5085 unius
890 5029 1114 5084 scientia
1165 5046 1285 5085 esse
1317 5043 1611 5084 manarum
1642 5032 1823 5085 docuit
1855 5031 2008 5084 inve-

417 5128 558 5182 nire.
589 5124 687 5180 llic
733 5126 897 5180 etiam
954 5122 1085 5177 illud
1122 5124 1439 5177 intuendum
1490 5134 1596 5185 εει,
1645 5125 1785 5192 quod
1826 5124 2005 5177 omnis

416 5234 528 5279 ars.
557 5220 840 5287 omnisque
867 5216 1175 5286 disciplina,
1208 5214 1662 5269 honorabiliorem
1689 5216 2011 5269 naturaliter

419 5311 613 5365 habeat
642 5315 905 5365 rationem
964 5326 1126 5379 quam
1158 5307 1439 5362 arttﬁcinm
1474 5305 1617 5375 quod
1650 5320 1808 5359 manu
1852 5318 2014 5372 atque

416 5418 583 5473 Opera
615 5417 925 5460 exercetur.
959 5404 1126 5460 Multo
1154 5406 1294 5458 enim
1324 5402 1498 5469 majus
1530 5412 1691 5469 atque
1717 5402 1896 5465 aptius
1928 5407 2015 5452 est

415 5494 559 5553 scire
588 5496 733 5565 quod
763 5497 992 5563 quisque
1019 5494 1200 5557 faciat,
1228 5510 1387 5563 quam
1424 5494 1601 5562 ipsum
1636 5492 1765 5545 illud
1793 5491 2012 5545 emi-ere

412 5590 558 5661 quod
589 5588 742 5645 sciat.
778 5583 987 5640 Etenim
1017 5587 1301 5640 artilicium
1332 5587 1460 5639 illud
1492 5586 1779 5653 corporale
1802 5624 1818 5646 ,
1864 5582 2009 5653 quod

414 5687 667 5739 serviens
699 5680 1015 5746 famulatur;
1047 5681 1184 5735 ratio
1211 5694 1358 5743 vero,
1392 5680 1538 5747 quod
1574 5679 1792 5733 domina
1833 5678 2006 5744 impe-

409 5789 525 5837 rat.
554 5788 609 5833 et
640 5777 743 5831 nisi
768 5790 979 5839 ntanus,
1011 5771 1306 5831 secundum
1334 5771 1476 5840 quod
1507 5772 1644 5824 ratio
1668 5772 1833 5835 canit,
1861 5784 1997 5837 epe-

408 5881 594 5936 ratur,
652 5870 847 5925 frustra
900 5867 976 5925 lit.
1028 5867 1085 5923 lu
1139 5875 1299 5921 tanta
1343 5862 1502 5933 igitur
1563 5863 1875 5930 prtcclarior
1930 5870 2011 5917 est

2132 4645 2467 4717 niilitudines
2491 4670 2545 4714 et
2572 4658 3059 4722 dissimilitudines,
3085 4656 3425 4710 diversorum
3456 4666 3727 4706 sonorum

2131 4756 2534 4827 proportiones,
2568 4764 2811 4820 tempora
2842 4760 2897 4806 et
2927 4764 3261 4807 mensuram.
3293 4761 3507 4801 necnon
3535 4754 3596 4800 et
3633 4743 3729 4798 di-

2126 4848 2443 4903 stinctiones
2474 4848 2752 4917 longarum
2803 4842 3157 4912 hreviumque
3197 4839 3493 4910 ﬁgurarum
3518 4846 3579 4893 et
3622 4850 3729 4893 ω-

2125 4942 2446 4997 mibrevium
2474 4942 2785 4995 discernere
2805 4940 2993 5000 voluit,
3025 4936 3225 4991 fontem
3244 4930 3588 5000 jnhilationis
3611 4929 3726 4984 Im-

2120 5033 2211 5105 jus
2242 5034 2482 5089 scientia:
2512 5033 2745 5094 hauriat.
2789 5039 2847 5085 et
2874 5030 2995 5099 ejus
3022 5028 3341 5083 suavitatem
3370 5023 3723 5090 experietur.

2123 5126 2256 5179 Nam
2309 5125 2399 5194 qui
2454 5124 2662 5179 vineam
2695 5124 2936 5192 plantare
2984 5119 3115 5179 vult,
3151 5129 3309 5169 unam
3358 5110 3719 5165 arbuscnhn

2124 5219 2387 5281 inserere,
2423 5217 2508 5271 vel
2540 5230 2705 5270 unum
2736 5213 2947 5267 asinum
2993 5218 3219 5263 onerare
3244 5199 3526 5271 cognovit,
3574 5201 3728 5255 sient

2124 5309 2178 5364 in
2209 5324 2340 5377 uno,
2371 5311 2442 5364 ita
2471 5309 2526 5362 in
2570 5305 2819 5362 omnibus
2848 5302 3039 5355 facere
3076 5293 3160 5349 vel
3188 5293 3424 5359 melius.
3472 5305 3589 5348 που
3621 5292 3730 5348 ιιι-

2124 5402 2331 5458 bitabit.

2199 5494 2253 5547 In
2286 5491 2548 5560 principio
2597 5497 2775 5540 autem
2826 5480 2989 5547 huius
3032 5476 3273 5534 scientias
3310 5476 3460 5531 scire
3504 5475 3717 5544 opiu-

2124 5599 2243 5637 mur
2271 5584 2397 5652 quid
2438 5582 2509 5635 sit
2535 5578 2774 5636 musica,
2792 5572 2875 5626 vel
2905 5573 3028 5641 quis
3070 5570 3325 5635 musicus,
3352 5577 3411 5621 et
3440 5564 3595 5619 unde
3620 5561 3711 5617 di-

2125 5685 2318 5739 catur;
2346 5672 2486 5744 quod
2515 5683 2710 5740 genus,
2740 5680 2859 5734 qua
2890 5663 3131 5728 materia,
3178 5674 3297 5727 qua
3326 5666 3554 5726 partes.
3583 5667 3720 5724 οε

2121 5771 2352 5837 species,
2386 5764 2527 5831 quod
2553 5766 2987 5823 instrumentum,
3014 5770 3135 5826 qua:
3162 5753 3384 5812 utilitas,
3408 5747 3563 5817 quod
3586 5747 3725 5804 all.

2122 5862 2282 5917 cium.
2318 5846 2470 5914 Unde
2499 5857 2638 5912 scire
2692 5853 2951 5910 debemus
2978 5846 3120 5918 quod
3144 5841 3349 5897 musica
3378 5850 3469 5896 est
3499 5839 3721 5897 ωσι»
