3922 6246
169 406 259 460 ll‘ll

1446 406 1695 462 MUSICA
1738 404 2093 463 PRAIITICA.

3311 404 3417 460 (“22

160 524 221 577 lis
246 522 491 583 scientia.
548 521 718 588 perite
757 518 1005 573 cantandi
1035 517 1245 586 cupiam
1280 518 1713 572 subministratis.
1753 519 1797 576 Λ
1834 536 2021 576 eurum
2051 521 2187 574 inter
2212 535 2290 585 se,
2345 529 2398 575 ct
2444 522 2707 589 quomodo
2748 535 2839 575 sex
2884 520 2966 576 his
3020 530 3409 589 componuntur

160 615 257 672 Sed
280 615 396 669 hac
422 614 700 675 dividitur,
736 612 858 679 quia
887 612 993 665 alia
1021 610 1461 674 iostrumenlalis,
1496 611 1597 665 alia
1622 611 1720 664 hu—

161 719 328 769 mana,
378 703 482 756 alia
518 702 841 774 rhythmica.
893 700 1319 755 Ittstrumentalis
1362 715 1491 752 vero
1533 711 1613 753 est
1645 702 1727 752 di-

159 794 475 865 gnoscendis
522 802 576 846 et
627 792 996 846 discernendis
1042 791 1287 844 cantibus
1340 790 1617 843 attributa.
1666 790 1729 842 Et

162 886 267 937 hate
321 885 485 937 ctiam
540 882 837 947 dividitur,
898 882 1020 949 quia
1078 883 1176 933 alia
1236 881 1567 941 harmonica,
1627 882 1729 933 alia

161 973 477 1046 rbythmica,
496 977 595 1028 alia
616 977 856 1028 metrica.
882 974 1199 1027 IIarmonii-a
1232 987 1358 1027 vero
1383 983 1463 1025 εει
1492 973 1580 1025 illa
1610 988 1730 1040 qua:

160 1068 411 1122 discernit
438 1070 578 1122 inter
607 1084 768 1122 sonos
795 1083 1009 1137 gravem
1038 1078 1089 1120 et
1115 1076 1347 1119 acutum.
1385 1065 1480 1117 Vel
1512 1065 1729 1116 harmo-

170 1160 281 1213 nica
308 1168 391 1213 est
420 1160 509 1213 illa
540 1176 656 1227 quae
698 1159 944 1213 consisut
976 1160 1026 1211 in
1078 1156 1314 1211 numeris
1344 1156 1630 1222 dupliciter
1677 1165 1727 1207 et

161 1251 417 1304 mensuris
445 1264 579 1303 :una
608 1249 793 1303 loculis
824 1248 1116 1301 secundum
1152 1246 1542 1313 proportionem
1565 1259 1729 1296 sono-

161 1359 269 1397 rum
311 1358 637 1410 vocumque,
661 1341 761 1395 alia
796 1342 1107 1405 temporalis
1128 1338 1419 1393 secundum
1442 1337 1733 1403 proportio-

160 1450 272 1489 nem
290 1436 566 1503 longarum
582 1434 925 1500 breviumque
943 1434 1253 1493 Iigurarnm.
1278 1430 1411 1489 Alia,
1426 1428 1475 1481 id
1496 1436 1595 1489 est,
1622 1430 1732 1480 har-

161 1528 383 1593 manica,
414 1527 557 1596 quod
592 1525 844 1580 discretio
867 1522 1239 1577 modulationis
1265 1534 1318 1576 et
1349 1521 1621 1574 varietatis
1644 1536 1733 1574 ca-

160 1620 310 1675 nendi
356 1620 608 1683 scientia,
647 1627 702 1671 et
754 1616 927 1672 facilis
956 1616 1023 1669 ad
1072 1615 1453 1683 perfectionem
1500 1612 1728 1667 canendi

161 1713 261 1778 via,
310 1712 710 1781 plurimumque
752 1726 880 1766 vero
928 1710 1261 1764 dissimilium
1310 1708 1732 1779 proportiunal's

162 1806 528 1871 consonantia,
552 1816 603 1861 et
632 1807 853 1860 scientia
877 1804 942 1859 de
976 1820 1199 1858 numero
1218 1803 1384 1857 relato
1410 1802 1475 1857 ad
1505 1820 1721 1856 sonum.

163 1897 472 1968 Rbythmica
502 1913 631 1951 vero
655 1907 737 1952 cst
766 1897 853 1950 illa
887 1912 1006 1965 quas
1037 1879 1089 1948 in
1121 1897 1401 1949 scansione
1432 1896 1725 1948 verborum

161 1990 376 2059 requirit
408 1999 583 2064 utrum
616 1991 751 2044 bene
779 1990 861 2043 vel
909 1990 1047 2043 male
1078 1991 1383 2043 colmreant
1422 1986 1686 2041 dictiones
1710 2030 1723 2051 ,

160 2082 274 2148 quia
304 2082 575 2135 cantando
603 2080 881 2135 vitandum
913 2091 1013 2145 est,
1051 2092 1299 2149 tanquam
1336 2080 1579 2147 legendo.
1622 2080 1737 2133 Me-

162 2173 289 2227 trica
332 2188 466 2227 vero
495 2181 582 2227 est
631 2172 719 2225 illa
750 2188 867 2240 quae
900 2187 1208 2227 mensuram
1255 2171 1590 2224 diversorum
1617 2184 1734 2221 me—

163 2277 355 2321 trorum
404 2265 644 2320 ostendit
690 2265 949 2334 probabili
1002 2265 1248 2326 ratione,
1284 2271 1341 2315 ut
1377 2272 1519 2329 patet
1554 2261 1605 2313 in
1641 2260 1736 2315 be-

162 2361 323 2423 roico,
355 2360 589 2415 iambico
612 2368 667 2415 et
693 2360 932 2426 elegiaco
964 2368 1154 2412 metro.

228 2454 462 2508 Musicus
492 2469 624 2506 vero
673 2461 757 2507 est
804 2452 894 2507 ille
924 2452 1018 2519 qui
1062 2452 1270 2503 ratione
1315 2462 1578 2519 prapensa
1634 2462 1738 2501 non

170 2546 334 2600 solum
369 2546 553 2612 operis
580 2544 839 2608 servitio,
890 2544 981 2597 sed
1014 2544 1173 2595 etiam
1205 2540 1608 2609 speculationis'.
1641 2540 1741 2591 im-

168 2636 314 2702 perio
339 2636 569 2691 canendi
598 2636 877 2689 scientiam
925 2634 1214 2687 ministrat.
1249 2632 1398 2697 Quod
1440 2632 1483 2684 si
1519 2632 1570 2683 iu
1598 2629 1734 2684 tedi-

170 2726 404 2781 Iiciorum
435 2726 805 2795 bellorumque
850 2739 1015 2794 opere
1042 2724 1309 2785 videmus,
1344 2724 1395 2776 in
1435 2724 1737 2787 contraria,

166 2815 385 2881 scilicet,
418 2816 819 2884 nuncupatione
860 2815 1124 2878 vocabuli,
1155 2828 1341 2867 eorum
1374 2826 1604 2880 namque
1640 2826 1737 2864 no-

165 2908 389 2962 minibus
437 2908 583 2963 velut
628 2906 851 2962 aedilicia
904 2906 1289 2970 inscribuntur,
1344 2902 1426 2956 vel
1478 2902 1734 2955 dicuntur

171 2998 442 3062 triumphi,
471 3012 697 3067 quorum
731 2995 957 3062 imperio
987 3009 1047 3048 ac
1073 2993 1284 3048 ratione
1312 3002 1434 3045 sunt
1464 2992 1729 3053 instituta,

164 3102 262 3141 non
290 3104 519 3157 quorum
545 3101 709 3155 opere
738 3084 1064 3154 servitioque
1112 3083 1345 3151 perfecta
1374 3123 1389 3146 ,
1431 3080 1571 3135 unde
1615 3094 1732 3133 me-

1830 612 2053 677 motelli,
2095 627 2187 667 seu
2242 613 2509 676 conducti,
2537 607 2625 666 vel
2675 629 2892 681 organa.
2925 615 3111 670 Partes
3156 616 3406 669 theorica:

1829 714 1949 760 sunt
1980 715 2108 770 tres,
2148 708 2370 772 scilicet,
2402 710 2470 762 de
2497 708 2927 776 dispositionibus
2970 710 3126 778 hujus
3156 711 3285 764 artis
3331 712 3405 764 iu-

1830 798 2073 851 venicndi
2124 808 2389 865 neumata,
2421 810 2474 855 et
2496 801 2850 871 cognoscendi
2894 818 3144 856 numeros
3191 820 3401 868 eurum,

1830 901 1880 943 et
1913 888 2041 957 qno‘t
2070 902 2193 944 sunt
2218 894 2422 959 species
2451 906 2657 955 eorum,
2689 902 2738 946 et
2771 892 3072 946 declarandi
3106 900 3405 963 pruportio-

1834 999 1927 1036 nes
1976 986 2321 1050 quarumdam
2348 1026 2363 1049 ,
2405 986 2469 1037 ad
2502 987 2629 1038 alias
2674 987 3155 1040 demonstrationes
3200 989 3265 1041 de
3296 1006 3409 1039 oru-

1833 1076 1987 1129 nibi:s
2028 1077 2151 1140 illis,
2185 1089 2237 1130 et
2278 1077 2469 1131 docere
2500 1078 2703 1144 species
2726 1078 2967 1129 ordinum
3006 1090 3051 1129 et
3086 1082 3278 1132 situum
3309 1095 3402 1133 co-

1835 1184 1949 1219 rum
1976 1169 2166 1234 quibus
2192 1179 2570 1233 prtcparantur,
2593 1177 2646 1220 ut
2673 1170 2976 1235 accipiatex
3007 1171 3084 1223 eis
3102 1169 3239 1238 quod
3264 1171 3400 1234 vult,

1834 1266 1885 1310 et
1906 1268 2185 1325 comp0nat
2215 1274 2277 1310 ex
2308 1259 2385 1311 eis
2420 1258 2740 1311 harmonias.

1906 1375 2127 1443 Species
2157 1394 2368 1446 quoque.
2410 1379 2567 1447 hujus
2612 1390 2734 1432 sunt
2764 1382 3108 1433 diversitates
3142 1380 3412 1446 subjecto.

1836 1481 1972 1519 rum.
2018 1482 2077 1519 ex
2104 1469 2295 1535 quibus
2320 1468 2452 1521 fiunt
2482 1482 2724 1523 neumata
2756 1488 2768 1529 ;
2796 1488 2915 1523 nam
2941 1471 3232 1538 aliquando
3255 1485 3406 1531 voce,

1834 1559 2121 1627 aliquando
2152 1561 2299 1623 Ilatu,
2354 1562 2637 1626 aliquando
2683 1571 2824 1615 tactu
2877 1572 3214 1616 exercentur.
3267 1561 3409 1613 \‘ore

1838 1667 1984 1715 vero,
2020 1664 2077 1705 ut
2109 1653 2340 1706 hominis
2387 1652 2545 1716 ﬂatu,
2578 1664 2633 1707 ut
2663 1654 2819 1719 tibia;
2859 1666 3023 1719 tactu,
3060 1663 3117 1707 ut
3151 1655 3405 1723 psalterio

1840 1743 1923 1797 vel
1953 1744 2177 1808 cithara,
2207 1754 2262 1797 et
2291 1743 2510 1797 similia.

1912 1879 2263 1933 Instrumenta
2323 1894 2450 1931 vero
2512 1879 2652 1931 aliud
2720 1879 2883 1932 habet
2939 1880 3197 1944 practice,
3261 1878 3404 1931 aliud

1842 1971 2097 2025 theoricc.
2131 1972 2404 2025 Theoricrc.
2436 1986 2561 2024 vero
2611 1973 3022 2024 inStrumontum
3070 1982 3155 2024 est
3185 1971 3405 2037 inquisi-

1841 2063 1933 2125 tio,
1967 2073 2015 2115 ει
2049 2062 2433 2114 demonstratio
2467 2063 2891 2125 proportionuut,
2926 2076 3180 2113 snuorttm
3214 2071 3267 2111 et
3308 2076 3400 2111 vo-

1839 2169 1980 2208 com.
2015 2154 2270 2207 Practicm
2294 2169 2441 2215 vero,
2486 2154 2627 2207 aliud
2658 2154 2921 2219 naturale,
2949 2152 3415 2224 aliudartiliciale.

1842 2246 2092 2300 Naturale
2143 2262 2268 2297 vero
2320 2256 2401 2299 est
2438 2246 2656 2314 pulmo,
2718 2256 2936 2313 guttur,
3002 2245 3213 2309 lingua,
3269 2247 3421 2310 palus.

1842 2347 1972 2401 tum,
2008 2347 2112 2391 etc.
2166 2338 2398 2391 Membra
2427 2336 2749 2405 spiritualia,
2781 2338 3007 2399 scilicet,
3055 2336 3417 2403 principaliter

1844 2440 1968 2482 sunt
2016 2431 2172 2483 vocis
2200 2440 2252 2481 et
2304 2429 2565 2497 epiglotti.
2604 2428 2895 2481 Artificiale
2926 2443 3053 2479 vero
3099 2427 3419 2479 instrumen-

1843 2529 1954 2573 tum
1985 2530 2090 2582 est,
2121 2528 2177 2571 ιιι
2204 2534 2480 2588 organum,
2530 2519 2685 2583 viola,
2728 2532 2779 2572 et
2811 2518 3034 2583 cithara,
3080 2518 3245 2579 atola,
3273 2519 3415 2581 psal-

1844 2614 2055 2677 terium,
2077 2621 2182 2666 etc.

1927 2727 2135 2780 Utilitas
2188 2736 2363 2781 autem
2411 2728 2527 2796 ejus
2581 2742 2766 2793 magna
2812 2737 2913 2793 est,
2947 2737 3000 2783 et
3046 2729 3325 2788 mirabilis,
3370 2735 3422 2778 et

1842 2818 2079 2873 virtuosa
2109 2818 2282 2881 valde,
2318 2833 2436 2886 qum
2495 2816 2635 2870 fores
2667 2818 2916 2871 Ecclesia:
2952 2832 3079 2869 ausa
3109 2825 3189 2869 est
3237 2815 3420 2868 subin—

1848 2918 2012 2963 trare.
2042 2909 2192 2963 Nulla
2222 2909 2363 2963 enim
2396 2909 2616 2962 scicntia
2645 2923 2769 2959 ausa
2803 2917 2881 2960 est
2927 2907 3229 2961 subintrare
3276 2905 3415 2957 fores

1841 3001 2118 3063 Ecclesiae,
2151 3001 2250 3053 nisi
2296 2998 2406 3063 ipsa
2455 2997 2820 3051 tantummodo
2872 2998 3111 3051 musica:
3161 3011 3256 3064 per
3297 3010 3413 3049 cani

1838 3106 2015 3146 rerum
2040 3090 2417 3156 plasmatorem
2445 3089 2625 3143 mundi
2650 3088 2952 3143 collaudare
2971 3088 3226 3141 debemus
3252 3097 3303 3139 et
3327 3087 3417 3139 be-

165 3177 305 3231 tric:e
353 3179 599 3233 definitio
647 3178 907 3247 sequitur.
961 3174 1279 3229 Musicarum
1339 3183 1392 3226 et
1450 3182 1730 3226 cantorum
1764 3204 1809 3267 C
1844 3180 2109 3243 nedicere,
2143 3178 2417 3247 psallendo
2445 3183 2493 3232 ei
2522 3179 2785 3231 canticum
2817 3193 3034 3240 novum,
3082 3177 3219 3230 sicut
3247 3178 3414 3229 sancti

164 3286 344 3341 magna
370 3280 457 3325 est
484 3271 760 3325 distantia.
786 3269 874 3323 Isti
900 3268 1105 3331 dicunt,
1132 3267 1205 3321 illi
1233 3266 1408 3320 sciunt
1431 3278 1553 3333 quae
1580 3279 1731 3318 com-

163 3364 305 3428 ponit
333 3363 560 3418 musica.
588 3360 717 3415 Nam
748 3361 837 3428 qui
866 3359 1007 3413 canit
1036 3356 1182 3429 quod
1207 3371 1312 3411 non
1336 3356 1501 3425 sapit,
1536 3354 1730 3409 deﬁni-

162 3466 240 3509 tur
270 3456 438 3511 bestia
464 3471 481 3520 ;
510 3452 653 3509 unde
678 3466 863 3507 versus
894 3468 906 3503 :

304 3586 493 3646 Bestia,
518 3597 613 3633 non
634 3589 819 3644 cantor,
846 3585 928 3646 qui
952 3595 1047 3631 non
1070 3582 1199 3630 canit
1222 3584 1344 3641 arte,
1369 3577 1458 3627 sed
1481 3589 1588 3627 usu.

160 3706 268 3763 Non
298 3723 488 3763 verum
521 3717 795 3761 cautorem
825 3707 951 3761 facit
980 3721 1087 3769 ars,
1119 3705 1215 3759 sed
1245 3704 1664 3759 documentum.

230 3805 428 3861 Musica
460 3803 653 3857 dicitur
695 3817 724 3855 a
772 3800 962 3867 Musis,
1007 3815 1126 3870 quas
1156 3800 1451 3854 secundum
1500 3798 1734 3853 fabulam

159 3897 406 3955 dicuntur
427 3897 549 3950 filia:
572 3895 755 3961 .luvis;
786 3903 839 3949 et
864 3895 1021 3949 habet
1041 3893 1312 3960 duplicem
1340 3890 1733 3947 consideratio-

161 4005 303 4056 nem,
330 3989 562 4054 scilicet,
589 3987 886 4041 secundum
914 3986 1151 4049 modum,
1179 3990 1234 4037 et
1284 3980 1582 4037 secundum
1629 3994 1734 4032 non

160 4084 394 4137 modum.
429 4080 737 4137 Secundum
766 4079 1003 4142 modum,
1032 4084 1087 4128 ut
1111 4074 1200 4129 hic
1229 4073 1483 4136 sumitur,
1514 4083 1596 4123 εει
1619 4069 1736 4123 Ion-

160 4176 339 4245 ‘gitudo
365 4190 465 4230 seu
496 4174 733 4228 brevitas
761 4178 949 4225 cantus
967 4209 983 4233 ,
1015 4182 1137 4244 qua:
1165 4180 1427 4235 organum
1456 4164 1737 4233 (quantum

162 4266 225 4320 ad
245 4268 368 4335 nos)
390 4262 715 4335 generaliter
736 4259 1032 4331 appellatur
1053 4273 1149 4327 per
1170 4269 1373 4313 certam
1402 4269 1738 4319 mensuram,

158 4356 223 4411 de
244 4371 345 4426 qua
389 4369 536 4410 nunc
584 4352 939 4423 supponimus
986 4349 1372 4404 inventionem.
1424 4344 1737 4401 Secundum

161 4466 260 4505 non
305 4449 565 4513 modum,
594 4444 825 4500 sumitur
865 4443 981 4497 sive
1030 4438 1348 4511 respective,
1380 4447 1437 4492 ut
1465 4435 1557 4491 ubi
1591 4433 1737 4490 nulla

160 4544 395 4598 materia:
410 4540 727 4612 proprietas
761 4547 843 4593 est
872 4536 1107 4591 inventa.

230 4634 412 4691 Genus
467 4646 595 4688 vero
639 4630 795 4700 hujus
831 4628 1069 4685 scientiae
1120 4636 1203 4681 est
1259 4622 1443 4693 peritia
1494 4620 1735 4676 modula-

161 4729 317 4785 tionis
344 4726 697 4790 barmonicze,
726 4738 847 4794 quae
875 4738 941 4777 ex
964 4717 1348 4775 concordantia
1381 4715 1734 4783 plurimorum

162 4833 431 4881 sonorum,
464 4816 549 4869 vel
596 4829 666 4869 ex
713 4810 1107 4877 compositione
1148 4807 1426 4874 longarum
1460 4801 1734 4856 brevium—

163 4924 265 4979 que
294 4912 610 4978 figurarum,
640 4902 937 4973 perficitur.

233 5019 451 5075 Materia
481 5016 641 5085 hujus
663 5023 747 5071 est
774 5028 940 5079 sonus
969 5012 1247 5069 ordinatus
1278 5009 1577 5066 secundum
1622 5025 1742 5064 mo-

164 5112 307 5168 dum.
338 5113 523 5169 Sonus
550 5110 778 5164 sumitur
806 5098 906 5179 pro
936 5107 1183 5161 melodite
1214 5115 1269 5161 et
1295 5102 1600 5159 concordiae
1630 5104 1733 5158 dii-

166 5205 412 5272 ferentia,
442 5190 718 5261 ordinatur
748 5216 843 5270 pro
892 5201 1137 5255 numeris
1172 5212 1483 5269 temporum
1520 5198 1571 5252 in
1605 5198 1737 5267 ligu-

168 5300 239 5354 ris
266 5301 675 5356 consistentium
704 5304 827 5351 ante
857 5294 1149 5365 perfectam
1173 5308 1415 5360 pausam,
1444 5297 1739 5348 secundum

168 5392 378 5446 modum
403 5408 498 5460 pro
517 5394 811 5463 quantitate
836 5389 1112 5458 longarum
1152 5386 1501 5453 breviumque
1548 5388 1741 5455 Iigura-

170 5496 301 5547 tutu,
334 5499 453 5551 quas
483 5484 536 5537 iu
561 5484 708 5537 vocis
737 5492 973 5537 accentu
999 5489 1057 5549 et
1082 5488 1271 5533 tenore
1294 5477 1560 5529 consistit.

238 5574 429 5630 Partes
450 5587 584 5627 vero
605 5574 774 5640 ipsius
797 5575 931 5628 alias
954 5572 1114 5628 habet
1140 5566 1412 5633 theorica,
1447 5566 1578 5621 alias
1623 5581 1744 5635 pra-

170 5667 294 5721 ctiea
343 5675 541 5733 partes.
585 5663 843 5718 Practica
885 5672 1011 5718 sunt
1062 5644 1205 5728 tres,
1250 5658 1471 5713 scientia
1501 5656 1566 5714 de
1596 5660 1743 5727 gravi

171 5774 315 5823 sono,
340 5768 394 5813 et
417 5757 633 5814 scientia
651 5757 721 5812 de
744 5750 944 5823 medio,
964 5763 1020 5810 ot
1040 5754 1263 5811 scientia
1293 5752 1363 5808 de
1389 5761 1573 5815 acuto;
1603 5759 1659 5805 et
1675 5750 1743 5807 de

175 5851 250 5907 ius
280 5861 497 5918 tractat,
541 5846 875 5907 ostendendo
922 5845 1173 5902 utilitates
1220 5856 1273 5900 ct
1315 5828 1741 5915 comparationes

1844 3271 2025 3325 Patres
2072 3271 2236 3323 nostri
2269 3269 2538 3336 propheta:
2582 3268 2896 3322 docuerunt.
2930 3268 3059 3320 Nam
3092 3267 3270 3321 divina
3304 3266 3422 3319 offi-

1841 3363 1940 3425 cia,
1963 3361 2154 3431 quibus
2176 3362 2240 3415 ad
2266 3363 2644 3429 sempiternam
2674 3376 3030 3415 convocamur
3058 3361 3301 3429 gloriam,
3323 3374 3416 3426 per

1840 3468 1959 3507 eam
1990 3452 2222 3520 quotidie
2250 3452 2607 3505 celebrantur.
2646 3452 2729 3514 Et,
2762 3460 2989 3504 testante
3024 3451 3228 3511 floetio,
3276 3450 3415 3516 quod

1845 3546 1983 3598 i'nter
2010 3553 2215 3609 septem
2245 3556 2387 3598 artes
2415 3545 2662 3599 liberales
2685 3543 2884 3596 musica
2928 3543 3131 3597 obtinet
3157 3542 3420 3608 principa-

1841 3644 1975 3699 tum,
2012 3636 2139 3690 nihil
2171 3637 2311 3689 enim
2354 3637 2469 3689 sine
2500 3636 2587 3689 illa
2638 3643 2835 3689 manet.
2884 3634 3090 3687 Etenim
3118 3632 3230 3699 ipse
3262 3624 3416 3683 niun—

1842 3730 1942 3783 dus
1966 3729 2193 3799 quadam
2228 3728 2499 3781 harm0nia
2532 3741 2781 3780 sonorum
2824 3726 3021 3778 dicitur
3048 3738 3169 3777 esse
3218 3724 3421 3775 cou‘Sti-

1843 3828 2011 3883 tutus,
2040 3827 2093 3870 et
2126 3819 2297 3885 ipsum
2326 3818 2519 3871 malum
2550 3817 2648 3870 sub
2676 3817 2969 3868 harmonia:
3000 3813 3202 3869 revolti
3233 3814 3419 3866 modn-

1843 3911 2061 3963 latione.
2092 3908 2234 3962 Inter
2261 3924 2446 3962 omnes
2475 3910 2615 3963 enim
2652 3908 2905 3963 scientias
2937 3909 3048 3974 ipsa
3080 3906 3419 3967 laudabilior,
3508 3938 3512 3943 .

1839 4000 2116 4062 curialior.
2162 3999 2466 4068 jucundior.
2521 4000 2713 4061 ltetior,
2760 3998 3039 4051 amabilior
3066 4011 3187 4049 esse
3234 3996 3421 4062 proba-

1842 4104 1963 4161 tur;
1995 4108 2117 4148 nam
2150 4092 2323 4148 reddit
2355 4092 2623 4145 hominem
2657 4090 2945 4149 liberalem,
2978 4086 3293 4157 jucundum,
3328 4100 3422 4137 cu-

1842 4188 2050 4247 rialem,
2086 4186 2286 4243 laetum.
2318 4182 2635 4243 amabilem;
2671 4192 2847 4235 movet
2877 4182 3021 4235 enim
3072 4179 3297 4233 affui-tus
3329 4178 3424 4230 bu-

1841 4278 2065 4338 minum,
2097 4282 2341 4343 prOVocat
2376 4273 2427 4327 in
2450 4274 2719 4329 diversum
2748 4274 3007 4335 habitum,
3034 4272 3171 4323 sicut
3205 4270 3254 4321 in
3281 4284 3418 4335 prm-

1840 4370 1944 4425 liis.
1979 4368 2191 4425 Etenim
2223 4368 2467 4422 tubarum
2494 4377 2785 4421 concentus
2826 4376 3120 4432 pugnantes
3152 4361 3418 4417 accendit.

1840 4463 1961 4531 quia
2016 4472 2214 4532 quanto
2244 4459 2611 4513 vehementior
2659 4456 2820 4510 fuerit
2864 4456 3117 4523 clangor.
3169 4462 3314 4506 tanto
3368 4454 3425 4506 fit

1769 4554 2053 4615 Danimus
2087 4552 2316 4605 velocior
2360 4551 2425 4603 ad
2470 4558 2762 4603 cert-amco.
2816 4546 2948 4612 Quid
2998 4546 3203 4599 multa?
3244 4560 3425 4597 verum

1844 4648 2045 4707 musica
2078 4645 2332 4699 mortales
2360 4644 2603 4697 hortatur
2651 4642 2716 4695 ad
2749 4641 2958 4694 labores
2990 4638 3316 4693 tolerandos,
3347 4644 3427 4687 -et

1844 4735 2177 4801 singulorum
2207 4749 2434 4801 onerum
2467 4733 2825 4801 fatigationem
2856 4728 3005 4781 vocis
3042 4724 3259 4779 modulo
3300 4739 3428 4775 con-

1844 4827 2069 4881 solatur.
2099 4826 2366 4881 Turbatos
2410 4824 2618 4877 animos
2649 4821 2852 4874 musica
2888 4827 3118 4882 recreat,
3172 4817 3423 4883 qttoniam

1843 4920 2085 4975 dolorem
2116 4920 2308 4987 capitis
2341 4932 2395 4969 e,
2440 4914 2703 4968 tristitiam
2752 4911 2908 4974 tollit,
2940 4908 3244 4962 immundos
3274 4908 3429 4972 spiri-

1848 5023 1933 5067 tus
1963 5012 2321 5076 humoresque
2364 5022 2558 5077 pravos
2586 5016 2642 5060 et
2685 5006 2967 5074 laoguores
2998 5003 3241 5071 depellit.
3280 5001 3429 5054 Unde

1844 5112 1899 5156 et
1924 5100 2065 5153 utilis
2092 5099 2157 5153 ad
2186 5099 2413 5153 salutem
2441 5097 2685 5164 corporis
2712 5105 2766 5150 et
2795 5095 2987 5148 animm
3031 5091 3317 5151 invenitur,
3362 5104 3428 5142 eo

1845 5192 1983 5263 quod
2014 5192 2331 5261 quandoque
2357 5206 2549 5255 corpus
2577 5190 2877 5242 inﬁrmatur
2912 5188 3199 5253 languente
3223 5183 3425 5245 anima,

1845 5298 1898 5341 et
1928 5286 2212 5355 impeditur
2240 5290 2347 5353 ipsa
2378 5285 2642 5339 existente
2673 5282 2958 5348 impedita:
2992 5276 3134 5330 unde
3163 5286 3212 5329 et
3263 5290 3422 5328 causa

1848 5379 1980 5431 ratio
2009 5380 2252 5445 corporis
2279 5379 2335 5431 Iit
2364 5390 2627 5444 saepeper
2653 5372 2981 5426 curationem
3012 5369 3223 5432 animat,
3254 5379 3302 5420 et
3335 5381 3428 5431 per

1847 5471 2177 5541 aptationctn
2229 5470 2417 5522 virium
2470 5481 2710 5527 suarum,
2756 5476 2810 5517 et
2859 5460 3268 5527 temperantiam
3318 5470 3427 5507 sine

1847 5563 2159 5617 substantia:
2191 5560 2322 5615 locis
2352 5558 2795 5613 cooveuientihtts
2818 5554 3099 5622 agentibus
3130 5568 3145 5605 :
3180 5551 3313 5602 sicut
3340 5548 3419 5597 le-
3450 5606 3455 5611 δ

1845 5654 1987 5724 gitur
2014 5652 2082 5706 de
2112 5650 2330 5715 Davide,
2359 5650 2448 5719 qui
2481 5663 2662 5716 regem
2694 5645 2887 5701 solavit
2916 5643 3131 5698 Saulein
3176 5654 3205 5689 a
3238 5636 3430 5703 spiritu

1849 5720 2077 5812 maligno
2133 5754 2249 5798 arte
2295 5741 2696 5798 modulationis.
2751 5739 2869 5806 Ipsa
2918 5746 3130 5803 quoque
3176 5728 3425 5799 reptilia,
3492 5720 3495 5725 ’

1851 5855 2052 5897 necnon
2095 5846 2146 5891 ct
2176 5836 2453 5905 aquatilia,
2500 5846 2681 5888 verum
2728 5837 2783 5884 et
2816 5825 3047 5882 volatilia
3070 5865 3085 5889 ,
3115 5837 3209 5877 sua
3244 5821 3403 5875 dulce
