3922 6246
448 420 554 481 993

913 418 1123 477 BEDE
1164 419 1621 478 VENERABILIS
1664 420 1816 477 OPP.
1859 415 2041 477 PARS
2081 417 2124 473 1.
2158 421 2354 480 SECT.
2402 424 2463 481 ll.
2507 457 2575 469 —
2616 427 2819 485 DUBIA
2864 428 2954 485 ET
2991 428 3263 486 SPURIA.

3646 426 3761 486 921

446 537 569 590 diue
611 534 816 589 musica
846 531 1192 597 consolatur;
1225 532 1320 588 sed
1346 542 1401 588 et
1446 533 1702 603 quidquid
1733 534 2032 599 loquimur,
2069 533 2117 590 Α
2148 546 2267 587 nam
2300 548 2329 588 a
2362 535 2695 605 perfectione
2720 539 2862 595 circa
2892 542 3250 611 cqualitatem
3300 541 3506 611 aliquid
3536 540 3764 597 habere

446 638 497 680 et
521 642 775 682 venarum
812 626 1053 692 pulsibus
1079 638 1502 695 commovemur,
1531 628 1811 682 harmonia
1841 628 2037 697 proba-

449 728 535 772 tor
560 733 703 780 esse,
736 717 960 772 utilibus
986 718 1270 773 sociatum.

518 810 767 864 Ofﬁcium
799 825 929 864 vero
959 811 1101 864 aliud
1130 812 1290 865 habet
1321 811 1575 880 practica.
1603 813 1743 866 aliud
1774 815 2036 867 tiieor'cu.

449 901 688 957 l’ractica
736 916 864 955 vero
913 910 998 956 est
1048 902 1353 956 ltarmonias
1400 918 1725 973 componere
1767 916 1821 959 et
1866 912 2035 958 artem

449 1010 567 1061 qua:
591 997 851 1047 humanos
875 1005 1099 1063 possunt
1123 1011 1338 1050 movere
1359 996 1601 1051 aiTectns.
1621 997 1882 1052 Theorica
1909 1016 2036 1051 vero

448 1097 560 1148 est,
608 1088 657 1139 in
694 1100 902 1139 summa
932 1088 1391 1153 comprehendere
1441 1091 1797 1159 cognitionem
1828 1092 2038 1155 Specie-

450 1197 567 1233 rutn
594 1180 1015 1242 itartnoniarntn,
1048 1192 1099 1234 et
1128 1182 1177 1234 id
1211 1198 1273 1236 es
1302 1200 1408 1252 quo
1431 1198 1844 1254 componuntur,
1870 1199 1921 1241 et
1970 1192 2034 1244 ad

451 1274 502 1327 id
536 1275 676 1342 quod
708 1284 1126 1343 componuntur,
1152 1288 1200 1330 et
1228 1261 1455 1345 qualiter
1482 1289 1879 1347 componuntur
1905 1298 1920 1341 ;
1952 1283 2035 1335 vel

452 1378 536 1422 est
567 1370 727 1421 etiam
753 1369 987 1421 officium
1040 1369 1238 1438 figuras
1281 1372 1549 1441 longas.et
1581 1374 1791 1443 breves,
1832 1392 2036 1429 necnon

450 1474 676 1524 corpora
708 1466 761 1513 et
790 1475 1067 1515 mensuras
1110 1467 1448 1531 earumdem,
1478 1468 1762 1535 qualitates
1792 1480 1844 1523 et
1870 1487 2037 1539 quan-

456 1554 651 1616 titates,
703 1553 1082 1608 similitudines
1122 1565 1175 1609 et
1212 1557 1673 1615 dissimilitudines
1728 1567 2033 1633 proportio-

452 1660 601 1707 num,
646 1659 898 1697 sonorum
950 1656 1004 1700 et
1034 1662 1253 1711 vocum,
1287 1659 1339 1702 et
1370 1650 1802 1719 orthographiam
1842 1671 2037 1725 cogno-

452 1751 624 1799 scere,
651 1746 705 1788 et
750 1751 1094 1801 conservare,
1126 1748 1177 1792 et
1220 1741 1533 1808 regulariter
1559 1760 1675 1797 eam
1708 1746 2037 1813 describere,

451 1829 521 1880 ita
556 1829 696 1895 quod
740 1830 916 1883 omnis
947 1840 1135 1884 cantus
1167 1834 1553 1902 qualiscunque
1605 1836 1763 1891 fuerit
1809 1841 2039 1894 diversi-

448 1922 656 1987 ilcatus,
709 1936 948 1989 congrue
1000 1938 1095 1991 per
1148 1924 1289 1976 illam
1332 1927 1497 1992 possit
1530 1928 1826 1984 declarare.

515 2010 650 2067 Cum
684 2013 845 2081 igitur
870 2015 953 2065 illa
980 2026 1035 2068 et
1063 2016 1165 2069 alia
1196 2020 1354 2070 multa
1390 2020 1441 2073 in
1471 2022 1567 2075 hac
1599 2032 1714 2075 arte
1742 2025 2037 2079 secundum

444 2104 688 2159 ordinem
739 2105 1111 2172 declarantur,
1171 2110 1341 2176 primo
1392 2112 1695 2179 Specialiter
1747 2115 2034 2170 videndum

445 2204 530 2249 est
554 2207 608 2249 et
656 2196 932 2251 sciendum
983 2200 1125 2266 qttod
1159 2201 1255 2253 tria
1292 2203 1661 2256 tantummodo
1690 2216 1812 2258 sunt
1840 2221 2037 2276 genera

448 2304 545 2353 per
570 2304 687 2353 quae
721 2298 828 2343 tota
859 2292 1231 2346 mensurabiiis
1264 2295 1463 2349 musica
1497 2302 1839 2363 transcurrit,
1891 2301 2039 2354 scili-

444 2392 530 2435 cet
562 2382 859 2447 discamus,
895 2386 1124 2439 bocetus
1150 2396 1206 2440 et
1249 2402 1533 2456 organum.
1588 2390 1866 2445 Disrattttts
1912 2409 2039 2445 vero

445 2472 856 2542 est'aliqttorum
889 2476 1225 2531 diversorum
1282 2495 1538 2548 generum
1593 2493 1783 2537 cantus
1811 2484 2035 2538 duarum

446 2577 661 2628 vocum,
694 2581 788 2620 seu
822 2568 1006 2634 trium,
1042 2568 1092 2622 in
1121 2586 1225 2637 quo
1257 2573 1486 2627 termino
1514 2576 1862 2628 consonantia
1890 2616 1903 2639 ,
1932 2577 2039 2629 sci-

451 2657 594 2722 licet,
629 2659 990 2725 diatessaron,
1022 2662 1293 2730 diapente.
1326 2666 1607 2732 diapason,
1639 2683 1731 2733 per
1760 2672 2035 2735 composi-

444 2749 643 2802 tionem
673 2748 947 2818 longnrum
985 2738 1332 2821 hreviurnqne
1365 2755 1652 2821 ﬁgurarum
1673 2799 1687 2821 ,
1735 2760 2031 2813 secundum

445 2838 657 2892 dulcem
706 2854 1013 2893 mensuram
1049 2847 1359 2899 naturaliter
1391 2849 1792 2912 proportionatu
1828 2862 2035 2904 manet.

450 2928 599 2983 Unde
622 2932 915 2985 notandum
936 2935 1171 3002 estquod
1200 2946 1306 2988 tres
1327 2938 1745 3004 generalissimte
1771 2952 1896 2993 sunt
1921 2956 2039 3008 spe-

440 3020 573 3081 cies.
609 3036 702 3082 per
735 3038 862 3087 1uas
892 3039 1080 3079 omnes
1111 3026 1277 3090 modi,
1307 3029 1355 3080 id
1384 3039 1487 3089 est,
1512 3043 1701 3082 omnes
1728 3040 1944 3093 Cantus,
1976 3032 2027 3085 in

442 3126 547 3182 quo
575 3113 821 3167 consistit
870 3119 1154 3184 materies,
1210 3120 1597 3189 dignoscnntur
1623 3135 1676 3177 et
1708 3121 2036 3177 discernun-

443 3212 547 3269 tur,
580 3220 643 3259 ac
672 3208 833 3259 etiam
886 3209 1233 3263 moderantur
1265 3226 1359 3278 per
1416 3215 1662 3281 figurant,
1716 3224 1929 3281 tempus
1978 3228 2025 3269 et
2060 3234 2111 3299 ο

445 3284 783 3363 mensuram;
815 3306 872 3351 et
914 3300 1167 3367 quoniam
1202 3300 1357 3368 hujus
1390 3302 1664 3356 diScautus
1699 3321 1790 3369 per
1836 3306 2030 3359 dictam

441 3387 889 3452 compositionem
934 3392 1034 3444 sub
1062 3404 1208 3445 certa
1255 3393 1593 3448 dimensione
1624 3396 1904 3462 temporis,
1939 3412 2030 3451 seu

442 3487 767 3546 temporum,
822 3499 917 3551 per
972 3485 1187 3541 diversa
1236 3490 1469 3555 capitula
1526 3489 1853 3559 declaratur,
1911 3492 2033 3546 ideo

439 3570 615 3639 primo
647 3572 715 3626 de
762 3578 1239 3640 reprcSetttatiouo
1265 3589 1321 3633 et
1367 3581 1537 3634 forma
1595 3583 1880 3650 ﬁgurarum
1907 3586 2036 3636 sim-

443 3663 685 3731 plicium,
719 3667 1039 3720 secundode
1066 3667 1509 3737 ﬁgurissimiliter
1528 3674 1829 3740 pariterque
1859 3676 2032 3742 ligatis

440 3768 535 3807 seu
578 3754 796 3823 junctis,
834 3773 955 3827 qua:
1000 3768 1239 3827 tempora
1283 3762 1540 3830 quaelibet
1583 3764 1748 3832 iigura
1799 3779 1894 3833 pro
1936 3780 2031 3819 sua

444 3856 601 3915 parte
625 3849 865 3905 continet
895 3852 947 3905 in
975 3868 1054 3915 se,
1084 3869 1149 3907 ac
1176 3854 1338 3908 etiam
1369 3854 1435 3908 de
1466 3856 1639 3922 plicis,
1682 3858 2031 3925 pr0prierati-

443 3941 543 3991 bus
568 3947 622 3991 et
652 3938 1085 3997 distinctionibus
1122 3960 1307 3998 earum
1337 3947 1631 4013 videamus,
1665 3957 1721 4002 et
1761 3951 2031 4017 quomodo

442 4044 539 4095 per
569 4029 731 4099 hujus
782 4032 977 4099 ﬁguras
1024 4034 1312 4088 denotatur
1346 4037 1619 4105 longitudo
1651 4054 1743 4104 seu
1799 4040 2033 4095 brevitas

437 4131 647 4173 cantus.
676 4122 878 4179 Deinde
902 4124 1029 4193 quid
1060 4125 1133 4179 sit
1161 4136 1392 4195 tempus,
1420 4127 1545 4193 quid
1577 4142 1849 4181 mensura.
1877 4128 2033 4185 Unde

438 4214 637 4278 tiguras
661 4218 1071 4280 reprzesentatio
1102 4219 1219 4272 soni
1248 4221 1550 4275 secundum
1600 4235 1755 4274 suum
1787 4222 2029 4289 modum,

438 4310 495 4355 et
519 4303 814 4356 secundum
842 4308 1296 4375 :equipollentiam
1340 4313 1421 4367 sui
1451 4315 1889 4382 aquipollentis;
1922 4317 2031 4379 ,sed

435 4393 746 4463 hujusmodi
782 4396 963 4466 ﬁgurae
1008 4400 1296 4468 aliquando
1344 4417 1613 4472 ponuntur
1655 4423 1776 4461 eum
1813 4409 1989 4464 littera
2015 4452 2033 4475 ,

440 4488 739 4551 aliquando
764 4491 900 4543 sine.
935 4492 1067 4546 Cum
1101 4492 1278 4548 littera
1328 4511 1474 4557 vero.
1521 4498 1661 4551 utin
1694 4502 1929 4554 moteilis
1976 4512 2033 4555 et
2099 4515 2104 4519 '

434 4580 727 4644 similibus,
764 4583 879 4636 sine
911 4582 1112 4649 littera,
1145 4596 1199 4637 ut
1233 4586 1284 4639 in
1315 4586 1523 4641 neumis
1554 4589 1943 4643 conductorum
1971 4601 2026 4644 et
2060 4586 2108 4643 D

434 4674 650 4727 similia.
683 4673 825 4727 Inter
851 4673 995 4728 enim
1031 4675 1227 4744 ﬁguras
1256 4692 1375 4747 qua:
1399 4688 1674 4745 suntcum
1710 4680 1912 4745 littera,
1943 4681 2031 4736 vel

431 4767 566 4827 sine,
602 4766 723 4820 talis
751 4764 911 4821 datur
954 4768 1281 4835 diﬁ'erentia,
1312 4772 1565 4841 quoniam
1612 4773 1713 4827 illre
1744 4788 1862 4843 qua:
1898 4783 2025 4827 sunt

432 4862 549 4910 sine
581 4858 777 4924 littera,
811 4859 1031 4927 debent,
1065 4873 1222 4930 prout
1251 4876 1493 4932 possunt,
1528 4868 1761 4936 amplius
1811 4866 2024 4920 adinvi-

434 4964 551 5003 cem
609 4948 944 5037 ligari.JSed
1008 4953 1316 5022 hujusmodi
1374 4958 1674 5024 proprietas
1728 4959 2024 5028 aliquando

428 5039 696 5092 omittitur
726 5040 889 5107 supra
939 5042 1173 5099 litteram
1228 5046 1313 5100 his
1342 5048 1525 5115 figuris
1574 5053 1919 5117 associatam,
1969 5062 2025 5107 et

431 5134 589 5201 ltnjus
619 5133 908 5201 ﬁgurarum
942 5136 1269 5203 proprietas,
1305 5146 1407 5189 tam
1448 5138 1641 5194 littera:
1672 5142 2019 5207 sociatarum,

425 5243 586 5294 quam
632 5242 760 5291 non,
796 5227 990 5281 dantur
1036 5227 1332 5283 divisiones
1378 5242 1440 5281 ac
1483 5231 1643 5282 etiam
1691 5232 1889 5297 regula:
1937 5247 2024 5285 se-

429 5326 675 5383 quentes.
706 5318 1049 5387 Quapmpter
1070 5319 1133 5372 ad
1158 5320 1339 5373 omnia
1372 5318 1626 5372 discenda
1656 5322 1857 5387 prolata
1884 5322 2023 5371 scire

426 5407 688 5461 debemus
736 5414 876 5475 quod
932 5429 1025 5467 sex
1061 5413 1433 5467 tantummodo
1470 5414 1655 5481 ﬁgurae
1700 5423 1825 5466 sunt
1873 5412 2024 5464 adin-

424 5514 596 5553 ινιιιιιίη
629 5516 639 5550 :
672 5516 897 5568 quarum
926 5504 1063 5558 hince
1094 5517 1145 5559 et
1177 5507 1314 5562 bina:
1341 5524 1556 5576 semper
1579 5517 1701 5559 sunt
1729 5505 1938 5568 afiines,
1969 5508 2019 5560 in

426 5594 600 5647 forma
634 5604 685 5647 et
736 5595 784 5647 in
819 5598 1116 5661 quantitate
1148 5603 1476 5661 consimiles,
1510 5602 1736 5663 sciliCet,
1772 5602 1821 5653 in
1873 5612 2018 5668 puteo

428 5695 593 5747 state,
644 5698 782 5750 arte,
832 5686 1009 5753 regula
1042 5686 1295 5740 diﬂ'etunt
1324 5700 1378 5742 et
1424 5701 1631 5744 natura.
1684 5696 1917 5759 Quarum
1965 5703 2019 5745 et.

426 5775 588 5837 prima
621 5794 781 5844 super
811 5794 1001 5833 omnes
1035 5777 1155 5831 fons
1186 5790 1270 5831 est
1295 5789 1349 5833 et
1377 5781 1529 5848 origo
1559 5782 1726 5847 ipsius
1770 5785 2012 5839 scientia:

423 5876 576 5932 atque
628 5869 765 5931 linis,
801 5885 921 5935 qua
975 5868 1211 5938 perfecta
1258 5870 1411 5939 longa
1470 5869 1671 5924 minuta
1722 5884 1943 5928 \ocatur
1994 5892 2005 5933 ;

2145 626 2394 692 sumpsit,
2424 642 2489 681 eo
2519 631 2659 695 quod
2699 632 2800 686 sub
2831 642 2977 686 certa
3007 633 3349 688 dimensione
3382 634 3762 703 longitudinis

2145 715 2321 777 Uttitts,
2379 732 2472 785 per
2498 720 2642 773 vocis
2683 723 3039 777 accidentiam
3087 727 3137 777 in
3182 740 3330 778 mora
3364 727 3507 780 circa
3554 728 3759 796 ipsum

2144 809 2423 875 mqualiter
2451 816 2855 880 proportiuttata
2888 827 3088 877 manet,
3137 820 3488 887 seipsamqne
3535 821 3593 872 itt
3652 833 3764 875 n0-

2144 914 2263 952 vcttt
2311 912 2490 969 partes
2538 904 2887 959 diminuendo
2936 908 3221 974 duplicuer
3263 911 3523 976 partiens,
3581 908 3760 980 Cujus

2146 990 2313 1043 forma
2364 993 2808 1061 quadrangolaris
2856 996 3107 1064 efﬁcitur,
3158 1014 3368 1057 comam
3417 1016 3649 1069 semper
3704 1002 3760 1054 in

2144 1082 2259 1148 cjus
2311 1084 2474 1137 latere
2502 1085 2699 1139 dextro
2750 1089 2937 1151 lixam,
2990 1105 3083 1155 per
3114 1107 3271 1153 quam
3319 1092 3483 1146 etiam
3526 1107 3749 1147 nomen

2147 1174 2491 1243 longitudinis
2524 1177 2723 1232 habere
2753 1189 3008 1246 meretur,
3034 1193 3089 1236 ut
3121 1194 3267 1251 patet
3295 1184 3348 1237 in
3378 1186 3675 1254 prtesenti.

2143 1321 3049 1373 Μ’
2292 1322 3405 1376 _.———':l

2218 1445 2461 1499 Secunda
2495 1461 2623 1500 vero
2672 1448 2983 1514 impostf-ecta
3037 1453 3191 1521 longa
3222 1454 3516 1518 aliquando
3562 1455 3750 1510 etiam

2146 1551 2249 1589 non
2301 1547 2381 1589 e~t
2434 1536 2707 1603 perfecta:
2756 1541 2898 1610 quod
2953 1525 3056 1617 n'on
3108 1544 3344 1610 perfecta
3391 1545 3618 1609 dicitur,
3680 1561 3756 1600 eo

2145 1632 2283 1701 quod
2313 1632 2416 1686 nisi
2443 1633 2550 1687 duo
2578 1644 2814 1702 tempora
2839 1637 3075 1691 continet
3102 1639 3152 1691 in
3183 1654 3261 1703 se,
3309 1637 3643 1693 afﬁnitatem
3698 1641 3756 1693 in

2155 1723 2327 1777 forma
2374 1735 2426 1779 et
2482 1728 2810 1795 prOprietate
2864 1728 3113 1797 perfecta:
3163 1731 3346 1801 ﬁgurae
3400 1742 3628 1797 tenens,
3698 1744 3761 1787 ut

2148 1824 2310 1879 patet.

2212 2085 2389 2139 Tertia
2423 2098 2564 2141 recta
2612 2090 2788 2143 brevis
2819 2091 3035 2158 dicitur,
3077 2093 3146 2147 ab
3175 2109 3240 2149 eo
3271 2100 3415 2164 quod
3449 2113 3612 2149 unum
3650 2113 3749 2151 re-

2142 2189 2284 2230 c:um
2316 2187 2371 2231 et
2401 2179 2669 2249 integrum
2701 2182 2944 2235 continet
2988 2184 3043 2238 in
3089 2197 3149 2237 se
3196 2196 3431 2253 tempus,
3469 2188 3748 2253 seipsamo

2140 2284 2244 2337 que
2274 2270 2480 2341 induas
2510 2272 2821 2326 diminuens
2866 2286 3041 2341 partes
3090 2290 3197 2329 non
3230 2277 3490 2345 aequales,
3551 2278 3638 2332 vel
3693 2281 3751 2331 in

2143 2372 2251 2415 tres
2304 2363 2670 2417 tantummodo
2729 2367 2962 2434 :equales
3019 2375 3074 2419 et
3126 2366 3528 2432 indit-isibiles;
3583 2366 3751 2436 cujus

2142 2452 2308 2506 forma
2341 2456 2785 2526 quadrangularis
2830 2468 2933 2521 est,
2968 2457 3112 2512 omni
3144 2473 3338 2513 carens
3387 2459 3747 2528 proprietate,

2142 2556 2197 2596 ut
2225 2546 2309 2599 ltic
2337 2564 2349 2598 :
2867 2564 2885 2571 ‘

2209 2822 2430 2885 Quarta,
2478 2821 2646 2875 altera
2679 2822 2861 2877 brevis
2908 2824 3230 2893 appellatur,
3290 2839 3357 2878 eo
3406 2828 3551 2895 quod
3602 2826 3744 2878 duas

2141 2920 2312 2962 rectas
2359 2910 2552 2965 breves
2585 2922 2753 2976 tenet,
2784 2923 2947 2981 atque
2977 2929 3191 2982 semper
3219 2914 3454 2967 alterum
3504 2924 3743 2979 occupat

2141 3002 2339 3065 locum,
2371 3001 2683 3057 affinitatem
2734 3012 2895 3056 recta:
2926 3003 3104 3057 brevis
3134 3014 3241 3057 tam
3276 3007 3327 3057 in
3359 3005 3532 3058 forma
3566 3018 3735 3072 quam

2140 3093 2190 3145 in
2222 3091 2551 3161 proprietate
2582 3103 2633 3146 et
2657 3093 2916 3148 societate
2949 3103 3157 3159 tenens,
3194 3107 3247 3147 ut
3281 3093 3410 3150 hic:

3409 1330 3733 1341 —-—————

3413 2698 3721 2709 ——.—-

2146 2730 2473 2739 ———_—

2328 3267 2658 3274 ————_—

2665 3264 2847 3274 ..α-ο
2874 3266 3707 3314 Γ*

2665 3305 2864 3312 ..σ--ε
3214 3306 3560 3314 ———-———
3574 3304 3707 3314 --.Δ-

2410 3304 2864 3312 .__-——._—.
2908 3304 3717 3318 *ἡδο*

3214 3306 3560 3316 ——_—-_

2210 3412 2405 3478 Quinta
2433 3430 2561 3467 vero
2582 3415 2897 3468 scmibrevis
2922 3415 3089 3482 major
3105 3414 3319 3478 dicitur,
3343 3427 3400 3469 et
3423 3416 3591 3469 habet
3619 3430 3728 3470 ne

2141 3504 2315 3557 minus
2363 3520 2635 3575 magnum,
2663 3506 2805 3574 quod
2831 3507 2989 3559 etiam
3017 3504 3414 3575 imperfectum,
3450 3518 3507 3561 et
3538 3509 3741 3575 brevis,

2139 3594 2261 3660 quia
2291 3594 2603 3661 imperfecta
2628 3597 2855 3650 scientia
2886 3598 3065 3651 brevis
3088 3609 3141 3651 et
3160 3596 3333 3667 major
3355 3608 3460 3659 est,
3479 3600 3739 3665 quoniam

2141 3690 2396 3757 majorem
2428 3700 2631 3758 partem
2666 3692 2856 3746 retinet
2891 3703 3050 3746 recta:
3081 3693 3283 3759 brevis,
3335 3705 3389 3745 ut
3420 3695 3744 3762 praedictum

2138 3790 2239 3843 est,
2269 3780 2421 3847 Cujus
2451 3779 2502 3831 fu
2536 3796 2618 3832 ma
2644 3782 2760 3835 talis
2789 3792 2872 3835 est
2897 3800 2909 3832 :

2300 3950 2323 4001 η
2363 3947 3720 4001 ,__.__..___________:___

2201 4078 2362 4134 Sexta
2395 4079 2712 4133 semibrevis
2764 4079 2937 4133 minor
2966 4080 3231 4134 consimili
3264 4073 3431 4134 modo
3458 4080 3744 4136 dicituret

2139 4170 2365 4233 minore.
2407 4186 2473 4224 eo
2510 4175 2652 4240 quod
2708 4172 2970 4229 minorem
3025 4176 3075 4227 in
3119 4188 3181 4229 se
3223 4173 3471 4229 continet
3524 4178 3743 4244 partem

2140 4267 2299 4313 recte
2326 4260 2524 4326 brevis,
2560 4273 2747 4319 tenens
2785 4265 3100 4321 affinitatem
3144 4266 3197 4321 in
3236 4266 3409 4322 forma
3435 4276 3492 4323 et
3523 4265 3739 4337 quanti.

2138 4362 2247 4409 tate
2276 4354 2606 4425 praecedens,
2638 4370 2691 4409 ut
2720 4358 2837 4412 hic:

2702 4539 2735 4545 4
2754 4537 3709 4547 ——————-.———_

2136 4531 3709 4585 :D:________.______._

2207 4675 2341 4728 Cum
2372 4672 2531 4739 igitur
2575 4674 2801 4739 perlecta
2850 4675 3014 4745 ﬁgura
3056 4688 3279 4729 manens
3319 4675 3374 4730 in
3428 4677 3638 4729 unitate
3671 4677 3747 4730 sit

2136 4765 2255 4819 fons
2278 4778 2327 4819 et
2362 4766 2511 4834 origo
2537 4765 2707 4834 ipsius
2746 4766 2987 4820 scientiae
3017 4776 3070 4821 et
3094 4766 3238 4827 linis.
3271 4779 3559 4836 propterea
3588 4770 3747 4839 quod

2136 4860 2312 4911 omnis
2350 4868 2539 4911 cantus
2572 4856 2639 4910 ab
2670 4857 2859 4911 eadem
2892 4858 3133 4927 procedit
3183 4870 3236 4913 et
3269 4859 3321 4913 in
3354 4860 3541 4915 eadem
3573 4860 3751 4928 repli-

2131 4962 2314 5007 catur:
2369 4963 2419 5004 et
2452 4950 2562 5019 ipsa
2608 4953 2657 5004 in
2704 4954 2938 5006 noun-ris
2978 4953 3245 5018 consistit,
3299 4954 3640 5023 temporibus
3689 4964 3751 5009 ct

2134 5043 2419 5105 mensuris,
2451 5053 2501 5097 et
2535 5044 2725 5096 trinam
2757 5043 2807 5097 in
2850 5057 2908 5097 se
2946 5044 3186 5098 cominet
3223 5046 3613 5114 cqualitatem,
3663 5046 3781 5100 vi-,

2131 5137 2261 5189 dere
2288 5146 2533 5204 sequitur
2557 5137 2696 5205 quod
2728 5136 2840 5204 ipsa
2875 5137 3021 5206 prior
3048 5137 3257 5193 caeteris
3301 5147 3439 5190 esse
3476 5135 3743 5189 videtur:

2130 5241 2195 5279 eo
2240 5227 2382 5294 quod
2439 5230 2620 5280 mundi
2674 5229 2923 5284 conditor
2964 5230 3104 5285 Deus
3154 5229 3332 5282 omnia
3378 5230 3433 5280 in
3481 5242 3744 5295 numero.

2132 5319 2367 5383 pondere
2418 5326 2473 5368 et
2529 5334 2775 5371 mensura
2819 5319 3137 5383 constituit,
3191 5327 3247 5371 et
3290 5318 3393 5372 hoc
3433 5318 3746 5390 principale

2129 5409 2335 5461 exstitit
2364 5411 2638 5475 exemplar
2660 5412 2710 5464 in
2742 5413 2923 5465 animo
2952 5411 3278 5466 Conditoris.
3313 5411 3449 5466 Nam
3483 5429 3747 5483 quaecun-

2128 5518 2231 5569 que
2258 5518 2285 5553 a
2324 5500 2580 5569 primaeva
2605 5503 2748 5557 orbis
2779 5504 2987 5574 origine
3034 5504 3262 5558 formata
3292 5517 3442 5568 sunt.
3478 5524 3745 5566 nunero-

2128 5612 2243 5649 ront
2279 5598 2481 5649 ratione
2511 5598 2756 5650 universa
2786 5612 2907 5653 esse
2934 5601 3244 5655 conStituta.
3276 5602 3342 5657 Et
3374 5605 3502 5658 ideo
3532 5620 3743 5661 nurne-

2128 5703 2214 5740 rus
2244 5703 2457 5741 omnem
2484 5700 2781 5741 creaturam
2807 5699 2993 5743 natura
3020 5692 3297 5758 przecedit,
3340 5694 3474 5750 etin
3503 5696 3744 5767 singuli

2127 5778 2727 5833 tertiariusinvenitur:
2761 5780 2880 5850 quia
2910 5782 2977 5835 ab
3005 5782 3261 5837 ineffabili
3294 5783 3744 5857 Trionem,“

2122 5881 2309 5926 cuncta
2350 5872 2604 5926 condidit.
2637 5872 2993 5933 essentiahter
3023 5890 3130 5931 non
3162 5874 3391 5931 recedit.
3414 5873 3742 5935 Undeiilul
