3922 6246
111 381 210 441 res
1383 370 1657 451 ‘uusma

1804 390 2057 447 ACTICA.

3284 401 3385 455 9i6

110 503 157 553 in
203 498 521 555 auctoribus
552 500 763 571 legitur,
795 503 1061 571 quomodo
1090 504 1229 560 Deus
1260 504 1523 576 imperare
1552 524 1686 577 gau-
1719 514 1763 569 Α
1796 523 1899 561 non
1926 514 2126 561 rectam
2160 522 2461 561 mensuram
2484 504 2919 577 habentes,un
2939 510 3240 567 faciendum
3268 523 3382 571 est:

110 592 193 647 det
220 594 486 659 ternario,
521 595 591 648 ita
624 594 711 648 hic
751 596 1179 653 numerusjnest
1226 598 1384 652 rebus
1422 602 1690 666 omnibus,

110 688 251 756 cuius
284 688 617 757 principium
647 692 823 744 unitas
854 701 956 756 est,
985 708 1106 761 quae
1127 693 1311 747 Grzcce
1345 711 1532 749 mnnos
1563 694 1691 749 dici-

112 787 211 833 tur.
238 778 352 847 lpsa
380 795 509 834 vero
536 796 639 835 non
671 797 944 845 numerus.
970 784 1061 836 sed
1096 784 1215 839 fons
1245 795 1299 839 et
1319 789 1470 856 origo
1500 804 1690 841 nume-

113 883 309 932 rorum,
343 870 666 938 principium
696 880 748 926 et
778 872 899 925 ﬁnis
917 874 1179 926 omnium:
1216 885 1269 928 et
1298 875 1416 930 ideo
1455 892 1559 929 non
1594 878 1692 930 im-

112 963 298 1015 merito
346 963 413 1014 ad
474 978 737 1016 summam
791 964 1017 1017 refertur
1064 965 1409 1029 Trinitatem,
1449 969 1568 1033 quia
1607 982 1693 1022 res

111 1052 356 1119 qualibet
384 1053 652 1107 naturalis
677 1054 739 1105 ad
760 1054 1162 1108 similitudinem
1185 1056 1381 1109 divina:
1407 1067 1607 1110 naturae
1627 1074 1688 1114 ex

112 1144 273 1196 tribus
293 1158 551 1200 c0u5tare
580 1148 853 1200 annuitur.
881 1147 934 1199 In
966 1150 1179 1201 vocibus
1203 1162 1251 1201 et
1276 1151 1511 1211 sonis,et
1534 1151 1691 1205 rebus

112 1237 355 1289 omnibus
390 1238 533 1290 trina
584 1247 785 1290 tantum
819 1240 1060 1292 consistit
1088 1243 1457 1306 Consonantia,
1490 1243 1692 1295 scilicet

111 1328 469 1392 diatessaron,
506 1329 757 1396 diapente
798 1341 853 1383 et
883 1331 1160 1397 diapason.
1204 1334 1347 1386 llauc
1376 1335 1534 1402 igitur
1562 1335 1692 1387 Tri-

112 1422 324 1473 nitatem
352 1419 539 1473 omnia
575 1422 886 1478 naturaliter
916 1422 1137 1476 formata
1162 1425 1527 1492 consequitur,
1553 1440 1689 1493 quo-

113 1511 247 1563 niam
278 1512 442 1566 rebus
466 1513 717 1566 omnibus
740 1514 808 1566 ab
829 1515 1030 1581 origine
1063 1517 1230 1581 prima
1263 1516 1580 1569 naturaliter
1611 1515 1689 1567 in-

114 1604 423 1671 hzcrentem,
442 1604 495 1656 in
515 1619 724 1657 summo
745 1614 796 1658 et
815 1606 1221 1673 primoartilicc,
1238 1606 1397 1659 fuisse
1415 1607 1691 1673 imperitos

113 1698 407 1749 necessario
469 1698 689 1752 credere
739 1707 984 1767 oportet:
1016 1714 1136 1752 cum
1177 1699 1304 1752 nihil
1336 1702 1480 1766 prius
1519 1702 1589 1754 sit
1614 1701 1689 1754 fa-

109 1796 263 1851 ctum,
292 1788 395 1840 nisi
432 1789 577 1854 prius
607 1790 674 1841 sit
712 1790 763 1841 in
793 1790 995 1843 artifice
1048 1788 1273 1842 faciendi
1307 1793 1563 1857 potentia,
1606 1792 1686 1845 vel

109 1876 372 1941 sapienter
424 1876 543 1930 sine
596 1878 876 1945 sapientia,
904 1888 1033 1941 etc.,
1067 1880 1225 1932 nulla:
1256 1880 1509 1949 indigeat,
1560 1882 1687 1935 nihil
1722 1864 1769 1924 Β

111 1970 173 2023 ab
195 1984 257 2022 eo
280 1968 371 2023 ﬁat
398 1969 501 2022 nisi
526 1986 585 2023 ex
615 1971 803 2038 gratia.
832 1970 961 2024 Cum
986 1972 1142 2039 igitur
1159 1972 1226 2024 ab
1245 1988 1309 2025 co
1328 1958 1461 2025 Iliant
1486 1976 1688 2039 omnia,

111 2058 394 2110 maximum
421 2068 507 2111 est
532 2058 887 2124 sapientibus,
917 2060 1057 2128 quod
1090 2063 1202 2113 hac.
1235 2064 1355 2127 uia,
1387 2064 1587 2116 scilicet
1612 2080 1693 2117 sa-

108 2147 322 2217 pientia,
349 2149 609 2214 potentia,
640 2150 828 2217 gratia,
855 2160 979 2203 sunt
1004 2152 1055 2204 in
1080 2152 1255 2203 divina
1286 2152 1545 2217 Ecclesia,
1570 2155 1693 2222 quia

110 2235 168 2288 ad
192 2250 461 2289 summum
489 2238 890 2307 perfectumque
925 2242 1117 2293 bonum
1148 2241 1292 2307 plura
1316 2258 1419 2294 non
1445 2252 1570 2295 sunt
1601 2260 1693 2297 ne-

110 2328 352 2381 cessaria.
408 2329 474 2381 Et
524 2339 649 2381 tunc
703 2332 941 2383 omnium
978 2332 1144 2397 prima
1201 2334 1456 2401 principia
1491 2344 1691 2388 tantum

112 2428 227 2470 sunt
274 2418 397 2473 tria.
462 2419 786 2487 Principium
842 2422 1149 2487 immobile,
1192 2424 1331 2477 Dens
1374 2426 1690 2493 principium

113 2509 487 2575 principiorum
517 2527 528 2561 :
559 2511 877 2577 principium
906 2512 1100 2567 mobile
1128 2515 1386 2576 (ualeatis.
1417 2530 1577 2584 super
1602 2532 1694 2570 cu-

108 2599 186 2663 jus
232 2610 379 2653 motu
412 2612 693 2657 moventur
716 2604 915 2657 omnia.
966 2605 1030 2658 Et
1059 2616 1112 2658 ut
1143 2606 1374 2660 breviter
1414 2608 1687 2662 dicamus:

112 2691 284 2743 Omnis
305 2702 502 2746 cantus
533 2694 1011 2755 mensurabilis.ab
1038 2696 1148 2760 ipsa
1181 2697 1343 2763 llgura
1371 2698 1615 2766 procedit
1638 2711 1692 2753 et

116 2782 379 2849 dividitur,
410 2796 464 2839 et
494 2785 547 2838 in
577 2786 819 2841 eamdem
853 2788 1153 2853 replicatur,
1186 2799 1237 2841 et
1276 2804 1465 2845 omnes
1508 2791 1691 2860 figura:

115 2877 500 2947 subsequentes
551 2881 615 2932 ad
662 2881 939 2946 eamdem,
983 2892 1200 2950 promer
1244 2885 1690 2952 a'qttipollcntiatn

118 2968 468 3038 retinendam,
494 2972 746 3025 recurrit.
767 2971 928 3039 Cujus
948 2974 1124 3041 regula
1151 2974 1267 3026 talis
1284 2982 1384 3035 est,
1400 2982 1453 3026 et
1473 2983 1682 3038 natura,

114 3058 243 3125 quod
269 3062 591 3128 quandoque
618 3070 833 3129 reperta
857 3070 942 3116 est
970 3070 1093 3117 ante
1112 3064 1342 3131 longam,
1359 3077 1571 3132 semper
1590 3064 1687 3117 tria

119 3159 342 3219 tempora
367 3163 533 3208 tenet.
569 3152 727 3207 Verbi
759 3154 958 3223 gratia:

181 3493 424 3548 Altinitas
455 3504 631 3550 autem
657 3496 793 3565 ejus,
825 3512 943 3565 qua:
976 3499 1025 3551 iu
1056 3499 1221 3553 forma
1253 3498 1350 3553 sibi
1392 3500 1686 3553 consimilis

117 3582 357 3647 efﬁcitur.
387 3586 660 3651 sequitur:
690 3586 843 3655 cujus
871 3588 1048 3653 regula
1093 3590 1213 3641 talis
1254 3598 1337 3642 est
1382 3602 1431 3643 et
1473 3599 1680 3653 natura,

110 3678 240 3744 quod
270 3693 491 3745 semper
510 3688 635 3732 ante
667 3681 883 3733 brevem
916 3682 995 3733 vel
1042 3693 1157 3749 post
1188 3691 1331 3735 stare
1355 3682 1532 3747 debet,
1565 3698 1683 3753 qua:

114 3767 208 3822 sibi
234 3768 561 3823 cullateralis
593 3784 715 3824 esse
747 3771 991 3824 refertur.
1014 3771 1167 3825 Verbi
1196 3774 1395 3841 gratia:

109 3911 1671 3999 malm:

180 4060 228 4114 In
258 4079 358 4131 qua
384 4066 598 4119 nonnisi
620 4067 725 4119 duo
755 4076 990 4135 tempora
1020 4065 1399 4119 communicari
1427 4073 1678 4116 tenentur

115 4152 311 4207 ratione
338 4156 684 4221 collateralis,
737 4172 855 4227 quae
884 4158 950 4211 ab
980 4159 1164 4211 eodem
1203 4158 1430 4209 sumitur
1461 4171 1487 4207 a
1535 4169 1684 4223 parte

113 4241 241 4298 linis.
276 4244 428 4300 Unde
460 4262 682 4301 versos:
1360 4262 1363 4265 “

276 4357 410 4405 Ante
437 4372 554 4406 vero
577 4359 787 4419 longam,
817 4362 1011 4408 minima
1040 4359 1177 4418 longa
1209 4358 1405 4405 faciunt.

281 4419 331 4467 Si
359 4420 526 4467 brevis
545 4421 763 4476 addatur,
788 4421 883 4467 duo
904 4428 1117 4481 tempora
1146 4420 1287 4479 longa
1313 4427 1531 4467 meretur

179 4519 321 4574 Unde
340 4522 633 4575 notandum
664 4532 745 4576 est
770 4525 906 4593 quod
938 4524 1359 4593 quandocunque
1388 4522 1677 4575 intui-duas

115 4610 419 4681 lungassola
456 4616 631 4669 brevis
671 4619 930 4683 eveuetil,
974 4632 1184 4683 semper
1214 4616 1277 4669 ad
1311 4615 1676 4684 imperfectum

114 4704 381 4760 reducetur
419 4708 804 4775 praecedentem
831 4749 846 4771 ,
897 4717 948 4760 ct
999 4708 1183 4759 merito
1231 4721 1349 4759 cum
1393 4707 1456 4757 ab
1494 4708 1679 4757 eadem

112 4806 429 4861 procreatur,
462 4795 724 4849 (ξιιηείιηίιὶ
751 4798 904 4849 modo
933 4797 1038 4848 ille
1060 4811 1339 4846 rnuversu.
1370 4794 1520 4848 Unde
1549 4809 1679 4848 cou-

114 4881 437 4939 siderandum
492 4898 607 4952 est,
653 4888 865 4955 quando
906 4886 1135 4954 periei-ta
1184 4888 1293 4937 lieri
1330 4884 1545 4953 nequit,
1578 4885 1679 4937 nisi

118 4974 370 5030 mediante
402 4977 544 5030 brevi
577 4990 853 5043 sequente,
900 4992 993 5031 seu
1034 4979 1385 5045 pl‘JECCtictile,
1431 4978 1677 5046 quoniam

120 5066 259 5137 longa
276 5080 327 5123 et
345 5071 541 5133 brevis,
558 5080 656 5123 etc
677 5086 955 5135 converso,
975 5086 1186 5139 semper
1208 5088 1362 5123 unam
1386 5069 1681 5137 perfectio—

118 5174 225 5212 nem
250 5162 466 5218 faciunt.
493 5163 646 5218 Unde
667 5164 709 5217 si
732 5172 935 5231 quzerat
959 5164 1151 5228 aliquis
1174 5172 1347 5215 utrum
1372 5162 1534 5230 possit
1566 5158 1677 5212 [Ξθοί

118 5252 344 5306 modulus
373 5257 487 5309 sive
531 5269 719 5309 cantus
763 5254 1019 5307 naturalis
1061 5254 1128 5307 de
1151 5256 1397 5306 Ollllllljtls
1429 5254 1677 5317 imperte-

118 5343 223 5407 rtis,
242 5344 373 5397 sicut
390 5346 444 5396 lit
469 5342 538 5397 de
563 5345 807 5398 omnibus
828 5343 1093 5413 perfectis,
1110 5346 1387 5410 l‘CSptlttSlO
1404 5360 1523 5395 cum

118 5434 433 5499 probatione,
468 5435 607 5503 quod
649 5452 778 5501 non,
824 5452 943 5491 cum
998 5454 1156 5506 purus
1189 5434 1528 5502 imperfectas

1795 605 1940 672 quia,
1967 604 2008 656 si
2029 618 2209 656 verum
2236 613 2541 668 esset,tunc
2563 616 2735 673 posset
2765 605 2878 660 lieri
2909 614 3096 660 cantus
3119 608 3380 663 naturalis

1795 694 1863 749 de
1885 695 2133 747 omnibus
2166 694 2516 763 imperfectis,
2534 696 2785 763 quoniam
2810 698 3177 766 imperfectum
3194 698 3379 757 dicunt

1795 800 1916 839 esse
1946 784 2263 851 perfectum.
2296 785 2446 839 Sicut
2474 788 2616 839 enim
2642 800 2727 841 res
2750 788 2999 856 qumlibet
3028 789 3288 843 naturalis
3318 792 3384 841 ad

1795 876 2199 931 similitudinem
2243 877 2435 929 divina“:
2464 885 2690 941 naturae,
2736 894 2799 932 ex
2830 879 3000 933 tribus
3026 890 3274 934 constare
3306 880 3387 931 in-

1797 969 2029 1029 venitur,
2062 978 2113 1019 et
2146 968 2195 1019 in
2223 968 2441 1019 vocibus
2470 976 2522 1020 et
2545 970 2692 1022 sonis
2720 971 2853 1022 trina
2888 980 3091 1023 tantum
3128 974 3387 1025 consistat

1796 1058 2173 1109 consonantia:
2206 1057 2285 1111 sic
2315 1058 2488 1111 oumis
2517 1070 2703 1111 cantus
2730 1061 3104 1113 meusurahilis
3136 1062 3199 1113 ad
3232 1062 3385 1113 simi-

1796 1151 2069 1204 litudin‘em
2093 1152 2287 1205 divina:
2324 1165 2548 1219 naturm,
2577 1170 2639 1207 ex
2672 1156 2839 1207 tribus
2886 1167 3133 1210 constare
3180 1158 3387 1210 inveni-

1797 1254 1911 1297 tur:
1944 1243 2097 1312 cujus
2128 1246 2370 1311 probatio
2419 1255 2561 1310 patet
2592 1246 2641 1297 in
2679 1262 2950 1314 mensura,
3004 1248 3089 1300 ubi
3120 1247 3386 1300 ternarius

1796 1351 2051 1387 numerus
2084 1336 2356 1387 reducitur
2384 1337 2447 1386 ad
2483 1338 2795 1403 perfectam.
2816 1340 2877 1390 Et
2904 1356 2967 1390 ne
3000 1340 3049 1391 iu
3076 1341 3382 1409 ambiguum

1794 1424 2169 1493 procedamus,
2200 1426 2479 1479 scieinlum
2512 1438 2593 1481 cst
2622 1428 2761 1495 quod
2795 1430 3025 1494 perfecta
3061 1429 3225 1498 figura
3252 1432 3388 1483 mul-

1795 1514 1963 1581 tiplici
1997 1516 2337 1582 cognoscitur
2357 1516 2556 1582 regula.
2590 1517 2938 1580 l’rinza,sicut
2960 1520 3159 1587 praefati
3190 1530 3387 1573 canunt

1795 1604 2074 1667 versiculi;
2103 1605 2358 1668 seconda,
2394 1606 2822 1673 quandocunque
2868 1608 3005 1660 inter
3029 1610 3162 1663 duas
3195 1610 3385 1681 longas

1794 1695 1912 1745 dua:
1946 1694 2135 1747 breves
2167 1695 2311 1746 omni
2345 1698 2670 1763 proprietate
2705 1710 2950 1752 Carentes
2977 1700 3384 1767 evenerunt,“-

1796 1786 2051 1838 linitatcm
2083 1786 2134 1837 in
2170 1783 2342 1838 foriua
2373 1796 2642 1840 carentes.
2680 1787 2834 1843 Verbi
2864 1789 3064 1858 gratia:

2005 2097 2015 2101 -
2160 2069 3275 2196 _-hl..I-=

1868 2246 1910 2300 Ο
1944 2246 2127 2309 Maria,
2158 2245 2310 2300 beata
2340 2245 2592 2314 genitrix.

1869 2340 2071 2404 Prima,
2098 2338 2300 2403 profert
2330 2354 2490 2391 unum
2523 2351 2753 2408 tempus,
2783 2354 2899 2407 qua:
2929 2351 3069 2395 recta
3108 2342 3280 2396 brevis
3305 2343 3383 2395 di-

1795 2434 1956 2496 citur,
2003 2432 2202 2485 faciens
2241 2431 2370 2495 duo,
2404 2446 2523 2499 qua:
2550 2431 2710 2484 altera
2751 2432 2925 2486 brevis
2973 2434 3288 2502 appellatur,
3328 2444 3383 2488 et

1794 2524 2022 2577 sumitur
2044 2540 2070 2576 a
2099 2534 2248 2594 parte
2277 2526 2395 2577 linis
2427 2523 2607 2593 ﬁgura}
2634 2526 3012 2591 praecedentis:
3044 2535 3097 2579 et
3126 2526 3381 2595 quoniam

1797 2616 1846 2667 in
1873 2616 1962 2667 tali
1994 2615 2203 2669 binario
2250 2616 2346 2668 tria
2379 2627 2619 2683 tempora
2649 2617 2971 2670 couunorari
3018 2617 3381 2685 reperiuntur,

1796 2707 1915 2761 ideo
1947 2708 2223 2773 longarum
2248 2705 2452 2772 qumvis
2485 2705 2856 2773 prmdictarum
2882 2720 2912 2759 a
2947 2706 3052 2760 Deo
3096 2708 3381 2774 pet-tectio-

1796 2817 1916 2856 nem
1950 2802 2181 2855 retinere
2225 2809 2479 2862 meretur,
2512 2801 2611 2852 nisi
2661 2799 3029 2853 tantummodo
3060 2799 3170 2853 sola
3206 2801 3385 2855 brevis

1797 2896 2017 2963 primam
2041 2895 2375 2962 prazcesserit
2401 2894 2631 2962 longam,
2649 2894 2785 2947 sicut
2813 2908 2907 2962 per
2931 2894 3066 2947 hanc
3091 2892 3382 2949 clausulam

1796 2993 1938 3053 patet
1959 3002 1971 3036 :

1868 3446 2014 3498 Tunc
2045 3444 2151 3495 duo
2184 3451 2421 3509 tempora
2475 3442 2628 3510 longa
2662 3437 2895 3491 tenebit:
2943 3444 2995 3489 et
3025 3435 3101 3487 sic
3129 3432 3385 3499 perfectio

1795 3546 1919 3589 ante
1975 3534 2364 3602 profectionem
2429 3532 2769 3598 conjunctam
2840 3526 2959 3581 sive
3013 3524 3331 3593 di~juuctam
3364 3565 3377 3585 ,

1796 3640 2063 3693 nunquam
2113 3624 2334 3705 dimiuui
2375 3630 2581 3689 potest:
2629 3620 2882 3689 quoniam
2932 3616 3085 3683 longa
3145 3611 3378 3681 perfecta

1797 3720 1980 3786 nequit
2033 3717 2231 3772 habere
2284 3715 2703 3785 perfectionem,
2758 3712 2860 3764 nisi
2900 3710 3167 3763 mediante
3206 3708 3381 3775 aliqua
3404 3716 3409 3725 “

1797 3808 2123 3878 perfectione
2167 3814 2447 3874 sequente.
2480 3804 2684 3867 Tertia,
2711 3803 2752 3855 si
2788 3812 2898 3855 tres
2930 3804 3068 3854 inter
3100 3800 3390 3867 przedicms

1792 3902 2107 3972 quandoque
2146 3899 2511 3968 reperiantur,
2556 3906 2609 3950 et
2640 3896 2690 3949 in
2737 3894 2905 3948 forma
2935 3892 3274 3953 consimiles,
3323 3897 3382 3943 ut

1793 3995 1906 4047 hic:

2088 4137 2126 4152 "
2223 4125 3243 4200 ’.υ-Ξ.-

1958 4265 3250 4338 2—-

1856 4389 3306 4420 -——-——————————-———-—r-

1866 4472 1927 4524 Et
1952 4472 2074 4525 licet
2098 4486 2260 4523 unum
2295 4480 2507 4533 tempus
2540 4475 2846 4530 conservat,
2878 4474 2931 4517 et
2962 4473 3070 4515 tum
3105 4463 3377 4515 nihilomi-

1714 4557 1759 4613 Ι)
1792 4579 1889 4615 nus
1921 4562 2061 4613 nulla
2096 4562 2371 4623 longarum
2418 4558 2663 4609 virtutem
2697 4556 2808 4607 sive
2837 4553 3059 4620 gratiam
3092 4566 3201 4603 sua:
3244 4565 3368 4617 per-

1793 4654 2033 4721 fecsionis
2064 4652 2288 4712 amittet,
2323 4651 2420 4703 nisi
2466 4662 2521 4701 ut
2571 4647 2877 4714 prmdictum
2922 4655 3023 4697 est.
3059 4645 3277 4709 Quarta,
3323 4644 3367 4695 si

1790 4759 2017 4818 quatuor
2046 4747 2183 4797 inter
2216 4743 2496 4807 prazdiCtas
2526 4739 2822 4801 evenerint,
2848 4751 3035 4788 omnes
3061 4736 3254 4787 breves
3277 4750 3373 4799 pu-

1794 4848 1990 4897 tantur,
2023 4844 2074 4886 et
2097 4832 2362 4897 :equnles:
2390 4831 2481 4883 sed
2513 4830 2695 4881 ultima
2725 4828 2927 4880 oriatur
2950 4840 2977 4877 a
3003 4824 3373 4892 sulisequenti.

1794 4931 1855 4982 Et
1881 4928 2041 4980 etiam
2072 4937 2230 4973 unum
2260 4936 2479 4989 parvum
2521 4930 2745 4973 tractum
2780 4920 2831 4971 in
2860 4917 3026 4969 forma
3061 4924 3116 4968 et
3147 4914 3379 4980 longitu—

1791 5017 1914 5069 dine
1944 5012 2297 5079 semisuspirii
2328 5012 2567 5063 obtineat
2598 5008 2911 5078 przccedeus
2945 5008 3097 5073 longa
3132 5005 3281 5071 juxta
3308 5003 3381 5051 la~

1792 5118 1873 5159 tus
1896 5120 2049 5157 suum
2079 5114 2263 5171 aperte
2294 5103 2434 5167 linis,
2468 5103 2556 5169 qui
2590 5101 2943 5155 ddlerentiam
2971 5098 3244 5152 modorum
3282 5108 3377 5144 seu

1792 5198 2153 5268 perfecturum
2175 5196 2463 5264 signiﬁcat,
2492 5203 2549 5248 ut
2578 5194 2698 5247 hic:

120 5434 433 5499 ltrObalione,
468 5435 607 5503 quod
649 5452 778 5501 non,
824 5452 943 5491 cum
998 5454 1156 5506 purus
1189 5434 1528 5502 imperfectas
1839 5432 1855 5497 Ι
2048 5432 2121 5459 ⁸-³
2151 5432 2219 5476 Π
2254 5432 2313 5449 ’⁵η
2358 5432 2409 5486 ε

120 5537 260 5578 "emo
280 5532 622 5594 Pronuntiare
641 5528 827 5595 possit.
846 5528 1221 5582 Verumtamen
1242 5528 1455 5595 quidam
1481 5528 1531 5578 in
1654 5542 2409 5572 ..___..——-—._._.—-——--

119 5612 301 5669 artibus
321 5619 433 5671 suis
461 5618 716 5680 referunt.
737 5619 1022 5686 perfectam
1048 5620 1267 5685 figuram
1286 5635 1346 5673 se
1367 5619 1502 5669 habe
1516 5642 1530 5652 -

124 5718 173 5757 rc
204 5720 288 5773 per
304 5708 745 5766 ultramensuram
766 5729 776 5764 :
793 5719 848 5766 et
867 5713 1121 5781 quosdam
1139 5714 1296 5766 etiam
1314 5711 1521 5770 modos,
1542 5710 1679 5760 sicut

74 5842 95 5847 η
124 5798 336 5865 primum
360 5811 416 5859 et
443 5807 692 5872 quantum
722 5818 842 5861 esse
860 5819 954 5875 per
986 5805 1473 5869 ultramensurales,
1498 5802 1544 5855 id
1576 5809 1678 5867 est,

1864 5704 1927 5756 Et
1948 5712 2068 5754 tunc
2113 5700 2265 5767 longa
2294 5697 2626 5763 subsequens
2652 5706 2910 5763 tempora,
2940 5696 3039 5750 nisi
3081 5695 3189 5748 duo
3218 5705 3370 5748 tene-

1793 5797 1939 5852 bant.
1993 5792 2056 5849 Ει
2117 5794 2216 5849 hoc
2267 5791 2426 5846 etiam
2476 5790 2767 5848 secundum
2811 5791 3048 5847 ordinem
3093 5789 3265 5857 quarti
3323 5796 3378 5843 et
