3922 6246
518 418 624 476 927
1019 415 1219 468 ΒΕΒτΕ
1262 416 1714 472 VENERABILIS
1751 414 1900 469 OPP.
1942 412 2113 468 PARS

2268 409 2457 466 SECT.
2501 409 2562 463 ll.
2596 439 2663 448 —
2691 408 2894 467 DUBIA
2937 409 3023 464 ET
3061 405 3330 464 SPURIA.
3694 402 3801 458 υεε

518 528 688 599 quinti
715 528 854 582 modi
887 526 1203 594 imperfecti.
1231 525 1376 596 .Nam
1401 527 1445 581 si
1475 535 1676 580 tractus
1706 526 1794 580 ille
1814 525 2093 588 deficeret,
2125 529 2172 589 Α
2202 520 2252 573 in
2307 518 2568 574 divisione
2613 519 2844 588 quinque
2894 520 3118 588 partium
3157 517 3472 572 dividuntur
3498 555 3515 580 ,
3555 527 3803 582 quarum

520 632 648 675 tunc
673 619 837 688 prima
868 618 1108 671 brevium
1141 619 1452 684 procederet
1473 634 1502 672 a
1527 617 1846 686 praecedenti
1881 631 1980 686 per
2007 631 2094 670 or-

520 708 701 765 dinem
727 709 946 765 secundi
977 710 1296 777 imperfecti.
1333 709 1489 764 Verbi
1511 711 1712 780 gratia:

2200 609 2452 678 qualibet
2495 609 2686 663 divisio
2715 609 2907 664 multas
2929 611 3166 663 continet
3191 607 3565 672 differentias,
3611 612 3679 657 et
3725 602 3804 654 di-

2196 714 2399 755 versas.
2454 700 2628 753 Prima
2670 699 2825 768 igitur
2871 699 3193 761 differentia,
3246 699 3436 766 prima:
3469 696 3681 766 partis,
3716 703 3804 746 est

2196 792 2434 860 quaedam
2485 794 2676 858 figura,
2711 806 2867 859 quam
2911 791 3098 857 plieam
3139 788 3500 842 communiter
3540 782 3805 852 appella-

2199 895 2336 932 mus.
2386 879 2534 934 Unde
2573 881 2883 940 notaudunt,
2929 880 3067 946 quod
3117 880 3254 947 plica
3303 877 3436 930 nihil
3482 875 3639 928 aliud
3683 883 3795 934 est,

2198 985 2354 1037 quam
2384 971 2592 1039 signum
2616 970 2858 1024 dividens
2879 985 3065 1023 sonum
3096 969 3148 1022 in
3177 967 3550 1022 sonodiverso
3579 980 3686 1031 per
3713 963 3800 1016 di-

2202 1074 2392 1115 versas
2445 1076 2634 1116 vocum
2683 1062 2962 1114 distantias
2994 1101 3008 1124 ,
3069 1069 3176 1113 tam
3226 1057 3573 1112 ascendendo
3628 1069 3800 1122 quam

2204 1146 2603 1217 descendendo,
2643 1153 2910 1214 videlicet,
2952 1168 3046 1221 per
3088 1148 3526 1205 semitrmium‘et
3567 1158 3801 1211 tonum,

2205 1257 2298 1310 per
2319 1243 2719 1306 semiditonum,
2752 1254 2807 1298 et
2835 1244 3096 1307 ditunum,
3126 1251 3181 1295 et
3223 1256 3318 1309 per
3356 1240 3717 1293 diatessaron
3749 1249 3805 1292 et

2205 1334 2490 1401 diapente:
2524 1350 2643 1403 qua:
2672 1336 2804 1404 pliea
2837 1345 3063 1402 quatuor
3091 1333 3406 1387 differentiis
3445 1331 3804 1400 explicatur;

2146 1486 2148 1488 ν
2207 1438 2328 1479 nam
2380 1428 2620 1492 quaedam
2678 1427 2906 1494 perfecta
2965 1425 3204 1490 dicitur,
3261 1435 3316 1478 et
3366 1424 3636 1494 quaedam.
3696 1423 3804 1476 im-

2207 1514 2474 1583 perfecta;
2516 1515 2756 1586 qua-dam
2798 1525 2938 1571 recta
2988 1517 3194 1582 brevis,
3239 1524 3295 1571 et
3322 1515 3565 1583 quaedam
3620 1515 3804 1569 altera

2206 1609 2403 1663 brevis.

2279 1702 2451 1757 Prima
2492 1702 2788 1758 differentia
2813 1704 2979 1772 plicat,
3004 1703 3238 1770 perfecte
3267 1702 3686 1765 descendendo,
3719 1714 3806 1755 est

2211 1794 2449 1863 quaedam
2475 1794 2638 1862 figura
2673 1795 2871 1849 habens
2899 1804 3118 1859 tractus,
3151 1809 3376 1864 quorum
3417 1794 3647 1849 ultimus
3683 1797 3808 1849 lou-

597 1149 791 1224 Quinta
830 1173 986 1222 vero,
1036 1159 1080 1209 si
1122 1156 1443 1224 quandoque
1483 1157 1534 1209 in
1590 1155 1758 1209 forma
1807 1155 2100 1209 consimilis

527 1251 801 1312 evenerit,
855 1261 962 1301 tres
1000 1247 1184 1314 prima:
1229 1247 1430 1299 dabunt
1482 1262 1639 1299 unam
1688 1245 2006 1315 perfectam:
2049 1255 2103 1300 et

533 1340 769 1393 binarius
799 1338 1128 1404 subsequens
1157 1353 1261 1390 nou
1284 1338 1528 1404 :equalis,
1551 1353 1708 1390 unam
1732 1356 1744 1390 :
1773 1347 1826 1390 et
1854 1339 2102 1403 quaelibet

533 1431 836 1498 longarum,
861 1439 1017 1498 prout
1039 1428 1284 1497 superius
1326 1427 1526 1482 dictum
1558 1437 1662 1493 est,
1695 1429 1917 1483 tenebit.
1948 1428 2104 1482 Verbi

525 1528 727 1586 gratia:

1561 1646 1712 1659 —

529 1712 2116 1728 --r———rv——-¢:-w-‘——~———-———v—

1563 1771 2118 1784 ———.—————-—

1723 1643 2114 1656 ...ρ-

527 1911 596 1965 Et
649 1913 693 1966 si
744 1914 925 1981 plures
955 1916 1232 1969 evenerint
1279 1915 1571 1969 secundum
1629 1917 1887 1980 imparem
1920 1925 2102 1966 nume-

2223 1884 2330 1954 gior
2352 1892 2435 1937 est
2457 1884 2648 1951 primo,
2682 1894 2736 1937 ut
2763 1894 2934 1950 patet:

525 2018 668 2079 rum,
698 2005 960 2058 consimili
992 2007 1150 2060 modo
1182 2022 1284 2058 non
1337 2007 1446 2058 fiat.
1481 2005 1545 2057 Et
1591 2005 1666 2056 sic
1693 2004 1759 2056 de
1798 2002 1939 2056 facili
1981 2000 2103 2069 quis

530 2096 723 2162 poterit
758 2097 954 2148 habere
984 2097 1339 2149 differentiam
1389 2095 1526 2147 inter
1557 2095 1768 2164 longam
1816 2092 2100 2161 perfectam

527 2195 582 2238 et
610 2186 996 2249 imperfectam.
1021 2187 1065 2238 si
1093 2187 1226 2239 bene
1249 2186 1644 2239 consideratur.

607 2276 890 2342 l‘ropterea
925 2276 1214 2327 notandum
1239 2285 1323 2328 est
1340 2276 1477 2341 quod
1501 2274 1730 2340 perfecta
1751 2271 1983 2338 figurain
1999 2282 2104 2321 uno

530 2380 754 2428 corpore
785 2366 996 2429 quando
1017 2381 1104 2432 ine
1134 2366 1408 2433 duplicare
1437 2365 1665 2424 videtur,
1695 2376 1812 2428 quae
1837 2370 1959 2412 tunc
1986 2358 2104 2412 lati-

530 2455 658 2506 tudo
687 2454 804 2522 ejus
837 2457 1022 2507 transit
1055 2457 1433 2522 longitudinem
1455 2455 1531 2508 sic
1551 2456 1728 2518 Qqua:
1751 2469 1854 2506 non
1882 2451 1948 2504 ad
1971 2450 2103 2504 alia-

531 2561 649 2599 rum
699 2548 979 2612 figurarum
1035 2557 1239 2613 Spectat
1275 2547 1572 2615 originem,
1626 2545 1727 2597 nisi
1784 2558 1848 2595 ex
1899 2539 2102 2610 gratia:

535 2640 785 2703 quoniam
837 2655 1106 2702 nunquam
1163 2639 1554 2705 duplicaretur,
1614 2638 1714 2691 nisi
1758 2637 1896 2702 quod
1944 2651 2009 2688 ne
2053 2634 2105 2686 in

533 2730 773 2794 composi
802 2728 944 2794 ioue,
968 2730 1079 2783 sive
1104 2730 1442 2784 ordinatione
1473 2731 1693 2793 tenoris,
1724 2729 1874 2795 plana
1906 2724 2106 2778 musica

533 2823 838 2890 frangatur:
865 2839 1023 2889 super
1048 2839 1206 2890 quam
1234 2838 1422 2877 omnes
1453 2823 1654 2877 motelli
1681 2831 1734 2874 et
1760 2834 1920 2874 omne
1950 2833 2106 2886 orga-

536 2929 661 2965 num
695 2912 900 2964 fuudari
933 2925 1198 2966 tenentur.

611 3002 771 3055 ltecta
801 3005 994 3065 brevis,
1019 3013 1106 3057 aut
1137 3020 1252 3072 quae
1283 3019 1530 3071 supenus
1561 3005 1758 3071 pluries
1786 3016 1907 3054 cum
1941 2999 2107 3066 pluri-

536 3095 635 3147 bus
654 3093 1049 3161 dennminatur,
1082 3094 1253 3149 adhuc
1285 3095 1338 3148 in
1361 3094 1527 3148 forma
1552 3092 1763 3162 propria
1790 3089 2111 3144 describitur

538 3187 591 3238 in
615 3185 753 3238 Ituuc
785 3187 1029 3237 modum:

981 3356 1011 3363 —
1034 3358 1072 3364 .--
1086 3353 1626 3364 —_—__—-——n-¢--..
1645 3343 1966 3360 ..κο-ο-

538 3558 827 3611 Continens
884 3557 1040 3623 igitur
1083 3568 1242 3604 unum
1286 3553 1336 3605 in
1389 3566 1448 3605 se
1494 3561 1736 3618 tempus,
1782 3551 2012 3617 seipsam
2060 3551 2112 3602 in

539 3652 670 3704 duas
696 3651 993 3702 diminuens
1022 3657 1199 3712 partes
1231 3663 1333 3699 nou
1368 3645 1621 3712 :equalcs,
1666 3645 1746 3697 vel
1781 3645 1966 3697 iu‘tres
1998 3652 2114 3695 tau-

543 3743 818 3795 tummodo
866 3741 1095 3806 tequales
1142 3748 1196 3792 et
1240 3737 1621 3793 indivisibiles:
1670 3750 1891 3803 quarum
1948 3737 2115 3804 prima

541 3847 666 3900 pars
694 3833 936 3891 duarum,
973 3831 1285 3884 sernihrrvis
1318 3830 1491 3881 minor
1527 3826 1844 3897 appellatur.
1883 3825 2116 3879 secunda

541 3938 670 3976 vero
709 3924 878 3989 major
901 3941 912 3973 :
953 3932 1005 3973 et
1026 3936 1056 3974 e
1077 3935 1340 3973 converso
1361 3959 1374 3980 ,
1422 3929 1531 3973 tres
1553 3927 1731 3971 autem
1751 3916 2078 3971 semihreves
2096 3956 2112 3979 ,

541 4016 774 4068 minores
798 4014 1046 4080 tequales.
1073 4022 1126 4065 et
1156 4010 1504 4064 indivisibiles
1521 4010 1813 4076 nuncupari
1841 4015 2112 4061 tenentur.

549 4108 701 4161 Unde
735 4105 1021 4158 rimandum
1069 4112 1150 4156 est
1179 4103 1319 4169 quod
1354 4101 1496 4154 nulla
1539 4100 1857 4155 semibt'evis
1882 4101 1994 4152 sola
2035 4113 2118 4152 re-

545 4199 768 4264 peritur,
803 4198 1050 4263 quoniam
1083 4212 1175 4264 per
1203 4211 1262 4250 se
1309 4196 1420 4249 sola
1448 4196 1750 4265 significare
1777 4196 1980 4263 nequit,
2023 4196 2117 4248 sed

543 4289 682 4342 bina:
706 4299 762 4341 et
787 4290 944 4351 binm,
981 4301 1084 4339 non
1123 4287 1374 4354 aequales,
1400 4295 1457 4337 ut
1485 4285 1599 4338 hic:

541 4400 1546 4466 micam

1781 3419 2096 3431 _-_-———

1028 3427 1254 3436 -—.———

1263 3426 1640 3436 ————-—————-

2220 2058 2507 2069 —-—

2512 2059 2788 2072 ——____—\

2789 1991 3251 2001 ——-———_——_

2789 2065 3183 2074 ——.—.——-.—-.—
3246 1983 3802 2142 ῃ

2208 2167 2562 2222 Ascendendo
2597 2185 2722 2222 vero
2766 2187 2923 2224 unum
2964 2173 3135 2226 solum
3183 2175 3374 2225 retinet
3424 2180 3659 2223 tractum
3685 2211 3702 2234 ,
3747 2179 3804 2219 ut

2208 2267 2389 2326 patet:

2211 2523 2435 2579 Omnem
2475 2524 2632 2593 igitur
2663 2526 2862 2579 habens
2889 2517 3222 2592 potestatem,
3253 2526 3488 2593 regulam
3519 2538 3572 2577 et
3620 2534 3788 2578 natu-

2210 2629 2343 2680 ram,
2374 2614 2522 2683 quasi
2548 2615 2704 2668 habet
2732 2615 3016 2682 perfectam
3046 2616 3290 2683 figuram,
3321 2625 3547 2681 excepto
3575 2615 3728 2682 quod
3755 2615 3798 2667 si

2212 2707 2422 2776 longam
2455 2708 2788 2773 praecesserit
2816 2707 2867 2759 iu
2888 2721 3131 2773 corpus-e.
3158 2707 3264 2761 duo
3283 2715 3522 2775 tempora
3549 2707 3787 2760 tenebit:

2212 2800 2474 2867 reliquum
2499 2810 2674 2854 autem
2709 2801 2758 2854 in
2791 2802 3066 2865 membris,
3110 2800 3171 2854 fit
3195 2811 3374 2855 autem
3401 2801 3540 2868 plica
3575 2801 3628 2853 in
3667 2815 3797 2854 voce

2214 2903 2308 2957 per
2335 2892 2770 2959 compositionem
2798 2893 3037 2962 epiglotti
3081 2907 3206 2948 cum
3236 2894 3651 2961 repercussione
3684 2903 3799 2961 gut-

2218 2979 2349 3033 turis
2381 2980 2646 3034 subtiliter
2671 2983 2950 3037 inclusam.

2288 3069 2532 3123 Secunda
2576 3070 2868 3126 differentia
2921 3083 3003 3126 est
3060 3074 3196 3143 plica
3265 3073 3580 3141 imperfecta
3619 3114 3638 3137 ,
3683 3089 3798 3141 qua;

2217 3163 2380 3217 etiam
2411 3179 2534 3220 cum
2569 3168 2845 3233 praemissa
2891 3170 3214 3237 proprietate
3233 3171 3572 3224 consimilem
3606 3173 3800 3224 retinet

3541 2465 3793 2477 ξ..

2134 3232 2184 3292 c
2217 3253 2465 3320 fortnam,
2507 3232 2600 3308 sed
2656 3232 2904 3327 regulam
2940 3232 3265 3327 imperfectae
3316 3261 3501 3329 figura:
3552 3269 3724 3322 tenet.
3751 3272 3802 3313 et

2217 3353 2460 3397 naturam
2503 3347 2707 3399 scilicet
2737 3349 2788 3400 in
2830 3365 3078 3417 corpore,
3105 3367 3267 3404 unum
3299 3363 3511 3420 tempus
3537 3351 3799 3420 reliquum

2214 3435 2267 3488 in
2300 3436 2573 3500 membris,
2608 3448 2664 3490 ut
2694 3449 2833 3505 patet
2855 3441 3266 3495 descendendo:

3208 3597 3801 3737 137::

2289 4074 2464 4129 Tertia
2494 4076 2792 4132 differentia
2816 4093 2894 4134 est
2925 4084 3009 4136 illa
3041 4101 3158 4152 quae
3203 4085 3363 4143 habet
3393 4091 3531 4144 duos
3562 4103 3793 4156 tractus,

2219 4179 2444 4232 quorum
2476 4170 2673 4234 primus
2699 4169 2901 4240 longior
2927 4185 3010 4228 est
3032 4176 3238 4242 ultimo,
3265 4179 3678 4248 descendendo,
3700 4186 3788 4237 sic-

2223 4259 2294 4310 uti
2325 4266 2467 4325 patet
2486 4275 2499 4310 :

2218 4369 2714 4525 :t’d:

2836 3614 3191 3624 *—

2233 3681 2600 3692 ———_——.__

2218 3755 2365 3811 Patet
2382 3769 2434 3812 et
2460 3761 2816 3829 ascendendo,
2845 3774 2897 3818 ut
2919 3786 2929 3818 :

2734 4015 2882 4027 —_

543 4513 640 4565 Vel
691 4523 798 4564 tres
852 4521 905 4563 et
961 4519 1072 4562 tres
1119 4510 1349 4577 :equales
1405 4507 1670 4559 numerari
1718 4505 2016 4571 debentur,
2064 4517 2121 4560 ut
2151 4569 2187 4577 ﬁ
2217 4519 2365 4529 --

545 4605 672 4656 hic:

549 4700 2098 4776 :::::I:£¢:m:t:

549 4853 612 4908 Et
636 4855 734 4920 sic,
760 4854 996 4908 binarius
1041 4868 1146 4904 non
1187 4852 1427 4921 aequalis,
1458 4865 1556 4906 seu
1581 4851 1843 4906 ternarins
1883 4849 2119 4918 aequalis,

550 4953 927 5007 semibrevium
971 4950 1274 5018 figurarum,
1307 4963 1521 5017 semper
1560 4948 1628 5002 ad
1667 4957 1866 5001 rectam
1910 4947 2123 5000 brevem

553 5046 894 5113 a-qnipollere
920 5046 1095 5097 debet.
1129 5044 1289 5096 Recta
1320 5043 1495 5097 brevis
1521 5042 1587 5094 ad
1635 5040 2022 5106 imperfectam,
2041 5038 2123 5091 vel

559 5139 625 5190 ad
653 5137 871 5189 alteram
901 5137 1115 5189 brevem
1151 5135 1512 5203 imperfemam
1541 5147 1662 5186 cum
1694 5130 1865 5196 brevi,
1886 5143 1979 5184 seu
2003 5130 2121 5183 bre-

560 5228 638 5279 vis
672 5241 792 5279 cutn
821 5227 984 5277 altera
1017 5225 1163 5277 brevi
1194 5224 1257 5276 ad
1289 5224 1605 5291 perfectam.

628 5315 743 5368 Jam
773 5315 970 5366 dictum
1001 5320 1084 5367 est
1112 5313 1179 5366 de
1205 5308 1757 5380 simplicibus'figuris,
1789 5323 1928 5363 nunc
1950 5317 2128 5360 autem

550 5403 842 5457 dicendum
885 5402 1094 5455 videtur
1133 5404 1200 5456 de
1237 5401 1393 5456 simul
1452 5400 1625 5469 ligatis
1671 5413 1764 5454 seu
1801 5392 2129 5466 conjunctis,

552 5493 788 5560 qualiter
817 5492 958 5544 inter
997 5506 1056 5544 se
1087 5492 1362 5553 differant;
1407 5499 1461 5544 et
1508 5503 1693 5543 rursus
1739 5487 2038 5554 incipiendo
2065 5488 2132 5541 ab

553 5584 782 5643 unitate,
813 5590 867 5634 et
893 5584 972 5635 sic
1001 5581 1375 5648 distinguendo
1405 5582 1788 5647 longitudinem
1817 5589 1872 5634 et
1899 5578 2132 5633 brevita-

559 5686 692 5733 tem.
720 5658 1013 5728 secundum
1059 5677 1200 5742 quod
1230 5674 1672 5741 multiplicantur,
1707 5675 1946 5729 innuero.
1983 5661 2142 5730 Unde

557 5764 848 5818 notandum
898 5773 980 5818 est
1030 5766 1170 5832 quod
1208 5767 1454 5831 quaedam
1510 5774 1634 5817 sunt
1671 5765 1905 5832 species,
1945 5763 2136 5831 quibus

560 5851 736 5905 oumis
768 5863 953 5909 cantus
984 5854 1264 5919 euphonia
1287 5868 1447 5910 causa
1475 5853 1808 5921 dccautatur,
1831 5866 1949 5920 qua
1973 5853 2131 5911 etiam

2147 4569 2197 4626 Ι)
2224 4583 2329 4638 Sed
2379 4585 2712 4640 ascendendo
2741 4627 2754 4650 ,
2797 4584 2930 4637 duos
2991 4582 3150 4637 habet
3199 4584 3480 4639 diversos:
3544 4605 3712 4644 unum
3757 4583 3799 4640 in

2223 4674 2408 4729 dextra
2435 4688 2583 4744 parte
2621 4675 2980 4741 ascendendo,
3010 4674 3319 4743 significans
3347 4676 3545 4746 pliCam
3573 4680 3734 4733 aliam
3755 4679 3797 4732 in

2223 4766 2434 4820 sinistra
2479 4775 2628 4835 parte
2666 4765 3064 4830 descendendo,
3122 4755 3432 4834 significans
3471 4768 3796 4830 brevitatem.

2223 4864 2283 4910 ut
2305 4857 2421 4911 hic:

2227 5219 2589 5274 Observantes
2620 5217 3148 5287 igitur-potestatem,
3177 5218 3419 5285 regulam
3465 5224 3523 5268 et
3568 5224 3796 5270 nautam

2230 5323 2390 5365 rectm
2421 5308 2626 5371 brevis,
2648 5316 2704 5362 et
2733 5310 2898 5375 ipsius
2924 5325 3041 5376 quae
3065 5317 3290 5362 vocatur
3317 5308 3486 5362 altera
3517 5306 3721 5362 brevis.

2302 5399 2545 5457 Secunda
2581 5401 2772 5454 divisio
2803 5394 2970 5467 partis
2991 5401 3242 5454 secumlat
3271 5409 3356 5454 est
3383 5387 3635 5468 quidam
3681 5397 3798 5465 lip-

2234 5503 2350 5547 tura
2380 5492 2604 5545 duarum
2637 5491 2946 5558 figurarum,
2974 5507 3093 5560 quze
3136 5490 3301 5544 etiam
3333 5489 3544 5544 binaria
3575 5499 3802 5550 vocatur,

2232 5591 2456 5652 quatuor
2483 5581 2684 5635 habens
2713 5580 3067 5634 differentias:
3097 5597 3324 5649 quarum
3358 5579 3623 5648 qualibet
3643 5567 3804 5650 dupli-
3878 5567 3882 5574 ’

2237 5647 2352 5727 cem
2378 5670 2536 5725 habet
2558 5670 2797 5739 figuram,
2827 5647 3192 5736 ascendendo,
3215 5647 3491 5736 videlicet,
3513 5679 3574 5727 et
3882 5647 3889 5702 ἶ

2237 5758 2428 5819 dendo.
2459 5763 2610 5816 Unde
2639 5765 2923 5817 notandum
2949 5767 3033 5818 est
3074 5763 3216 5833 quod
3241 5763 3286 5816 si
3315 5764 3498 5832 aliqua
3520 5765 3746 5840 istam
3765 5761 3806 5812 in

2239 5852 2607 5910 descendendo
2665 5859 3039 5926 proprietatem
3071 5854 3340 5922 habuerit,
3371 5855 3427 5911 in
3473 5848 3808 5914 ascendendo

3589 5088 3808 5102 -ρ
