3922 6246
138 384 229 441 933
1443 370 1691 426 MUSICA

1817 369 2068 427 LACTICA
2080 411 2094 425 .

3303 377 3407 435 9⁸51

195 497 315 550 Duae
369 492 562 565 prima
610 506 715 546 non
774 488 1007 559 aequales
1066 482 1611 544 semibreviabuntur,
1653 490 1705 533 et
1738 482 1783 541 Α
1809 480 2230 549 semisuspiriuin
2255 479 2451 543 minus,
2476 482 2616 551 quod
2649 482 2788 537 inter
2809 482 2941 537 duas
2967 484 3131 539 lineas
3154 486 3387 539 medium

127 590 235 645 due
265 595 551 655 sequentes
581 591 768 639 breves
809 580 1066 650 aequales,
1119 578 1303 631 ultima
1337 576 1494 644 longa
1526 573 1570 626 si
1613 572 1707 625 im-

1806 579 1970 634 tenet,
2023 580 2075 623 et
2125 570 2339 637 ponitur
2392 586 2488 637 pro
2529 573 2813 626 semibrevi
2867 576 3095 637 minore,
3146 577 3286 645 quod
3316 587 3399 631 est

127 678 348 751 perlecta
380 676 558 740 fuerit,
593 682 886 743 sequatur;
930 673 973 725 si
1007 658 1185 723 anteiit
1221 670 1395 737 longa,
1451 676 1576 719 tunc
1605 665 1709 717 erit
1803 658 2155 720 indivisibile.
2200 660 2267 715 de
2310 676 2533 729 quorum
2568 664 2871 729 tnajoritate
2898 661 3141 718 formula:
3174 675 3397 731 patent.-

125 771 363 840 perfecta.
380 766 623 825 Secunda
647 764 942 820 diﬁcrentia
965 764 1085 817 talis
1100 771 1202 826 est,
1221 760 1364 829 quod
1392 760 1433 811 si
1452 768 1601 815 sexta

123 870 404 927 apponatur
434 859 622 924 ﬁgura,
653 856 814 910 etiam
843 854 1077 909 similem
1110 852 1337 906 habeant
1359 854 1601 921 proprie-

124 938 290 995 tatem,
321 943 376 983 ut
406 927 491 982 bic
518 942 533 982 :

196 1083 810 1152 _

181 1435 312 1491 Tres
352 1438 540 1501 prima
582 1434 858 1503 equaliter
884 1433 1424 1498 semibreviabuntnr,
1477 1444 1530 1488 et
1576 1434 1696 1489 dua:

122 1535 392 1593 sequentes
435 1526 624 1580 breves
648 1525 909 1595 aequales;
940 1525 1122 1578 ultima
1151 1540 1279 1580 vero
1306 1525 1484 1605 longa,
1518 1533 1575 1578 ut
1600 1524 1696 1579 de—

120 1619 362 1675 claratum
393 1627 496 1673 est.
980 1654 1007 1669 υ

218 1710 353 1765 Cum
382 1708 581 1761 dictum
609 1708 682 1763 sit
709 1700 774 1762 de
804 1687 1097 1776 ﬁgtiris‘vel
1122 1709 1362 1777 ligaturis
1390 1718 1444 1763 et
1469 1710 1694 1777 conjunc

120 1800 227 1865 etis,
276 1800 507 1868 qua'iter
536 1802 675 1853 inter
706 1815 765 1855 se
793 1799 1064 1865 differam,
1115 1816 1257 1855 nunc
1300 1810 1476 1855 autem
1508 1799 1690 1855 dicen-

1817 1814 2072 1880 propriam
2104 1819 2456 1885 quantitatem
2483 1814 2647 1885 possit
2678 1822 2960 1885 obtinere;
2995 1839 3115 1877 nam
3143 1825 3265 1879 licet
3289 1841 3390 1879 vox

118 1887 230 1941 ilum
279 1900 364 1943 est
406 1887 474 1942 de
517 1889 672 1958 plicis
723 1890 775 1941 in
830 1890 1031 1943 eisdem
1084 1890 1264 1957 ﬁguris
1312 1892 1690 1956 existentibus,

118 1977 355 2045 quoniam
411 1977 548 2031 sicut
594 1977 647 2031 in
695 1979 925 2047 qualibet
954 1981 1175 2032 scientia
1216 1980 1541 2048 speculativa
1572 1991 1693 2034 sunt

117 2069 347 2135 quedam
396 2083 515 2135 qua:
561 2065 762 2123 debent
812 2069 1064 2137 supponi,
1116 2071 1183 2123 ita
1218 2072 1269 2123 in
1323 2071 1420 2125 hac
1470 2072 1696 2126 scientia

120 2159 468 2212 necessarium
494 2169 580 2213 est
622 2159 761 2228 quod
808 2160 1018 2215 diversa
1051 2172 1291 2227 tempora
1322 2178 1415 2229 per
1442 2162 1683 2219 diversas

119 2248 451 2314 ﬁgurationes
494 2250 863 2318 designentur,
911 2262 965 2306 et
1010 2252 1154 2321 quod
1202 2254 1355 2321 plicae
1399 2255 1694 2320 varientur,

117 2340 399 2392 secundum
432 2341 780 2394 variationem
826 2345 1083 2411 temporis
1124 2354 1179 2398 et
1225 2360 1510 2399 mensurae.
1558 2345 1692 2401 Cum

118 2427 267 2496 igitur
318 2431 488 2498 primo
532 2430 865 2485 declaratum
920 2435 988 2486 sit
1041 2432 1110 2487 de
1158 2434 1379 2507 singulis
1426 2436 1601 2503 plicis,
1638 2437 1691 2491 in

118 2516 278 2583 prima
309 2519 571 2573 divisione
601 2520 785 2588 prima:
824 2524 1014 2589 partis,
1048 2538 1167 2592 qua:
1204 2524 1381 2579 adhuc
1414 2522 1697 2581 manifeste

118 2619 172 2659 se
201 2617 565 2672 repru-sentat.

183 2694 440 2760 Quoniam
469 2695 581 2750 ﬁeri
608 2706 788 2764 posset
816 2699 1063 2765 quazstio,
1094 2701 1220 2767 quid
1247 2702 1317 2755 sit
1349 2711 1581 2770 tempus,
1629 2705 1697 2757 ad

118 2786 246 2853 quod
292 2787 742 2853 respondendum,
776 2789 919 2857 quod
963 2800 1174 2858 tempus
1215 2793 1296 2859 (ut
1328 2792 1413 2847 bic
1440 2794 1691 2862 sumitur)
1720 2824 1721 2827 η

122 2886 197 2930 est
225 2879 468 2943 quasdam
503 2881 776 2947 proportio
800 2879 963 2948 justa,
991 2880 1045 2935 in
1071 2898 1172 2951 qna
1216 2896 1357 2938 recta
1389 2887 1567 2940 brevis
1600 2887 1699 2940 ha-

124 2962 203 3013 bet
232 2960 455 3031 ﬁguram
483 2965 536 3019 in
568 2965 660 3019 tali
690 2967 935 3021 videlicet
966 2971 1331 3037 proportione,
1364 2974 1503 3039 quod
1530 2976 1697 3039 possit

120 3050 274 3106 dividi
320 3054 372 3107 in
402 3055 533 3107 duas
563 3065 741 3122 partes
768 3072 871 3110 non
914 3059 1169 3125 aequales,
1222 3062 1301 3113 vel
1332 3061 1384 3113 iu
1418 3071 1526 3115 tres
1571 3072 1700 3113 tan-

1676 766 3414 868 i;::ri_:_—:::T_t

1975 1082 2277 1137 Notandum
2308 1087 2467 1138 etiam
2492 1089 2631 1152 quod
2659 1085 2893 1153 perfecta
2922 1103 3083 1156 pansa
3132 1105 3400 1157 nunquam

1905 1174 2116 1240 ponitur
2148 1177 2244 1228 nisi
2276 1178 2325 1228 in
2360 1178 2469 1242 pari
2498 1178 2615 1230 loco
2646 1188 2762 1243 post
2792 1178 3059 1232 minorem
3094 1179 3312 1246 ﬁguram
3338 1186 3397 1236 et

1906 1263 2216 1329 perfectam;
2235 1280 2353 1319 cum
2378 1274 2556 1318 tamen
2576 1270 2832 1320 naturalis
2852 1271 3118 1323 exstiterit
3134 1280 3327 1324 caittus
3343 1281 3399 1326 et

1907 1356 2118 1420 ponitur
2149 1370 2241 1423 per
2264 1355 2476 1412 eadem.
2511 1358 2739 1411 Pausula
2773 1374 2901 1413 vero
2930 1360 2982 1413 iii
3018 1362 3137 1415 loco
3186 1364 3398 1429 ponitur

1803 1442 2051 1513 perfectae
2076 1446 2277 1514 ﬁgura.
2300 1447 2622 1514 Suspirium,
2656 1451 2708 1504 iu
2738 1452 2854 1505 loco
2886 1452 3060 1516 brevi,
3085 1453 3242 1521 cujus
3272 1470 3393 1521 pro-

1805 1535 1948 1588 batio
1978 1546 2060 1589 est
2105 1538 2156 1591 in
2208 1540 2252 1591 0
2297 1557 2448 1608 quam
2495 1554 2695 1604 sancta,
2745 1552 2799 1595 et
2829 1544 2878 1596 in
2908 1546 3117 1598 caeteris
3164 1546 3399 1616 hymnis.

1800 1638 1891 1681 aut
1922 1631 2073 1685 a‘itcr
2098 1634 2432 1700 compositis,
2466 1644 2518 1688 et
2548 1635 2605 1688 ﬁt
2638 1646 2845 1705 tempus
2874 1638 2926 1691 in
2972 1650 3212 1709 tempore
3257 1658 3383 1707 pro-

1800 1728 1920 1786 pter
1965 1724 2415 1791 aqtiipollentiam
2468 1726 2755 1792 donatam,
2815 1733 3068 1797 quaniam
3118 1747 3215 1785 nec
3275 1743 3398 1800 post

1802 1904 2126 1970 obmutatur,
2160 1917 2367 1976 tempus
2395 1922 2569 1963 tamen
2598 1927 2725 1965 non.
2761 1910 2911 1967 Unde
2943 1928 3127 1967 versus
3162 1932 3176 1967 :

1986 2016 2228 2078 Tempora
2255 2026 2559 2080 praetereunt
2584 2034 2721 2070 more
2747 2024 2945 2073 ﬂuentis
2969 2037 3131 2087 aquze.
3203 2056 3211 2061 -

1871 2119 2123 2189 Sequitur
2148 2124 2215 2177 de
2242 2138 2513 2188 menSura,
2546 2140 2662 2194 qum
2710 2140 2809 2195 per
2836 2137 3000 2181 totam
3031 2132 3290 2184 musicam
3321 2131 3413 2204 lo-O

1802 2226 1922 2266 cum
1962 2212 2165 2267 obtinet
2197 2216 2582 2281 necessarium,
2614 2231 2734 2285 quae
2776 2219 2934 2273 etiam
2971 2236 3076 2273 non
3119 2222 3289 2275 solum
3344 2223 3399 2277 in

1801 2307 2026 2370 musica,
2073 2307 2168 2360 sed
2202 2308 2364 2362 etiam
2415 2309 2469 2361 in
2522 2309 2772 2364 omnibus
2817 2314 3058 2381 perutilis
3106 2314 3393 2369 invenitur.

1803 2392 1956 2449 Unde
1986 2411 2191 2463 versus,

1932 2508 1991 2577 Et
2011 2510 2223 2577 iuomne
2248 2510 2374 2571 quod
2401 2519 2496 2577 est,
2522 2514 2757 2577 musicam
2783 2526 2969 2577 ponere
2994 2516 3195 2572 prodeat
3220 2553 3235 2577 ,

1925 2572 2008 2619 Sic
2032 2573 2137 2620 sine
2165 2586 2411 2632 mensira,
2438 2575 2635 2635 deperit
2656 2572 2803 2623 omne
2826 2576 2955 2638 quod
2982 2587 3078 2626 (ει.

1881 2644 2033 2727 Unde
2061 2673 2347 2727 videndum
2396 2682 2478 2728 est
2518 2678 2657 2741 quod
2706 2692 2955 2732 mensura
3008 2653 3295 2748 dupliciter
3344 2682 3397 2737 in

1803 2762 1901 2817 bac
1932 2774 2044 2817 arte
2070 2766 2393 2831 continetur,
2441 2767 2665 2829 stilicet,
2720 2769 2905 2823 loculis
2955 2779 3009 2824 et
3041 2774 3391 2839 temporalis;

1805 2864 1858 2907 et
1889 2854 2026 2908 idem
2051 2864 2133 2907 est
2164 2856 2303 2921 quod
2350 2871 2436 2911 ars
2468 2857 2566 2910 ista
2602 2860 2979 2915 mensuraliilis
3026 2863 3231 2918 mu‘sica
3262 2880 3394 2916 nun-

1804 2955 2057 3011 cupatur,
2107 2946 2171 2997 ad
2216 2945 2569 3000 differentiam
2620 2948 2794 3015 plenae.
2838 2942 3078 3016 musicae,
3122 2953 3241 3021 quia
3274 2968 3395 3007 cum

1806 3034 1917 3102 ipsa
1940 3038 2092 3102 plena
2124 3038 2324 3089 musica
2358 3036 2514 3091 locali
2537 3055 2805 3103 mensura,
2837 3058 2956 3110 qua:
2986 3053 3068 3096 est
3098 3046 3163 3097 ad
3193 3046 3394 3101 distarn

126 3146 397 3200 mmmodo
428 3118 662 3211 πρηέως
694 3159 745 3201 ει
778 3118 1249 3214 ίηάίνεεξυηεείηῧ
1282 3155 1421 3221 quod
1458 3170 1556 3209 VM
1590 3174 1695 3211 non
1726 3162 1771 3223 C
1807 3126 2154 3223 timtAvocum
2185 3118 2689 3223 mensurandarnm,
2739 3133 3078 3187 soluinmulo
3109 3152 3394 3193 mensttre-

122 3232 337 3289 alterius
393 3238 445 3289 in
503 3246 745 3306 tempore
800 3241 1184 3296 discretionum
1262 3247 1458 3299 habere
1515 3253 1697 3318 possit.

118 3322 280 3391 Etiam
308 3328 581 3382 sciendum
614 3341 716 3397 est,
752 3333 892 3400 quod
924 3343 1129 3401 tempus
1162 3334 1321 3389 liabet
1347 3337 1569 3406 ﬁgurant
1601 3343 1695 3393 tri-

122 3416 277 3482 plam,
309 3420 599 3487 aliquando
627 3423 768 3475 enim
805 3438 936 3475 voce
976 3438 1150 3490 recta,
1184 3426 1471 3492 aliquando
1516 3442 1692 3493 cassa,

115 3506 399 3574 aliquando
428 3512 679 3571 demissa.
718 3513 856 3565 Voce
888 3530 1014 3567 vero
1046 3526 1209 3583 recta,
1246 3528 1301 3569 ut
1332 3531 1430 3571 vox
1462 3518 1694 3573 humana

113 3599 457 3662 procedeusa
503 3602 772 3669 pulmone.
816 3604 979 3657 Cassa
1025 3621 1171 3674 vero,
1221 3617 1306 3661 est
1354 3622 1539 3672 sonus,
1592 3628 1695 3665 non

113 3700 229 3750 vox,
260 3686 313 3741 id
342 3699 444 3752 est,
464 3704 565 3744 vox
590 3707 695 3744 non
725 3693 1025 3759 articulata,
1058 3710 1179 3764 qua:
1203 3698 1261 3748 lit
1282 3696 1698 3753 secundum’ali-

111 3778 250 3845 quod
279 3781 713 3848 instrumentum,
764 3793 817 3837 et
851 3783 969 3837 ideo
999 3785 1194 3840 dicitur
1225 3802 1398 3855 cassa,
1447 3789 1697 3858 quoniam

112 3880 321 3925 natura
347 3889 448 3926 non
479 3875 565 3929 hic
593 3876 786 3929 dicitur
830 3876 948 3930 ﬁcta
979 3892 1117 3933 esse.
1170 3879 1342 3933 Etiam
1377 3894 1478 3933 vox
1515 3896 1694 3949 parva,

112 3975 212 4014 non
243 3974 467 4030 mutata,
491 3965 687 4019 dicitur
712 3967 874 4020 etiam
905 3982 1078 4029 cassa,
1101 3970 1225 4037 quia
1244 3984 1368 4022 cum
1395 3980 1541 4024 recta
1566 3984 1697 4023 voce

112 4063 311 4103 rectam
372 4067 476 4105 non
527 4062 700 4121 potest
754 4054 883 4108 dare
941 4057 1401 4110 concordantiam.
1458 4057 1697 4113 Demissa

112 4153 237 4196 vero
270 4157 391 4203 vox.
423 4151 507 4197 est
551 4143 639 4196 illa
672 4145 947 4214 proportio
970 4146 1085 4201 sive
1112 4161 1283 4213 mora,
1316 4163 1417 4217 qua
1446 4150 1698 4219 quaslibet

115 4237 280 4301 ligura
325 4235 571 4305 superius
623 4238 1030 4305 prauominata,
1084 4234 1376 4295 secundum
1425 4244 1592 4311 magis
1643 4252 1698 4297 et

112 4326 286 4379 minus
317 4328 789 4394 proportionaliter
835 4330 997 4383 liabet
1040 4330 1263 4399 ﬁgurant
1313 4332 1398 4385 bic
1425 4334 1581 4385 tacite
1608 4348 1695 4386 re-

109 4428 244 4467 ctam
295 4431 603 4470 mensuram
628 4418 1002 4485 excogitando,
1052 4420 1345 4474 secundum
1378 4422 1519 4490 quod
1550 4437 1698 4492 qna:-

1807 3230 1913 3284 tur,
1941 3218 2026 3271 isti
2059 3234 2163 3272 n0u
2197 3220 2369 3272 solum
2401 3220 2583 3275 localis
2612 3222 2827 3287 sufﬁcit,
2883 3226 2976 3279 sed
3008 3230 3167 3280 etiam
3206 3231 3384 3298 requi-

1805 3309 1873 3361 rit
1898 3324 2017 3362 eam
2046 3321 2099 3363 et
2131 3313 2505 3380 temporalem.
2546 3314 2901 3382 Temporalis,
2935 3328 2993 3376 ut
3018 3318 3125 3391 llic,
3154 3322 3235 3373 vel
3271 3338 3391 3374 mu-

1804 3402 1933 3451 tatio
1978 3409 2061 3452 cst
2112 3399 2376 3465 duarum,
2429 3401 2606 3454 trium‘
2640 3394 2723 3455 Vel
2771 3405 3003 3472 pluiium
3062 3396 3396 3478 ﬁgurarum;

1801 3488 2091 3542 secundum
2123 3489 2262 3557 quod
2304 3500 2430 3544 sunt
2458 3489 2509 3544 in
2542 3507 2765 3545 numero
2815 3494 2880 3548 ad
2932 3496 3164 3563 aliquam
3215 3499 3389 3564 perle-

1800 3580 2029 3633 ttienem
2078 3583 2243 3635 relata
2274 3582 2569 3651 aequalitas,
2620 3594 2675 3636 ut
2726 3585 2771 3638 si
2824 3588 2942 3656 quis
2982 3588 3212 3657 aliquam
3266 3605 3390 3660 pro-

1804 3676 2101 3745 portiOnem
2136 3677 2372 3745 justam,
2418 3692 2513 3731 seu
2561 3681 2969 3734 consonantiam
3000 3682 3227 3737 duoruut
3260 3700 3393 3737 can-

1810 3766 2054 3829 tantium,
2087 3768 2200 3819 sive
2228 3766 2388 3819 trium
2421 3767 2752 3822 diversarum
2786 3786 2997 3835 vocmu,
3030 3772 3251 3841 alicujus
3280 3776 3381 3829 loci

1802 3858 2052 3908 deatinati
2082 3857 2223 3909 scire
2251 3856 2541 3921 desiderat,
2576 3857 2643 3911 ab
2666 3859 2846 3922 aliquo
2873 3861 2971 3913 sibi
3004 3876 3151 3928 noto,
3191 3866 3383 3931 princi-

1802 3945 1996 4011 paliter
2018 3944 2081 3997 ad
2114 3946 2288 3997 locum
2322 3960 2489 4015 usque
2514 3946 2845 4013 deputatum,
2871 3965 2966 4018 per
2999 3951 3096 4003 tria
3128 3962 3388 4022 tempora,

1802 4037 1883 4090 vel
1935 4052 2029 4105 per
2075 4036 2555 4104 aequipollentiam,
2609 4048 2702 4091 aut
2730 4054 2948 4106 semper
2998 4044 3062 4094 ad
3096 4044 3389 4109 perlectam

1801 4127 2019 4196 ﬁguram
2050 4127 2329 4195 diligenter
2352 4129 2561 4181 studeat
2588 4131 2949 4196 computando
2980 4133 3198 4186 referre.
3236 4134 3389 4208 Unde

1800 4218 2090 4272 notandum
2120 4226 2204 4271 est
2234 4217 2373 4285 quod
2407 4233 2501 4286 per
2530 4218 2775 4272 eamdem
2816 4235 3003 4275 omnes
3035 4222 3177 4276 modi
3210 4224 3377 4277 diver-

1799 4309 2007 4364 simode
2036 4309 2297 4377 originem
2334 4323 2753 4393 prosequuntur.

1868 4402 1999 4456 Cum
2028 4402 2273 4471 Superius
2302 4393 2637 4459 declaratum
2667 4406 2731 4459 ait
2762 4404 2828 4459 tle
2854 4407 2995 4458 omni
3032 4420 3228 4473 genere
3260 4407 3388 4476 ﬁgu-

110 4504 235 4560 libet
268 4509 432 4578 ﬁgura
469 4524 563 4577 pro
593 4523 687 4563 sua
718 4520 867 4578 parte
917 4513 1154 4566 continet
1199 4514 1250 4566 in
1281 4528 1359 4568 se.
1405 4512 1555 4568 Unde
1596 4529 1692 4567 no-

1817 4508 2011 4559 -arttm,
2056 4508 2105 4547 et
2136 4496 2203 4548 de
2246 4496 2578 4563 temporibus
2605 4508 2656 4549 et
2704 4510 2975 4559 mensura,
3029 4505 3084 4547 et
3129 4498 3289 4550 etiam
3322 4500 3385 4552 de

109 4599 327 4654 tandum
371 4608 456 4655 est
502 4602 642 4669 quod
691 4601 1055 4679 hujuscemodi
1108 4606 1268 4656 tacita
1322 4618 1575 4657 mensura
1614 4613 1698 4658 est

107 4699 200 4750 per
250 4688 486 4765 quinque
516 4688 748 4756 virgulas
793 4690 977 4758 longas
1020 4700 1075 4744 et
1122 4692 1340 4756 breves,
1394 4693 1461 4746 de
1507 4695 1700 4761 quibus

110 4788 293 4844 patent
334 4780 571 4848 quinque
612 4780 973 4835 diﬁ'crentiazz
1007 4797 1234 4851 quarum
1263 4783 1433 4852 prima
1467 4786 1697 4853 perlecta
1735 4806 1740 4811 ·

109 4882 271 4935 pausa
301 4880 543 4937 vocatur,
589 4871 870 4926 continens
903 4873 955 4927 in
1006 4872 1337 4943 longitudine
1368 4878 1601 4943 quinque
1639 4877 1701 4930 li—

110 4974 260 5023 neas,
293 4977 323 5014 a
370 4976 581 5015 summo
610 4979 778 5033 usque
819 4966 1071 5020 deorsum
1106 4967 1310 5020 habens
1340 4982 1555 5021 onmem
1601 4984 1699 5037 po-

111 5059 383 5118 testatem,
431 5052 668 5120 regulam
710 5065 763 5108 et
797 5071 1125 5121 mensuram,
1172 5072 1329 5126 quam
1362 5057 1521 5111 liabet
1547 5058 1699 5125 longa

113 5148 371 5214 perfecta.
418 5146 666 5202 Secunda
702 5162 829 5201 vero
875 5164 1062 5216 pausa,
1116 5151 1423 5219 imperfecta
1458 5151 1698 5204 nomina-

114 5248 222 5305 tur,
272 5255 391 5309 qua:
439 5239 806 5294 summitatem
854 5242 1092 5295 continet
1135 5254 1362 5310 quatuor
1402 5242 1697 5307 linearum,

114 5329 323 5387 habens
353 5341 669 5399 potestatem
699 5332 1029 5401 imperfecta:
1077 5332 1286 5401 ﬁgnrre,
1332 5340 1387 5385 et
1414 5332 1556 5387 illius
1582 5350 1699 5399 quze

111 5433 340 5479 vocatur
381 5422 549 5476 altera
587 5422 752 5478 basis.
792 5424 971 5477 Tertia
1028 5438 1153 5495 vero
1197 5420 1482 5489 suspirium
1541 5424 1699 5479 breve

110 5524 476 5583 nuncupatur,
518 5515 797 5569 continens
828 5516 1191 5568 summitatem
1226 5512 1384 5567 trium
1416 5513 1696 5578 linearum,

109 5616 167 5661 et
209 5606 425 5675 ponitur
458 5618 557 5672 pro
604 5606 751 5661 brevi
798 5616 968 5662 recta.
1008 5607 1208 5672 Quarta
1257 5613 1340 5658 est
1386 5603 1700 5669 semisuspi-

112 5697 254 5754 rium
294 5698 486 5768 majus,
538 5700 819 5755 continens
858 5700 1219 5754 summitatem
1267 5697 1493 5751 duarum
1527 5696 1697 5749 linea-

112 5805 257 5859 tum,
304 5798 360 5847 et
405 5790 621 5865 ponitur
644 5804 741 5860 pro
789 5788 1074 5846 scmibrcvi
1116 5789 1340 5859 majore.
1390 5787 1583 5857 Quinta
1615 5794 1755 5874 est_

1804 4587 1976 4655 plicis,
2010 4595 2063 4641 et
2090 4586 2434 4639 nihilominus
2472 4586 2716 4639 consistit
2744 4586 2933 4637 modus
2964 4601 3059 4638 seu
3092 4589 3382 4657 itianeries,

1800 4688 1857 4735 et
1880 4679 2069 4733 modus
2099 4678 2357 4733 consistat
2404 4681 2458 4731 in
2506 4692 2757 4730 sonorum
2793 4677 3157 4729 modulatione
3190 4686 3246 4729 et
3292 4695 3384 4731 vo.

1800 4786 1921 4825 cum
1952 4772 2295 4834 discretione,
2337 4782 2476 4821 nunc
2506 4781 2681 4820 autem
2715 4767 2999 4820 dicendum
3046 4776 3132 4820 est
3158 4768 3284 4837 quid
3318 4775 3386 4847 εξι

1804 4867 2025 4930 modus,
2056 4874 2109 4918 et
2130 4874 2257 4933 quot
2288 4864 2416 4929 sint,
2468 4870 2519 4915 et
2550 4861 2779 4929 qualiter
2828 4875 2856 4912 a
2903 4859 3183 4929 principali
3217 4863 3383 4932 ﬁgura

1801 4972 1987 5012 omnes
2018 4956 2227 5009 numeri
2257 4964 2502 5009 constare
2540 4953 2810 5007 videntur.

1876 5046 2063 5102 Modus
2092 5060 2220 5099 vero
2249 5047 2603 5107 maneriesve,
2634 5053 2689 5097 ut
2717 5043 2803 5097 hic
2826 5044 3078 5107 sumitur,
3114 5052 3196 5095 est
3223 5042 3382 5109 quiil-

1801 5139 1925 5209 quid
1962 5154 2055 5207 per
2081 5139 2315 5193 debitam
2350 5151 2650 5191 mensuram
2702 5136 3063 5206 tenipnraliter
3100 5134 3380 5207 longarum

1801 5233 2151 5301 breviumque
2208 5232 2495 5300 ﬁgurarum
2553 5238 2609 5282 et
2663 5226 3045 5280 semibrcvium
3104 5236 3378 5279 transcur-

1801 5334 1941 5381 rent.
1989 5324 2141 5380 Unde
2170 5324 2455 5377 notandum
2483 5317 2625 5385 quod
2652 5319 2716 5370 ad
2765 5317 3197 5372 constitutionem
3230 5326 3386 5373 natu-

1810 5417 1998 5471 ralium
2042 5416 2519 5469 instrumentorum
2564 5426 2752 5465 novem
2803 5410 2991 5464 modos
3036 5410 3249 5466 damus.
3303 5412 3387 5467 Ad

1802 5523 2032 5578 quorum
2092 5508 2447 5575 cognitionem
2495 5504 2936 5567 discernendam,
2996 5512 3051 5557 ct
3098 5506 3383 5558 multorum

1801 5598 1958 5653 etiam
1980 5611 2217 5650 errorem
2244 5594 2651 5659 destruendum,
2702 5603 2811 5647 tres
2862 5594 3195 5648 liberaliores
3235 5595 3379 5647 excio

1801 5690 2039 5762 piuntur,
2073 5689 2295 5755 scilicet,
2328 5690 2549 5758 primus,
2572 5699 2793 5758 quartus
2820 5699 2869 5742 et
2895 5690 3185 5757 septimus;
3216 5700 3245 5739 a
3270 5686 3390 5753 qui-

1802 5787 1902 5844 bus
1925 5784 2014 5840 alii
2052 5798 2169 5851 scx,
2220 5784 2370 5854 quasi
2402 5783 2645 5848 clientes,
2700 5782 2809 5838 bini
2843 5791 2892 5838 et
2926 5780 3034 5836 bini
3068 5796 3095 5832 a
3140 5779 3380 5847 quolibe-
