3922 6246
413 385 519 444 95')

886 384 1087 440 BED/E
1130 380 1577 441 \‘ENERABILIS
1615 380 1763 436 OPP.
1810 374 1987 436 PARS
2027 376 2044 432 1

2151 368 2299 435 εετ.
2344 379 2406 433 ΙΙ.
2449 408 2517 420 -
2548 377 2753 445 ῠυΒΙᾹ
2794 378 2880 434 ΕΤ
2919 377 3188 436 SPURM.

3593 378 3716 434 9")

486 497 670 559 Polus,
717 496 760 549 is
798 495 890 563 qui
929 496 1129 548 Boreus
1171 494 1487 563 appellatur,
1520 492 1791 561 pervideri
1831 500 2003 559 potest
2034 492 2084 551 Α
2114 491 2310 561 Aquilo
2338 493 2724 558 constituitur;
2774 492 2966 549 iterum
2998 505 3177 547 autem
3209 492 3275 548 ad
3313 493 3430 563 ejus
3460 493 3597 563 signi
3631 509 3721 546 re-

416 604 626 659 semper
650 605 664 652 ;
692 587 859 641 Notus
908 597 1084 639 autem
1138 589 1345 640 ratione
1374 584 1656 640 dissimilis
1681 598 1897 651 semper
1925 592 2009 636 est

415 690 759 749 aconspectu
812 688 1071 731 remotus.
1124 676 1393 731 Naturalis
1436 677 1618 730 mundi
1660 674 1825 729 statio
1876 676 2006 744 phy-

416 772 525 827 sice
555 771 771 831 dicitur,
804 786 863 823 ea
906 784 1026 823 esse
1057 768 1108 821 in
1138 769 1311 823 Boreo
1344 769 1467 836 polo
1509 766 1681 833 ﬁnita,
1730 776 1789 819 ut
1833 766 2009 819 ninnia

415 877 451 915 e
481 863 686 916 dextris
719 860 958 929 partibus
988 859 1218 923 exoriri,
1254 860 1304 912 in
1352 857 1589 913 sinistris
1632 857 1882 911 occidere
1932 856 2009 907 vi-

409 953 662 1009 deantur.
697 952 929 1005 Exortus
971 961 1054 1004 est
1085 950 1225 1003 enim
1282 950 1455 1003 subita
1503 948 1749 1019 quaedam
1799 947 2011 1013 species

418 1044 625 1114 objecta
676 1052 860 1098 nostro
912 1040 1244 1109 conspectui.
1292 1040 1751 1094 Occasus’autem
1800 1037 1914 1106 pari
1946 1036 2013 1088 de

420 1120 601 1199 causa,
635 1143 695 1188 ut
722 1141 905 1202 erepta
937 1132 1004 1186 ab
1054 1132 1222 1185 oculis
1253 1129 1365 1183 visa
1410 1131 1461 1183 in
1514 1128 1759 1182 ﬁnitione
1807 1126 2009 1181 mundi.

418 1226 619 1281 Circuli
658 1235 785 1280 sunt
835 1222 1075 1293 paralleli
1121 1222 1382 1291 quinque,
1426 1221 1477 1272 in
1509 1219 1707 1287 quibus
1740 1226 1847 1271 tota
1880 1220 2015 1271 ratio

421 1320 646 1387 sphzrra:
676 1317 955 1377 consistat,
989 1323 1183 1383 praeter
1213 1328 1336 1367 eum
1360 1313 1448 1385 qui
1483 1310 1738 1367 zodiacus
1769 1309 2015 1377 appella-

424 1422 527 1463 tur.
558 1409 657 1477 Qui
689 1408 829 1473 quod
861 1420 964 1458 non
991 1414 1045 1457 ut
1068 1403 1252 1457 caeteri
1280 1402 1469 1458 circuli
1502 1410 1647 1457 certa
1677 1400 2017 1454 dimensione

426 1504 627 1568 finitur,
662 1508 715 1553 et
742 1497 1093 1551 inclinatione
1123 1496 1241 1549 aliis
1275 1494 1507 1559 videtur,
1546 1494 1700 1547 luxus
1743 1506 1771 1545 a
1812 1489 2018 1545 Grateis

424 1608 507 1647 est
558 1593 750 1647 dictus.
800 1590 1048 1657 Quinque
1098 1597 1299 1652 autem,
1348 1599 1484 1656 quos
1535 1598 1695 1652 snpra
1755 1581 2014 1643 diximus,

426 1686 578 1741 sicin
612 1684 817 1753 Sphazra
853 1682 1167 1734 metiuntur.
1201 1678 1355 1732 Initio
1384 1691 1640 1747 supremo
1678 1690 1705 1726 a
1742 1674 1889 1743 polo,
1930 1673 2020 1743 qui

432 1783 631 1835 ﬂoreus
660 1778 979 1847 appellatur,
1017 1775 1081 1827 ad
1117 1790 1235 1827 eum
1268 1773 1357 1842 qui
1392 1772 1561 1826 Notus
1589 1780 1643 1824 et
1677 1768 2020 1822 Antarcticus

2108 583 2325 651 gionem
2353 582 2497 653 quod
2536 583 2761 639 Procion
2792 594 3038 639 vocatur.
3087 584 3377 641 Duodecim
3425 587 3719 654 signorum

2112 682 2291 740 partes
2336 676 2417 727 sic
2463 673 2785 727 dividentur.
2836 674 3083 743 Quinque
3132 675 3342 740 circuli,
3392 675 3463 729 de
3507 675 3723 743 quibus

2112 780 2271 833 supra
2300 766 2571 831 diximus,~
2596 767 2666 820 ita
2703 766 2987 839 ﬁniuntur,
3034 770 3095 821 ut
3123 766 3486 836 unusquisque
3513 780 3722 821 mm

2112 855 2380 910 dividatur
2407 858 2457 910 in
2487 868 2664 925 partes
2686 873 2757 912 stt
2779 897 2795 922 ,
2819 868 2872 913 et
2897 858 2967 912 ita
2998 875 3065 914 ex
3094 874 3279 913 eorum
3308 858 3518 925 punctis
3549 858 3720 912 linea

2116 948 2497 1014 perducantur,
2526 965 2643 1015 quae
2665 949 2896 1003 circulos
2937 949 3248 1019 significent
3276 949 3467 1013 factos,
3498 948 3553 1003 in
3587 947 3722 1018 qui-

2116 1038 2216 1091 bus
2244 1038 2396 1106 signa
2432 1054 2501 1092 stt
2532 1039 2926 1093 describantur.
2971 1039 3078 1096 Sed
3123 1056 3151 1091 a
3181 1041 3449 1094 nonnullis
3484 1040 3725 1106 imperi-

2116 1129 2343 1183 tierihus
2372 1130 2631 1197 quaeritur
2675 1146 2840 1198 quare
2872 1145 2977 1184 non
3026 1132 3195 1199 aequis
3228 1130 3468 1200 partibus
3515 1131 3725 1185 circuli

2120 1217 2391 1283 ﬁniantur,
2425 1222 2525 1275 hoc
2554 1231 2654 1286 est,
2689 1234 2743 1275 ut
2772 1223 2840 1277 de
2868 1225 3079 1293 triginta
3114 1223 3351 1290 partibus
3374 1222 3554 1292 quina:
3585 1236 3723 1292 par-

2120 1321 2201 1366 tes
2231 1313 2555 1375 dividantur,
2586 1324 2640 1389 et
2672 1315 2741 1368 ita
2779 1314 2964 1367 circuli
3012 1314 3124 1383 pari
3180 1315 3385 1368 ratione
3416 1316 3723 1375 ducantur.

2122 1404 2171 1457 id
2201 1404 2449 1460 facillime
2477 1404 2693 1459 defendi
2718 1420 2873 1475 posse
2899 1408 3239 1461 coitﬁdimus.
3271 1406 3399 1460 Cum
3432 1407 3579 1459 enim
3607 1419 3729 1458 mo-

2120 1494 2206 1546 dia
2273 1496 2484 1561 Splttera
2538 1495 2709 1551 divisa
2770 1507 2888 1560 est,
2940 1499 3260 1550 circulorum
3311 1498 3487 1551 nullus
3539 1507 3728 1564 potest

2121 1587 2343 1655 {aqualis
2375 1601 2531 1651 esse;
2564 1590 2653 1657 qui
2706 1590 2951 1656 quamvis
3002 1592 3246 1656 proxime
3289 1605 3409 1644 eum
3466 1591 3725 1648 accedat.

2127 1684 2302 1730 tamen
2326 1678 2501 1730 minor
2522 1693 2639 1732 esse
2664 1679 2927 1733 videatur.
2954 1678 3142 1746 Itaque
3172 1680 3259 1746 qui
3282 1680 3511 1748 primum
3542 1681 3728 1747 sphr-

2126 1784 2239 1822 ratn
2310 1768 2569 1836 fecerunt,
2626 1783 2745 1821 cum
2812 1771 3010 1823 vellent
3073 1772 3314 1822 omnium
3382 1770 3725 1822 circulorum

430 1885 669 1933 vocatur,
702 1873 754 1923 in
784 1870 996 1937 triginta
1032 1874 1213 1933 partes
1240 1863 1661 1932 unumquodque
1696 1860 2021 1928 hemisphre-
2058 1852 2100 1911 Β
2127 1874 2309 1924 aequas
2335 1860 2577 1913 rationes
2600 1873 2744 1922 esse,
2778 1873 2872 1927 pro
2905 1870 3015 1912 rata
3052 1871 3199 1926 parte
3230 1862 3513 1912 voluerunt
3542 1860 3727 1923 signi-

432 1966 568 2014 riunt
602 1959 880 2020 dividitur,
916 1958 984 2009 ita
1022 1956 1095 2007 uti
1125 1955 1393 2007 dimensio
1420 1952 1715 2021 significari
1749 1950 2019 2015 videatur,

432 2074 479 2105 ιιι
509 2064 614 2107 tota
647 2055 857 2120 sp’tazra
907 2063 968 2101 ιχ
1006 2055 1185 2116 partes
1232 2045 1421 2099 factas.
1474 2043 1675 2098 Deinde
1722 2042 1787 2095 ab
1832 2040 2021 2095 eodem

438 2142 699 2210 principio
732 2141 902 2194 Boreo
951 2152 1042 2192 sev
1103 2135 1342 2203 partibus
1390 2149 1455 2187 ex
1506 2142 1731 2200 utraque
1783 2130 1870 2183 fini
1900 2128 2025 2182 ioue

436 2236 689 2305 sumptis,
721 2232 955 2286 circulus
980 2230 1066 2283 dtu
1088 2231 1215 2293 itur,
1248 2228 1402 2296 cujus
1429 2236 1675 2280 centrum
1712 2226 1824 2293 ipse
1871 2224 2024 2291 polus

436 2332 632 2384 finitur.
665 2325 908 2379 Circulus
938 2322 1181 2375 Areticus
1213 2322 1534 2390 appellatur,
1558 2318 1700 2387 quod
1739 2320 1875 2370 intra
1902 2331 2023 2369 eum

438 2433 711 2475 arcturum
747 2414 1036 2471 simulacra
1088 2421 1142 2464 ut
1192 2411 1396 2464 inclusa
1447 2408 1863 2478 perstiiciuntur.
1902 2408 2030 2471 Quae

438 2515 584 2581 signa
623 2526 650 2563 a
684 2506 883 2563 nostris
933 2518 1179 2558 ursarum
1212 2504 1392 2570 specie
1428 2502 1569 2566 ficta,
1620 2500 2031 2568 Septentriones

441 2602 795 2672 appellantur.
831 2599 911 2653 Ab
973 2598 1074 2650 hoc
1126 2595 1330 2650 circulo
1386 2593 1454 2647 de
1516 2592 1736 2660 reliquis
1790 2591 2031 2659 partibus

438 2698 673 2765 quittque
704 2692 955 2759 sumptis,
988 2688 1177 2743 eodem
1204 2700 1415 2749 centro,
1448 2700 1554 2755 quo
1587 2700 1748 2753 supra
1775 2684 2027 2745 diximus,

437 2788 671 2843 circulus
720 2783 953 2844 ducitur,
990 2781 1077 2847 qui
1128 2780 1371 2833 therinos
1420 2778 1657 2845 tropicos
1707 2776 2028 2842 appellatur,

442 2883 561 2934 ideo
589 2877 730 2947 quod
762 2876 842 2929 sol
870 2890 992 2928 cum
1020 2874 1082 2924 ad
1112 2886 1233 2925 eum
1268 2872 1529 2925 circulum
1565 2869 1834 2937 pervenit,
1874 2877 2031 2919 testa-

444 2984 546 3021 teut
579 2967 738 3020 efficit
767 2966 844 3018 eis
874 2964 964 3032 qui
997 2964 1045 3016 itt
1078 2961 1360 3031 aquilonis
1391 2960 1582 3013 ﬁnibus
1614 2966 1759 3021 sunt,
1804 2958 2034 3010 hiemem

443 3070 617 3113 autem
644 3057 720 3111 eis
757 3070 890 3125 quos
924 3056 1101 3108 Austri
1136 3053 1350 3105 ﬂatihus
1400 3053 1676 3120 oppositos
1722 3059 1845 3103 ante
1894 3048 2035 3102 dixi-

446 3172 579 3206 mus.
633 3152 920 3217 PrOpterea
974 3145 1115 3213 quod
1168 3147 1303 3197 ultra
1358 3161 1477 3195 eum
1522 3142 1781 3197 cirCtilum
1812 3142 1891 3194 sol
1930 3156 2032 3192 non

2132 1952 2314 2015 llcare,
2365 1959 2421 2003 ut
2451 1959 2653 2019 quanto
2702 1951 2869 2019 magis
2919 1966 2947 2001 a
2998 1950 3120 2019 polo
3169 1951 3565 2012 discederetur.
3616 1952 3731 2003 hoc

2130 2045 2395 2098 minorem
2446 2058 2727 2098 numerum
2789 2048 3016 2112 partium
3076 2055 3348 2098 sumerent
3395 2047 3447 2098 in
3502 2046 3731 2099 ci-cnlis

2132 2132 2435 2209 metigndis,
2468 2149 2574 2203 quo
2621 2148 2841 2188 necesse
2893 2135 2973 2186 his
3001 2142 3118 2187 erat
3166 2133 3423 2201 majorem
3453 2137 3727 2189 circulum

2131 2227 2376 2283 deﬁnire.
2404 2226 2553 2292 Quod
2584 2226 2745 2280 etiam
2773 2242 2836 2279 ex
2867 2227 2975 2293 ipsa
3004 2225 3209 2291 sphrera
3241 2227 3361 2280 licet
3392 2226 3726 2294 intelligere.

2132 2327 2331 2388 quanto
2377 2319 2545 2385 magis
2573 2332 2599 2369 a
2632 2317 2753 2385 polo
2783 2315 3049 2382 discedes,
3086 2316 3185 2370 hoc
3230 2317 3463 2383 majores
3492 2318 3733 2371 circulos

2136 2412 2272 2478 ﬁeri,
2302 2421 2353 2465 et
2380 2410 2478 2465 hac
2501 2425 2558 2464 re
2587 2411 2845 2463 minorem
2878 2408 2999 2462 duci
3035 2424 3336 2471 numerum,
3369 2421 3422 2460 ut
3451 2424 3608 2475 pares
3636 2423 3735 2462 eo-

2136 2517 2254 2554 rum
2308 2501 2588 2553 videantur
2638 2497 2887 2559 eﬁ‘ectus;
2937 2498 3077 2550 etsi
3131 2512 3233 2549 non
3288 2498 3336 2549 in
3389 2512 3492 2550 xu
3551 2507 3735 2565 partes

2138 2590 2552 2659 unumquodque
2587 2588 3020 2657 hemisphaerium
3065 2589 3350 2652 dividatur,
3384 2589 3479 2643 sed
3514 2590 3566 2643 in
3598 2590 3737 2655 alia;

2136 2686 2414 2758 quodlibet
2446 2685 2736 2749 ﬁnitiones,
2795 2695 2969 2737 tamen
3010 2699 3076 2738 eo
3112 2685 3247 2738 ratio
3299 2685 3543 2754 pet-venit
3590 2687 3732 2751 ejus,

2139 2794 2201 2833 ac
2225 2780 2269 2833 si
2300 2780 2511 2847 triginta
2540 2786 2717 2846 partes
2743 2778 2967 2829 fecisset.
3010 2775 3274 2829 Zodiacus
3300 2776 3535 2830 circulus
3563 2776 3736 2828 tribus

2142 2871 2223 2923 bis
2253 2869 2547 2936 subjectus,
2578 2868 2643 2921 de
2684 2867 2877 2934 quibus
2910 2882 3064 2934 supra
3098 2866 3347 2929 diximus,
3385 2880 3451 2918 ex
3500 2866 3738 2933 quadam

2144 2971 2291 3029 parte
2321 2957 2579 3026 contingit
2610 2956 2850 3009 aestivum
2881 2969 2926 3007 et
2970 2954 3273 3019 hiemalem,
3300 2956 3737 3023 :equinoctialent

2144 3062 2318 3104 autem
2346 3048 2579 3103 medium
2601 3048 2812 3101 dividit.
2838 3047 3017 3115 Itaque
3040 3050 3115 3099 sol
3143 3036 3539 3114 per‘zodiacum
3562 3049 3739 3101 circu-

2147 3146 2254 3197 lum
2289 3156 2541 3203 currens,
2574 3154 2745 3208 neque
2776 3152 2922 3193 extra
2958 3154 3078 3190 eum
3114 3138 3396 3203 transiens,
3428 3139 3741 3193 necessario

449 3256 660 3309 lt'dltSti,
706 3242 800 3297 sed
849 3239 1029 3295 statim
1080 3240 1390 3296 reveititur,
1428 3236 1666 3301 tropicus
1696 3240 1777 3284 est
1807 3231 2041 3299 appella-

2151 3250 2269 3289 cum
2300 3233 2464 3301 signis
2495 3231 2599 3296 his,
2624 3231 2815 3299 quibus
2843 3230 3054 3283 innixus
3086 3230 3185 3283 iter
3207 3231 3473 3285 conficere
3504 3230 3741 3289 videtur,

454 3352 553 3389 tttS.
587 3336 665 3387 At)
699 3334 796 3386 hac
824 3330 1017 3386 circuli
1053 3325 1448 3394 significatione
1478 3332 1705 3389 quatuor
1733 3321 1798 3374 de
1823 3319 2042 3387 reliquis

452 3426 695 3495 partibus
738 3424 983 3492 sumptis,
1033 3421 1246 3472 ducitur
1300 3417 1536 3468 Cil‘t‘lliUS
1590 3410 1985 3482 mquinoctialis
2016 3425 2043 3462 a

452 3494 652 3575 tirazcis
684 3517 998 3571 isenterinos
1056 3494 1380 3579 appellatus,
1436 3509 1557 3561 ideo
1606 3506 1748 3575 quod
1806 3504 1887 3557 sul
1923 3519 2043 3556 cunt

454 3618 521 3669 ad
554 3627 674 3667 eum
704 3609 890 3663 orbem
922 3608 1188 3675 pervenit,
1223 3598 1600 3667 (rqttinoclium
1643 3595 1883 3648 conficit.
1936 3593 2048 3645 lloc

456 3708 655 3760 circulo
687 3703 847 3765 facto,
901 3697 1121 3752 dimidia
1172 3694 1395 3761 διιιιιιςΐᾶξ
1429 3705 1554 3759 pars
1606 3688 1897 3741 censtituta
1931 3701 2051 3753 per-

459 3802 697 3868 spicitur.
734 3794 776 3849 Ε
804 3802 1075 3848 contrario
1105 3788 1230 3841 item
1256 3784 1415 3838 simili
1451 3782 1663 3836 ratione
1694 3795 1722 3832 a
1758 3779 1895 3831 Noto
1931 3776 2054 3844 polo

458 3912 549 3949 se:
592 3888 835 3961 partibus
880 3882 1134 3952 sumptis,
1185 3889 1241 3933 ut
1275 3892 1435 3947 supra
1484 3875 1550 3928 de
1586 3874 1756 3927 Boreo
1788 3870 2049 3931 diximus.

456 3984 688 4038 circulus
717 3980 909 4033 ductus
935 3972 1277 4029 Antarcticus
1307 3976 1550 4029 vocatur,
1574 3962 1715 4033 quod
1748 3964 2055 4017 contrarius

462 4088 545 4129 est
585 4073 788 4125 circulo
818 4082 980 4137 quem
1026 4063 1278 4119 Arcticon
1324 4073 1484 4128 supra
1515 4054 1891 4110 deﬁnivimus.
1950 4052 2060 4105 llac

464 4162 780 4217 deﬁnitione
814 4158 1063 4225 sphaere,
1095 4161 1387 4218 eontroque
1412 4148 1559 4218 polo,
1592 4148 1680 4215 qui
1728 4145 1899 4199 Notus
1922 4143 2057 4198 dici-

467 4269 571 4315 tur,
622 4251 856 4322 quinque
912 4244 1152 4316 partibus
1207 4241 1457 4307 sumptis,
1515 4240 1748 4291 circulus
1806 4237 2061 4289 imetinus

468 4346 705 4414 tropicos
748 4336 1067 4398 instituitur,
1110 4348 1138 4385 a
1187 4330 1343 4384 nobis
1388 4328 1659 4391 hiemalis,
1710 4342 1739 4378 a
1790 4328 2060 4380 nonnullis

466 4440 628 4490 etiam
670 4428 928 4487 brumalis
960 4424 1278 4495 appellatur,
1334 4419 1460 4474 ideo
1504 4415 1647 4487 quod
1700 4416 1777 4469 sol
1828 4431 1950 4468 cum
2004 4416 2067 4467 ad

470 4548 592 4588 eum
624 4528 884 4584 circulum
940 4522 1205 4595 pervenit,
1270 4519 1523 4579 hiemem
1554 4512 1721 4569 efﬁcit
1749 4512 1831 4565 his
1863 4512 1952 4581 qui
2000 4510 2065 4565 ad

476 4624 795 4693 Aquilonem
827 4626 1173 4689 exspectant,
1208 4624 1448 4666 :vstatem
1492 4619 1676 4661 autem
1735 4605 1824 4659 bis
1871 4604 1962 4671 qui
2017 4604 2067 4659 in

478 4714 654 4773 Austri
685 4712 920 4781 partibus
956 4710 1226 4765 domicilia
1262 4705 1682 4760 constituerunt.
1719 4697 1945 4766 Quando
1976 4712 2070 4750 au—

480 4824 586 4866 tem
618 4807 769 4862 abest
814 4805 1023 4871 longius
1066 4802 1133 4854 ab
1168 4802 1249 4853 his
1276 4799 1363 4865 qui
1407 4798 1457 4849 iu
1492 4794 1775 4862 Aquilonis
1826 4790 2073 4845 habitant

482 4904 698 4963 iniibus,
752 4898 854 4951 hoc
898 4891 1105 4961 majore
1154 4891 1329 4942 hieme
1377 4887 1775 4947 conflutantur,
1830 4891 2073 4937 aestatem

483 5009 658 5048 autem
712 4988 763 5042 hi
810 4987 1005 5055 quibus
1054 4982 1136 5037 sol
1187 4980 1463 5049 appositus
1514 4978 1845 5044 pervidetur.
1894 4974 2077 5041 Itaque

486 5086 767 5150 Authiopes
817 5079 918 5131 sub
964 5085 1195 5141 utroque
1244 5069 1375 5123 orbe
1428 5066 1736 5120 necessario
1791 5065 1945 5117 ﬁunt.
2001 5063 2083 5114 Ab

490 5179 589 5227 hoc
613 5172 813 5226 circulo
840 5170 904 5224 ad
926 5162 1379 5235 Equinoctialetn
1405 5158 1666 5213 circulum
1702 5154 1922 5223 reliqua:
1953 5156 2084 5206 liunt

494 5276 669 5336 partes
694 5271 939 5329 quatuor,
976 5262 1041 5313 ita
1075 5268 1143 5311 ut:
1178 5256 1252 5311 sol
1305 5271 1396 5321 per
1448 5262 1569 5307 octo
1624 5262 1799 5320 partes
1854 5247 2086 5315 sphaera:

494 5369 709 5411 currere
744 5353 1005 5405 videatur.
1056 5350 1319 5401 Zodiacus
1368 5357 1545 5400 autem
1597 5344 1835 5397 circulus
1890 5341 1969 5393 sic
2002 5337 2085 5390 vel

495 5449 697 5517 optime
739 5442 949 5498 deliniri
984 5440 1198 5507 poterit.
1231 5449 1288 5493 ut
1332 5441 1497 5507 signis
1529 5439 1700 5501 factis,
1734 5437 1873 5490 sicut
1910 5442 2093 5502 postea

496 5544 757 5599 dicemus,
790 5550 856 5587 ex
889 5533 1077 5584 ordine
1106 5532 1342 5582 circulus
1395 5532 1736 5596 perducatur.
1771 5526 1875 5593 Qui
1913 5536 2090 5578 autem

503 5633 727 5683 lacteus
760 5634 999 5689 vocatur,
1048 5622 1349 5676 contrarius
1385 5621 1771 5689 equinocttali,
1805 5620 1886 5674 vel
1919 5620 1987 5671 ita
2023 5614 2091 5669 ibi

504 5728 714 5787 oportet
737 5719 1086 5779 constituere,
1120 5722 1175 5766 ut
1206 5725 1327 5766 eum
1358 5709 1594 5766 medium
1619 5710 1883 5773 dividere,
1918 5718 1970 5763 et
2004 5710 2082 5761 bis

510 5810 573 5864 ad
602 5824 723 5863 eum
764 5804 1041 5877 pervenire
1079 5803 1343 5872 videatur,
1393 5803 1560 5861 semel
1618 5804 1765 5859 ineo
1815 5804 1953 5868 loco,
2012 5798 2101 5853 ubi

2152 3324 2488 3394 pervenitad
2533 3337 2627 3376 eos
2674 3336 2807 3390 quos
2862 3337 3020 3389 supra
3062 3322 3292 3376 diximus
3336 3324 3517 3387 orbes,
3568 3334 3625 3377 et
3672 3325 3745 3377 ita

2152 3429 2379 3490 quatuor
2406 3428 2645 3487 tempora
2694 3418 2900 3469 definit.
2948 3415 3079 3469 Nam
3125 3418 3193 3469 ab
3231 3417 3413 3471 Ariete
3455 3396 3745 3485 incipiens.

2154 3528 2245 3567 ver
2274 3509 2528 3573 ostendit,
2554 3521 2605 3563 et
2625 3510 2882 3572 Taurum,
2916 3519 2969 3563 et
3001 3508 3254 3562 Geminos
3281 3509 3571 3567 transiens,
3599 3509 3746 3563 idem

2157 3601 2460 3668 significat;
2499 3599 2591 3652 sed
2629 3598 2736 3667 jam
2780 3596 3042 3665 capitibus
3088 3595 3435 3651 Geminorum
3480 3597 3749 3651 circulum

2160 3690 2399 3743 xstivum
2433 3698 2647 3758 tangere
2665 3688 2892 3741 videtur.
2926 3688 2986 3740 Et
3016 3704 3107 3755 per
3132 3687 3394 3742 Cancrum
3426 3699 3478 3743 et
3513 3690 3749 3741 Leonem

2156 3782 2423 3835 transiens
2465 3789 2519 3833 et
2566 3779 2855 3847 Virginem,
2902 3787 3142 3832 aestatem
3174 3780 3355 3832 efﬁcit.
3410 3780 3473 3832 Et
3504 3794 3696 3831 rursus
3722 3794 3752 3829 a

2165 3871 2397 3941 Virginis
2422 3878 2661 3924 extrema
2713 3876 2866 3936 parte
2916 3870 3148 3921 transire
3199 3869 3270 3919 ad
3320 3870 3751 3937 aequinoctialem

2159 3965 2416 4020 circulum
2449 3959 2788 4031 perspicitur.
2833 3959 2889 4014 lu
2942 3960 3099 4015 Libra
3156 3970 3329 4014 autem
3368 3961 3754 4030 aequinoctium

2161 4058 2399 4122 conficit,
2459 4066 2512 4110 et
2552 4066 2864 4110 autumnum
2915 4054 3214 4122 signiﬁcare
3263 4055 3466 4124 incipit.
3528 4056 3611 4108 Ab
3656 4055 3757 4111 hoc

2163 4152 2316 4219 signo
2344 4147 2612 4201 transiens
2636 4147 2701 4200 ad
2730 4147 3081 4213 Scorpionem
3112 4156 3159 4199 et
3196 4145 3572 4212 Sagittarium;
3602 4146 3759 4213 dein-

2166 4241 2233 4293 de
2281 4236 2521 4305 protinus
2566 4238 2788 4291 incurrit
2839 4237 2891 4291 in
2925 4236 3209 4291 hiemalem
3242 4236 3525 4300 circulum,
3557 4245 3609 4289 et
3656 4234 3759 4290 Ca.

2170 4332 2443 4401 pricorno,
2470 4332 2728 4399 Aquario,
2775 4327 3013 4384 Piscibus
3058 4328 3291 4383 hiemem
3335 4329 3596 4397 transigit.
3654 4325 3766 4381 Ita-

2172 4436 2277 4490 que
2320 4420 2622 4475 ostenditur
2651 4434 2757 4473 non
2791 4434 2885 4486 per
2931 4428 3038 4473 tres
3067 4420 3210 4489 ipsos
3242 4414 3481 4472 circulos
3512 4433 3764 4482 corr-en.

2175 4514 2267 4569 sed
2295 4512 2571 4568 sodiactnn
2601 4511 2866 4563 transiens
2894 4510 2959 4562 ad
2988 4524 3085 4563 eos
3112 4510 3415 4578 pervenire.

2894 4600 3045 4655 Item.

2248 4700 2482 4756 Inventis
2515 4700 2567 4754 iu
2592 4698 2800 4766 sphera
2826 4694 3051 4750 rutunda
3073 4693 3298 4757 coluris,
3326 4702 3381 4748 et
3407 4692 3523 4760 ipsa
3553 4692 3771 4761 sphera

2181 4796 2233 4850 in
2266 4792 2542 4863 sexaginta
2567 4790 2757 4855 divisa,
2786 4789 2853 4842 ad
2885 4786 3261 4842 inveniendum
3293 4786 3465 4840 nostri
3494 4786 3775 4839 alunt-caa-

2183 4898 2338 4950 tarat,
2371 4888 2483 4939 haec
2512 4895 2595 4939 est
2637 4882 2794 4936 ratio.
2831 4882 2911 4935 Ab
2952 4881 3132 4935 arctiei
3159 4890 3347 4934 centro
3390 4880 3443 4933 in
3472 4879 3777 4933 meridiano

2185 4980 2369 5032 coluro
2402 4990 2647 5031 assumas
2683 4983 2892 5039 septem
2933 4972 3318 5039 sexagesitnas,
3370 4981 3427 5024 et
3476 4971 3549 5023 ibi
3602 4968 3777 5024 nostri

2186 5083 2453 5120 summum
2488 5066 2706 5118 habeas.
2742 5064 2795 5116 In
2822 5079 2926 5129 quo
2958 5063 3172 5131 quidem
3200 5076 3412 5115 summo
3454 5076 3561 5110 uno
3586 5058 3781 5114 circini

2191 5159 2324 5225 pede
2354 5157 2543 5224 posito,
2590 5170 2654 5208 xv
2684 5156 3047 5225 sexagesimas
3096 5166 3343 5206 assumas
3393 5159 3523 5202 ante
3555 5160 3607 5203 te
3644 5150 3783 5217 pede

2192 5267 2311 5305 cum
2342 5252 2529 5315 altero,
2562 5260 2614 5303 et
2639 5250 2863 5317 primum
2888 5250 3293 5305 almttcantarat,
3319 5242 3367 5293 id
3401 5251 3507 5306 est,
3533 5241 3785 5302 stabile.

2192 5342 2362 5395 nostri
2386 5340 2727 5394 horizontem
2755 5337 3179 5394 circumvolvas.
3208 5329 3417 5384 Deinde
3443 5325 3781 5385 interimat!

2190 5448 2280 5486 xw
2314 5447 2510 5502 ponas,
2537 5443 2595 5486 et
2628 5432 2825 5485 iterum
2859 5423 3288 5482 circumvolvas.
3323 5420 3538 5477 Deinde
3571 5434 3699 5485 xm.
3726 5424 3791 5475 αι

2192 5525 2263 5579 ita
2296 5525 2361 5579 ad
2397 5526 2639 5593 singulas
2663 5522 2957 5578 interiores
2989 5518 3359 5589 sexagesimus
3395 5522 3647 5586 ponaset
3674 5511 3789 5571 cir-

2192 5618 2491 5672 cumducas
2522 5617 2655 5670 dum
2692 5613 2758 5667 ad
2796 5626 3062 5665 cacumen
3098 5611 3312 5664 venias.
3339 5608 3421 5662 Ad
3456 5604 3785 5678 erigendan

2192 5710 2459 5780 sphaeram
2490 5704 2782 5762 rotundam
2816 5704 2896 5759 sic
2923 5702 3110 5759 facias.
3145 5701 3225 5756 Ad
3262 5701 3553 5755 Arcticum
3582 5693 3787 5752 subsit!

2192 5802 2331 5860 duas
2365 5799 2753 5873 sexagesima,
2792 5797 2847 5853 in
2885 5805 3131 5855 nostram
3164 5792 3537 5850 habitabilem
3573 5797 3786 5847 sul-8.
