3922 6246
183 378 289 433 915

1543 378 1627 430 DE
1668 377 1884 434 SIGNIS
1922 380 2131 436 (χιιι.
3195 358 3232 408 ⁹

3342 397 3445 452 910

255 495 464 564 Jupiter
491 499 705 548 creatus
733 501 817 547 est
844 491 896 546 in
926 491 1200 562 Sagittarii
1254 491 1433 562 quinta
1467 503 1638 563 parte,
1668 510 1756 550 re-
1787 499 1831 558 Δ
1865 498 1992 551 loris
2017 498 2221 554 electri.
2241 499 2380 553 Mars
2405 497 2596 552 calidas
2617 506 2851 563 natium,
2875 503 3072 556 coloris
3097 505 3239 557 mrci.
3269 505 3444 557 Venus

179 577 362 622 motus
386 581 414 618 a
443 565 568 620 Sole
596 579 698 618 cxx
725 565 985 630 partibus.

263 637 440 690 Venus
466 644 653 689 creata
697 634 748 687 in
796 634 1000 686 decima
1031 641 1218 702 quarta
1247 643 1394 700 parte
1419 631 1613 699 Librae,
1670 649 1754 689 re-

180 715 329 760 mota
357 720 387 758 a
413 704 538 759 Sole
568 719 652 757 ιιι
675 704 933 771 partibus.

249 774 522 830 Saturnus
545 770 755 826 ereatus
797 782 877 826 est
908 773 957 824 iu
988 770 1295 839 Capricorni
1326 772 1532 827 decima
1566 776 1778 840 quinta.

181 855 360 913 parte,
410 851 648 913 remotus
677 857 705 895 a
737 841 862 897 Sole
886 850 1097 913 centum
1125 853 1178 896 et
1205 843 1589 912 quinquaginta
1622 859 1751 911 par-

184 910 354 968 tibus.
387 914 452 968 Et
492 912 604 966 bare
632 914 894 966 sententia
943 910 1314 966 universorum
1351 910 1749 982 Egyptiorum.

180 984 444 1037 tsraelitz
475 997 604 1037 vero
635 990 691 1037 et
711 983 941 1036 Chaldaei
972 983 1072 1033 alio
1095 983 1252 1037 modo
1269 981 1524 1037 sentiunt.
1554 981 1752 1037 Dicunt

181 1055 409 1119 quidem
443 1053 621 1108 Solem
649 1053 700 1105 in
727 1051 1082 1122 primsiparte
1123 1054 1317 1107 Arietis
1361 1063 1620 1106 creatum.
1653 1055 1752 1106 Sa-

186 1134 402 1178 turnum
435 1125 486 1176 in
519 1125 685 1192 prima
719 1121 864 1192 parte
887 1121 1226 1187 Capricorni,
1271 1131 1530 1176 remotum
1561 1137 1587 1172 a
1621 1122 1749 1177 Sole

186 1196 476 1261 nonaginta
506 1189 966 1260 partibuanvem
999 1191 1050 1244 in
1075 1193 1241 1262 prima
1273 1203 1422 1261 parte
1454 1193 1747 1262 Sagittarii,

188 1260 451 1317 remotum
475 1279 504 1316 a
534 1263 897 1332 Solecentum
927 1271 981 1314 et
1009 1260 1186 1330 viginti
1219 1260 1471 1332 partibus.
1525 1260 1749 1316 Martem

188 1333 240 1385 iu
274 1334 443 1401 prima
474 1341 622 1400 parte
653 1331 885 1399 Scorpii,
934 1343 1190 1401 remotum
1223 1348 1250 1385 a
1283 1332 1412 1385 Szile
1441 1341 1654 1385 centum
1698 1343 1753 1385 et

186 1400 567 1472 quinquaginta
619 1403 874 1468 partibus.
922 1400 1190 1472 Venerem
1254 1403 1304 1454 in
1376 1402 1541 1470 prima
1601 1413 1751 1469 parte

187 1471 371 1533 Tauri,
396 1471 653 1527 remotam
675 1488 704 1524 a
727 1473 848 1526 Sole
870 1471 1076 1538 triginta
1105 1473 1358 1537 partibus.

259 1543 478 1596 Summa
502 1541 716 1608 quidem
747 1541 946 1594 absidis
974 1542 1185 1594 Saturni
1212 1551 1292 1596 est
1320 1543 1370 1592 in
1401 1540 1580 1600 Libra,
1599 1540 1749 1594 Jovis

186 1611 239 1664 in
262 1610 491 1674 Cancro,
526 1611 710 1664 Martis
764 1613 814 1664 in
845 1609 1193 1678 Capricorno,
1235 1612 1373 1664 Solis
1415 1614 1466 1663 iu
1525 1616 1704 1664 Ariete
1732 1652 1747 1674 ,

191 1680 414 1736 Veneris
445 1683 496 1734 in
548 1679 787 1735 Piscibus
809 1720 824 1744 ,
876 1681 1119 1735 Mercurii
1151 1682 1200 1734 in
1232 1681 1466 1747 Virgine.
1501 1681 1662 1734 Luna:
1695 1682 1745 1734 in

187 1751 387 1804 Tauro.
419 1750 512 1805 Sol
537 1751 587 1803 iu
612 1752 796 1805 Ariete
823 1751 1063 1820 erigitur,
1111 1753 1160 1802 in
1209 1751 1364 1804 Libra
1394 1752 1746 1804 subvertitur.

190 1821 458 1875 Saturnus
499 1820 550 1872 in
593 1820 750 1874 Libra
796 1820 1038 1889 erigitur,
1093 1821 1144 1874 in
1175 1821 1359 1874 Ariete
1402 1821 1744 1876 subvertitur.

1863 579 2063 622 natura:
2096 570 2317 636 tepidae,
2371 570 2568 622 coloris
2606 571 2846 626 Staunei.
2897 572 3184 626 Mercurius
3239 584 3450 626 naturas

1859 639 2056 759 siclcie,
2090 639 2304 760 l‘coloris
2353 639 2604 708 plumbei.
2659 639 2931 695 Saturnus
2964 652 3168 698 natura:
3194 643 3399 712 frigide
3423 682 3442 707 ,

1859 722 1920 760 co
1949 724 2053 760 orta
2110 724 2277 760 erret.

1858 722 2053 762 Colorls
2090 722 2277 763 lerret.

2083 818 2154 872 De
2182 831 2296 872 ortu
2323 829 2368 872 et
2399 836 2582 872 occasu
2604 820 2871 874 duodecim
2900 824 3201 891 signarum.
3285 856 3291 861 -

1931 911 2252 976 'l‘untporum
2296 912 2489 978 quibus
2521 913 2804 967 duodecim
2847 915 2996 980 signa
3049 915 3294 967 oriuntur
3349 924 3442 967 aut

1857 980 2100 1052 occidunt
2133 982 2372 1035 habenda
2418 993 2500 1035 est
2536 982 2811 1035 distantia.
2862 985 2990 1036 Nam
3043 999 3164 1052 que
3214 985 3433 1052 oblique

1855 1051 2116 1111 oriuntur,
2147 1062 2196 1105 et
2219 1063 2364 1106 recta
2405 1053 2677 1112 oeci-lunt,
2721 1054 3012 1106 celeriores
3052 1051 3200 1107 ortus
3230 1051 3429 1106 habent

1855 1135 2010 1192 quam
2039 1135 2649 1189 occasus;rontra,qure
2676 1132 2822 1176 recta
2847 1125 3110 1184 oriuntur,
3139 1135 3196 1178 eti
3211 1125 3428 1192 obliqua

1855 1191 2096 1244 occidqu
2152 1193 2349 1244 tardius
2372 1195 2634 1255 oriuntur,
2661 1201 2714 1244 et
2740 1195 2968 1246 celerius
2993 1195 3259 1245 occidunt.
3281 1191 3422 1246 Cau-

1853 1275 1965 1324 cer,
1999 1264 2083 1326 qui
2118 1272 2262 1313 recte
2303 1263 2470 1314 oritur
2493 1263 2902 1330 inclinaturque,
2931 1279 3214 1324 mersatur,
3248 1267 3424 1318 oritur

1853 1331 2056 1384 duabus
2091 1333 2234 1384 horis
2262 1341 2314 1386 et
2343 1333 2651 1384 duodecima
2688 1346 2834 1395 pirte
2864 1335 3043 1393 hurr;
3076 1335 3273 1386 occidit
3323 1350 3415 1384 au-

1856 1407 1960 1452 tem
1995 1401 2117 1450 hora
2147 1417 2205 1451 ac
2234 1402 2440 1454 deunre
2484 1404 2648 1454 hunc.
2687 1403 2793 1454 Leo
2836 1405 3004 1453 oritur
3032 1404 3240 1456 duabus
3273 1404 3423 1456 boris

1853 1481 1906 1522 et
1935 1472 2088 1522 tertia
2116 1479 2262 1537 parte
2291 1475 2470 1533 horzc;
2505 1472 2699 1525 occidit
2745 1484 2922 1525 autem
2969 1473 3096 1523 hora
3130 1476 3292 1526 sentis
3322 1514 3336 1533 ,
3368 1484 3427 1528 et

1853 1550 2000 1592 sexta
2030 1551 2176 1607 parte
2209 1548 2371 1592 horze.
2409 1542 2564 1609 Virgo
2597 1542 2766 1594 oritur
2803 1541 3008 1596 duabus
3051 1543 3195 1595 horis
3241 1552 3296 1596 rt
3339 1545 3426 1597 dic

1854 1611 2034 1670 midia,
2066 1623 2117 1661 ct
2150 1621 2293 1662 sexta
2324 1622 2469 1678 parte
2502 1615 2681 1674 hunc;
2731 1612 3080 1680 similiterque
3113 1613 3291 1678 Libra,
3335 1630 3432 1666 oc-

1850 1680 2081 1748 ciditque
2115 1680 2240 1732 hora
2271 1690 2323 1733 et
2353 1681 2503 1735 tertia
2548 1693 2698 1748 parte
2744 1683 2908 1735 hunc.
2958 1685 3213 1747 Scorpius
3253 1685 3426 1737 oritur

1851 1749 2055 1820 duabus
2086 1753 2228 1803 horis
2270 1760 2321 1803 et
2349 1753 2500 1804 tertia
2534 1763 2681 1816 parte
2712 1755 2877 1805 hunc.
2909 1753 3227 1820 Sagittarius
3255 1756 3426 1806 oritur

1859 1820 2000 1870 horis
2025 1819 2230 1872 duabus
2271 1832 2324 1874 et
2363 1820 2672 1873 duodecima
2707 1832 2855 1887 parte
2888 1825 3030 1875 hora:
3059 1841 3072 1886 ;
3108 1825 3299 1876 occidit
3325 1840 3424 1876 au-

189 1891 481 1962 Mercurius
510 1891 562 1942 in
599 1889 812 1962 Virgine
842 1883 1050 1944 erectus
1075 1930 1090 1952 ,
1144 1891 1467 1962 subvertitur
1499 1891 1552 1943 iu
1587 1890 1748 1962 Pisci-
1781 1883 1823 1941 Β
1857 1898 1960 1962 tem
1993 1888 2117 1940 hora
2150 1905 2212 1942 ac
2241 1891 2445 1944 deuuce
2477 1893 2642 1944 horae.
2697 1883 2765 1945 At
2821 1902 3026 1955 contra,
3063 1883 3183 1962 qua:
3215 1895 3425 1958 oblique

190 1962 307 2015 bus.
348 1961 524 2015 Venus
552 1962 604 2012 in
636 1959 872 2013 Piscibus
902 1970 1079 2014 erecta
1102 2002 1116 2023 ,
1147 1962 1198 2014 in
1229 1960 1441 2028 Virgine
1487 1969 1569 2013 est
1623 1961 1750 2012 sub-

191 2045 366 2084 versa.
425 2029 564 2082 Mars
601 2037 811 2083 erectus
858 2029 909 2081 in
939 2031 1283 2094 Capricorno,
1337 2029 1664 2082 subvertitur
1699 2032 1747 2082 in

182 2100 410 2153 Cancro.
437 2099 646 2166 Jupiter
669 2110 878 2152 erectus
903 2102 953 2151 in
977 2099 1203 2163 Cancro,
1222 2099 1549 2153 subvertitur
1571 2101 1620 2152 in
1649 2099 1750 2150 Ca-

185 2172 454 2232 pricorno.
483 2168 630 2222 Luna
652 2170 703 2222 in
727 2170 901 2223 Tauro
930 2172 1170 2239 erigitur,
1208 2171 1259 2223 in
1293 2171 1594 2239 Scorpiooe
1617 2171 1746 2239 sub-

188 2240 438 2293 vertitur.
470 2239 564 2293 Sol
595 2239 846 2308 praesidet
873 2238 1035 2293 calori
1064 2284 1077 2302 ,
1129 2239 1426 2294 Mercurms
1477 2238 1698 2292 siccitati
1729 2281 1742 2302 ,

183 2308 395 2377 Jupiter
422 2307 638 2371 ventis,
691 2307 870 2378 Venus
913 2310 1166 2363 imbribus
1191 2351 1206 2374 ,
1239 2308 1384 2361 Luna
1438 2308 1744 2378 frigoribus.

184 2379 453 2432 Saturnus
482 2379 654 2444 putior
682 2377 970 2444 irigiditate
989 2419 1002 2440 ,
1040 2380 1177 2431 Mars
1205 2383 1382 2430 calore
1411 2377 1572 2430 nimio
1597 2378 1746 2429 solis.

182 2448 484 2500 Solcaliila:
513 2458 736 2509 natura,
765 2451 962 2500 coloris
990 2449 1157 2500 aurei.
1214 2449 1356 2500 Luna
1410 2447 1609 2510 frigido
1661 2463 1749 2498 ua-

182 2527 343 2583 tum,
375 2520 572 2595 coloris
605 2519 865 2585 argentei.
889 2518 1094 2584 Jupiter
1126 2517 1328 2586 frigida:
1369 2529 1568 2570 uaturm
1595 2557 1608 2577 ,
1662 2535 1754 2568 c0-

178 2675 3303 2704 mm

1858 1957 2121 2020 oriuntur,
2148 1969 2200 2012 et
2227 1971 2366 2013 recta
2391 1962 2656 2024 occidunt,
2691 1962 2964 2016 breviores
2987 1957 3134 2016 ortus
3165 1957 3429 2030 occupiut

1859 2043 2014 2102 quam
2042 2043 2281 2102 occasus.
2307 2030 2541 2096 Denique
2570 2047 2634 2083 ex
2659 2031 2742 2084 bis
2767 2044 2843 2085 est
2866 2036 3072 2102 signum
3089 2033 3423 2096 Capricorni.

1855 2099 1992 2164 quod
2024 2100 2196 2151 oritur
2226 2102 2352 2152 hora
2388 2110 2442 2152 et
2490 2102 2695 2153 deuuce
2748 2099 2939 2164 bone,-
2971 2104 3167 2156 occidit
3219 2103 3428 2156 duabus

1857 2168 2000 2220 horis
2028 2178 2085 2221 et
2111 2169 2420 2222 duodecima
2456 2178 2604 2237 paite
2630 2171 2792 2222 hora}.
2822 2171 3042 2234 Deinde,
3076 2173 3216 2239 quod
3249 2174 3431 2239 sequi-

1860 2247 1943 2288 tur
1969 2241 2305 2306 unumquoqu
2335 2255 2380 2293 -e
2409 2255 2472 2293 ex
2507 2243 2764 2306 oppositis
2800 2244 2954 2296 habet
2980 2245 3028 2294 in
3055 2259 3268 2296 occasu.

1929 2309 2051 2360 Ilmc
2085 2310 2280 2360 habent
2311 2312 2430 2362 ista.
2457 2311 2608 2363 Aries
2642 2326 2760 2363 cuin
2795 2313 2970 2375 Libra,
3007 2314 3056 2366 iu
3091 2324 3211 2367 ortu
3250 2324 3302 2368 et
3328 2327 3429 2366 oc-

1855 2392 1978 2428 casu
2017 2381 2323 2430 concordat.

1929 2445 2135 2518 Taurus
2164 2457 2216 2499 et
2241 2449 2513 2515 Scorpius,
2545 2448 2752 2502 Gemini
2786 2463 2839 2503 et
2861 2453 3197 2518 Sagittarius,
3221 2453 3426 2508 Caucer

1871 2526 1923 2567 ct
1954 2516 2328 2582 Capricornus,
2364 2520 2624 2586 Aquarius
2654 2529 2705 2571 et
2733 2520 2857 2584 Leo,
2887 2516 3064 2576 PiSccs
3091 2532 3145 2575 et
3175 2516 3355 2591 Virgo.

1397 2833 1519 2910 DE
1578 2833 1918 2911 SIGNIS
1975 2835 2258 2912 C(ELI.

255 3012 460 3073 Helice,
487 3010 538 3064 id
569 3010 962 3076 est,‘Arcturus
1010 3011 1211 3079 major,
1270 3011 1426 3065 habet
1477 3013 1527 3062 in
1576 3013 1746 3069 capite

177 3084 364 3140 stellas
392 3083 646 3136 obscuras
673 3092 899 3148 Septem,
933 3081 983 3134 in
1007 3081 1227 3144 singulis
1248 3085 1467 3134 auribus
1488 3081 1740 3148 singulas,

178 3168 343 3223 super
375 3160 558 3220 pectus
580 3150 642 3223 _1,
673 3151 958 3223 inAspatula
989 3152 1048 3212 1,
1077 3151 1341 3223 inp-del
1376 3189 1390 3211 ,
1422 3150 1472 3202 in
1503 3151 1661 3204 dorso
1693 3153 1740 3211 1,

181 3219 390 3277 in'tihia
422 3220 690 3273 anteriore
715 3220 769 3281 2,
801 3233 961 3288 super
1005 3219 1244 3272 eamdem
1275 3222 1335 3276 ‘5:
1388 3230 1510 3272 sunt
1559 3236 1744 3272 omnes

187 3295 276 3346 18.
321 3291 622 3360 Cynosura,
647 3288 760 3342 sive
793 3288 1038 3360 Phoenix,
1070 3291 1155 3354 qui
1187 3300 1241 3342 et
1271 3292 1528 3360 Arcturus
1551 3293 1741 3352 minor,

179 3373 235 3416 et
261 3378 289 3414 a
319 3359 635 3427 quibusdam
666 3360 811 3411 cauis
841 3359 1008 3410 cauda
1040 3368 1257 3413 vocatur
1284 3401 1298 3422 ,
1361 3359 1517 3410 habet
1571 3373 1744 3414 autem

181 3443 279 3500 per
308 3443 732 3500 unumquemque
759 3430 1009 3500 angulum
1039 3429 1090 3479 in
1146 3431 1364 3500 humero
1415 3430 1618 3491 spleudi
1644 3434 1744 3481 iniu

187 3497 240 3564 1,
275 3503 326 3553 in
357 3501 522 3552 cauda
553 3500 603 3549 7).
635 3497 767 3550 Sunt
795 3510 968 3548 autum
998 3497 1133 3550 inter
1177 3497 1360 3549 ambos
1393 3501 1580 3550 Arctos
1621 3503 1743 3550 stel-

183 3573 250 3624 la!
279 3569 370 3622 21.
401 3568 697 3634 Supersunt
729 3577 903 3616 autem
935 3569 1048 3621 alim
1081 3566 1246 3619 stella!
1281 3568 1367 3628 10,
1396 3582 1513 3630 qum,
1545 3583 1652 3634 βαρ
1677 3583 1744 3616 ιθ.

162 3642 316 3693 ’ὀιιηι
341 3681 355 3700 ,
406 3645 459 3689 et
485 3636 727 3688 dicuntur
758 3634 1019 3688 Ludentes
1044 3652 1058 3694 ς
1088 3644 1140 3688 et
1195 3636 1407 3688 minima
1440 3653 1537 3688 una
1564 3679 1577 3699 ,
1630 3653 1745 3697 «pne

179 3717 401 3763 vocatur
433 3706 611 3768 Polus,
642 3703 730 3756 ubi
774 3706 955 3758 dicunt
1004 3713 1170 3757 totum
1223 3707 1476 3759 mundum
1519 3710 1740 3760 revolvi.

186 3775 484 3843 Draco,qui
507 3775 743 3826 continet
768 3784 1017 3842 utrosque
1046 3776 1533 3840 Arcturos,l1elicis
1559 3791 1740 3842 Super-

181 3848 345 3901 volvit
375 3852 531 3912 caput
552 3886 566 3906 ,
609 3843 874 3898 thnicis
901 3845 1266 3912 circumcingit
1310 3846 1552 3898 caudam.
1580 3847 1743 3898 liabet

179 3927 362 3973 autem
413 3915 466 3967 in
513 3914 686 3979 capite
735 3915 916 3968 stellas
954 3915 1258 3977 splendidas
1287 3916 1339 3978 ὅ,
1365 3925 1418 3968 et
1451 3931 1542 3981 per
1572 3926 1737 3966 totum

181 4001 378 4048 corpus
403 3984 469 4036 12
494 4029 507 4049 ,
539 3984 605 4036 ab
628 3984 850 4036 invicem
877 3984 1168 4046 distantes;
1204 3996 1325 4037 sunt
1355 4000 1538 4037 omnes
1580 3985 1668 4035 15.

253 4057 540 4110 Hercules,
572 4052 658 4120 qui
691 4063 837 4106 stans
866 4068 999 4114 genu
1030 4054 1227 4116 ﬂectit,
1264 4055 1418 4106 habet
1463 4063 1637 4105 autem
1690 4054 1738 4105 in

180 4126 357 4191 capite
397 4123 603 4191 stellam
645 4137 824 4191 unam,
871 4121 921 4173 iu
963 4131 1188 4188 utroque
1238 4123 1458 4176 humero
1509 4123 1739 4188 splendi-

179 4189 302 4246 dam
338 4193 388 4254 1,
429 4192 481 4243 in
509 4189 616 4243 cito
645 4189 862 4244 sinistro
895 4192 946 4250 1,
980 4192 1029 4242 in
1062 4193 1243 4244 dextra
1272 4208 1400 4244 coxa
1431 4191 1487 4256 2,
1518 4193 1568 4244 in
1600 4207 1737 4259 genu

180 4263 372 4318 dextro
405 4261 454 4322 1,
484 4262 533 4314 in
556 4259 739 4318 eadem
783 4261 904 4313 tibia
937 4261 985 4326 1,
1019 4263 1070 4314 in
1111 4261 1294 4314 dextra
1334 4278 1489 4314 manu
1517 4263 1563 4321 1,
1597 4273 1648 4315 et
1685 4264 1736 4314 in

185 4333 379 4402 ropulo
421 4345 578 4396 quem
615 4329 1012 4402 tenetueadem
1067 4346 1223 4384 manu
1282 4333 1302 4385 1
1339 4373 1351 4394 ,
1423 4337 1470 4384 in
1511 4333 1736 4402 sinistro

181 4399 317 4474 genu
353 4403 406 4454 in
440 4403 488 4464 1,
531 4399 715 4474 eadem
738 4399 879 4474 _tibia
923 4401 988 4474 1A;
1019 4408 1143 4452 sunt
1171 4416 1355 4474 omnes
1385 4401 1683 4474 duodecim.

250 4473 460 4523 Corona
500 4481 627 4520 vero
667 4468 825 4520 habet
871 4470 1050 4522 stellas
1080 4483 1266 4521 novem
1299 4471 1348 4522 in
1383 4469 1606 4523 circuitu
1637 4485 1730 4536 po-

1841 4378 2167 4442 .splendidam
2199 4381 2249 4441 1,
2293 4383 2392 4434 sub
2443 4395 2657 4448 pctore
2727 4384 2762 4436 2
2791 4426 2804 4445 ,

1841 4449 2167 4515 Splendidam
2205 4455 2252 4514 1;
2285 4462 2408 4502 sunt
2435 4468 2623 4505 omnes
2649 4453 2734 4504 13.

1856 3013 1905 3063 in
1935 3013 2123 3066 dextro
2150 3013 2330 3065 cubito
2355 3022 2604 3078 quatuor,
2637 3013 2690 3064 in
2718 3011 2939 3065 sinistro
2979 3025 3136 3064 uuam
3162 3052 3176 3075 ,
3207 3012 3257 3066 in
3282 3022 3430 3068 utro~

1853 3098 1952 3149 que
1982 3098 2046 3150 ge
2071 3099 2118 3136 tu
2154 3084 2209 3143 1;
2238 3091 2363 3135 sunt
2389 3096 2574 3135 omnes
2608 3081 2690 3136 l6.

1930 3153 2107 3221 Virgo,
2137 3169 2253 3218 quae
2283 3162 2341 3205 et
2367 3152 2578 3206 Justitia
2607 3151 2929 3221 appellatur,
2956 3151 3112 3206 habet
3138 3151 3344 3207 stellam
3370 3153 3423 3209 in

1851 3225 2023 3284 capite
2072 3223 2353 3274 obscuram
2397 3223 2558 3282 .valde
2617 3238 2815 3282 uuam,
2875 3223 2926 3275 iu
2979 3236 3290 3291 unaquaque
3341 3224 3425 3276 ala

1849 3291 2026 3352 duas,
2080 3292 2129 3342 iu
2172 3293 2392 3360 singulis
2436 3293 2669 3345 humeris
2699 3291 2954 3359 singulas,
2986 3291 3039 3345 in
3097 3307 3420 3362 unoquoque

1851 3363 2030 3428 cubito
2060 3377 2238 3424 unam,
2261 3364 2308 3413 in
2332 3362 2550 3428 singulis
2579 3363 2822 3415 manibus
2851 3363 3110 3430 singulas,
3138 3364 3188 3416 in
3221 3366 3414 3431 penula

1852 3431 2150 3482 vestimenti
2182 3447 2298 3490 sex,
2324 3431 2372 3482 iu
2404 3445 2719 3498 unoquoque
2750 3432 2884 3497 pede
2917 3449 3098 3485 unam.

1924 3501 1997 3551 Et
2027 3501 2262 3553 Geminis
2291 3501 2432 3566 prior
2461 3517 2547 3567 qui
2590 3500 2798 3554 excedit
2846 3517 2910 3555 ex
2968 3502 3198 3565 Cancro,
3255 3502 3416 3556 habet

1848 3571 2051 3621 stellam
2105 3573 2155 3621 in
2188 3570 2358 3631 capite
2387 3571 2716 3636 splendidam
2759 3587 2940 3636 uuam,
2977 3574 3026 3624 in
3061 3583 3285 3639 utroque.
3319 3574 3417 3624 bu-

1849 3655 1995 3691 mero
2034 3640 2363 3707 Splendidzuu
2389 3655 2583 3703 unam;
2618 3649 2741 3707 sunt
2767 3656 2952 3694 omnes
3109 3641 3260 3694 Alter
3290 3655 3429 3694 verox

1849 3708 2008 3760 habet
2039 3702 2088 3761 in
2117 3711 2288 3775 capite
2319 3711 2525 3762 stellam
2558 3702 2909 3778 splen'didam,
2968 3711 3018 3762 in
3071 3712 3294 3762 humero
3345 3714 3418 3764 si-

1849 3779 2014 3832 nistro
2037 3795 2212 3841 uuam,
2245 3795 2336 3844 per
2367 3778 2567 3845 singula
2599 3778 2796 3830 femora
2823 3794 3004 3840 uuam,
3031 3779 3080 3832 in
3108 3781 3266 3834 dorso
3287 3793 3411 3842 tres;

1846 3857 1967 3899 sunt
1996 3862 2182 3900 omnes
2209 3849 2261 3900 7.
2295 3848 2436 3902 Inter
2459 3859 2709 3916 utrosque
2739 3863 2865 3902 vero
2896 3849 3198 3904 duodecim.

1914 3937 2117 3990 Cancer
2139 3937 2296 3992 habet
2323 3937 2507 3992 stellas
2539 3941 2847 4007 splendidas
2878 3940 2929 3994 in
2959 3952 3088 3995 testa
3117 3942 3170 4004 4,
3201 3944 3250 3993 in
3282 3941 3414 3994 des.

1851 4007 1944 4080 tris
1974 4009 2197 4080 pedibus
2222 4023 2316 4076 per
2348 4011 2586 4080 singulos
2618 4026 2799 4073 uuam,
2833 4013 2882 4063 in
2917 4013 3138 4064 sinistro
3165 4012 3332 4078 primo
3358 4011 3414 4074 2,

1845 4087 1897 4127 ιιι
1927 4079 1974 4129 in
2001 4078 2220 4131 sinistro
2251 4079 2406 4132 tertio
2442 4078 2496 4143 1,
2529 4083 2577 4131 in
2605 4091 2794 4145 quarto
2829 4080 2879 4142 1,
2915 4081 2963 4132 in
3008 4095 3100 4133 ore
3133 4096 3312 4144 unam,
3359 4080 3412 4132 in

1844 4147 2031 4200 dextro
2072 4149 2211 4202 Iabio
2241 4149 2293 4211 ὅ,
2331 4152 2378 4200 iu
2411 4149 2628 4202 sinistro
2658 4149 2822 4214 duas;
2852 4160 2976 4204 sunt
3001 4165 3188 4204 omnes
3219 4151 3307 4204 18.

1918 4241 2022 4291 Leo
2075 4240 2234 4292 habet
2279 4241 2462 4294 Stellas
2491 4242 2540 4294 in
2587 4241 2758 4307 capite
2797 4241 2863 4307 5,
2916 4245 2964 4296 iu
3009 4244 3214 4298 cervice
3242 4243 3298 4308 2,
3357 4243 3410 4294 in

1845 4320 2060 4375 pectore
2111 4323 2292 4375 unam,
2344 4311 2394 4363 iu
2447 4313 2609 4366 dorso
2636 4322 2762 4375 tres,
2813 4315 2866 4366 in
2898 4314 3201 4367 summitate
3228 4312 3414 4368 caudae

2850 4385 2900 4437 in
2944 4384 3199 4438 anteriori
3279 4383 3410 4452 pede

180 4521 332 4602 sitas,
355 4521 446 4592 sed
478 4551 541 4590 ex
576 4536 714 4608 ipsis
760 4547 878 4590 sunt
924 4521 1032 4591 tres
1075 4521 1461 4606 splendidiores
1488 4540 1553 4592 ad
1586 4521 1738 4608 ca'put

1923 4521 2159 4608 Agitatoir
2209 4523 2366 4608 habet
2403 4524 2609 4608 stellaiu
2644 4523 2720 4598 ⁸1η
2761 4522 2957 4599 capite.
2984 4522 3035 4583 1,
3073 4522 3141 4601 .iu.
3184 4530 3426 4608 utroque

179 4609 427 4676 Serpenti
449 4605 609 4659 Arcti.

251 4677 648 4742 Serpentarius,
679 4676 766 4744 qui
795 4685 847 4730 et
877 4678 1150 4745 Asclepius
1179 4690 1416 4741 vocatur,
1442 4689 1587 4731 stans
1624 4695 1746 4731 vero

179 4763 342 4816 supra
370 4747 717 4816 Scorpionem
759 4755 903 4799 tenet
927 4759 1225 4815 serpentem
1259 4749 1308 4800 in
1342 4749 1607 4803 manibus.
1644 4749 1744 4800 lla-

181 4814 272 4873 het
293 4826 472 4869 autem
503 4815 554 4866 in
583 4814 758 4882 capite
785 4816 992 4868 stellam
1015 4814 1344 4882 splendidam
1371 4818 1422 4879 1,
1452 4817 1502 4867 in
1528 4818 1742 4870 sinistra

183 4901 346 4941 manu
386 4885 438 4946 '5,
470 4884 522 4936 in
550 4883 736 4936 dextra
769 4883 822 4946 4,
854 4885 903 4936 in
926 4895 1146 4947 utraque
1186 4884 1408 4939 humeio
1441 4885 1463 4938 1
1500 4887 1745 4950 Splendi-

179 4958 325 5010 dam.
359 4954 412 5007 lu
441 4954 677 5024 utrisque
732 4953 924 5007 lumbis
972 4955 1022 5017 1,
1075 4955 1124 5007 iu
1181 4964 1405 5022 utroque
1431 4970 1570 5024 genu
1606 4957 1655 5018 1,
1688 4956 1738 5007 iu

181 5029 376 5080 dextra
414 5023 539 5075 tibia
575 5023 626 5088 1,
656 5025 706 5075 in
733 5031 954 5090 utroque
982 5025 1112 5092 pede
1164 5025 1182 5076 1
1213 5042 1226 5088 ;
1269 5033 1391 5077 sunt
1435 5023 1621 5078 amnes
1653 5025 1736 5077 17.

181 5097 420 5162 Serpens
444 5101 771 5162 quemteuet
794 5094 844 5145 in
878 5095 1116 5146 manibus
1149 5094 1302 5146 habet
1331 5094 1510 5146 stellas
1542 5095 1592 5146 in
1643 5109 1742 5146 ca—

182 5161 295 5234 pite
317 5165 373 5224 2,
406 5177 513 5234 per
531 5161 800 5234 reliquum
818 5175 1010 5234 corpus
1039 5164 1102 5234 4;
1133 5161 1262 5234 ﬁunt
1293 5163 1505 5234 insimul
1537 5164 1629 5216 23.

257 5230 482 5299 Scorpio
502 5231 662 5283 habet
683 5230 866 5283 stellas
890 5232 939 5280 in
963 5231 1198 5300 utrisque
1221 5233 1372 5285 labiis
1392 5235 1445 5286 2.
1473 5233 1738 5298 Quantum

185 5303 396 5372 priores
423 5309 798 5372 suntggmagnm,
853 5301 1099 5372 secunda:
1150 5301 1409 5372 obscurae.
1464 5303 1516 5355 In
1568 5303 1740 5355 fronte

189 5367 318 5425 vero
355 5370 409 5432 5,
443 5367 614 5420 media
642 5367 816 5422 autem
839 5384 902 5422 ex
956 5368 1084 5430 ipsis
1121 5369 1444 5435 splendidior
1471 5380 1552 5423 est
1578 5382 1734 5423 (ταξιοα

187 5444 282 5497 ris.
312 5440 365 5492 In
394 5438 544 5505 spina
567 5437 872 5504 splendidas
900 5437 955 5502 5,
987 5438 1036 5491 in
1069 5447 1253 5492 ventre
1271 5439 1324 5503 2,
1357 5439 1406 5492 in
1453 5442 1615 5492 cauda
1665 5441 1696 5491 .5
1722 5481 1735 5501 ,

183 5524 344 5579 super
365 5507 602 5579 aculeum
627 5507 713 5579 2;_
717 5517 840 5559 sunt
867 5522 1054 5562 omnes
1085 5507 1173 5562 19.

256 5576 420 5634 Arcas
443 5615 458 5640 ,
487 5578 572 5644 qui
602 5585 656 5630 et
684 5576 756 5629 Bo
780 5587 873 5631 ites
895 5618 910 5641 ,
941 5589 1115 5631 custos
1147 5577 1362 5644 plaustri
1396 5578 1562 5630 fertur
1591 5593 1732 5632 esse.

187 5651 356 5705 “aitet
383 5658 558 5699 autem
583 5645 764 5698 stellas
795 5645 845 5698 in
875 5647 1090 5700 dextera
1120 5662 1297 5708 manu,
1345 5664 1462 5714 qua:
1502 5662 1603 5699 non
1649 5662 1739 5702 oc-

183 5720 672 5783 ridunt,quatuor;
731 5716 781 5767 in
834 5717 1011 5779 capite
1064 5717 1391 5784 splendidam
1449 5733 1629 5779 uuam,
1686 5719 1737 5772 in

188 5800 411 5857 utroque
442 5787 666 5840 humero
695 5800 872 5850 unam,
899 5787 948 5840 in
973 5788 1204 5855 utrisque
1231 5788 1535 5842 msmuiillis
1558 5804 1737 5857 unam,

1853 4588 2071 4641 humero
2127 4591 2168 4651 l,
2203 4591 2293 4642 sed
2326 4606 2386 4643 ea
2417 4601 2499 4644 est
2527 4590 2742 4651 clarior,
2786 4605 2902 4656 qua:
2945 4589 2995 4642 in
3044 4590 3258 4643 sinistro
3308 4588 3406 4642 liu-

1828 4672 1996 4709 'mero
2021 4667 2121 4712 est.
2156 4659 2209 4712 In
2243 4671 2461 4726 utroque
2486 4661 2662 4712 cubito
2701 4659 2749 4721 1,
2782 4660 2832 4711 in
2855 4660 3046 4712 dextra
3082 4675 3237 4711 manu
3273 4659 3321 4722 1,
3355 4659 3408 4712 in

1847 4729 2152 4782 summitate
2182 4743 2369 4782 manus
2400 4730 2627 4781 sinistrae
2656 4729 2709 4786 2,
2746 4739 2797 4780 et
2841 4744 3000 4795 super
3031 4732 3142 4797 ipsii
3189 4728 3415 4782 brachio

1847 4798 2029 4849 edulos
2055 4798 2089 4848 2
2113 4839 2126 4859 ,
2160 4809 2213 4850 et
2245 4800 2295 4848 in
2339 4807 2562 4866 utroque
2618 4800 2774 4852 edulo
2807 4803 3011 4854 stellam
3061 4815 3258 4854 uuam:
3290 4807 3412 4854 sunt

1845 4881 2027 4918 omnes
2062 4868 2138 4917 10.

1919 4935 2119 5005 Taurus
2147 4935 2304 4988 habet
2336 4937 2520 4991 stellas
2554 4939 2604 4992 in
2633 4949 2855 5005 utroque
2896 4955 3061 4993 cornu
3095 4939 3142 4997 1.
3183 4941 3234 4992 in
3261 4938 3408 4991 fron-

1847 5012 1894 5055 te
1919 5004 1972 5067 2,
2019 5020 2108 5070 per
2141 5006 2378 5074 singulos
2424 5009 2606 5062 oculos
2650 5009 2675 5061 1
2705 5050 2720 5073 ,
2766 5004 2819 5061 in
2869 5025 2997 5063 nare
3033 5010 3078 5061 1.
3112 5009 3199 5061 lite
3229 5016 3406 5061 autem

1844 5075 2012 5126 stella:
2046 5075 2284 5146 Pleiades
2329 5085 2382 5130 et
2426 5077 2676 5146 Virgilian.
2705 5093 2910 5132 necnon
2936 5090 2988 5132 et
3017 5078 3290 5132 subucula:
3319 5077 3409 5131 di.

1843 5153 2062 5216 cuntur;
2096 5143 2145 5216 in
2177 5156 2396 5213 utroque
2422 5143 2558 5212 genu
2594 5149 2642 5206 1,
2671 5149 2719 5200 in
2754 5151 2987 5216 paleario
3009 5147 3063 5210 2,
3095 5150 3145 5200 in
3177 5147 3318 5201 collo
3345 5147 3406 5211 2,

1844 5213 1894 5264 iu
1925 5215 2086 5268 dorso
2116 5215 2168 5276 5,
2195 5216 2473 5280 exquibus
2515 5213 2798 5272 novissima
2851 5217 3123 5281 splendida
3179 5226 3301 5281 est;
3353 5225 3406 5277 in

1844 5297 2023 5337 ventre
2053 5299 2230 5345 unam,
2265 5285 2314 5337 iu
2350 5293 2563 5351 pectore
2590 5303 2746 5340 unam
2780 5305 2793 5350 ;
2824 5295 2947 5340 sunt
2974 5300 3161 5340 omnes
3189 5286 3273 5342 18.

1911 5374 2173 5448 Cepimus
2215 5375 2371 5430 habet
2404 5377 2454 5430 in
2492 5379 2660 5444 capite
2705 5379 2888 5432 stellas
2930 5379 3234 5448 splvndidas
3261 5385 3317 5446 2,
3355 5391 3410 5436 et

1845 5443 1892 5520 in
1921 5445 2105 5520 dextra
2155 5462 2309 5520 manu
2340 5443 2666 5520 splendidam
2705 5449 2724 5499 1
2761 5487 2775 5510 ,
2836 5452 2887 5503 in
2923 5443 3147 5520 utroque
3179 5443 3400 5505 humero

1847 5515 1891 5586 1,
1920 5517 1967 5564 in
1999 5529 2130 5586 zona
2163 5516 2233 5586 5,7
2268 5517 2318 5568 iu
2350 5519 2533 5568 dextro
2583 5516 2746 5586 latere
2785 5534 2850 5573 ex
2901 5515 3201 5575 transverso
3240 5534 3400 5586 super

1845 5583 2066 5645 illum7,
2097 5585 2148 5638 iu
2193 5585 2409 5637 sinistro
2461 5599 2598 5651 genu
2630 5585 2700 5656 72,
2759 5589 2808 5642 in
2865 5593 3170 5643 summitate
3211 5583 3399 5656 pedum

1842 5663 2080 5727 quatuor;
2108 5665 2230 5708 sunt
2261 5668 2447 5727 omnes
2473 5655 2562 5727 2|.
2601 5655 2695 5711 llic
2721 5669 2894 5712 autem
2929 5664 2979 5712 in
3009 5655 3395 5727 Septentriouis

1841 5721 2094 5798 incisione
2140 5725 2479 5798 constituitur
2507 5726 2642 5798 inter
2689 5730 2922 5785 medium
2957 5721 3396 5798 Septentrionalis

1842 5791 2026 5846 circuli
2051 5800 2100 5846 et
2132 5793 2347 5847 mstivali
2376 5795 2622 5851 solstitio.
3029 5791 3066 5799 ”
