3922 6246
470 364 573 423 947

534 489 839 554 CassiOpeia
880 490 1040 545 habet
1082 490 1132 543 in
1174 490 1346 553 capite
1374 488 1581 542 stellam
1612 488 1942 551 splendidam
1974 491 2027 548 1,
2060 486 2103 541 A

466 558 517 612 in
548 568 770 627 utroque
798 560 1019 613 humero
1042 560 1367 626 splendidam
1402 560 1421 610 1
1458 597 1475 621 ,
1528 558 1579 610 in
1634 558 1820 612 dextra
1873 568 2023 624 parte

466 630 695 688 pectoris
724 630 1050 697 splendidam
1088 632 1136 687 1,
1171 631 1221 680 in
1251 630 1438 681 dextro
1482 627 1663 680 cubito
1697 632 1747 693 1,
1793 630 1845 681 in
1874 640 2020 682 utra-

465 715 685 764 rumque
725 715 970 753 manunm
996 700 1298 751 summitate
1323 699 1650 765 splendidam
1680 699 1728 757 1,
1765 701 1816 750 in
1848 699 2023 752 umbi-

464 770 565 819 lico
594 769 921 831 Splendidam
944 778 995 821 et
1020 783 1261 835 magnam
1298 768 1316 818 1
1356 808 1367 821 .
1399 768 1450 820 in
1483 768 1696 820 sinistro
1737 768 1935 823 feruore
1964 768 2018 829 2,

462 839 514 888 iu
544 853 682 900 genu
712 840 1039 901 splendidam
1074 840 1092 890 1
1128 882 1140 898 ,
1190 847 1245 891 et
1286 853 1379 904 per
1428 836 1662 905 singulos
1698 840 1919 908 angulos
1968 840 2018 891 in

464 909 768 959 summitate
796 910 1036 961 sellulm1
1067 925 1079 971 ;
1114 918 1233 960 sunt
1262 922 1450 960 omnes
1484 907 1569 959 15.

530 977 863 1032 Andromeda
894 978 1051 1032 habet
1078 978 1282 1031 stellam
1314 977 1641 1038 splendidam
1670 976 1721 1029 in
1749 977 1920 1041 capite
1960 980 2007 1041 1,

461 1045 509 1098 in
537 1058 758 1112 utroque
781 1050 1005 1101 lrtmero
1030 1050 1077 1110 1,
1111 1048 1161 1100 in
1192 1047 1369 1101 cubito
1396 1047 1583 1099 dextro
1630 1049 1682 1107 1,
1714 1050 1764 1099 in
1796 1048 2016 1100 sinistro

461 1117 512 1175 1,
546 1118 596 1168 in
625 1119 937 1171 summitate
980 1132 1165 1169 manus
1216 1116 1546 1185 splendidam
1582 1117 1633 1179 1,
1667 1117 1716 1167 in
1747 1116 2013 1182 pedalium

457 1188 759 1241 summitate
794 1186 1097 1251 Splendidas
1122 1186 1173 1249 2,
1210 1187 1260 1238 in
1288 1202 1421 1240 zona
1450 1188 1501 1246 5,
1536 1200 1696 1248 super
1724 1201 1913 1239 zonam
1938 1188 1972 1240 Δ
1996 1228 2011 1251 ,

458 1258 507 1306 lu
539 1272 858 1322 unoquoque
888 1273 1023 1326 genu
1049 1256 1379 1321 splendidam
1409 1259 1458 1320 1,
1493 1255 1546 1308 in
1579 1255 1771 1310 dextro
1796 1256 1929 1321 pede
1951 1256 2008 1321 2,

456 1326 503 1376 in
536 1326 746 1379 sinistro
778 1342 933 1379 unam
960 1344 973 1389 ;
1009 1336 1131 1379 sunt
1154 1342 1340 1379 omnes
1358 1326 1445 1378 21.

529 1397 723 1462 Equus,
768 1397 855 1464 qui
909 1397 1165 1449 bellorum
1199 1396 1316 1447 fons
1347 1406 1399 1448 et
1428 1394 1751 1449 Belloforeus
1789 1396 2007 1463 dicitur,

454 1462 610 1518 habet
640 1462 819 1519 stellas
846 1468 896 1517 in
921 1474 1094 1517 rostro
1124 1464 1157 1516 2
1183 1466 1453 1528 obscuras,
1504 1466 1555 1517 in
1581 1464 1754 1532 capite
1777 1467 2009 1533 splendi-

452 1535 570 1584 dum
604 1538 655 1597 1,
684 1537 733 1588 in
767 1536 979 1588 maxilla
1014 1536 1065 1595 1,
1090 1537 1139 1587 in
1168 1537 1405 1601 utrisque
1444 1534 1657 1587 auribus
1680 1535 2008 1597 splendidam

452 1603 503 1661 1,
539 1604 588 1674 in
617 1606 821 1658 cervice
850 1605 903 1667 Α,
943 1605 994 1658 in
1028 1608 1249 1658 humero
1274 1605 1323 1665 1,
1366 1607 1416 1657 iu
1465 1614 1676 1671 pectore
1702 1605 1752 1667 1,
1777 1603 1826 1657 in
1857 1607 2005 1674 spina

451 1678 504 1727 1.
537 1673 587 1727 in
622 1676 874 1727 umbilico
909 1676 929 1728 1
968 1674 1207 1734 nitidam,
1261 1675 1312 1727 in
1370 1684 1595 1740 utroque
1644 1690 1779 1743 genu
1828 1673 2008 1738 1,7per

447 1743 685 1810 singulos
717 1760 917 1809 ungues
946 1748 1239 1797 anteriores
1269 1760 1424 1796 unam
1446 1758 1461 1806 ;
1485 1754 1608 1797 sunt
1628 1758 1815 1798 omnes
1845 1745 1929 1799 19.

958 370 1158 426 ΒΕῡᾸΞ
1203 369 1649 425 VENERABILIS
1686 369 1833 425 OZ'P.
1877 368 1998 425 PAll

2117 412 2119 421 ν
2160 368 2349 427 SECT.
2395 373 2455 427 ΙΙ.
2488 405 2555 420 --
2596 374 2795 431 DUBIA
2840 376 2926 430 ET
2966 371 3231 431 SPURIA.

3598 369 3711 427 918

2205 486 2378 552 Lepus
2406 489 2565 543 habet
2602 492 2783 545 stellas
2814 492 2864 545 in
2892 494 3129 556 iurisque
3168 492 3379 543 auribus
3416 492 3467 553 1,
3501 492 3555 545 in
3578 505 3707 545 cor-

2132 571 2258 622 pore
2281 557 2339 629 2,
2374 560 2422 611 in
2452 560 2613 613 dorso
2642 562 2859 614 nitidam
2895 564 2944 621 1,
2971 562 3020 613 in
3056 562 3447 629 posteriOribus,
3465 564 3700 629 pedibus

2126 640 2219 693 per
2248 628 2480 688 singulos
2514 632 2533 682 1
2561 647 2575 693 ;
2602 641 2724 683 sunt
2751 645 2937 685 omnes
2951 632 3015 686 .7.

2194 698 2465 761 (Ianiculo,
2487 714 2608 767 quae
2633 702 2802 754 oritur
2824 716 2934 765 post
2958 702 3229 760 Orionem,
3266 699 3425 753 habet
3473 701 3689 754 stellam

2123 768 2451 827 Splendidam
2480 771 2528 821 in
2562 770 2737 836 lingua
2768 786 2923 824 unam
2955 810 2970 832 ,
3010 786 3166 839 quam
3198 770 3335 838 Syrii
3368 785 3556 822 canem
3592 784 3693 821 vo-
3760 818 3763 819 ,

2121 845 2246 888 rant
2290 838 2591 891 rutilantem
2634 841 2886 903 multum,
2932 849 2987 894 et
3034 857 3126 903 per
3164 840 3434 893 intervalla
3478 842 3695 893 colores

2122 914 2411 959 mutintem
2440 927 2451 959 :
2482 910 2640 964 habet
2666 911 2717 963 in
2743 922 2967 972 utroque
3013 912 3236 963 humero
3282 912 3567 961 obscuram
3618 918 3637 961 1
3672 949 3691 969 .

2122 976 2171 1047 iu
2231 978 2540 1039 pectore2,
2572 980 2625 1031 in
2677 982 2927 1034 anteriori
2973 981 3105 1047 pede
3154 980 3372 1032 sinistro
3422 987 3536 1033 tres
3567 1019 3583 1039 .
3634 979 3689 1031 in

2123 1044 2311 1097 dextro
2340 1062 2519 1113 unam,
2550 1063 2705 1114 supra
2739 1050 2953 1103 dorsum
2975 1044 3113 1111 tres,
3146 1050 3196 1101 in
3230 1058 3413 1101 ventre
3449 1059 3583 1108 tres.
3631 1050 3690 1101 ita

2117 1116 2335 1167 sinistro
2365 1117 2545 1168 lumbo
2573 1134 2730 1171 unam
2766 1160 2779 1178 ,
2830 1120 2882 1171 in
2937 1120 3220 1186 posteriori
3265 1118 3489 1171 sinistro

2119 1199 2276 1236 unam
2306 1203 2319 1240 :
2354 1187 2404 1239 in
2428 1190 2731 1241 summitate
2751 1191 2930 1241 caudae
2956 1190 2979 1242 1
3006 1208 3018 1253 ;
3043 1199 3166 1241 sunt
3190 1203 3376 1242 omnes
3405 1187 3496 1240 17.

2190 1253 2389 1318 Navis,
2436 1272 2555 1323 qua:
2608 1260 2744 1324 apud
2786 1259 3012 1324 Argivos
3040 1261 3180 1323 Argo
3218 1270 3476 1320 vocatur,
3527 1258 3693 1313 habet

2116 1324 2295 1375 stellas
2321 1326 2371 1378 in
2397 1328 2646 1379 anteriori
2680 1337 2826 1391 parte
2855 1330 3004 1383 navis
3038 1328 3087 1384 4.
3118 1339 3173 1382 et
3214 1328 3266 1381 in
3301 1328 3459 1393 puppi
3505 1327 3538 1378 4
3569 1366 3587 1391 ,
3630 1331 3687 1381 in

2084 1405 2339 1461 utroque
2397 1394 2618 1450 humero
2668 1398 2741 1460 5,
2795 1399 2847 1453 in
2902 1399 3015 1453 velo
3044 1396 3113 1462 5,
3158 1398 3211 1450 in
3257 1410 3405 1451 costa
3433 1398 3509 1459 5;
3554 1409 3688 1452 sunt

2113 1476 2302 1516 omnes
2330 1466 2418 1517 ‘21.

2120 1599 2132 1609 .
2182 1534 2343 1609 (ἵειιιξ
2365 1534 2463 1609 sub
2482 1536 2662 1609 Ariete
2683 1548 2736 1591 et
2760 1536 2998 1609 Piscibus
3018 1535 3474 1609 gradienghabet
3496 1535 3683 1609 stellas

2121 1603 2171 1676 in
2204 1605 2368 1655 cauda
2388 1603 2423 1655 2
2444 1607 2734 1670 obscuras;
2778 1622 2806 1660 a
2837 1608 3002 1660 cauda
3028 1603 3201 1676 usque
3240 1606 3303 1659 ad
3338 1606 3573 1673 gimbum
3604 1608 3637 1659 6
3664 1649 3679 1667 .

2111 1668 2166 1723 in
2201 1682 2383 1725 ventre
2413 1676 2482 1738 6;
2506 1684 2633 1729 sunt
2659 1668 2847 1730 omnes
2875 1678 2961 1730 11.

2190 1740 2378 1815 βυτ-εὶς,
2410 1743 2497 1811 qui
2528 1754 2582 1798 et
2613 1746 2873 1799 Eridanus
2904 1786 2917 1806 .
2959 1753 3012 1798 et
3048 1760 3077 1797 a
3114 1745 3428 1815 quibusdam
3474 1742 3627 1815 Nilus
3660 1784 3681 1809 ,

522 1816 670 1887 Aries
708 1810 865 1887 habet
905 1816 1109 1887 stellam
1144 1814 1195 1887 in
1226 1815 1398 1880 rapite
1427 1829 1609 1887 uuam,
1637 1814 1687 1865 in
1712 1830 1846 1887 nare
1873 1825 2001 1881 tres,
2038 1829 2083 1887 Β
2110 1810 2199 1887 qui
2223 1810 2464 1887 et_Ge0u_.
2491 1828 2521 1867 e
2544 1816 2852 1887 meridianis
2876 1814 3110 1887 partibus
3134 1810 3341 1887 habens
3371 1814 3579 1866 initium
3603 1820 3671 1867 ad

449 1884 500 1933 in
534 1885 669 1936 collo
700 1885 830 1939 duas
854 1926 869 1947 ,
902 1886 953 1937 in
981 1885 1285 1937 summitate
1313 1883 1594 1937 an'erioris
1627 1883 1776 1951 pedis
1805 1899 1961 1937 unam
1985 1927 1999 1949 ,

449 1954 498 2004 io
532 1954 694 2006 dorso
721 1962 967 2022 quatuor,
996 1959 1046 2007 in
1075 1958 1241 2006 cauda
1270 1968 1454 2016 unam,
1487 1954 1539 2005 in
1573 1962 1758 2006 ventre
1781 1965 1887 2007 tres
1913 1996 1928 2019 ,
1959 1958 2010 2009 in

446 2024 624 2075 lumbo
651 2040 833 2090 unam,
868 2027 1154 2087 in,summo
1186 2023 1332 2090 pedis
1362 2022 1384 2075 1
1414 2039 1426 2085 ;
1461 2030 1585 2075 sunt
1613 2038 1800 2076 omnes
1833 2024 1918 2076 17.

518 2094 866 2155 'l‘rianaulus,
909 2094 995 2161 qui
1023 2094 1163 2160 jacet
1192 2106 1349 2159 supra
1381 2100 1539 2159 caput
1583 2092 1777 2146 Arietis
1801 2131 1817 2155 ,
1852 2092 2011 2147 habet

446 2166 632 2216 stellas
678 2179 771 2231 per
817 2165 1051 2226 singulos
1081 2163 1304 2219 angulos
1353 2164 1375 2215 1
1437 2161 1687 2227 nitidam,'
1724 2177 1790 2216 ex
1819 2164 2010 2231 quibus

447 2248 546 2284 una
578 2244 656 2285 est
683 2234 1007 2299 splendidior
1033 2233 1262 2286 ceteris.

521 2301 686 2357 Piscis
717 2304 1027 2371 Aquilonius
1060 2303 1220 2354 habet
1244 2301 1427 2354 stellas
1475 2300 1561 2362 12,
1588 2370 1591 2371 ν
1620 2301 1880 2356 Australis
1920 2302 2004 2358 15.

444 2370 685 2424 Linteum
716 2370 898 2425 eorum
934 2373 982 2424 iu
1014 2386 1117 2438 quo
1146 2372 1484 2425 continentur
1516 2370 1677 2425 habet
1705 2373 1887 2426 stellas
1939 2377 2002 2427 ad

442 2442 758 2501 Aquilonem
790 2442 843 2503 5,
877 2442 939 2494 ad
972 2455 1214 2495 occasum
1246 2442 1299 2506 5,
1329 2443 1393 2495 ad
1416 2443 1683 2495 orientem
1714 2441 1770 2507 5,
1792 2443 1845 2496 in
1870 2458 1997 2498 con-

442 2527 579 2564 ncxu
609 2514 672 2574 5;
703 2523 823 2565 sunt
850 2526 1034 2564 omnes
1065 2512 1151 2564 59.

518 2584 761 2643 Perseus,
794 2583 879 2647 qui
918 2581 1084 2634 fertur
1116 2591 1295 2634 tenere
1324 2590 1481 2647 caput
1513 2578 1794 2648 Gorgonis,
1846 2580 2002 2638 habet

440 2654 619 2703 stellas
652 2651 703 2702 in
735 2658 957 2719 utroque
982 2652 1202 2703 humero
1244 2649 1575 2715 splendidam
1614 2652 1663 2715 1,
1691 2653 1743 2704 in
1769 2657 2000 2707 summi-

444 2730 549 2772 tate
583 2735 767 2772 manus
797 2718 998 2773 dextra:
1026 2736 1181 2773 unam
1207 2759 1221 2779 ,
1255 2720 1304 2769 in
1336 2718 1575 2785 ejusdem
1612 2721 1790 2773 cubito
1817 2737 1996 2788 unam,

442 2792 494 2840 in
525 2805 619 2842 suo
645 2792 827 2842 mitate
858 2805 1044 2842 manus
1073 2789 1299 2841 sinistrae
1323 2804 1501 2851 unam,
1533 2790 1585 2841 in
1611 2800 1794 2844 ventre
1818 2807 1996 2855 unam,

442 2861 493 2911 in
527 2860 715 2912 dextro
757 2860 843 2911 luo
870 2860 936 2911 bo
993 2859 1208 2911 nitidam
1254 2874 1409 2911 unum
1439 2898 1451 2917 ,
1488 2858 1539 2909 iu
1582 2858 1769 2913 dextro
1798 2860 2000 2917 femore

441 2929 768 2985 splendidam
795 2945 976 2992 unam,
1009 2932 1057 2978 in
1092 2940 1316 2992 utroque
1337 2943 1471 2993 genu
1507 2942 1683 2992 unam,
1717 2929 1770 2982 in
1793 2930 1917 2984 tibia
1942 2934 1995 2984 2.

442 2997 744 3061 Gorgonius
774 3010 948 3053 autem
976 2998 1169 3051 dicitur
1201 2997 1395 3050 habere
1425 2996 1477 3049 in
1504 2997 1675 3062 capite
1704 2998 1909 3054 stellam
1943 3002 1995 3066 1,

440 3079 486 3120 et
520 3069 570 3121 in
602 3068 837 3122 crinibus
868 3068 934 3129 5',
969 3077 1093 3120 sunt
1122 3080 1309 3129 omnes
1349 3068 1428 3119 l6.

514 3138 633 3191 Lira
662 3137 819 3192 habet
848 3138 1025 3191 stellas
1049 3138 1100 3208 in
1127 3146 1349 3208 utroque
1370 3135 1578 3201 pectine
1608 3138 1658 3201 1,
1685 3136 1739 3191 in
1763 3136 1995 3208 singulas

442 3208 657 3265 tedales
690 3211 739 3267 1,
794 3209 841 3260 in
889 3207 1105 3261 modulo
1140 3206 1159 3258 1
1189 3243 1205 3268 ,
1240 3207 1289 3257 in
1322 3214 1545 3273 utroque
1590 3207 1811 3260 humero
1847 3206 1897 3273 l,
1940 3212 1991 3263 in

440 3278 561 3343 iugo
593 3280 645 3343 1,
680 3279 728 3329 in
764 3286 1014 3345 tympano
1040 3274 1369 3345 splendidam
1421 3286 1575 3343 atque
1616 3278 1939 3335 candidam1
1980 3298 1992 3344 ;

341 3345 347 3351 ’
438 3358 559 3398 sunt
589 3363 775 3401 omnes
800 3354 849 3401 9.

511 3418 706 3484 tlignns
738 3418 893 3469 habet
939 3416 1146 3469 Stellam
1191 3416 1243 3468 in
1284 3414 1455 3484 capite
1496 3414 1823 3483 Splendidam
1856 3419 1911 3483 1,
1943 3419 1993 3473 in

440 3488 579 3537 collo
610 3486 940 3552 splendidam
976 3486 1025 3547 1,
1054 3487 1105 3537 in
1138 3486 1325 3538 dextra
1357 3486 1436 3538 ala
1468 3484 1499 3534 5
1522 3527 1533 3541 ,
1568 3502 1724 3539 unam
1753 3488 1992 3553 nitidam,

439 3570 556 3621 quae
585 3565 666 3609 est
710 3558 847 3609 circa
893 3555 1122 3617 collum;
1167 3556 1225 3607 in
1262 3555 1472 3606 sinistra
1499 3554 1576 3605 ala
1610 3557 1663 3620 5,
1694 3556 1742 3606 in
1773 3572 1996 3624 corpore

438 3640 617 3689 unum,
656 3628 706 3679 in
746 3624 961 3695 genitali
994 3638 1091 3677 suo
1124 3640 1365 3695 magnam
1391 3626 1411 3677 1
1438 3639 1455 3689 ;
1488 3626 1813 3695 stmtomnes
1845 3629 1933 3683 11.

513 3692 771 3761 Aquarius
825 3694 982 3747 habet
1018 3692 1302 3745 stellas’in
1348 3697 1519 3755 capite
1544 3692 1576 3743 '2
1602 3698 1853 3751 obscuras
1880 3737 1895 3761 ,
1942 3699 1992 3752 in

438 3775 662 3829 utroque
686 3767 906 3817 humero
926 3762 1257 3831 splendidam
1286 3764 1336 3825 1,
1361 3763 1411 3815 in
1434 3765 1655 3816 summis
1676 3765 1918 3820 manibus
1945 3770 1991 3831 1,

438 3849 528 3896 per
551 3836 783 3901 singulas
807 3832 1122 3887 mamniillas
1147 3835 1197 3897 1,
1214 3832 1400 3885 subtus
1418 3835 1733 3888 mammillas
1760 3850 1823 3888 ex
1848 3847 1995 3892 utra-

437 3919 540 3975 que
568 3915 715 3975 parte
736 3907 785 3967 1,
808 3903 1095 3975 inisinislro
1130 3902 1579 3975 lumbo_ttttam,»in
1606 3913 1828 3975 utroque
1857 3922 1993 3975 genu

438 3975 489 4035 1,
524 3970 579 4025 in
601 3974 785 4026 dextra
819 3974 939 4027 tibia
974 3974 1021 4033 1,
1051 3972 1101 4023 in
1134 3970 1354 4036 singulis
1386 3973 1606 4037 pedibus
1641 3974 1659 4024 1
1689 3991 1702 4035 ;
1730 3970 1990 4027 sunt‘om-

437 4057 531 4093 nes
582 4044 669 4096 18.
698 4043 893 4095 El'fusio
924 4052 1097 4095 autem
1132 4042 1190 4094 ﬁt
1218 4043 1404 4093 dextra
1442 4043 1695 4109 lazvaque,
1741 4044 1791 4096 in
1816 4058 1915 4112 qua
1961 4046 1995 4097 2

438 4122 561 4163 sunt
606 4114 918 4175 splendidae,
951 4122 1158 4165 caetera!
1189 4126 1314 4163 vero
1345 4112 1601 4165 obscurae.

505 4181 859 4248 Capricornus
901 4183 1058 4234 habet
1086 4183 1136 4232 in
1170 4190 1393 4247 utroque
1423 4194 1586 4232 cornu
1622 4182 1802 4236 stellas
1830 4182 1885 4245 2,
1940 4186 1991 4238 in

438 4251 650 4303 mribus
700 4251 1031 4317 splendidam
1060 4252 1117 4321 71,
1144 4250 1203 4321 Vin
1252 4250 1422 4321 capite
1468 4250 1531 4321 2,
1564 4250 1616 4321 in
1641 4251 1782 4304 collo
1808 4253 1992 4321 splen-

438 4320 611 4395 ilidim
641 4321 693 4395 1_,
724 4322 775 4395 iu
810 4332 1019 4395 pectore
1046 4320 1102 4395 2,
1139 4320 1191 4395 in
1236 4320 1489 4395 anteriori
1522 4318 1653 4395 pede
1687 4322 1737 4386 1,
1769 4318 1993 4395 in_:sum-

438 4392 620 4442 mitate
668 4390 832 4458 ipsius
877 4391 1025 4457 pedis
1056 4392 1107 4450 1,
1139 4390 1191 4441 iu
1223 4389 1380 4442 dorso
1408 4387 1438 4439 Ἰ
1472 4430 1486 4453 ,
1521 4387 1573 4442 in
1609 4398 1795 4445 ventre
1821 4390 1854 4444 5
1878 4431 1895 4458 ,
1939 4394 1991 4446 in

439 4458 598 4511 rauda
622 4458 689 4524 2;
715 4468 836 4513 sunt
861 4475 1048 4513 omnes
1078 4460 1169 4512 26.

2023 3170 2070 3233 C

2160 1880 2323 1953 rionis
2352 1883 2538 1948 pedem
2569 1886 2829 1947 tendens;
2862 1880 3106 1953 subiacet
3131 1887 3179 1939 ei
3216 1886 3368 1939 stella
3406 1898 3525 1951 qua:
3576 1899 3675 1937 vo-

2110 1959 2263 2002 catur
2282 1952 2543 2018 CanOpos.
2563 1970 2683 2022 quas
2714 1956 2875 2020 tangit
2898 1955 3183 2019 splendens
3206 1966 3493 2009 temonem.
3512 1953 3674 2006 Navis

2110 2021 2589 2095 spatium_parvum
2616 2032 2775 2095 patet,
2802 2040 2868 2078 eo
2889 2025 3025 2091 quod
3056 2026 3192 2095 circa
3218 2033 3415 2095 terram
3441 2037 3559 2095 8523
3590 2026 3672 2095 El‘

2109 2086 2265 2160 detur
2296 2108 2309 2141 :
2346 2089 2504 2145 habet
2534 2086 2717 2147 stellas
2742 2094 2790 2145 io
2818 2086 2986 2160 prima
3018 2096 3133 2148 acie
3157 2093 3210 2157 5,
3238 2086 3292 2147 in
3324 2092 3557 2147 secunda
3587 2091 3625 2143 5
3654 2133 3671 2157 ,

2111 2157 2163 2209 in
2186 2161 2346 2229 tertia
2374 2163 2426 2223 5,
2458 2178 2624 2229 usque
2653 2166 2715 2215 ad
2742 2157 3028 2216 novissima
3056 2179 3168 2219 ser.

2181 2228 2350 2301 plsClS
2394 2228 2613 2301 magnus
2650 2243 2702 2286 et
2750 2236 2941 2287 Auster
2980 2234 3209 2297 dicitur,
3260 2248 3289 2287 a
3340 2232 3672 2298 Capricorno

2110 2300 2475 2370 uSQuepisces
2496 2300 2614 2370 ejus
2643 2303 2913 2370 longitudo
2936 2302 3281 2369 provolvitur,
3306 2303 3394 2370 qui
3421 2302 3668 2369 subjieet

2104 2369 2338 2435 Aquario
2358 2383 2408 2424 et
2429 2369 2646 2437 suseipit
2673 2374 2786 2439 ejus
2813 2374 3147 2426 elfusiouem.
3169 2369 3334 2426 llabet
3360 2373 3545 2427 stellas
3571 2374 3662 2436 12,

2106 2440 2393 2510 exquibus
2421 2455 2541 2495 esse
2573 2443 2739 2496 fertur
2768 2446 2866 2496 sub
2896 2443 3117 2509 pedibus
3164 2442 3376 2510 Aquarii
3402 2483 3417 2503 ,
3463 2452 3518 2495 et
3557 2451 3670 2496 tres

2106 2507 2157 2557 in
2190 2507 2399 2561 brancis
2426 2510 2545 2578 ejus
2575 2530 2587 2562 :
2620 2512 2745 2577 ἰρςιε
2789 2507 2963 2566 autem
3001 2507 3257 2566 clariores
3292 2513 3505 2566 caeteris
3543 2526 3673 2566 esse

2104 2588 2412 2631 ﬂOSCUlllUl‘.

2172 2645 2499 2719 sacrarium,
2542 2651 2679 2719 quod
2711 2660 2761 2704 et
2786 2652 2984 2703 Fanum
3008 2652 3289 2718 accipitur,
3319 2651 3417 2702 hoc
3445 2650 3661 2717 signum

2100 2718 2343 2787 sequitur
2370 2718 2592 2773 caudam
2621 2723 2792 2787 magni
2836 2723 3039 2785 Scorpii
3067 2764 3079 2780 ,
3106 2722 3399 2774 circumdat
3426 2720 3667 2786 Septen-

2102 2785 2323 2839 trionem
2352 2798 2406 2840 et
2433 2791 2673 2854 quaedam
2707 2785 2830 2858 pars
2862 2792 3105 2843 obtusior
3137 2792 3344 2843 Arcturi
3372 2831 3385 2849 ,
3415 2785 3667 2859 quaidzim

2100 2864 2273 2908 autem
2304 2860 2410 2909 cito
2436 2860 2535 2911 sub
2570 2859 2799 2926 Vespere
2829 2861 3023 2913 deﬁcit.
3061 2861 3223 2912 Habet
3250 2870 3427 2911 autem
3475 2862 3671 2913 stellas

2099 2936 2261 2991 super
2289 2928 2595 2981 craticulam
2623 2930 2678 2990 2,
2715 2932 2762 2981 in
2790 2930 2950 2982 vcisile
2976 2930 3046 2993 2;
3080 2940 3201 2981 sunt
3226 2946 3414 2981 omnes
3444 2930 3495 2980 1.

2171 2994 2464 3049 Centaurus
2508 3005 2672 3051 lertur
2719 3000 2912 3052 habere
2964 2999 3182 3051 bestiam
3230 3000 3279 3051 io
3314 3011 3472 3051 manu
3516 2997 3673 3066 juxta

2098 3061 2421 3129 Sacrarium,
2458 3071 2507 3119 in
2536 3084 2640 3132 quo
2670 3072 2874 3121 videtur
2903 3069 3112 3123 offerre.
3175 3069 3343 3122 Habet
3387 3061 3569 3122 stellis
3614 3071 3670 3123 in

2100 3136 2271 3206 capite
2297 3136 2548 3189 obscuras
2578 3138 2629 3201 5,
2664 3139 2715 3191 itt
2747 3151 2968 3206 utroque
3000 3140 3217 3192 humero
3248 3138 3580 3205 splendidam
3618 3142 3670 3199 1,

2099 3202 2150 3253 in
2183 3204 2395 3259 sinistro
2426 3208 2600 3261 cubito
2628 3225 2805 3269 unam,
2832 3202 3110 3262 iii—summa
3138 3202 3293 3261 malui
3328 3210 3378 3272 1,
3408 3208 3458 3261 iu
3490 3211 3676 3264 medio

2099 3283 2312 3345 pectore
2346 3274 2395 3337 1,
2426 3276 2476 3328 in
2504 3279 2652 3343 spina
2681 3278 2735 3340 2,
2770 3281 2817 3330 in
2851 3290 3029 3331 ventre
3054 3279 3356 3345 splendidas
3370 3278 3426 3339 2,
3451 3278 3501 3330 in
3534 3280 3671 3333 lum-

2098 3343 2164 3393 bo
2193 3345 2523 3415 splendidam
2556 3348 2606 3407 1,
2640 3347 2690 3399 in
2718 3349 2881 3404 cauda
2914 3348 3033 3409 5,iu
3067 3343 3301 3414 utrisque
3330 3348 3553 3415 genibus
3575 3365 3665 3403 re-

2098 3414 2256 3483 torsis
2281 3414 2336 3477 2,
2364 3414 2412 3468 in
2439 3427 2659 3482 utroque
2685 3432 2833 3469 armo
2859 3420 2909 3477 1,
2927 3419 2976 3471 in
3010 3428 3231 3482 otioque
3262 3414 3393 3483 pede
3413 3418 3669 3472 anteriori

2098 3480 2169 3553 1;
2216 3494 2336 3553 sunt
2366 3499 2552 3537 omnes
2579 3480 2669 3537 24.
2724 3487 2914 3540 Ferunt
2966 3480 3168 3549 tenere,
3229 3480 3364 3539 sicut
3419 3490 3675 3553 superius

2096 3551 2527 3619 signiﬁcavimus,
2558 3554 2608 3607 in
2637 3556 2853 3609 sinistro
2884 3572 3041 3608 manu
3068 3571 3214 3608 arma
3236 3565 3289 3608 et
3319 3551 3581 3620 leporem,
3614 3560 3672 3609 iii

2097 3619 2281 3694 dextra
2314 3638 2439 3694 vero
2470 3624 2709 3687 bestiam,
2744 3637 2797 3677 et
2824 3642 2849 3677 a
2883 3626 3195 3694 quibusdam
3226 3619 3471 3692 bydriam
3504 3630 3669 3689 aceti,

2095 3704 2211 3756 qua:
2243 3692 2399 3745 habet
2428 3694 2608 3746 stellas
2640 3698 2689 3746 in
2718 3696 2882 3749 cauda
2904 3692 3064 3757 duas,
3092 3697 3141 3747 in
3171 3710 3379 3748 summo
3414 3697 3548 3761 pede
3577 3712 3672 3749 an-

2098 3762 2291 3830 teriore
2321 3762 2538 3815 nitidam
2572 3779 2751 3825 unam,
2796 3774 2848 3816 et
2891 3766 2939 3816 in
2970 3766 3116 3830 spina
3148 3766 3366 3817 nitidam
3398 3780 3580 3830 unam,
3614 3781 3673 3820 et

2097 3828 2149 3881 in
2180 3835 2445 3901 anteriore
2475 3833 2606 3901 pede
2632 3834 2957 3901 splendidam
2992 3828 3171 3901 unam,
3204 3842 3259 3887 et
3282 3835 3465 3887 subter
3494 3828 3675 3900 ipsum

2098 3900 2284 3962 pedem
2315 3909 2472 3971 uuam
2503 3941 2519 3965 ,
2555 3904 2607 3957 in
2630 3907 2800 3971 capite
2827 3914 2966 3963 tres;
2997 3914 3119 3957 sunt
3150 3917 3339 3957 omnes
3370 3919 3587 3968 novem,
3614 3906 3672 3960 in

2098 3978 2261 4022 totum
2290 3987 2415 4025 vero
2438 3969 2531 4028 55.

2166 4040 2429 4107 Serpens,
2472 4057 2633 4108 super
2660 4043 2811 4111 cujus
2837 4044 3055 4096 caudam
3096 4058 3313 4096 corvum
3346 4045 3537 4097 sedere
3584 4044 3671 4097 di.

2096 4107 2245 4170 dunt,
2292 4120 2347 4163 et
2393 4112 2444 4164 in
2504 4107 2677 4165 medio
2706 4107 2889 4167 urnam
2946 4124 3209 4167 asserunt.
3240 4114 3438 4166 Ferunt
3467 4117 3616 4167 enim
3652 4156 3669 4175 ,

2094 4182 2231 4244 quod
2258 4190 2411 4247 caput
2448 4183 2765 4235 sutnmitatis
2794 4181 3102 4247 Cancrmt
3147 4186 3369 4237 caudam
3418 4184 3481 4235 ad
3526 4184 3671 4235 Cen-

2098 4241 2301 4302 t‘aurum
2326 4241 2538 4310 tendat,
2570 4255 2655 4315 qui
2686 4253 2844 4307 habet
2870 4241 3051 4305 stellas
3090 4241 3144 4320 3,
3192 4254 3242 4305 in
3293 4254 3504 4306 cervice
3531 4254 3581 4314 1,
3610 4254 3668 4306 in

2097 4327 2310 4384 pectore
2343 4322 2391 4383 1,
2426 4320 2475 4372 itt
2512 4330 2695 4375 ventre
2726 4324 2775 4375 1.

2164 4388 2365 4442 Corvus
2394 4401 2522 4444 vero
2548 4390 2704 4445 habet
2734 4393 2915 4447 s‘lellas
2947 4402 3075 4455 tres,
3108 4392 3160 4445 in
3192 4402 3365 4445 rostro
3399 4408 3584 4453 uuam.
3611 4393 3668 4445 in

2096 4457 2175 4506 ala
2216 4459 2261 4515 1,
2298 4460 2346 4509 in
2380 4460 2592 4527 genitali
2624 4477 2799 4515 unam.
2842 4463 2979 4515 Urna
3031 4473 3207 4514 autem
3264 4464 3443 4516 habet
3479 4464 3669 4516 stellas

510 4512 818 4597 Sagittarius
846 4512 1080 4583 babetin
1112 4529 1285 4596 capite
1314 4527 1501 4582 stellas
1528 4528 1605 4590 2,
1653 4529 1705 4581 in
1774 4531 1989 4597 scapula
2026 4512 2073 4568 ι)
2103 4535 2210 4597 ires
2241 4512 2493 4581 «'»b~cni’ras
2546 4531 2596 4581 in
2639 4512 2811 4585 inedia
2841 4512 3666 4594 obierunt—1':studiosiusibi
3705 4576 3711 4585 η

439 4612 596 4651 unam
644 4598 857 4651 nitidam
885 4638 899 4657 ,
932 4598 984 4650 in
1012 4597 1175 4651 dorso
1206 4598 1254 4660 5,
1291 4599 1341 4650 in
1364 4598 1531 4650 cauda
1557 4599 1610 4662 2,
1642 4600 1693 4650 in
1735 4602 1991 4653 anteriori

436 4683 575 4733 genu
605 4669 659 4732 1,
692 4669 747 4721 in
775 4680 997 4735 utroque
1028 4668 1161 4734 pede
1187 4668 1240 4730 1,
1264 4668 1314 4718 in
1338 4681 1482 4737 arcu
1506 4667 1539 4717 2
1569 4712 1583 4734 ,
1636 4677 1690 4737 et
1740 4670 1790 4722 in
1821 4670 1994 4737 jacqu

436 4745 699 4802 quatuor;
726 4752 826 4789 una
850 4734 976 4789 vero
1001 4738 1050 4787 in
1077 4751 1306 4799 sommo,
1339 4737 1437 4787 alia
1472 4734 1521 4785 in
1547 4736 1720 4790 medio
1746 4734 1991 4801 obscura,

435 4817 486 4859 et
517 4806 551 4859 2
582 4808 632 4860 in
664 4809 851 4873 pennis
882 4806 1059 4871 iaculi,
1083 4819 1145 4857 ex
1179 4807 1369 4874 quibus
1394 4805 1592 4859 clarior
1618 4818 1698 4860 est
1721 4824 1843 4875 una;
1873 4820 1996 4863 sunt

434 4891 620 4931 omnes
648 4878 733 4931 1!).

512 4946 695 5013 Aquila
720 4945 879 5017 habet
907 4946 956 4998 in
986 4943 1119 5011 pede
1144 4943 1356 5017 stellam
1388 4944 1439 5017 1_,
1485 4945 1537 5017 io
1567 4944 1742 5000 medio
1772 4960 1996 5017 corpore

437 5014 713 5070 obscuram
743 5014 794 5077 1,
824 5018 875 5067 in
902 5023 1076 5069 rostro
1096 5014 1361 5085 superiori
1392 5013 1415 5064 1
1448 5053 1462 5077 ,
1505 5013 1555 5066 in
1588 5013 1885 5071 subteriori'
1915 5019 1940 5070 1
1978 5035 1991 5081 ;

436 5096 558 5138 sunt
585 5100 768 5138 omnes
796 5086 849 5141 4.

514 5154 801 5221 Delphinus
841 5170 946 5209 non
982 5154 1204 5208 multum
1248 5152 1580 5215 supercurrit
1627 5152 1951 5220 Capricorno
1976 5197 1993 5221 ,

435 5222 596 5277 habet
626 5226 678 5279 in
718 5238 810 5278 ore
858 5226 1064 5279 stellam
1106 5223 1156 5287 1,
1192 5222 1244 5274 in
1276 5225 1472 5275 vertice
1516 5223 1571 5283 2,
1618 5224 1667 5273 in
1708 5224 1789 5277 ala
1841 5240 1994 5279 secus

340 5290 356 5307 '
434 5303 673 5363 ventrem
706 5294 760 5357 5,
789 5309 945 5363 supra
974 5295 1190 5347 dorsum
1224 5292 1277 5353 1,
1324 5291 1378 5344 in
1422 5292 1593 5344 cauda
1621 5290 1654 5342 2
1685 5309 1699 5358 ;
1730 5304 1856 5348 sunt
1882 5302 1996 5349 om-

435 5377 531 5415 nes
558 5362 612 5415 9.
673 5381 685 5391 ε

509 5433 696 5495 Orion,
716 5432 962 5501 obliquus
982 5430 1192 5501 quidem
1207 5429 1404 5493 Tauro,
1422 5429 1581 5483 habet
1606 5428 1657 5501 in
1676 5432 1846 5501 capite
1865 5433 1991 5485 stel-

443 5498 857 5568 lassplendidas'
879 5502 911 5552 5
931 5540 945 5563 ,
973 5516 1036 5554 ex
1079 5500 1269 5568 quibus
1298 5514 1403 5553 una
1434 5508 1518 5553 est
1543 5498 1870 5566 splendidior
1887 5515 1995 5555 ca-

442 5567 591 5620 teris.
625 5566 680 5621 lu
708 5578 930 5635 utroque
971 5566 1195 5623 humero
1222 5568 1558 5634 splendidam
1587 5582 1742 5621 unam
1766 5607 1782 5631 .
1816 5584 1867 5623 tn
1902 5584 1995 5624 cu-

446 5638 554 5687 bito
596 5643 617 5689 1
654 5639 956 5701 obscuram,
990 5638 1043 5690 in
1069 5640 1373 5691 summitate
1404 5652 1598 5691 manus
1626 5639 1679 5700 1.
1709 5640 1758 5691 in
1782 5654 1914 5693 zona
1936 5639 1992 5702 5,

446 5706 495 5751 iu
528 5705 727 5775 mantili
755 5709 789 5760 5
816 5707 1092 5771 obscuras,
1125 5710 1176 5757 in
1210 5718 1434 5773 utroque
1459 5722 1599 5775 genu
1636 5709 1654 5759 1
1684 5748 1696 5769 ,
1750 5709 1801 5762 in
1838 5708 1993 5763 utris-

444 5786 543 5827 uue
575 5774 788 5837 pedibus
818 5778 838 5830 1
868 5793 880 5836 ;
912 5787 1033 5830 sunt
1056 5791 1239 5831 omnes
1269 5778 1349 5831 17.

2099 4594 2231 4667 Sunt
2258 4598 2343 4661 qui
2373 4610 2488 4650 eam
2508 4599 2671 4657 aliter
2701 4603 2937 4667 pingunt,
2970 4616 3160 4667 nempe
3205 4613 3508 4667 serpentem
3566 4615 3665 4652 su-

2100 4666 2297 4735 pinum,
2328 4681 2509 4719 urnam
2553 4666 2845 4735 gestantem
2894 4671 2947 4723 in
2994 4666 3174 4735 dorso,
3204 4681 3257 4723 et
3282 4666 3505 4724 corvum
3536 4685 3668 4724 cau-

2096 4734 2216 4787 dam
2246 4739 2505 4801 serpentis
2535 4734 2881 4793 mordentem.

2168 4805 2441 4877 Auticanis
2468 4807 2662 4859 dicitur
2687 4810 2787 4861 sub
2814 4808 3053 4863 Geminis
3098 4810 3230 4863 bene
3258 4824 3467 4877 parere,
3498 4809 3667 4863 habet

2096 4874 2432 4947 stellastres,
2464 4891 2683 4940 quarum
2714 4893 2815 4931 una
2844 4879 3172 4947 splendidior
3213 4874 3296 4931 est
3334 4880 3574 4941 caeteris;
3603 4888 3664 4933 et

2096 4943 2223 5064 Eleo.
2269 4944 2537 4999 Αιιιίυιηιίε
2590 4943 2965 5013 νοωιιιτ,ἐο
3026 4950 3166 5017 quod
3228 4951 3299 5003 sit
3358 4948 3667 5004 contrarius

2142 5028 2245 5064 .lnl.

2142 5028 2245 5065 ant.

2165 5081 2406 5136 Circulus
2449 5084 2661 5152 quidem
2696 5098 2777 5138 est
2808 5088 2859 5139 in
2888 5088 3151 5143 sideribus
3174 5086 3402 5143 candido
3430 5088 3615 5141 colore
3640 5129 3658 5151 ,

2095 5166 2251 5218 quem
2284 5153 2509 5206 lacteum
2537 5167 2655 5206 esse
2687 5158 2921 5209 nonnulli
2952 5159 3219 5211 dixerunt.
3275 5158 3662 5211 Eratosthenes

2096 5230 2268 5294 autem
2299 5223 2698 5294 Mercuriojdicit
2726 5224 2907 5277 infanti
2932 5243 3095 5294 puero
3125 5229 3365 5281 inscitam
3388 5227 3661 5282 lunonem

2095 5293 2307 5344 dedisse
2337 5291 2448 5357 lac;
2476 5292 2569 5346 sed
2601 5304 2872 5360 postquam
2900 5291 3136 5350 rescierit
3163 5314 3283 5350 eum
3308 5297 3460 5351 Maia:
3488 5298 3659 5350 lilium

2096 5362 2516 5434 esseprejecisse
2544 5376 2665 5415 eum
2692 5379 2719 5414 a
2749 5378 2827 5417 se.
2862 5362 2934 5417 lla
2967 5366 3115 5419 lactis
3154 5367 3363 5434 profusi
3392 5367 3659 5433 splendo-

2099 5444 2209 5500 rem
2241 5430 2383 5500 inter
2402 5431 2577 5483 sidera
2606 5446 2882 5500 apparere.
2926 5436 3029 5489 Alii
3071 5430 3318 5490 dixerunt
3363 5430 3656 5490 dormienti

2096 5499 2286 5553 Junoni
2346 5499 2625 5572 Herculem
2676 5499 3023 5568 suppositum,
3076 5514 3130 5557 et
3181 5516 3552 5572 experrectum
3606 5507 3657 5558 ei

2095 5576 2233 5635 quod
2276 5584 2434 5637 supra
2463 5570 2699 5624 diximus
2730 5574 2935 5627 fecisse.
2987 5574 3090 5626 Alii
3140 5570 3317 5627 autem
3366 5572 3656 5628 Herculem

2097 5650 2311 5711 propter
2355 5641 2569 5693 nimiam
2602 5643 2923 5707 aviditatem,
2958 5642 3347 5697 multitudinem
3381 5644 3536 5696 lactis
3561 5660 3655 5711 ap-

2098 5710 2289 5771 petisse
2318 5750 2332 5774 ,
2366 5725 2535 5777 neque
2566 5712 2616 5762 in
2647 5725 2739 5765 ore
2764 5714 3039 5767 continere
3088 5716 3327 5777 potuisse
3356 5730 3373 5765 :
3403 5716 3547 5779 quod
3588 5710 3653 5769 ex

2097 5790 2187 5831 ore
2216 5779 2329 5847 t'jus
2363 5779 2671 5850 profusum,
2714 5782 2963 5837 circulum
3006 5782 3261 5851 signasse.
3313 5783 3416 5838 Alii
3469 5785 3661 5839 dicunt
