3922 6246
499 394 604 450 959

973 394 1170 450 ΒΕΒᾸΞ
1213 391 1664 476 VENEBABILIS
1701 391 1850 446 Oi’l".
1891 386 2068 444 PARS
2099 385 2145 439 l.
2170 383 2362 442 SECT.
2412 384 2475 439 Ii.
2517 415 2587 427 —
2629 380 2833 438 DUBIA
2874 379 2960 435 ET
2997 373 3265 435 SPURIA.

3662 370 3773 428 93.30

497 505 804 569 signiferum
830 508 880 560 in
915 521 986 559 xu
1012 499 1187 569 partes
1214 483 1412 569 divide,
1436 520 1539 558 non
1569 521 1667 571 per
1695 504 1952 570 seipsum,
1973 501 2068 556 sed
2100 505 2146 562 Α
2173 499 2464 554 secundum
2494 499 2752 571 iquinque
2799 496 2993 571 partita
3059 492 3336 548 intervalla
3365 534 3380 560 ,
3426 505 3554 560 qua:
3603 506 3774 546 area:

498 590 591 643 per
605 574 920 628 exteriorem
937 577 1244 637 umbonem,
1262 592 1481 644 quarum
1506 577 1730 642 partium
1754 574 2069 642 quandoque

2179 571 2371 625 tabula
2394 570 2598 637 sculpta
2622 565 3030 635 vides,’partire.

507 701 3775 736 ,________________.__________________._.______

1235 779 1751 930 annm
1805 806 3003 928 PRESBYTER!

1448 1007 1536 1062 DE
1574 1007 1992 1062 NATIVITATE
2022 975 2408 1061 'INFA‘NTIUM
2451 999 2799 1056 LIBELLUS.

569 1145 668 1209 Qui
697 1146 747 1198 in
775 1151 977 1209 septem
1004 1143 1238 1196 nascitur
1264 1143 1560 1206 mensibus,
1595 1143 1637 1195 si
1669 1142 1739 1195 sit
1769 1142 2060 1204 masculus,

502 1215 716 1285 triginta
759 1214 949 1266 diebus
996 1213 1288 1285 formatur,
1321 1212 1376 1266 in
1419 1211 1773 1285 quadraginta
1799 1225 2068 1264 movetur.

502 1280 742 1347 Femina,
793 1285 843 1335 in
889 1283 1101 1348 triginta
1155 1280 1384 1349 quinque
1427 1280 1729 1348 formatum.
1764 1283 1813 1333 itt
1856 1293 2073 1346 septua-

497 1354 642 1418 ginta
709 1360 987 1417 movetur,
1047 1351 1306 1420 ducentis,
1346 1352 1532 1405 decem
1594 1351 1783 1404 diebus
1833 1351 2073 1417 comple-

500 1433 605 1476 llll'.

577 1495 768 1545 Decem
817 1492 1078 1546 mensium
1119 1490 1412 1550 masculus,
1455 1489 1802 1557 quadraginta
1833 1488 2071 1556 quinque

502 1561 758 1615 formatur
798 1561 1004 1624 diebus,
1034 1571 1088 1615 et
1126 1561 1410 1627 nonaginta
1443 1571 1707 1612 movetur.
1744 1558 1986 1622 Femina,
2019 1557 2068 1610 io

503 1631 881 1698 quinquaginta
934 1630 1213 1695 formatur,
1261 1631 1312 1682 in
1339 1640 1549 1682 centum
1581 1639 1844 1692 movetur,
1879 1628 1930 1680 in
1962 1638 2069 1680 tre-

503 1700 672 1754 evntis
705 1700 957 1755 nascitur.

575 1770 770 1822 Novem
822 1770 1080 1823 mensium
1132 1770 1392 1822 masculus
1424 1767 1849 1837 inquadraginta
1874 1766 2072 1818 forma-

504 1847 612 1900 tur,
660 1838 710 1890 in
760 1840 1023 1906 octoginta
1061 1848 1320 1891 movetur.
1367 1838 1608 1901 Femina,
1642 1839 1692 1889 in
1719 1836 2076 1906 Quadraginta

502 1909 736 1995 quinque
784 1905 1004 1987 formam
1036 1908 1277 1995 suscipit,
1313 1911 1362 1958 in
1396 1905 2076 1995 nonagintahnotqmndn-
2109 1935 2153 1995 Β

505 1975 677 2031 centis
723 1977 1051 2045 septuaginta
1093 1978 1280 2030 diebus
1322 1980 1610 2030 nascitura.
1664 1976 1925 2045 Masculus
1949 1975 2071 2027 ideo

507 2048 664 2100 citius
685 2044 1001 2111 completur,
1035 2047 1154 2116 quia
1179 2062 1390 2111 sperma
1421 2049 1560 2099 unde
1591 2048 1847 2116 nascitur,
1887 2044 2076 2098 fortius

505 2125 664 2185 atque
684 2117 903 2170 calidius
929 2127 1029 2171 est.
1056 2115 1063 2116 7
1779 2115 1784 2121 ’

1135 2185 1209 2238 De
1235 2185 1449 2239 ossibus.

575 2272 762 2326 Omnia
807 2274 1047 2341 corporis
1093 2289 1214 2326 ossa
1263 2281 1384 2326 sunt
1426 2272 1769 2342 quadraginta
1818 2287 1978 2326 unum
2025 2282 2078 2326 et

507 2340 734 2396 ducenta
767 2359 781 2396 :
806 2340 1006 2408 septem
1021 2343 1228 2411 capitis,
1246 2340 1470 2411 quatuor
1491 2340 1653 2411 paria,
1676 2342 2076 2411 quatuordecim

510 2412 830 2474 maxillaria,
860 2413 1098 2466 dentium
1125 2413 1379 2475 sedecim,
1415 2428 1574 2465 unum
1604 2414 1729 2480 pali,
1755 2413 2074 2480 duomenti,

510 2483 747 2534 dentium
775 2499 992 2535 sttoruttt
1025 2483 1275 2546 sedecim,
1309 2483 1578 2548 spondiles
1609 2482 1789 2550 viginti
1823 2491 2072 2548 quatuor,

507 2563 762 2603 coxarum
814 2563 940 2614 tres,
970 2553 1055 2603 ani
1088 2562 1217 2614 tres,
1249 2562 1423 2619 cost:e_
1449 2552 1629 2619 viginti
1656 2564 1783 2612 tres,
1812 2550 2074 2604 teneritu-

510 2619 668 2688 dines
719 2628 860 2684 octo,
906 2619 1128 2686 spatula:
1174 2623 1313 2683 dum,
1338 2616 1569 2687 capitum
1594 2622 1918 2688 spatularum
1943 2619 2072 2684 duo,

509 2687 832 2742 fercularutn
874 2690 997 2749 duo,
1033 2704 1300 2743 armorum
1330 2693 1454 2749 duo,
1487 2687 1788 2744 cubitorum
1821 2691 2072 2754 superio-

514 2771 633 2811 rum
657 2759 782 2824 duo,
817 2759 1121 2812 inferiorum
1149 2761 1274 2822 duo,
1308 2762 1512 2812 rasclue
1540 2775 1789 2811 manuum
1816 2759 2072 2821 sedecim,

512 2828 740 2899 pectinis
790 2828 839 2899 in
897 2832 1139 2881 manilius
1186 2840 1327 2892 octo,
1385 2830 1669 2899 digitorum
1707 2828 2074 2899 triginta,_an-

509 2898 729 2950 charum
786 2897 914 2963 duo,
969 2899 1334 2951 calcaneornm
1381 2896 1505 2957 duo,
1552 2896 1918 2950 navicularum
1948 2896 2074 2961 duo,

510 2967 717 3036 rascha:
770 2967 958 3032 pedum
988 2972 1195 3031 decem,
1228 2968 1451 3036 pectinis
1482 2967 1532 3021 in
1566 2968 1784 3035 pedibus
1813 2978 1956 3031 octo,
1990 2967 2075 3020 di-

505 3033 737 3102 gitorum
765 3037 995 3104 triginta.

971 3124 1047 3177 De
1086 3127 1248 3178 nervis
1286 3136 1332 3178 et
1366 3126 1618 3178 dentibus.

581 3213 780 3270 Omnes
830 3215 978 3269 nervi
1020 3230 1173 3284 pares
1224 3226 1382 3284 atque
1422 3216 1650 3284 impares
1684 3227 1809 3270 sunt
1836 3215 2071 3286 triginta.

2178 1139 2374 1192 Dentes
2426 1145 2549 1190 sunt
2580 1134 2729 1204 quasi
2788 1133 3026 1204 quadam
3087 1131 3367 1204 plantaria,
3429 1130 3665 1204 ossibus
3720 1142 3775 1186 rt

2180 1218 2360 1263 mento
2388 1207 2568 1268 insita,
2600 1201 2692 1273 qui
2724 1213 2846 1257 sttnt
2875 1201 3086 1273 triginta
3108 1201 3234 1264 duo,
3263 1201 3500 1273 sedecim
3524 1203 3684 1254 enim
3713 1208 3765 1256 in

2180 1276 2545 1331 maxillaribus
2568 1271 2694 1328 sunt
2722 1273 2896 1341 p0siti.
2925 1271 3146 1342 quorum
3171 1281 3398 1342 quatuor
3425 1271 3476 1323 in
3497 1281 3659 1337 parte
3674 1289 3770 1324 an.

2171 1347 2382 1408 .teriori,
2445 1360 2597 1412 pares
2655 1353 2907 1396 vocantur
2945 1341 3012 1397 et
3053 1341 3355 1412 quadrupli,
3389 1341 3480 1393 lati
3509 1351 3564 1393 et
3591 1344 3770 1407 acuti,

2183 1410 2458 1470 incisores
2491 1414 2616 1468 dicti
2663 1429 2690 1465 a
2739 1412 2981 1476 medicis,
3018 1421 3140 1466 sunt
3188 1410 3331 1466 enim
3359 1413 3670 1464 necessarii
3703 1414 3772 1466 ad

2183 1487 2496 1540 inrisionem
2567 1483 2852 1552 cujuslibet
2903 1481 3028 1534 cibi.
3085 1479 3531 1552 Duogvocantur
3575 1482 3770 1552 canini

2178 1555 2514 1610 collaterales
2550 1549 2890 1620 quadruplis,
2934 1552 2985 1603 in
3034 1550 3343 1620 summitate
3389 1549 3556 1620 acuti,
3596 1550 3655 1603 in
3685 1567 3772 1602 ra-

2177 1627 2297 1680 dice
2342 1638 2471 1678 vero
2523 1618 2631 1686 lati,
2693 1622 2841 1674 duris
2881 1620 3014 1675 cibis
3035 1618 3422 1682 commolendis
3446 1619 3583 1687 apti.
3627 1621 3774 1674 Sunt

2179 1705 2233 1749 et
2258 1697 2440 1750 decem
2482 1693 2567 1745 alii
2594 1692 2844 1757 utrinque
2870 1690 3016 1757 quini
3042 1689 3382 1744 collaterales
3409 1690 3764 1757 quadruplis,

2188 1765 2274 1818 lati
2299 1773 2459 1830 atque
2498 1763 2666 1831 grossi
2695 1779 2705 1813 :
2741 1761 2794 1813 hi
2823 1760 3049 1831 molares
3069 1760 3413 1831 sunt_vocati,
3444 1757 3510 1811 ad
3544 1761 3769 1831 molen-

2180 1834 2306 1886 dnm
2338 1827 2479 1887 enim
2504 1827 2581 1883 'et
2613 1829 2958 1899 frangendum
2985 1829 3159 1899 cibum
3189 1827 3407 1882 fuerunt
3437 1829 3767 1899 necessarii.

2183 1903 2284 1958 Iste
2328 1903 2468 1956 idem
2499 1896 3016 1955 dentinm'numerus
3040 1896 3090 1950 in
3116 1909 3300 1952 mento
3324 1907 3407 1951 est
3439 1898 3768 1966 intelligen-

2180 1975 2278 2026 dus
2311 1991 2325 2027 :
2371 1973 2422 2025 lii
2451 1986 2637 2024 omnes
2667 1978 2794 2024 sunt
2821 1966 3032 2030 furcati,
3063 1970 3154 2021 sed
3190 1970 3239 2019 in
3268 1969 3346 2022 eis
3378 1979 3497 2018 sunt
3529 1968 3765 2034 quidam

2179 2042 2398 2103 diversi,
2444 2041 2533 2094 alii
2575 2041 2713 2093 enim
2751 2048 2999 2106 quatuor,
3045 2037 3134 2090 alii
3179 2047 3306 2102 tres,
3354 2038 3442 2089 alii
3473 2037 3636 2096 duos.
3672 2037 3767 2090 alii

2178 2112 2319 2166 enim
2363 2111 2559 2164 habent
2609 2109 2887 2173 lurcnlam,
2931 2107 3210 2174 quadrupli
3241 2120 3402 2172 atque
3423 2121 3577 2172 pares
3609 2108 3760 2159 idem

2181 2181 2408 2234 molares
2436 2188 2563 2237 tres.
2591 2179 2872 2231 ulteriores
2902 2186 3148 2244 quatuor,
3175 2177 3329 2246 primi
3361 2177 3588 2230 molares
3608 2175 3757 2229 infra

2185 2251 2363 2319 positi,
2395 2250 2528 2302 duas
2557 2249 2770 2314 habent,
2805 2247 2984 2319 ultimi
3001 2255 3129 2300 tres.

2251 2320 2379 2374 Tres
2400 2320 2514 2373 dies
2543 2328 2598 2372 et
2631 2329 2814 2371 noetes
2834 2324 2957 2369 sunt
2975 2318 3025 2368 in
3048 2318 3240 2384 quibus
3265 2316 3307 2368 si
3342 2314 3420 2368 vir
3447 2323 3605 2366 natus
3637 2314 3761 2369 fne—

2182 2389 2271 2450 rit,
2302 2403 2492 2455 corpus
2515 2389 2630 2453 ejus
2672 2387 2786 2440 sine
2809 2386 2971 2439 dubio
2994 2387 3256 2455 integrum
3291 2395 3468 2438 manet
3499 2399 3677 2448 usque
3709 2387 3761 2438 in

2179 2459 2318 2511 diem
2341 2454 2522 2524 judicii
2557 2477 2567 2510 :
2604 2460 2700 2509 hoc
2728 2465 2809 2509 est
2856 2455 2908 2510 in
2940 2470 2989 2509 v1
3018 2454 3238 2508 Kalend.
3273 2455 3572 2515 Februarii,
3607 2465 3667 2508 et
3703 2471 3760 2507 ιιι

2180 2528 2404 2582 Kalend.
2446 2537 2502 2579 et
2544 2526 2664 2580 ldus
2690 2525 2871 2592 Febr.,
2901 2533 2956 2578 et
2981 2539 3135 2578 suum
3161 2525 3472 2595 mysterium
3505 2525 3764 2578 mirabile

2179 2605 2263 2651 est
2291 2597 2460 2650 valde.

2251 2668 2343 2721 Die
2372 2665 2638 2719 Dominica
2662 2665 2790 2718 hora
2814 2662 3022 2727 diurna,
3041 2663 3153 2717 sive
3175 2663 3558 2731 nocturna,qui
3588 2672 3754 2716 natus

2181 2735 2354 2804 fuerit,
2389 2751 2611 2804 magnus
2640 2737 2742 2788 erit
2784 2745 2835 2788 et
2859 2734 3189 2802 splendidus.

2181 2806 2330 2859 Feria
2354 2807 2607 2866 secunda,
2637 2804 2788 2858 fortis
2809 2806 2934 2858 erit.

2181 2874 2333 2928 Feria
2364 2876 2538 2938 tertia,
2564 2874 2787 2941 cupidus
2805 2875 2928 2940 erit,
2957 2882 3012 2927 et
3030 2871 3098 2926 de
3124 2872 3264 2929 ferro
3293 2873 3544 2926 moritur.

2181 2945 2332 2998 Feria
2364 2958 2570 3012 quarta,
2599 2952 2852 2996 tractator
2877 2943 3026 3012 regni
3049 2944 3173 2998 erit.
3470 2955 3480 2962 '

2183 3015 2330 3070 Feria
2353 3011 2558 3081 quinta,
2588 3013 2812 3067 aﬂ'abilis
2838 3011 3011 3066 erit’et
3033 3011 3376 3065 honoriﬁcus.

2179 3084 2340 3138 Feria
2358 3093 2527 3147 sexta,
2562 3085 2744 3135 rivalis
2766 3082 2867 3136 erit
2893 3091 2948 3135 et
2976 3081 3204 3135 multum
3231 3083 3564 3136 luxuriosus.

2178 3154 2436 3221 Sabbato,
2465 3168 2585 3207 raro
2616 3153 2762 3206 utilis
2783 3153 2908 3206 erit.
3141 3199 3144 3202 .
3441 3188 3446 3192 .

780 3513 908 3587 DE
965 3491 1559 3589 MINUTIONE
1617 3511 2200 3604 SANGUINIS,
2260 3506 2485 3586 SIVE
2543 3510 2674 3586 DE
2733 3509 3501 3611 PHLEBOTOMIA.

579 3665 733 3745 omni
756 3675 1014 3745 tempore,
1049 3665 1134 3720 die
1155 3679 1216 3719 ac
1243 3665 1492 3745 nocte,_si
1521 3665 2068 3745 necessitasurg_et,in
2099 3665 2145 3726 C
2175 3667 2336 3718 relam
2391 3665 2583 3731 capitis
2629 3672 2682 3717 et
2712 3663 2923 3745 _manite
2964 3661 3304 3745 passionem,
3336 3677 3507 3745 usque
3557 3664 3626 3717 ad
3677 3680 3768 3732 nsl

511 3737 680 3790 acutis
725 3736 1078 3802 passionibus,
1110 3745 1320 3801 oportet
1349 3735 1759 3801 phlebotomiam
1791 3735 2067 3797 adhibere,

513 3808 775 3874 prtecipno
821 3815 1058 3874 tempore
1113 3805 1181 3856 ab
1221 3813 1410 3874 octavo
1459 3803 1574 3856 Kal.
1629 3805 1793 3869 April.
1828 3820 1992 3867 usque
2020 3805 2069 3856 in

515 3872 795 3940 septimum
851 3873 966 3926 Kal.
1006 3872 1166 3935 Junii,
1212 3873 1406 3925 utilitas
1452 3887 1532 3926 est
1561 3875 1867 3940 sanguinem
1893 3874 2070 3926 detra-

516 3944 698 4007 hendi,
750 3945 871 4008 quia
928 3953 1049 3994 tunc
1101 3944 1313 4007 sanguis
1351 3954 1688 4006 augmentum
1741 3944 1916 3995 habet.
1967 3943 2069 3996 Sed

517 4023 698 4078 postea
764 4012 1108 4064 observanda:
1169 4021 1293 4063 sunt
1349 4011 1629 4077 qualitates
1675 4021 1967 4076 temporum
2024 4021 2076 4065 et

515 4097 704 4134 cursus
751 4082 908 4143 lunm,
963 4082 1059 4134 hoc
1105 4089 1206 4142 est,
1239 4081 1356 4132 luna
1388 4080 1592 4145 quinta,
1623 4081 1846 4144 decima,
1872 4082 2072 4132 decima

516 4151 716 4216 quinta,
768 4151 1036 4217 vigesima,
1089 4148 1335 4215 vigesima
1366 4151 1563 4214 quinta,
1595 4150 1879 4215 trigesima.
1915 4151 1967 4199 ln
1999 4149 2079 4202 his

521 4221 708 4271 diebus
745 4233 843 4270 non
869 4229 1078 4284 Oportet
1107 4219 1516 4285 phlebotomiam
1551 4219 1840 4286 imponere,
1875 4220 1993 4278 quia
2027 4219 2075 4269 in

519 4288 636 4340 istis
691 4287 876 4339 diebus
932 4289 1080 4340 tnulti
1142 4286 1331 4339 medici
1379 4288 1638 4337 al‘lirmant
1675 4291 1810 4353 quod
1841 4286 2077 4340 infinitus

522 4372 771 4407 numerus
819 4360 1086 4408 hominum
1141 4371 1233 4423 per
1273 4357 1404 4407 hanc
1439 4354 1826 4424 negligentiam,
1855 4372 1955 4408 non
1988 4358 2081 4406 oh-

523 4437 800 4479 servantes
828 4426 1099 4486 qualitates
1121 4434 1412 4492 temporum
1443 4437 1495 4477 et
1525 4439 1736 4477 cursum
1764 4424 1919 4485 lunae,
1949 4441 2082 4476 mor-

525 4495 600 4546 tui
631 4505 776 4546 sunt.
802 4494 931 4546 Nam
962 4509 1054 4558 per
1077 4494 1251 4545 omnia
1281 4495 1664 4545 observandum
1696 4505 1775 4545 est
1803 4509 1829 4544 a
1861 4495 2084 4560 quinde-

523 4565 664 4616 cimo
721 4562 833 4615 Kal.
894 4565 1095 4631 August
1146 4577 1312 4629 usque
1361 4564 1408 4614 in
1459 4562 1633 4615 Nonas
1677 4563 2084 4630 Septemh.,qni

527 4634 853 4684 caniculares
908 4632 1023 4684 dies
1072 4632 1424 4697 appellantur,
1471 4633 1881 4699 phlebotomiam
1914 4634 2085 4699 impo-

531 4717 679 4762 nere,
708 4716 801 4754 nec
830 4701 1174 4753 catltarlicum
1204 4703 1463 4765 accipere,
1489 4702 1608 4769 quia
1629 4717 1811 4754 omnes
1836 4703 2086 4754 humores

529 4781 651 4822 tunc
702 4772 840 4822 misti
890 4780 1038 4832 sunt,
1081 4769 1180 4822 nisi
1206 4770 1282 4836 (ut
1308 4771 1416 4836 jam
1445 4772 1695 4835 diximus)
1731 4772 1773 4822 si
1806 4773 1938 4823 ictus
1965 4785 2088 4823 eve-

528 4839 666 4891 nerit
719 4853 781 4891 ex
826 4839 992 4891 acutis
1040 4839 1390 4905 passionibns,
1444 4841 1584 4890 aliud
1632 4841 1884 4893 lieri'non
1919 4849 2090 4906 potest

528 4909 625 4961 nisi
678 4907 916 4971 feriatur,
966 4917 1019 4961 et
1042 4908 1257 4960 vastitas
1289 4910 1367 4961 vel
1394 4909 1642 4976 iniquitas
1669 4912 1937 4976 sanguinis
1965 4926 2089 4964 eva-

521 4985 754 5044 poretur.

593 5046 895 5099 Catbsrtico
940 5055 1114 5099 autem
1144 5060 1247 5098 uno
1273 5054 1529 5111 tempore,
1560 5047 1639 5099 vel
1674 5048 1736 5099 ab
1761 5057 1946 5100 octavo
1968 5049 2082 5101 Kal.

521 5115 738 5169 Octobr.
794 5130 958 5182 usque
1000 5114 1049 5167 in
1079 5125 1322 5168 octavum
1347 5114 1462 5168 Kal.
1499 5117 1799 5170 Decembris
1828 5118 1954 5170 utile
1981 5127 2080 5179 est,

523 5185 641 5248 quia
695 5186 834 5252 quod
883 5199 976 5251 per
1019 5186 1243 5237 hiemem
1293 5197 1341 5236 et
1395 5200 1484 5250 per
1528 5195 1763 5237 :cstatem
1811 5203 2002 5254 corpus
2035 5190 2083 5240 in

523 5254 788 5306 choleram
842 5266 892 5305 et
946 5255 1186 5322 phlegina
1230 5254 1640 5322 contraxit,jam
1672 5255 1814 5306 dicto
1847 5267 2084 5323 tempore

527 5324 736 5389 purgari
777 5324 970 5376 evenit.
1022 5323 1074 5377 Si
1113 5323 1251 5376 enim
1297 5323 1572 5387 diligenter
1601 5334 1871 5390 purgatum
1905 5326 2085 5388 fuerit,

523 5404 742 5442 securus
764 5405 791 5442 a
814 5392 1019 5445 cholera
1033 5407 1151 5446 esse
1167 5403 1354 5455 potest.
1376 5393 1497 5445 Sola
1519 5394 1820 5445 observatio
1843 5395 2078 5446 ciborum

523 5470 579 5510 et
626 5468 775 5521 potus
817 5463 906 5524 sit,
959 5472 1015 5512 ut
1058 5462 1195 5527 quod
1247 5470 1458 5528 Oportet
1502 5472 1698 5523 utatur,
1747 5472 1800 5516 et
1841 5477 1868 5513 a
1895 5464 2083 5528 quibus

528 5529 643 5580 Leili
699 5539 866 5592 potest
910 5530 1253 5585 abstineatur.
1305 5532 1437 5594 Quid
1470 5541 1551 5584 est
1576 5531 1952 5596 phlebotomia,
1986 5531 2084 5584 nisi

530 5611 668 5648 recta
702 5598 884 5649 incisio
912 5615 1055 5652 vena:
1078 5600 1101 5653 τ
1128 5600 1329 5664 Quibus
1352 5602 1480 5654 locis
1509 5601 1986 5667 pblebotomamus,
2005 5601 2083 5652 vel

532 5679 625 5735 pro
673 5668 860 5731 quibus
891 5669 1239 5733 passionihus,
1269 5680 1357 5721 aut
1387 5670 1592 5735 qualem
1637 5684 1823 5722 venam
1857 5669 2088 5723 incidere

531 5732 820 5788 debemus?
867 5732 1103 5792 Artorius
1132 5752 1290 5792 venas
1333 5739 1381 5793 in
1407 5732 1676 5807 occipitio,
1713 5748 1924 5808 ιιι-υνξε-
1951 5752 2082 5807 que-

2179 3749 2426 3787 nn-nsura
2450 3745 2676 3801 quatuor
2695 3733 2976 3799 digitorum
3004 3732 3071 3802 de
3090 3747 3241 3786 aure.
3269 3735 3343 3787 De
3359 3733 3534 3786 ambis
3557 3744 3762 3802 tempo-

2176 3803 2318 3858 ribus
2363 3799 2662 3864 incidimus,
2711 3811 2924 3869 propter
2962 3799 3278 3855 eﬂusionem
3316 3802 3627 3857 oculorum.
3672 3799 3760 3859 'De

2176 3877 2359 3944 solitus
2390 3874 2587 3944 lingua,
2621 3874 2753 3944 duas
2785 3880 3000 3944 propter
3027 3870 3246 3944 rheuma
3270 3871 3635 3944 gingivarum,
3675 3876 3758 3928 vel

2175 3943 2300 3994 vitia
2342 3940 2488 4004 oris,‘
2513 3955 2564 3996 et
2604 3943 2840 3994 dentium
2871 3941 3128 4010 dolorem.
3160 3941 3232 3994 De
3265 3940 3435 3994 fronte
3466 3950 3599 4004 tres,
3635 3958 3757 4010 pro—

2181 4021 2295 4075 pter
2346 4014 2582 4064 dolorem
2631 4011 2836 4074 capitis,
2864 4018 2916 4061 et
2936 4009 3316 4062 alienationem
3339 4011 3394 4062 in
3425 4009 3756 4075 phrenesim.

2182 4082 2255 4133 De
2301 4083 2514 4133 naribus
2555 4080 2707 4140 duas,
2741 4089 2954 4144 promer
2981 4081 3294 4148 gravitatem
3322 4081 3514 4145 capitis
3547 4093 3603 4134 et
3631 4098 3761 4136 ocu-

2181 4152 2369 4202 lorum.
2432 4151 2504 4203 De
2547 4149 2687 4203 collo
2731 4149 2884 4212 duas,
2911 4158 3124 4212 promer
3155 4149 3433 4202 humorem
3468 4150 3519 4202 in
3553 4153 3752 4219 capite.

2184 4219 2256 4271 De
2289 4219 2504 4273 brachio
2545 4227 2675 4280 tres,
2705 4219 2790 4284 qui
2831 4232 2921 4283 per
2951 4226 3114 4270 totum
3144 4225 3335 4283 cauus
3365 4219 3600 4273 reddunt
3632 4237 3754 4275 san-

2180 4291 2420 4355 guinem,
2454 4288 2725 4352 capitanea
2759 4288 2913 4344 linea,
2942 4287 3202 4346 matricia,
3229 4288 3460 4352 capsale.
3493 4288 3570 4341 De
3593 4305 3754 4344 manu

2183 4359 2350 4420 duas,
2406 4373 2560 4409 unam
2623 4371 2782 4421 super
2848 4356 3089 4421 pollicem
3150 4366 3367 4422 pr0pter
3423 4356 3754 4413 inﬂationem

2184 4427 2465 4493 pulmonis,
2515 4435 2567 4478 et
2621 4425 2774 4477 aliam
2816 4425 2887 4492 de
2933 4426 3151 4478 minimo
3177 4425 3342 4488 digito
3367 4434 3586 4491 propter
3612 4429 3762 4482 inﬂa-

2186 4498 2381 4548 tionem
2433 4496 2647 4560 splenis.
2708 4493 2781 4547 De
2821 4494 3008 4548 subtus
3053 4496 3156 4546 talo
3181 4494 3316 4547 infra
3344 4505 3564 4559 propter
3591 4500 3760 4564 pocla-

2185 4566 2379 4632 gricos,
2439 4565 2807 4631 phreneticos,
2862 4564 3127 4630 sciaticos,
3187 4565 3267 4617 vel
3320 4565 3653 4630 lumborum,
3712 4577 3762 4619 et

2189 4635 2499 4686 mulieribus
2566 4632 2756 4700 quibus
2803 4646 3070 4685 menstrua
3123 4646 3227 4684 non
3279 4634 3500 4685 veniunt
3550 4646 3609 4688 et
3657 4651 3759 4690 non

2188 4705 2508 4768 concipiunt.
2565 4703 2636 4752 De
2683 4700 2814 4752 foris
2853 4702 2982 4752 duas
3023 4711 3236 4769 propter
3266 4716 3454 4755 renum
3488 4702 3758 4758 dolorem.

2192 4771 2422 4841 Desuper
2470 4772 2657 4840 pollice
2700 4771 2846 4838 pedis
2896 4771 3027 4825 duas
3078 4783 3298 4840 propter
3330 4771 3756 4840 indignationem

2191 4845 2568 4895 testiculorum.

2262 4911 2442 4965 Plures
2463 4921 2585 4966 sunt
2614 4913 2728 4966 dies
2758 4910 3077 4979 Egyptiaci,
3110 4909 3161 4963 in
3194 4908 3385 4979 quibus
3419 4910 3566 4965 nullo
3597 4915 3758 4968 modo

2197 4995 2294 5033 nec
2340 4996 2431 5048 per
2462 4983 2621 5034 ullam
2664 4982 3030 5034 necessitatem
3078 4979 3204 5031 licet
3236 4978 3436 5049 homini
3463 4981 3543 5033 vel
3582 4983 3763 5049 pecori

2195 5047 2500 5114 sanguinem
2545 5051 2801 5114 minuere,
2848 5062 2944 5101 nec
2991 5049 3262 5114 potionem
3303 5047 3760 5116 impendet-mm

2199 5136 2262 5172 ex
2303 5120 2381 5172 his
2414 5121 2576 5173 tribus
2603 5118 2838 5173 maxime
2860 5118 3202 5180 observandi,
3227 5127 3414 5188 octavo
3440 5118 3562 5188 ldus
3590 5120 3758 5188 April.

2193 5189 2280 5240 illo
2332 5189 2416 5241 die
2472 5190 2644 5252 lnnis,
2697 5189 2922 5240 intrante
2965 5188 3228 5252 Augusto;
3283 5187 3374 5239 illo
3428 5186 3518 5242 die
3575 5186 3755 5254 luitis,

2190 5269 2421 5310 exeunte
2479 5257 2782 5320 Decembri;
2840 5256 2929 5308 illo
2979 5255 3065 5309 die
3095 5259 3250 5319 Iunis,
3283 5269 3405 5309 cum
3436 5258 3607 5312 multa
3631 5261 3745 5314 dili-

2190 5328 2360 5395 gentia
2409 5326 2787 5380 observandum
2818 5331 2919 5388 est,
2945 5327 3065 5391 quia
3085 5338 3270 5378 omnes
3300 5338 3451 5380 vena
3483 5338 3614 5383 tunc
3635 5331 3748 5398 ple-

2187 5411 2268 5448 nu:
2306 5409 2447 5449 SUIN.

2257 5467 2355 5529 Qui
2403 5468 2450 5516 in
2503 5464 2618 5517 istis
2655 5464 2841 5518 diebus
2883 5461 3150 5532 hominem
3179 5470 3270 5516 aut
3297 5477 3460 5532 pecus
3481 5463 3760 5527 inciderit.

2187 5545 2274 5586 aut
2315 5536 2492 5587 statim
2538 5544 2627 5587 aut
2655 5535 2707 5586 in
2733 5535 2848 5598 ipso
2870 5532 2956 5585 die
2981 5531 3061 5584 vel
3092 5532 3142 5584 in
3175 5531 3332 5588 tertio
3354 5535 3643 5602 morietur,
3665 5545 3758 5590 aut

2188 5604 2251 5656 ad
2301 5605 2579 5670 septimum
2627 5603 2768 5656 diem
2812 5616 2914 5672 non
2967 5603 3278 5672 perveniet;
3307 5611 3366 5656 et
3396 5603 3443 5655 si
3481 5607 3756 5672 potionem

2188 5674 2304 5738 quis
2347 5669 2628 5738 acceperit,
2677 5671 3014 5739 quindecimo
3042 5669 3130 5722 die
3160 5674 3449 5734 morietur;
3480 5669 3538 5726 et
3563 5675 3614 5730 si
3643 5689 3744 5729 uta-

2190 5742 2388 5808 sculus,
2424 5744 2534 5797 sive
2562 5742 2769 5806 mulier,
2798 5740 2852 5794 iu
2897 5739 2976 5794 his
3005 5739 3189 5793 diebus
3217 5739 3324 5795 nati
3359 5740 3585 5812 fuerint,
3615 5743 3763 5800 mala
