3922 6246
538 419 639 475 9ΰῖ

1041 417 1243 472 llEDA-I
1289 417 1737 473 VENEllAltlLIS
1774 416 1922 470 UPP.
1970 415 2146 470 PARS
2188 415 2223 469 I.
2265 415 2456 470 SECT.
2499 415 2561 469 Il.
2605 444 2671 457 —
2714 415 2918 469 DUBIA
2957 414 3042 470 ΕΤ
3078 414 3348 472 SPURIA.

3697 422 3797 476 968

537 530 976 596 (Cammeututor,
1030 542 1044 579 ι
1103 526 1494 595 Physicorumi.
1552 527 1920 594 Respondetur
1974 528 2115 593 quod
2151 530 2198 588 Λ
2232 527 2478 593 piendum
2506 544 2520 580 :
2567 528 2704 580 sicut
2733 528 2874 580 enim
2903 541 2966 581 ex
2997 527 3161 581 nihilo
3191 529 3319 582 nihil
3352 529 3410 584 lit
3436 571 3453 594 ,
3502 530 3583 586 sic
3611 548 3707 588 nec
3733 553 3793 591 ει

545 602 946 652 (lonnnentator
983 598 1126 663 capit
1169 606 1369 650 motum
1398 600 1552 650 valde
1586 599 1745 665 large,
1776 598 1888 650 sive
1917 598 2111 665 impro-

545 671 679 737 prie.
709 668 957 720 videliret
988 682 1081 732 pro
1109 670 1334 720 naturali
1368 669 1731 720 inclinatioite.

613 740 798 802 Aliqua
811 753 888 788 res
905 739 1152 806 naturalis
1169 738 1500 806 distinguitur
1515 737 1574 788 ab
1587 738 1846 801 artiﬁciali
1861 739 1918 805 (ιι
1938 737 2093 806 Phys.
2107 779 2119 797 ,

542 812 594 859 in
624 807 924 876 principio).
971 805 1171 876 Dicitur
1201 808 1268 859 ibi
1317 805 1455 874 Quod
1509 807 1860 872 Philosophus
1893 812 2124 872 loquitur

545 881 615 930 ibi
652 877 924 929 indetinite
956 875 1033 928 vel
1069 877 1475 943 particularlter,
1525 887 1578 928 et
1612 879 1685 929 sic
1737 877 1820 929 illa
1853 887 1934 928 est
1962 893 2120 938 vera;

547 949 628 999 vel
662 947 854 998 dicitur
879 947 1021 1012 quod
1051 949 1221 997 solum
1251 946 1414 999 voluit
1441 947 1580 1015 quod
1615 961 1699 999 res
1729 948 1995 999 naturales
2025 947 2124 998 dif-

543 1017 719 1069 ferant
749 1018 816 1069 ab
839 1016 1202 1068 at'titicialibus
1233 1020 1438 1071 ratione
1465 1028 1515 1071 et
1550 1033 1598 1069 ιιι
1623 1034 1653 1068 ιι
1679 1033 1754 1080 re,
1786 1020 1905 1082 quia
1936 1019 2121 1070 eadem

540 1099 621 1140 CSl
651 1101 755 1140 res.

615 1155 928 1208 Alchimistn'
951 1155 1121 1206 dicunt
1142 1155 1279 1222 quod
1306 1173 1366 1225 ea;
1385 1155 1521 1222 [erro
1547 1160 1625 1209 vel
1645 1171 1800 1225 capro
1827 1167 1982 1219 potest
2012 1157 2124 1221 ﬁeri

545 1242 728 1277 atrum
760 1242 847 1294 per
875 1241 1053 1277 eorum
1097 1237 1274 1278 artem.
1325 1223 1421 1279 Ubi
1467 1227 1657 1278 dicitur
1698 1223 1834 1293 quod
1867 1241 1934 1280 ex
1982 1229 2123 1279 l'erro

545 1296 630 1348 vel
669 1311 830 1362 cupro
879 1296 935 1346 lit
979 1310 1162 1347 aurum
1195 1297 1275 1347 vel
1310 1306 1584 1363 argentum
1634 1307 1976 1361 apparenter,
2019 1311 2122 1349 non

545 1375 722 1419 autem
747 1364 1057 1418 existenter.
1090 1365 1154 1417 Et
1186 1366 1318 1418 ratio
1341 1377 1443 1428 εει,
1472 1368 1591 1431 quia
1619 1382 1709 1432 per
1737 1368 1930 1419 nullam
1955 1378 2122 1420 artem

548 1438 714 1487 l’orma
746 1435 1110 1488 substantialis
1142 1446 1311 1503 poteSt
1342 1437 1463 1503 poni
1514 1435 1564 1488 itt
1598 1452 1717 1490 esse
1747 1439 1994 1503 specilico
2043 1437 2122 1488 al-

547 1507 712 1559 terius
745 1504 948 1557 fortnas.

613 1576 709 1627 Ars
766 1573 1064 1639 simpliciter
1112 1574 1234 1643 facit
1279 1577 1540 1628 materiam
1588 1574 1625 1644 (ι
1682 1572 1889 1644 Phys.).
1922 1575 2124 1629 Dicitur

541 1647 688 1712 quod
725 1645 1037 1712 intelligitur
1071 1644 1138 1696 de
1171 1647 1390 1697 materia
1423 1646 1676 1709 secunda,
1709 1661 1811 1698 nott
1852 1658 2026 1699 autem
2059 1650 2124 1700 de

545 1716 763 1767 materia
799 1717 988 1780 prima,
1031 1716 1154 1778 quia
1203 1718 1422 1767 materia
1482 1715 1646 1781 prima
1697 1731 1800 1765 non
1845 1714 2122 1781 est-facta,

541 1785 663 1850 quia
689 1793 771 1838 est
798 1784 1172 1854 ingenerabilis
1211 1794 1265 1837 et
1295 1787 1525 1853 incorru‘
1549 1785 1731 1849 tibilis,
1766 1795 1818 1838 ut
1850 1797 1991 1854 patet
2019 1789 2121 1841 ibi-

538 1855 681 1906 dem.

615 1924 900 1976 Arcidentis
941 1939 1042 1977 non
1072 1936 1146 1978 est
1172 1927 1408 1979 accidens
1455 1929 1531 1992 (tv
1572 1924 1778 1994 Plit/3.).
1816 1925 2124 1991 lntelligitur

543 1996 643 2056 sie,
696 1995 985 2065 accidentis
1024 2011 1128 2050 non
1177 2007 1257 2048 est
1298 1997 1542 2049 accidens
1595 2005 1843 2065 tanquam
1896 1999 2123 2065 subjecti

538 2064 841 2136 originalis;
874 2076 932 2136 et
956 2066 1033 2117 sic
1062 2076 1168 2119 stat
1193 2067 1350 2132 bene,
1375 2069 1512 2134 quod
1537 2064 1725 2119 albedo
1747 2078 1829 2118 est
1856 2069 1907 2120 in
1937 2064 2124 2136 snper-

547 2133 687 2198 ticie,
719 2149 837 2201 qua:
864 2133 1024 2187 etiam
1055 2145 1138 2188 est
1166 2152 1327 2188 unum
1379 2133 1644 2202 accidens,
1677 2149 1729 2188 ct
1781 2139 1913 2191 linea
1967 2133 2120 2192 habet

543 2204 922 2257 rotunditatem
960 2215 1012 2257 et
1037 2208 1558 2273 corruptibilitatem,
1587 2206 1679 2259 sed
1710 2208 1808 2259 hoc
1857 2224 1959 2260 non
2009 2217 2123 2259 tan-

539 2289 696 2337 quam
745 2273 1039 2340 subjectum
1089 2276 1370 2345 originale,
1421 2279 1541 2344 quia
1593 2277 1914 2344 originaliter
1958 2288 2039 2330 est
2071 2281 2120 2328 in

535 2347 851 2396 substantia.

610 2414 848 2486 Accidens
890 2413 1131 2480 deﬁnitur
1160 2431 1249 2484 per
1286 2415 1566 2485 subjectum
1609 2433 1760 2470 suum
1812 2420 1903 2486 (vn
1957 2417 2119 2470 Meta-

534 2482 733 2551 phgs.).
771 2484 852 2555 Et,
886 2486 962 2538 sic
990 2482 1172 2538 album
1225 2495 1307 2539 est
1354 2482 1668 2555 subjectum,
1727 2482 1928 2541 habens
1971 2489 2120 2539 sulti-

533 2556 760 2606 cientem
791 2554 1088 2610 albedinem
1123 2572 1215 2621 per
1266 2557 1344 2607 sui
1398 2554 1905 2610 tienomina:iottem.
1940 2558 2000 2608 Et
2031 2560 2120 2608 in-

539 2624 789 2689 telligitur
817 2627 894 2676 sic
924 2624 1236 2678 delinitione
1284 2627 1626 2694 descripttva,
1662 2645 1765 2679 nott
1815 2637 1989 2678 autem
2023 2643 2120 2679 rs-

536 2695 769 2755 senttali,
804 2695 923 2761 quia
975 2705 1188 2757 oportet
1231 2697 1368 2763 quod
1419 2697 1541 2749 talis
1597 2697 1752 2749 detur
1803 2713 1892 2763 per
1939 2713 2116 2748 \‘et‘ttttt

534 2777 721 2824 uenus,
756 2772 811 2815 et
836 2779 927 2827 per
952 2763 1302 2818 diderentiam
1333 2768 1701 2831 essentialem;
1743 2778 1791 2820 et
1836 2770 1953 2820 talis
1985 2769 2116 2820 initi-

532 2839 618 2882 cat
645 2833 772 2898 qttid
803 2843 884 2884 est
905 2847 1024 2885 esse
1053 2835 1150 2896 rei,
1181 2845 1238 2886 ut
1267 2845 1426 2900 patet,
1459 2853 1471 2889 ι
1505 2837 1848 2903 Τορίοιιτιιιι..

606 2903 811 2966 Anima,
831 2914 1077 2970 quantum
1097 2906 1165 2955 ad
1188 2917 1384 2971 partem
1404 2907 1778 2961 intellectit'am.
1795 2908 1984 2958 nullius
2006 2923 2116 2958 cor-

539 2973 678 3038 poris
709 2983 777 3024 est
800 2985 943 3025 actus
973 2975 1032 3039 (tt
1059 2974 1121 3025 de
1152 2974 1382 3042 Anima).
1425 2973 1640 3029 Scilit'et
1683 2975 1972 3042 Subjective
2017 2981 2111 3028 de-

542 3045 778 3106 pt'ttdetts
807 3057 835 3094 a
865 3058 1111 3111 corpore.
1139 3044 1226 3097 Sic
1250 3046 1390 3097 enim
1421 3054 1620 3096 tantum
1648 3046 1913 3113 dependet
1934 3063 2117 3099 secun-

534 3119 659 3162 dum
693 3121 890 3176 partem
920 3115 1228 3166 sensitivam
1261 3124 1314 3165 et.
1345 3119 1710 3181 Vegelativattl.

605 3182 754 3233 Actui
775 3187 1275 3254 repugnatacciaere
1297 3196 1466 3236 actum
1485 3186 1611 3254 (Per
1634 3189 1900 3239 Aver'rocm
1925 3189 1975 3239 in
1998 3189 2112 3240 sub-

532 3253 772 3305 stantiam
797 3268 844 3305 οι
859 3252 979 3321 bis).
1014 3251 1388 3321 RCSPOIldellll‘
1412 3251 1553 3321 quad
1579 3269 1728 3308 actus
1755 3259 2113 3310 substantialis

535 3338 639 3373 ι-οιι
670 3331 843 3389 potest
871 3324 1112 3390 recipere
1142 3324 1303 3375 alium
1344 3334 1518 3376 actum
1552 3326 1953 3379 substantialem
1975 3367 1989 3390 ,
2021 3330 2110 3379 sed

533 3393 666 3443 bene
696 3393 1100 3446 occidentalem.

605 3462 863 3535 Arcanon
889 3475 966 3535 est
994 3466 1190 3533 lignum
1221 3465 1308 3533 (Ix
1360 3464 1654 3535 Metaphgs.
1676 3465 1712 3531 ).
1748 3464 2114 3532 Respondetur

534 3532 679 3603 quod
704 3530 1058 3603 Philosophus
1090 3530 1237 3603 ponit
1267 3543 1480 3588 modum
1504 3530 1766 3602 'loQuendi
1796 3530 2109 3602 vulgarium.

540 3602 630 3653 \‘el
661 3609 836 3667 potest
861 3601 966 3675 dici
994 3601 1134 3669 quod
1169 3606 1281 3670 ipse
1320 3608 1430 3664 velt
1459 3601 1599 3674 quod
1641 3615 1807 3657 totum
1839 3601 2108 3675 composi-

528 3684 637 3723 tum
670 3685 775 3723 non
801 3673 1101 3742 verilicatur
1127 3675 1194 3725 de
1214 3690 1307 3725 sua
1340 3673 1577 3725 mali/tia.
1608 3675 1670 3726 Et
1695 3675 1811 3726 ideo
1837 3673 2111 3742 Vultqttod

529 3758 652 3793 arca
685 3755 788 3793 non
823 3748 908 3794 est
938 3741 1136 3812 lignum
1170 3755 1416 3809 tanquam
1442 3760 1534 3795 sua
1568 3745 1812 3806 materia,
1838 3759 1957 3811 quia
1981 3741 2113 3798 altas

535 3821 702 3864 totum
730 3820 875 3864 eSset
897 3827 990 3863 sua
1021 3829 1174 3880 pars,
1207 3829 1256 3866 et
1291 3831 1319 3865 e
1358 3829 1640 3866 converso.
1688 3812 1777 3865 Vel
1807 3824 1978 3881 potest
2007 3815 2111 3868 dici

528 3888 671 3950 quod
695 3881 1056 3952 Philosophus
1086 3885 1196 3937 vult
1224 3885 1364 3952 quod
1408 3888 1624 3937 materia
1675 3900 1776 3935 non
1823 3883 2016 3936 dit-itur
2045 3885 2112 3938 de

530 3963 640 4001 toto
662 3950 961 4016 composito
985 3953 1035 4005 in
1058 3950 1347 4017 abstracto,
1370 3957 1460 4006 sed
1488 3955 1626 4008 bene
1649 3955 1701 4006 in
1725 3968 1994 4019 concreto,
2024 3968 2106 4007 ut:

524 4036 644 4072 area
677 4030 759 4072 est
791 4022 981 4087 lignea.

599 4097 752 4143 Actus
783 4100 899 4142 sunt
925 4091 1308 4161 suppositarum
1342 4099 1380 4161 (ι
1413 4091 1696 4161 Metaph.).
1741 4096 2112 4160 Respondetur

524 4163 666 4228 quod
695 4162 1048 4229 Philosophus
1078 4164 1192 4215 volt
1213 4165 1353 4230 quod
1384 4175 1533 4216 actus
1560 4173 1682 4214 sunt
1712 4170 2107 4230 suppositorum

526 4230 944 4296 denotninative,
974 4248 1094 4293 cum
1127 4233 1226 4306 hoc
1263 4245 1452 4306 tamen
1495 4234 1636 4290 bene
1673 4243 1799 4301 stat,
1832 4238 1972 4306 quod
2001 4254 2107 4292 non

523 4309 649 4351 sunt
678 4311 1072 4366 supposuorum
1103 4302 1364 4356 eﬂective.

593 4370 638 4422 Α
665 4369 845 4445 primis
869 4368 1164 4445 substantiis
1191 4374 1335 4445 nulla
1361 4375 1476 4445 erit
1491 4375 1784 4437 pradicatio
1829 4374 1955 4445 (Per
1983 4375 2108 4429 Phi-

523 4442 800 4507 losophum
831 4441 882 4489 iu
924 4438 1397 4509 Pra’dicarnentis).
1445 4438 1987 4510 Respondetur'quod
2024 4450 2105 4499 in-

529 4513 815 4579 telligitur:
851 4525 879 4559 a
914 4511 1096 4576 primis
1123 4511 1435 4564 sobstantiis
1465 4517 1605 4564 nulla
1639 4514 1743 4564 erit
1773 4517 2100 4579 praedicatio,

2143 3219 2188 3281 Ο
2221 3202 2382 3240 mam.
2433 3185 2665 3281 |Brevnus
2715 3194 2790 3281 etp
2817 3182 3005 3236 melius
3033 3199 3044 3232 :

2222 3258 2422 3281 ζ......,.....
2452 3256 2591 3281 ἶιηιζτ.
2627 3271 2727 3281 ιιη..
2783 3263 2814 3281 .l
2851 3254 2988 3281 nnl:n
3041 3271 3044 3281 ι

2226 597 2460 664 quolibet
2489 598 2778 664 quodlibet.

2299 668 2740 738 Abiinsufﬁt‘iente
2768 665 2898 718 nihil
2932 666 2986 732 ﬁt
3019 667 3067 734 (ι
3101 665 3302 736 Pitys.)
3337 668 3693 738 lntelligitur:
3732 679 3800 728 ab

2226 735 2578 812 insumciente
2607 738 2836 812 nihil-iit
2862 740 2930 812 de
2959 743 3071 789 solo
3093 735 3229 812 .used
3254 735 3378 812 eum
3425 735 3610 796 addito
3640 760 3798 812 supe-

2227 810 2423 859 riorunt
2455 817 2508 860 et
2538 806 2875 860 insul'ticienti
2906 807 3038 859 bene
3066 807 3265 874 aliquid
3294 809 3369 861 lit.

2298 880 2484 928 Anima
2515 888 2586 930 est
2610 877 2863 928 abstracta
2885 893 2914 926 a
2944 892 3158 941 corpore
3186 875 3311 942 (Per
3341 877 3799 934 Commentatorem

2229 961 2282 999 ιιι
2309 949 2371 997 de
2403 949 2629 1010 Anima).
2667 945 2914 1013 lntelligit
2951 945 3355 1000 Commentator
3384 951 3671 1014 Averroes,
3706 955 3798 1006 sed

2228 1017 2384 1082 falso,
2413 1019 2644 1068 animam
2679 1017 3048 1069 iutelleCIivam
3080 1032 3185 1068 non
3216 1031 3335 1072 esse
3365 1017 3590 1072 formam
3624 1021 3790 1074 humi-

2227 1088 2309 1139 nis
2340 1088 2732 1144 informantem,
2767 1086 2858 1137 sed
2894 1095 3094 1137 tantum
3123 1087 3464 1141 assistentem
3487 1129 3502 1154 ,
3536 1105 3637 1143 nec
3666 1092 3800 1143 dan-
3870 1111 3871 1116 η

2228 1167 2333 1207 ίιἸῘΙ
2361 1171 2501 1216 esse,
2535 1157 2627 1209 sed
2661 1164 2858 1208 tantmn
2891 1157 3277 1222 operationem,
3309 1163 3408 1209 hoc
3435 1171 3536 1221 est,
3583 1159 3790 1214 iutelle-

2225 1228 2478 1297 ctionem.
2508 1225 2660 1278 Jtnita
2690 1227 2974 1297 veritatettt
3002 1235 3179 1278 autem
3229 1228 3304 1278 sic
3349 1227 3509 1281 debet
3550 1229 3798 1297 intelligi,

2225 1295 2368 1361 quod
2399 1300 2607 1349 tametsi
2631 1296 2802 1347 anima
2833 1293 3150 1347 intellectiva
3175 1298 3536 1350 essentialiter
3556 1300 3628 1351 sit
3649 1293 3801 1353 aetiis

2228 1367 2596 1419 inlormativus
2625 1364 2885 1431 corporis,
2919 1373 3092 1416 tamen
3128 1381 3298 1431 neque
3329 1371 3378 1418 in
3411 1367 3524 1419 ﬁeri
3554 1384 3728 1435 neque
3749 1371 3799 1424 in

2226 1450 2349 1490 esse
2379 1436 2701 1505 dependeta
2730 1449 2952 1501 corpoie
2981 1439 3220 1500 (creatur
3254 1437 3392 1488 enim
3426 1451 3491 1490 ex
3526 1437 3720 1501 nihilo.
3752 1452 3801 1492 et
3870 1435 3871 1504 1

2195 1517 2400 1572 ,potest
2443 1506 2675 1572 separari
2709 1519 2735 1556 a
2767 1510 3011 1569 corpore)
3047 1519 3217 1570 neque
3255 1507 3305 1558 in
3349 1508 3664 1572 attentione
3708 1526 3799 1561 ειιη
3870 1553 3871 1556 η

2227 1578 2458 1644 propria,
2489 1579 2585 1626 hoc
2613 1584 2713 1637 est,
2754 1573 3114 1627 iutellectione
3143 1577 3498 1630 communicat
3525 1591 3648 1630 cum
3679 1593 3798 1632 cer-

2229 1662 2358 1713 pore
2387 1658 2630 1711 tanquam
2661 1645 2903 1709 subjecto
2929 1654 3018 1696 aut
3048 1645 3422 1698 instrumento.

2249 1759 2252 1762 .
2298 1717 2590 1768 Accidentia
2621 1731 2856 1786 magnum
2889 1725 3082 1786 partem
3106 1715 3372 1786 conferunt
3398 1716 3467 1767 ad
3494 1731 3801 1786 cognoscen-

2228 1786 2348 1837 dum
2375 1787 2512 1854 quod
2541 1786 2662 1850 quid
2697 1794 2766 1836 est
2810 1783 2858 1854 (ι
2884 1785 2946 1834 de
2975 1784 3157 1834 Anima
3174 1785 3214 1851 ).
3236 1785 3352 1854 Allia
3397 1783 3693 1840 auctoritas
3724 1804 3801 1839 5e—

2231 1852 2462 1909 cundnm
2493 1852 2842 1907 Themisdum
2876 1852 3350 1926 denaccidentibus
3383 1870 3475 1921 per
3504 1871 3562 1911 se
3590 1869 3644 1910 et
3675 1873 3801 1926 pro-

2232 1928 2358 1992 prlis
2388 1926 2701 1993 intelligitur
2725 1962 2739 1984 ,
2773 1926 2893 1992 quia
2925 1923 3085 1977 dicit:
3133 1923 3248 1975 Non
3293 1925 3438 1978 enim
3482 1926 3612 1980 dicit
3662 1923 3802 1979 idem

2227 1997 2566 2059 Aristoteles,
2593 2010 2856 2060 cognosco
2885 1994 3059 2061 ignem
3097 2009 3189 2061 per
3219 1993 3442 2058 fumant,
3470 1997 3562 2048 sed
3591 2010 3690 2063 per
3712 2013 3801 2050 ca-

2227 2067 2414 2120 lorem.
2452 2067 2619 2117 Etiam
2663 2063 2972 2132 intelligitur
3001 2064 3068 2117 de
3109 2063 3470 2116 accidentibus
3503 2070 3804 2120 communi-
3870 2131 3871 2134 η

2225 2138 2323 2189 bus
2353 2135 2640 2188 Secundum
2673 2150 2731 2185 se
2759 2135 3007 2200 sumptis,
3029 2144 3084 2186 et
3109 2135 3173 2185 ad
3204 2135 3429 2186 invicem
3455 2136 3802 2198 combinatis,
3870 2161 3871 2166 η

2226 2219 2318 2256 ut:
2363 2218 2630 2272 cognosco
2669 2206 2977 2267 Socratem,
3025 2217 3120 2271 per
3165 2203 3250 2255 illa
3298 2206 3591 2257 accidentia
3641 2206 3802 2259 simul

2223 2285 2433 2343 sumpta
2483 2285 2538 2328 et
2580 2273 2911 2335 combinata,
2962 2275 3200 2332 SClliCcl,
3254 2272 3456 2327 habens
3497 2276 3644 2330 rufos
3698 2280 3802 2330 eri~

2225 2361 2346 2408 nes,
2378 2358 2432 2396 et
2456 2355 2538 2398 est
2569 2345 2742 2406 albus,
2787 2345 2985 2396 habens
3011 2343 3218 2410 nigrum
3248 2343 3520 2411 capitium,
3553 2343 3802 2400 blancam

2226 2429 2473 2469 IUlllCalll.

2295 2487 2642 2538 Accidentinm
2674 2501 2772 2536 non
2804 2493 2875 2537 est
2901 2483 3109 2536 scientia
3139 2483 3529 2537 demonstrativa
3559 2487 3598 2549 (ι
3627 2484 3800 2539 Poste-

2223 2557 2344 2610 rior.
2377 2572 2491 2622 cap.
2523 2554 2576 2612 6.
2608 2565 2730 2606 text.
2767 2553 2874 2620 18).
2912 2554 3099 2606 Verum
3124 2564 3205 2605 est
3232 2556 3331 2607 hoc
3360 2555 3411 2606 in
3439 2557 3802 2609 accidentibus
3870 2611 3871 2618 ξ

2223 2642 2338 2693 qua:
2371 2641 2474 2677 non
2502 2634 2625 2677 sunt
2654 2639 2749 2692 per
2772 2637 2831 2676 se
2859 2631 2915 2676 et
2944 2625 3171 2693 propria.
3213 2692 3218 2693 γ
3870 2679 3871 2690 χ

2293 2697 2337 2748 Α
2379 2695 2702 2764 praportioue
2748 2694 2953 2745 minoris
3001 2692 3360 2758 inmqualita’is
3398 2708 3499 2745 non
3543 2695 3602 2758 ﬁt
3648 2697 3800 2746 actio.

2221 2766 2521 2819 Notandum
2553 2766 2694 2831 quod
2723 2764 2916 2831 duplex
2947 2771 3028 2814 est
3068 2773 3336 2828 proportio
3367 2779 3376 2814 :
3422 2778 3520 2815 una
3561 2776 3641 2815 est
3680 2780 3798 2831 pro

2223 2837 2392 2903 pontio
2422 2835 2837 2903 quantiticativa,
2865 2833 3129 2885 mediante
3150 2847 3251 2898 qua
3282 2849 3441 2883 mttun
3465 2836 3802 2887 extensivmn

2219 2915 2475 2973 quantum
2523 2905 2674 2958 alteri
2724 2905 3198 2970 proponit-natur;
3249 2904 3352 2973 alia
3397 2911 3803 2973 est__pr0portio

2219 2970 2471 3038 actionis,
2504 2984 2556 3026 et
2587 2974 2654 3027 de
2685 2974 2769 3026 illa
2804 2974 3113 3040 intelligitur
3151 2971 3461 3025 auctoritas.
3499 2970 3649 3027 Unde
3681 2992 3799 3028 cor-

2220 3060 2317 3113 pus
2348 3046 2412 3098 ad
2444 3059 2549 3097 non
2582 3058 2775 3110 corpus
2806 3045 2938 3096 bene
2965 3051 3050 3096 est
3080 3045 3349 3108 proportio
3397 3046 3629 3097 secunda
3651 3089 3669 3112 ,
3713 3064 3797 3098 se-

2218 3112 2450 3169 cundum
2483 3114 2713 3182 aliquam
2746 3113 3012 3167 virtutem.
3043 3113 3179 3165 sicut
3207 3112 3342 3164 inter
3363 3127 3558 3180 c0rptts
3596 3127 3652 3168 et
3683 3119 3798 3167 ani-

3097 3198 3124 3234 ιι
3180 3189 3522 3251 proportiOoe
3579 3187 3802 3237 minoris

2223 3256 2594 3325 inzequzditatis
2627 3271 2728 3306 non
2763 3254 2819 3305 lit
2849 3254 3008 3319 actio,
3041 3251 3266 3316 scilicet,
3299 3271 3402 3308 non
3435 3259 3490 3307 tit
3516 3257 3658 3308 actio
3690 3258 3801 3308 viu-

2213 3341 2363 3388 cens,
2397 3327 2452 3376 tit
2484 3336 2657 3376 tamen
2691 3337 2908 3376 reacno.

2287 3397 2382 3447 Ars
2413 3404 2457 3446 et
2486 3393 2696 3445 scientia
2721 3394 3104 3460 distinguuntur
3129 3396 3148 3460 (
3172 3408 3222 3444 νι
3251 3391 3421 3444 Etltic.
3442 3394 3480 3461 ).
3516 3393 3685 3448 Debet
3714 3395 3796 3448 iu-

2218 3466 2378 3532 telligi
2417 3463 2678 3530 capiendo
2709 3461 2988 3514 seientiam
3024 3465 3215 3532 stricte
3253 3463 3426 3516 solum
3476 3478 3572 3530 pro
3611 3465 3797 3519 habitu

2213 3530 2543 3603 Spec‘ulativo
2567 3574 2583 3598 ,
2637 3543 2688 3585 et
2727 3530 3177 3603 etiam_capiendo
3206 3545 3376 3603 artem
3405 3535 3593 3588 stricte
3618 3538 3794 3590 solum

2216 3601 2312 3673 pro
2357 3606 2537 3658 habitu
2584 3605 2838 3670 practico.
2882 3601 2987 3655 Sed
3016 3602 3275 3668 capiendo
3301 3602 3418 3656 illas
3448 3619 3600 3672 :nque
3645 3620 3794 3660 eom-

2215 3677 2444 3728 muniter
2476 3684 2580 3726 tam
2615 3686 2709 3740 pro
2742 3673 2920 3723 habitu
2954 3673 3184 3740 praetico
3223 3687 3382 3740 quam
3426 3679 3757 3743 Speculatiro
3781 3718 3794 3737 ,

2216 3755 2340 3797 tunc
2373 3759 2477 3794 non
2508 3745 2921 3809 diSIinguuntur.

2285 3818 2326 3865 A
2358 3813 2541 3879 majori
2562 3814 2701 3882 debet
2735 3812 2846 3875 ﬁeri
2866 3812 3210 3864 denominaﬁo
3242 3814 3332 3881 (νι
3366 3811 3592 3882 Phys.).
3636 3816 3790 3868 lntel’

2218 3884 2394 3950 ligitur
2418 3889 2484 3934 de
2510 3881 2852 3948 qualitatibus
2881 3882 3141 3950 positivis,
3160 3893 3212 3933 et
3235 3881 3467 3936 maxime
3488 3887 3708 3938 intensn
3725 3890 3764 3938 ι-
3785 3929 3797 3942 ,

2213 3949 2320 4006 non
2341 3961 2516 4003 autem
2538 3959 2748 4016 oportet
2765 3950 2828 4001 de
2849 3949 3120 4013 privativis
3145 3951 3796 4017 fieridenonnnationem,

2211 4026 2351 4077 sicut
2378 4024 2610 4075 lenebne
2641 4018 2986 4072 deumniuant
3017 4021 3378 4073 tenebrosum.
3411 4021 3477 4074 Et
3505 4024 3646 4075 Volet
3682 4035 3792 4076 Lau-

2214 4105 2345 4156 tnm,
2374 4093 2510 4145 sicut
2532 4107 2559 4143 a
2588 4089 2798 4159 majori.
2828 4090 2877 4142 id
2909 4097 3010 4153 est,
3053 4105 3082 4142 a
3113 4090 3340 4158 digniori
3371 4089 3528 4144 debet
3560 4096 3673 4145 lteri
3707 4097 3797 4147 dcv

2213 4161 2523 4218 nominatio.

2283 4237 2438 4286 Actus
2459 4243 2505 4286 et
2534 4232 2758 4302 potentia
2780 4240 2896 4284 sunt
2919 4231 3139 4284 maxime
3158 4232 3414 4302 contraria
3439 4232 3542 4283 sive
3564 4235 3796 4300 opposita

2213 4304 2341 4376 (Per
2369 4303 2849 4376 Commentatorem,
2878 4303 2978 4376 tde
3000 4301 3230 4376 Anima).
3261 4301 3578 4376 Intelligttur
3595 4306 3675 4376 sii-
3704 4307 3799 4358 hoc

2211 4373 2416 4428 axium.
2449 4374 2590 4443 quod
2619 4375 2724 4426 sint
2754 4374 2982 4425 maxime
3009 4373 3390 4443 oppositasive
3417 4374 3714 4437 contraria,
3753 4379 3795 4426 td

2211 4460 2314 4508 est,
2339 4442 2780 4497 communissime
2802 4446 3066 4510 opposita,
3093 4445 3214 4510 quia
3237 4442 3384 4508 dicit,
3407 4445 3550 4508 quod
3574 4446 3794 4498 cireum-

2212 4527 2337 4567 eunt
2365 4516 2541 4566 omnia
2577 4513 2979 4582 prtedieamentzt
3008 4551 3024 4576 ,
3068 4523 3121 4566 et
3159 4513 3205 4566 si
3244 4527 3350 4564 non
3382 4518 3491 4564 vult
3515 4516 3661 4582 quod
3695 4529 3796 4568 siut

521 4563 752 4645 quaeuest
781 4563 1075 4650 superioris
1105 4584 1171 4633 de
1203 4563 1460 4646 tttleriori,
1489 4563 1610 4651 quia
1645 4563 2103 4648 priiurteisub'swtan:
2136 4563 2185 4620 θ
2212 4563 2727 4648 ὦιιιι-ξιιίιέινιιιὶιριἰθ
2756 4563 2920 4634 deta.

521 4654 611 4704 tia:
640 4667 746 4705 non
779 4655 975 4705 habent
1006 4653 1224 4706 interius
1251 4653 1441 4705 saltem
1472 4653 1830 4706 essentiahter
1872 4655 1923 4706 iu
1971 4669 2102 4720 prae-

520 4725 788 4776 dicatione
819 4737 966 4788 vera,
1000 4723 1198 4777 directa
1228 4733 1283 4777 et
1310 4723 1651 4776 al'iirmativa.
1915 4737 1918 4739 λ

595 4794 801 4843 Animal
842 4803 914 4845 est
949 4795 1271 4864 anintantius
1318 4797 1498 4864 planta
1542 4795 1763 4862 (Auctor
1798 4808 1888 4846 sex
1916 4795 2104 4864 princi-

522 4861 746 4935 piorum,
797 4878 912 4929 cap.
947 4862 978 4912 ’ὁ
1008 4865 1071 4916 de
1111 4861 1400 4935 Passione).
1449 4861 1597 4930 Quod
1641 4861 1952 4934 intelligitur
1981 4872 2098 4919 sic:

521 4933 735 5005 Animal
766 4943 849 4984 est
879 4935 1174 5005 perfectius
1212 4933 1502 4989 animatum
1542 4951 1702 5004 quam
1751 4933 1950 5005 planta.
2009 4936 2101 4992 Vel

520 5001 717 5055 dicitur
747 5004 886 5066 quod
927 5003 1121 5075 animal
1175 5005 1353 5075 plures
1392 5001 1572 5060 babetv
1599 5001 1864 5075 potentias
1906 5007 2102 5062 animo:

518 5089 676 5142 quant
717 5071 1076 5147 plattta,_quia
1107 5074 1303 5125 animal
1336 5075 1495 5127 habet
1525 5071 1814 5142 poientiam
1839 5082 2101 5147 (vegetari.

525 5159 643 5196 vam
671 5153 724 5195 et
753 5142 1087 5206 sensitivam,
1119 5147 1292 5207 planta
1319 5152 1496 5196 autem
1529 5153 1675 5196 caret
1707 5142 1980 5200 sensitiv'a.

589 5219 775 5266 Anima
820 5213 1101 5282 vegetation
1145 5225 1218 5264 est
1263 5214 1551 5264 animarum
1597 5215 1760 5281 primo
1808 5219 1864 5280 (ι
1894 5228 1936 5266 et
1975 5232 2008 5270 ιι
2039 5222 2102 5269 de

522 5286 768 5352 Anima).
825 5289 896 5337 lbi
944 5285 1142 5337 dicitur
1185 5287 1325 5352 quod
1375 5284 1728 5350 Philosophus
1762 5284 1991 5351 loquitur
2035 5291 2102 5340 de

519 5355 920 5424 connuunitatis
949 5359 1249 5424 prioritate,
1285 5370 1390 5406 non
1417 5356 1484 5408 de
1511 5353 1789 5424 prioritate
1818 5356 2102 5421 perfectio-

520 5423 625 5497 nis,
658 5433 712 5474 et
740 5427 854 5477 vult
882 5423 1022 5494 quod
1067 5428 1118 5480 in
1167 5425 1406 5494 pluribus
1432 5423 1712 5497 reperitur
1737 5426 1915 5478 anima
1946 5441 2099 5497 vege-

519 5495 703 5555 tativa,
734 5508 894 5560 quam
924 5497 1176 5550 sensitiva
1209 5500 1290 5550 vel
1320 5495 1660 5549 iutellectiva.

590 5568 751 5637 Actus
779 5565 1058 5637 activorum
1084 5580 1200 5622 sunt
1231 5572 1281 5620 in
1310 5569 1528 5637 patiente
1556 5565 1910 5637 prtedisposito
1941 5565 2031 5634 (In
2061 5581 2097 5620 tt

520 5635 583 5690 de
612 5631 845 5706 Anima).
882 5636 1198 5706 lntetbgitur
1235 5631 1351 5691 sic:
1403 5639 1446 5690 si
1491 5631 1693 5705 aliquid
1736 5631 1967 5689 activum
2017 5641 2099 5690 vel

522 5721 686 5775 agens
712 5704 874 5776 debet
898 5704 1076 5757 actoni
1102 5709 1334 5774 aliquem
1363 5723 1540 5776 agere,
1571 5704 1651 5761 vel
1684 5708 1978 5775 producere
2003 5707 2100 5759 ali-

520 5771 681 5841 quem
705 5771 954 5830 eﬁ'ecwm
986 5776 1037 5826 ιιι
1069 5771 1490 5845 ipso'patieuie,
1527 5771 1660 5831 tunc
1684 5771 1899 5845 oportet
1925 5781 2097 5845 Ipsum

523 5845 729 5907 patiens
753 5857 876 5902 esse
901 5845 1041 5901 bene
1067 5843 1386 5914 dispositum
1426 5848 1494 5903 ad
1521 5847 1672 5903 illum
1710 5843 1887 5902 actum
1926 5843 2097 5903 susci-

2287 4654 2366 4704 Ad
2394 4653 2771 4717 corruptionem
2799 4651 3014 4710 subiecti
3035 4650 3258 4718 sequitur
3285 4650 3548 4716 corruptio
3578 4652 3808 4704 scienda

2208 4723 2415 4791 (Primo
2444 4718 2841 4786 Posteriorum).
2879 4719 3251 4791 Respondetur
3279 4722 3419 4787 Quod
3457 4724 3557 4791 hoc
3598 4727 3794 4774 tntelti~

2205 4789 2347 4861 g'ttur
2381 4794 2450 4845 de
2479 4793 2720 4856 Subjecto
2761 4789 3068 4844 lltlla:SiUltl§
3093 4831 3108 4852 ,
3157 4798 3213 4843 et
3260 4805 3363 4841 non
3409 4789 3795 4844 attributimtis.

2207 4868 2336 4917 {\am
2368 4863 2493 4916 dato
2521 4863 2682 4914 etiam
2713 4861 2853 4929 quod
2901 4873 3278 4928 corrumpatur
3309 4875 3430 4914 rOsa
3478 4863 3529 4914 ιιι
3553 4861 3793 4930 hyeme,

2209 4944 2383 4988 tamen
2413 4933 2663 4985 attributa
2694 4933 2860 5002 ipsius
2902 4931 3076 4987 adhuc
3117 4930 3411 4987 scientiiice
3451 4931 3519 4986 de
3549 4929 3668 5002 ipsa
3699 4949 3793 4987 co-

2203 5015 2550 5075 gnoscmttur.

2277 5076 2481 5127 Animal
2506 5082 2578 5125 est
2607 5072 2748 5138 prius
2776 5071 2977 5123 homine
3011 5075 3029 5138 (
3058 5071 3161 5125 Per
3187 5070 3537 5141 Porphyrium
3561 5075 3599 5139 ).
3639 5071 3794 5124 Intel-

2206 5145 2387 5213 ligitur
2419 5147 2471 5194 in
2501 5142 2870 5213 suppositione
2895 5143 3177 5208 ntateriali,
3211 5140 3305 5197 ut:
3355 5143 3432 5205 Ly
3473 5140 3676 5213 animal
3717 5156 3794 5193 Cat

2207 5209 2351 5282 prius
2384 5212 2635 5273 homine;
2680 5209 2732 5262 id
2772 5223 2876 5274 est,
2913 5213 2999 5266 ille
3031 5214 3286 5267 terminus
3310 5212 3505 5262 animat
3531 5219 3620 5262 est
3639 5228 3795 5264 eoat-

2205 5289 2414 5337 tnunior
2438 5298 2596 5350 quam
2625 5283 2806 5336 homo.

2279 5347 2562 5406 Accideutis
2591 5370 2691 5404 non
2711 5365 2784 5406 cst
2813 5369 2941 5417 esse,
2973 5354 3059 5405 sed
3089 5352 3248 5421 inesse
3276 5348 3370 5416 (vu
3401 5347 3688 5421 Hetaplt.).
3717 5351 3792 5404 ln-

2205 5426 2462 5494 tetligitur
2489 5422 2852 5494 propriissime
2879 5461 2896 5488 ,
2933 5419 3192 5494 capiendo
3215 5433 3335 5472 esse
3359 5462 3374 5486 ,
3392 5491 3401 5494 Δ
3419 5431 3475 5494 et
3505 5438 3614 5473 non
3640 5419 3793 5476 cotu-

2203 5489 2458 5550 tnuniter.
2488 5489 2621 5548 Nam
2650 5498 2728 5547 sic
2753 5509 2960 5562 quoque
2985 5489 3228 5562 extendit
3252 5503 3310 5562 se
3338 5491 3404 5543 ad
3443 5492 3645 5546 inesse.

2275 5567 2520 5620 Accidens
2562 5581 2663 5616 non
2690 5558 2968 5632 migratde
3004 5558 3226 5632 subjecto
3252 5559 3318 5632 (in
3347 5563 3636 5630 subjectum
3679 5564 3701 5630 (
3726 5577 3794 5616 ut
3863 5563 3867 5632 λ

2205 5637 2488 5705 Metaph.).
2525 5629 2836 5705 lntelligit’ur
2859 5631 2926 5683 de
2967 5629 3209 5705 subjecm
3249 5629 3587 5705 inltgsionis,
3613 5647 3669 5686 et

2200 5699 2561 5761 attrtlimiottis
2587 5749 2601 5770 ,
2647 5699 2740 5756 seu
2773 5699 3240 5756 denominatioiiis.
3292 5701 3386 5756 Vel
3413 5703 3616 5757 dicitur
3649 5703 3794 5770 quint

2199 5793 2383 5833 verum
2407 5788 2491 5831 est
2511 5773 2802 5832 secundum
2827 5785 3128 5836 numerum.
3157 5789 3262 5829 non
3284 5784 3466 5830 autem
3493 5774 3796 5830 secundum

2198 5851 2453 5918 speciem.

3869 4626 3871 4765 ι
