3922 6246
120 365 216 418 969
736 361 1147 417 SENTENTI.~E
1192 362 1681 419 ΗΗωΞΟΡΗΙΟΛ

1803 364 1839 416 \'
1886 363 2315 417 .‘ii‘ilS'iO'l‘lilJi
2358 362 2758 417 COLHAZTJC.

182 478 457 533 Absurduiu
503 488 574 530 cst
616 477 769 528 simul
814 491 1033 544 quttrrre
1079 477 1339 527 scientiam
1387 488 1430 527 et
1476 476 1679 525 modum
1713 477 1753 532 Α

115 550 295 603 sciendi
324 550 398 617 (ιι
432 546 710 617 Metaph.).
745 544 834 617 Illa
861 548 1147 599 auctoritas
1175 546 1655 617 dupliciteriutitli

117 623 283 683 gitur:
317 614 420 671 uno
450 616 609 671 modo
633 658 649 681 ,
696 624 752 667 ut
790 615 841 668 in
875 617 1050 668 verbis
1097 626 1199 667 stat
1243 614 1595 680 simpliciter.
1637 624 1687 666 et

115 692 187 743 sic
211 700 288 742 est
317 701 441 741 vera
472 687 592 741 sine
615 687 809 752 glossa.
841 686 961 738 Alio
993 685 1172 746 modo,
1207 686 1247 737 si
1281 700 1374 751 per
1405 686 1685 739 SClCltl:;tlll

116 758 418 827 intelligitur
447 756 808 827 metapliysica
830 794 851 827 Α,
902 768 951 809 ει
973 768 1091 827 _per
1124 754 1337 827 modum
1372 755 1576 807 sciendi
1610 757 1687 805 lo-

114 831 242 897 gica,
278 824 398 880 tunc
421 839 610 879 sensus
631 832 711 897 cst
734 840 749 897 γε
779 824 1079 897 Absurdnni
1110 835 1190 875 est
1218 824 1372 897 simul
1408 827 1687 890 acquirere

117 893 526 966 iiietaphysicam
557 908 610 949 et
642 896 890 966 logicain,
914 896 1033 966 quia
1060 893 1417 966 metaphysiea
1450 908 1685 961 przcsup-

116 970 252 1035 ponit
282 964 502 1036 logicarn
532 982 546 1029 ;
590 980 717 1032 ergo
748 964 914 1036 logica
946 964 1103 1016 debet
1138 964 1395 1036 praisejii.

177 1038 254 1089 Ad
284 1033 436 1103 rigens
464 1038 711 1102 uniforme
740 1035 964 1102 sequitur
993 1043 1134 1084 actus
1161 1043 1209 1085 et
1248 1033 1456 1099 eﬂ'ectns
1480 1033 1682 1100 unifor-

115 1110 200 1159 mis
236 1113 251 1173 (
281 1105 455 1158 Primo
484 1108 545 1157 de
574 1104 711 1157 (Icelo
734 1104 773 1169 ).
826 1104 1141 1169 liitelligitur
1188 1104 1477 1173 dummodo
1523 1116 1685 1169 agens

118 1172 269 1231 totale
295 1178 566 1230 concurrit
595 1174 948 1235 uniloi-miter,
982 1183 1104 1225 tunc
1136 1173 1250 1225 talis
1297 1172 1542 1237 ell'cctus,
1578 1173 1685 1225 sal-

118 1260 209 1300 tein
244 1244 605 1312 principaliter
636 1244 889 1303 intentus,
919 1254 1093 1295 manet
1121 1242 1420 1295 uniformis.

183 1311 253 1369 Ab
278 1319 455 1368 eodem
499 1330 597 1365 non
642 1322 850 1378 possunt
881 1311 1090 1377 produci
1120 1313 1315 1364 diversa
1343 1311 1576 1380 speci/ire
1605 1311 1684 1360 di-

118 1396 282 1437 slinctu
312 1388 373 1449 (ιι
393 1388 454 1437 de
484 1382 863 1448 Generationr).
892 1382 1230 1449 Intelligitur:
1254 1384 1318 1434 ab
1341 1384 1527 1434 eodem
1560 1388 1686 1431 cnte

121 1456 329 1508 iniurati
364 1472 467 1504 non
502 1463 717 1521 possunt
751 1452 1040 1517 procedere
1078 1451 1285 1504 diversa
1334 1461 1388 1505 et
1434 1451 1685 1519 specilice

118 1529 372 1577 ιιιειιιιειιι.
403 1523 566 1577 Sceus
595 1534 675 1574 est
704 1522 770 1574 de
798 1533 986 1587 agente
1014 1521 1292 1574 artiﬁciali.

180 1596 368 1645 Aurum
399 1603 469 1644 est
494 1591 878 1657 iitrorruptibile
917 1592 934 1654 (
960 1591 1253 1643 Secundum
1296 1588 1613 1641 alcltimistas
1636 1588 1679 1652 ).

123 1664 417 1729 liitelligitur
464 1662 579 1715 sic:
629 1664 828 1714 Aurum
875 1668 958 1714 est
1005 1661 1440 1726 iuciirriiptibile,
1488 1660 1537 1711 id
1576 1670 1680 1720 est,

119 1735 256 1787 valde
284 1732 585 1784 diirativnui
615 1733 751 1784 inter
780 1732 955 1782 omnia
987 1731 1088 1781 alia
1123 1730 1357 1795 metalla,
1380 1730 1501 1797 quia
1525 1730 1682 1781 durat

118 1803 237 1856 ultra
270 1803 657 1855 ordinatiOnieni
690 1801 992 1855 humanam.

178 1875 217 1927 Α
244 1876 502 1926 eolun'ate
525 1875 733 1939 antiqua
763 1889 862 1923 non
903 1870 1128 1938 pratedit
1153 1869 1286 1923 actio
1313 1884 1438 1920 nova
1482 1870 1499 1935 (
1526 1868 1682 1919 Coni-

118 1953 370 2005 inculator,
401 1958 498 1996 ‘\lll
533 1941 696 2011 Phys.
726 1944 762 2007 ).
796 1940 1107 2011 intelligitur
1132 1946 1209 1993 sic
1238 1956 1265 1992 a
1292 1940 1565 2011 voluntate
1587 1952 1683 1989 aii-

121 2021 267 2079 tiqnzi,
299 2014 349 2064 id
383 2024 489 2076 est,
518 2028 544 2063 a
576 2008 684 2064 Deo
713 2026 817 2063 non
851 2009 1087 2075 praei-da
1113 2011 1251 2063 actio
1281 2025 1415 2063 nova
1435 2049 1447 2070 ,
1498 2008 1547 2061 id
1579 2015 1681 2070 est,

125 2097 305 2135 novum
329 2082 570 2140 volituni,
592 2084 709 2149 quia
737 2081 875 2133 Deus
898 2096 999 2131 non
1026 2080 1206 2145 incipit
1226 2080 1275 2132 al
1301 2082 1423 2147 quid
1448 2080 1515 2132 de
1540 2095 1682 2130 nnvu

127 2151 270 2215 tellc,
302 2151 423 2218 quia
451 2152 705 2217 quidquid
740 2150 875 2202 Deus
904 2149 1099 2214 voluit,
1145 2150 1213 2201 ab
1258 2160 1457 2202 aeterno
1494 2149 1680 2201 voluit.

129 2222 264 2275 l‘inle
312 2221 523 2275 etiamsi
554 2220 777 2272 mundus
820 2217 987 2271 laetus
1029 2230 1110 2272 est
1160 2219 1212 2271 in
1259 2229 1526 2285 tempore,
1576 2233 1679 2272 non

124 2302 284 2345 tamen
307 2300 505 2343 mutata
535 2291 631 2342 luit
657 2289 897 2341 voluntas
918 2286 1031 2342 Dei.
1080 2289 1161 2341 Ab
1186 2297 1385 2342 interno
1404 2289 1552 2342 enim
1588 2303 1681 2343 vo-

121 2361 207 2411 luit
231 2376 348 2413 cum
381 2368 507 2412 tunc
534 2360 667 2413 lieri.

178 2431 252 2481 Ad
281 2430 665 2497 productionem
687 2426 895 2497 effectus
924 2427 1174 2494 sti/ficium
1209 2426 1329 2490 duo,
1363 2426 1571 2493 scilicet,
1596 2444 1682 2481 vo-

116 2496 344 2552 liiiitaset
368 2508 590 2566 potestas
623 2496 747 2565 (Per
775 2496 919 2550 Boet.
950 2499 1011 2550 de
1039 2497 1398 2551 Consolatione
1442 2498 1679 2563 philoso-

118 2569 260 2635 phia,
284 2585 455 2637 prosa.
488 2583 544 2632 ii,
575 2567 664 2621 lib.
697 2569 794 2633 iv).
830 2567 1141 2635 Iiitelligitur
1163 2582 1267 2620 non
1298 2567 1558 2637 absolute,
1584 2568 1679 2621 sed

116 2636 344 2699 lnnitate‘,
398 2640 543 2689 verlii
572 2637 772 2703 gratia:
827 2650 926 2704 ego
970 2639 1089 2689 volo
1128 2646 1180 2689 et
1207 2649 1421 2699 possum
1460 2636 1678 2703 legere;

116 2722 232 2771 ergo
258 2706 368 2774 (ego
397 2706 639 2759 absolute
679 2720 781 2759 non
806 2709 981 2767 valet,
1030 2706 1122 2758 sed
1173 2705 1308 2757 bene
1350 2706 1519 2756 valet:
1572 2705 1681 2773 ligo

109 2786 245 2901 Inunc
270 2788 320 2828 et
352 2790 449 2844 pro
477 2788 614 2829 nunc
644 2775 762 2828 volo
792 2780 843 2827 et
873 2790 1084 2843 pussutu
1119 2776 1330 2843 legere,
1376 2787 1506 2842 ergo
1538 2788 1678 2829 nunc

130 2858 245 2901 Clio.

194 2860 245 2897 0.

130 2858 532 2982 egfprivatione
572 2916 625 2968 in
669 2914 895 2982 habitum
934 2912 1255 2981 impossibilis
1303 2920 1377 2964 est
1421 2928 1679 2982 agressa

112 2981 228 3050 (Per
252 2981 654 3052 'l’hilosOphunt,
683 2986 733 3034 in
761 2981 1225 3047 I’i'a'dicnmenlis).
1266 2981 1575 3050 lntelligitur
1611 2986 1679 3052 de

114 3054 194 3107 itla
221 3050 513 3121 privatione
560 3069 679 3121 qua:
708 3055 878 3120 privat
902 3062 1074 3105 actum
1097 3059 1152 3103 et
1173 3052 1460 3116 pctentiam
1484 3050 1674 3115 simul;

111 3137 206 3175 non
224 3120 411 3177 autem
439 3123 507 3176 de
548 3120 633 3175 illa
682 3138 800 3189 qua:
850 3122 1018 3188 privat
1065 3120 1235 3173 solum
1282 3128 1458 3173 actum
1486 3160 1502 3187 ,
1551 3121 1695 3191 qiiia'

112 3192 175 3247 ibi
206 3194 339 3247 bene
367 3199 452 3245 est
480 3192 746 3257 possibilis
774 3204 1071 3257 regressus.

175 3260 315 3313 Actio
346 3269 391 3312 et
436 3260 605 3327 passio
655 3270 770 3312 sunt
804 3269 947 3313 actus
986 3261 1296 3311 dirersaruin
1338 3261 1677 3326 poteninrum

114 3330 181 3399 (ιι
218 3332 279 3383 de
308 3330 491 3383 Anima
521 3338 558 3393 ).
598 3330 672 3384 lbi
704 3330 897 3383 dicitur
937 3330 1080 3397 quod
1124 3329 1455 3382 diversarum
1492 3340 1677 3398 poten-

112 3398 292 3453 tiaruin
320 3408 447 3453 sunt
474 3399 669 3452 diversi
694 3410 864 3453 actus.
898 3399 1153 3453 Potentia:
1175 3400 1316 3450 enim
1341 3398 1676 3466 distinguun-

113 3480 189 3520 tur
212 3483 300 3536 per
329 3478 502 3522 actus.
534 3468 640 3523 Sed
672 3469 791 3536 quia
820 3470 955 3524 actio
992 3477 1045 3519 et
1074 3468 1250 3535 passio
1280 3476 1405 3519 sunt
1433 3469 1673 3522 diversa-

113 3552 220 3591 rum
268 3538 646 3605 potentiorum,
697 3539 855 3606 igitur
902 3546 1026 3591 sunt
1072 3536 1356 3599 distincta;
1408 3542 1545 3604 quod
1592 3547 1679 3591 εει

110 3616 283 3661 contra
312 3607 699 3674 Philosophum
722 3611 811 3675 (t.i
839 3606 1048 3676 Pltys.),
1072 3607 1160 3673 qui
1185 3606 1313 3658 dicit
1335 3611 1472 3674 quod
1501 3608 1678 3660 omnis

116 3679 247 3729 actio
281 3684 363 3730 est
410 3679 621 3745 passio:
674 3688 811 3745 patet
855 3677 1174 3731 antecedens
1200 3715 1215 3735 ,
1266 3676 1384 3741 quia
1427 3681 1566 3731 actio
1597 3687 1679 3731 est

114 3754 255 3798 actus
285 3749 533 3814 potentiae
562 3746 747 3800 activae
771 3787 786 3812 ,
822 3748 996 3815 passio
1028 3759 1155 3799 vero
1184 3746 1372 3798 dicitur
1400 3756 1548 3798 actus
1582 3762 1678 3813 po-

119 3820 286 3868 tentiae
320 3816 564 3884 passiva.
596 3814 966 3881 Respondetur
986 3814 1124 3884 quod
1155 3817 1445 3867 auctoritas
1471 3818 1567 3868 ista
1602 3818 1679 3868 in.

118 3885 357 3953 tetligitur
398 3887 784 3953 particulariter
810 3927 826 3953 ,
858 3897 911 3940 ει
955 3900 1059 3939 non
1104 3885 1473 3938 universalitcr
1498 3924 1511 3947 ,
1556 3890 1677 3954 quia

110 3956 245 4074 ῗειιυ
275 3964 329 4074 ft
357 3957 535 4020 passio
561 3965 686 4010 sunt
711 3955 850 4010 idem
882 3955 1261 4018 materialiter,
1304 3954 1398 4007 sed
1428 3954 1680 4008 ditl‘eruiit

130 4038 271 4074 arma
296 4035 415 4074 iter.

130 4025 415 4077 armaliter.

180 4093 253 4163 Ab
273 4095 527 4144 abstracto
550 4091 619 4163 ad
644 4103 930 4145 concretum
957 4102 1027 4145 est
1056 4091 1184 4163 bona
1218 4094 1613 4163 consequentia(
1640 4109 1673 4147 ιι

116 4159 333 4230 Τορὶε.).
362 4164 434 4215 ibi
460 4162 650 4215 dicitur
671 4162 809 4229 quod
835 4177 1012 4215 verum
1035 4174 1117 4215 est
1141 4162 1191 4214 iii
1217 4159 1679 4229 praedicationibus

110 4232 469 4298 quidditativis
498 4241 551 4284 et
577 4230 971 4296 essentialibus,
1000 4246 1105 4285 non
1134 4242 1310 4285 autem
1350 4232 1401 4284 in
1432 4235 1678 4287 acciden-

112 4302 294 4353 talibus
320 4317 336 4364 ς
368 4302 548 4371 igitur,
578 4310 683 4355 etc.

175 4373 215 4421 Α
245 4368 410 4439 simili
430 4386 585 4423 causa
614 4369 868 4439 in'specie
906 4385 1009 4439 non
1026 4370 1311 4439 procedunt
1342 4371 1525 4422 diversi
1556 4368 1678 4434 clle-

111 4450 211 4492 rtlts
234 4438 373 4508 (Per
398 4437 874 4501 Commentatorem,
902 4453 952 4491 ix
985 4437 1215 4506 Metaplt.
1236 4443 1276 4508 )7.
1311 4439 1677 4504 Respondetur

113 4505 253 4577 quod
284 4508 334 4579 ly
366 4509 502 4562 idem
522 4514 726 4579 capitur
748 4505 1131 4575 multipliciter,
1146 4507 1349 4579 scilicet
1374 4524 1466 4572 pro
1490 4512 1673 4561 eodem
1708 4505 1758 4561 D
1854 4511 2008 4561 Actus
2050 4505 2409 4565 inteltéctus'et
2438 4529 2541 4579 app

114 4580 163 4633 in
191 4577 434 4641 numero,
462 4580 514 4631 iii
543 4578 741 4645 specie,
770 4580 821 4630 in
844 4582 1065 4647 genere:
1097 4577 1252 4647 modo
1280 4592 1310 4631 a
1335 4579 1491 4631 simili
1518 4596 1676 4631 «ansa

114 4648 163 4703 in
186 4649 364 4717 specie
385 4654 523 4703 bene
548 4649 841 4711 procedunt
861 4648 1055 4701 dchrsi
1078 4646 1295 4702 ellectus
1318 4664 1560 4712 numero,
1585 4649 1678 4702 sed

114 4732 213 4773 non
236 4720 435 4785 specie,
466 4719 545 4770 vel
569 4730 786 4784 genere.

174 4784 381 4839 Animal
409 4795 480 4839 est
508 4787 786 4837 substantia
816 4784 1033 4837 hominis
1058 4793 1102 4837 et
1127 4786 1262 4853 equi,
1288 4788 1563 4838 secundum
1589 4802 1681 4837 ιιαο

112 4866 269 4908 turam
298 4870 620 4909 communem
645 4864 660 4920 (
683 4853 783 4906 Per
806 4854 1293 4908 Commentatoremt
1326 4854 1615 4923 Metuphys.
1636 4858 1676 4919 ).

116 4928 176 4980 Et
202 4928 247 4981 si
275 4929 377 4989 sic,
411 4936 535 4978 tunc
557 4936 740 4977 natura
784 4925 1083 4978 communis
1122 4934 1266 4978 esset
1304 4927 1569 4993 ponenda.
1606 4925 1679 4977 lbi

112 4999 296 5051 dicitur
324 4996 465 5059 quod
493 4996 540 5062 ly
571 5004 643 5047 est
671 4995 877 5062 capitur
907 4995 959 5047 in
988 5004 1107 5047 actu
1135 4998 1374 5062 signato,
1415 4996 1492 5047 sic
1540 4995 1679 5064 quud

111 5069 195 5122 ille
226 5065 487 5120 terminus
530 5064 724 5115 animal
752 5066 1015 5130 signilicat
1058 5064 1411 5118 substantiam
1449 5065 1682 5117 honiiiiis

110 5135 331 5201 iet-equi,
364 5135 654 5192 secundum
686 5141 926 5186 naturam
954 5148 1294 5188 communem
1318 5175 1333 5197 ,
1365 5136 1413 5186 i.l
1443 5146 1553 5196 est,
1582 5137 1682 5186 sub

114 5200 313 5259 ratione
340 5205 577 5272 generis,
607 5200 690 5255 vel
732 5201 833 5255 sub
876 5214 1138 5271 conceptu
1164 5206 1435 5257 communi
1467 5205 1542 5256 illi
1576 5214 1681 5256 ter-

115 5290 251 5328 mino
276 5276 472 5324 animal
499 5274 971 5339 curicSpniideiite.

174 5346 317 5412 Aqua
341 5343 441 5395 alit
482 5344 649 5410 ignem
689 5342 704 5407 (
730 5356 781 5412 iit
811 5342 873 5393 dc
897 5341 1083 5412 Anima
1105 5342 1164 5412 ).A
1194 5340 1292 5398 Ubi
1324 5341 1514 5395 dicitur
1544 5340 1681 5408 quod

112 5410 238 5478 aqua
268 5428 377 5467 non
399 5420 608 5481 capitur
632 5428 726 5481 pro
747 5410 965 5481 humido
994 5410 1326 5481 siuiplicuer,
1360 5413 1451 5463 sed
1475 5413 1683 5477 capitur

115 5499 202 5550 pro
230 5483 454 5538 humido
484 5480 661 5548 pingui
692 5491 748 5535 et
769 5480 974 5544 subtili,
1002 5480 1123 5550 quia
1158 5486 1258 5535 hoc
1291 5481 1457 5533 nutrit
1482 5482 1680 5547 ignem,

113 5556 243 5608 sicut
262 5556 506 5610 videmus
532 5554 596 5603 ad
626 5551 1006 5611 experientiam
1030 5584 1067 5614 ,ι
1091 5560 1149 5604 ιιι
1180 5555 1429 5614 butyrum
1455 5589 1469 5611 ,
1502 5552 1681 5603 oleum

115 5624 343 5688 subtile,
382 5626 563 5674 vinum
590 5622 949 5673 combustum.
1000 5620 1067 5675 Et
1095 5621 1230 5674 ultra
1258 5618 1419 5673 debet
1458 5618 1682 5688 intelligi

113 5697 176 5747 tle
196 5693 488 5747 nutritioue
516 5689 804 5757 improprie
847 5689 986 5743 dicta
1014 5732 1027 5757 ,
1074 5691 1194 5759 quia
1239 5690 1440 5745 nullout
1490 5704 1681 5759 purum

114 5768 429 5819 dementem
459 5761 644 5813 nutrit.

465 5848 728 5907 Ριτιιοι..
779 5847 908 5911 XL.

1706 3163 1753 3226 C

3266 369 3370 420 ἐπεὶ

1862 476 2151 527 Ατιηὶάειιιία
2180 477 2416 527 dicuntur
2465 476 2596 526 entia
2639 476 2707 525 ad
2736 475 2928 537 aliquid
2962 482 2975 534 (
3006 490 3034 524 v
3068 474 3294 540 .lletaplt.
3330 502 3369 535 ι.

1794 546 2103 613 lntislligitur
2132 545 2271 613 quod
2304 544 2591 597 accidentia
2628 560 2730 596 non
2773 544 2967 597 habent
3005 560 3123 597 esse
3170 565 3260 612 per
3289 568 3368 612 εν,

1794 617 1891 666 nisi
1920 616 1967 667 in
1998 617 2395 681 enitiparatioiic
2425 614 2486 665 ad
2518 614 2713 680 aliquid
2746 625 2799 666 et
2827 617 2890 665 ad
2923 615 3238 677 subiectum.

1860 685 2152 737 At'rideiitia
2182 685 2535 736 assimilaiitur
2565 685 2835 753 propagiiii
2862 686 2878 748 (
2904 699 2931 735 ν
2964 684 3189 749 Metuph.
3210 692 3245 751 ).
3294 689 3371 741 lii-

1793 755 2047 826 telligitur
2073 754 2213 823 quod
2246 768 2479 826 propago
2519 768 2635 826 non
2673 765 2755 805 est
2802 755 2962 826 arbor
2986 793 2999 815 ,
3024 825 3029 826 ν
3051 756 3141 826 sed
3174 759 3366 826 aliquid

1789 824 1993 876 :iibtiris
2031 838 2192 889 aqua
2241 824 2515 876 derivatur
2561 824 2758 885 arbor;
2809 824 2876 876 ita
2924 825 3216 879 accidentia
3264 824 3369 879 non

1788 905 1909 945 sunt
1940 896 2103 952 entia,
2136 895 2227 947 sed
2262 895 2434 957 entis,
2471 892 2520 945 id
2553 902 2634 945 est
2665 894 2977 964 substantia:
3001 934 3032 964 ,_
3059 910 3086 945 a
3121 910 3221 963 qua
3257 913 3371 964 pro.

1791 975 2071 1031 tinguntur,
2102 975 2154 1016 et
2182 965 2426 1015 oriuntur
2457 965 2511 1031 (v
2544 976 2595 1015 et
2624 977 2693 1015 \‘lt
2726 959 3064 1030 Memmii/5.).

1858 1034 2063 1084 Animal
2090 1035 2415 1085 constituitur
2444 1050 2506 1084 ea:
2535 1048 2745 1095 corpore
2782 1042 2829 1085 et
2856 1037 3027 1084 animo
3067 1043 3307 1097 tauquam
3338 1052 3369 1086 (ι

1786 1115 1985 1169 regente
2027 1112 2072 1154 rt
2113 1114 2246 1154 recto
2276 1106 2331 1169 (ι
2367 1100 2620 1167 Politia).
2665 1102 2977 1171 ltitelligitur
3008 1105 3143 1171 q-iod
3176 1105 3223 1155 iii
3257 1122 3369 1158 aui—

1789 1174 1910 1223 mali
1939 1173 2113 1225 anima
2146 1174 2302 1226 habet
2324 1188 2381 1226 se
2406 1183 2460 1225 ιιι
2490 1187 2707 1239 regens,
2744 1182 2797 1223 et
2823 1188 3014 1239 corpus
3044 1176 3197 1226 habet
3229 1190 3283 1227 se
3316 1188 3369 1227 nt

1790 1252 2015 1307 rectum,
2047 1243 2165 1309 quia
2193 1253 2278 1294 est
2309 1244 2720 1295 instrumentum
2751 1246 2961 1294 ani'tiiaz.

1860 1312 2117 1363 Animalia
2156 1324 2420 1365 mansueta
2465 1314 2707 1381 digniora
2752 1324 2871 1364 sunt
2915 1313 3031 1364 aliis
3061 1314 3256 1367 animal
3279 1316 3369 1366 bus

1788 1396 1885 1432 non
1917 1384 2195 1434 mansuetis
2243 1383 2291 1444 (ι
2328 1381 2665 1434 Politicoruin
2687 1385 2723 1444 ).
2778 1383 3090 1449 littelligitur
3119 1386 3168 1435 in
3196 1401 3333 1448 quan

1790 1459 1896 1502 tuin
1930 1452 2175 1504 animalia
2226 1462 2500 1505 mansueta
2542 1454 2857 1519 participant
2895 1454 3071 1520 aliquo
3101 1456 3257 1507 modo
3288 1471 3368 1507 re-

1786 1522 1984 1587 gimen.
2018 1521 2121 1575 Sed
2149 1523 2192 1575 si
2224 1522 2526 1588 oppositum
2561 1524 2847 1583 invenitur,
2878 1537 3032 1575 secus
3062 1532 3159 1574 est.

1859 1591 2176 1643 Abstinciitia
2225 1592 2323 1643 cibi
2374 1593 2568 1659 confert
2622 1594 2927 1659 febricitanti
2981 1596 3245 1644 sanitatem
3298 1604 3367 1643 tv

1787 1657 1958 1715 Ethic.
1980 1659 2020 1730 ).
2056 1661 2428 1727 Respondetur
2459 1657 2596 1725 ideo,
2623 1657 2745 1729 quia
2776 1663 3091 1715 abstinentia
3121 1672 3201 1714 est
3226 1680 3367 1716 suin-

1787 1744 1871 1782 nia
1906 1730 2187 1783 medicina.
2222 1731 2287 1784 Et
2316 1740 2398 1785 est
2426 1734 2723 1785 communis
2752 1732 2931 1799 regula
2965 1734 3286 1785 medicorum
3318 1746 3369 1787 et

1717 1822 1761 1880 Β
1789 1800 2101 1880 vulgarium.

1860 1871 2008 1942 Actio
2021 1882 2065 1921 et
2085 1870 2259 1942 passio
2277 1886 2375 1922 non
2404 1872 2723 1923 continentur
2737 1870 2826 1921 sub
2843 1871 3049 1921 invicem
3070 1870 3110 1939 (ι
3128 1887 3138 1921 ι
3164 1870 3363 1942 Phys.).

1790 1936 2101 2010 intelligitur
2124 1940 2262 2007 quod
2295 1955 2456 1991 unum
2490 1956 2592 1992 non
2644 1941 2958 2006 praedicatur
2988 1943 3053 1993 de
3079 1936 3214 2004 alio,
3244 1936 3365 2010 quia

1786 2006 1878 2059 illa
1908 2009 2215 2075 praedicatio
2244 2025 2346 2060 non
2374 2021 2455 2063 est
2486 2012 2640 2071 bona,
2670 2019 2808 2061 actio
2834 2019 2914 2061 est
2948 2012 3139 2074 passio.

1860 2080 1953 2129 Ars
1976 2080 2203 2149 imitatur
2229 2089 2465 2130 naturam
2496 2080 2544 2131 iii
2566 2089 2806 2147 quantum
2836 2089 2992 2145 potest
3022 2082 3080 2149 (ιι
3108 2079 3359 2149 Phy~ic.).

1785 2142 1919 2201 Item
1974 2148 2057 2202 illa
2106 2150 2397 2202 auctoritas
2428 2163 2548 2203 vera
2578 2142 2678 2202 ἐει
2703 2188 2716 2212 ,
2769 2142 3056 2202 ὁιιίιιιιιυιιὶ)
3088 2142 3272 2203 natura
3302 2144 3368 2204 sit

1742 2284 1751 2289 ᾗ
1785 2218 2189 2289 fundamentum
2224 2218 2365 2270 illius
2391 2221 2539 2271 artis.

1856 2288 1951 2341 Ars
1969 2284 2267 2357 acquisitit‘a
2285 2289 2384 2343 cibi
2405 2298 2474 2343 est
2498 2288 2748 2341 naturalis
2770 2288 3074 2341 animalibus
3098 2290 3132 2352 (ι
3160 2289 3363 2353 Polit.).

1790 2356 2107 2421 lntelligitur
2138 2360 2277 2427 quod
2309 2371 2495 2415 natura
2525 2368 2607 2415 est
2632 2359 2851 2414 sollicita
2883 2360 2948 2411 ad
2984 2360 3361 2423 providetiiluiii

1786 2429 1855 2481 de
1901 2430 2037 2482 cibis
2066 2428 2383 2483 animalibus
2432 2444 2552 2482 cum
2602 2431 2773 2495 primo
2815 2438 3049 2497 generat.
3106 2431 3192 2482 \‘el
3248 2432 3353 2481 ειν.

1783 2499 1998 2565 quando
2026 2498 2221 2568 aliquis
2244 2498 2439 2567 aliquid
2472 2500 2696 2567 acquirit
2723 2501 2862 2568 quod
2894 2508 3079 2551 natura
3120 2501 3360 2567 requirit,

1790 2568 1895 2620 tale
1923 2567 2203 2636 acquirere
2230 2578 2312 2621 est
2337 2571 2594 2623 naturale.

1853 2638 2091 2689 Actiones
2114 2638 2455 2703 principantes
2477 2654 2575 2690 non
2596 2647 2711 2690 sunt
2732 2637 2875 2691 bona»:
2894 2638 2955 2690 de
2974 2654 3027 2689 se
3043 2636 3135 2705 (ιιι
3158 2637 3313 2691 Polit.
3328 2645 3355 2696 ι.

1787 2702 2280 2775 intelligiturquod
2312 2722 2416 2760 non
2457 2716 2580 2760 sunt
2611 2711 2767 2770 bona,
2801 2708 2899 2760 nisi
2933 2702 3234 2775 priiiCipans
3263 2704 3356 2761 dit-

1784 2773 1918 2829 l'erat
1944 2779 2009 2829 ab
2032 2773 2165 2829 aliis
2186 2776 2237 2829 in
2268 2777 2500 2831 bonitate
2530 2778 2753 2829 naturali
2784 2787 2836 2829 et
2864 2773 3139 2840 acquisita,
3169 2779 3218 2830 in
3246 2790 3362 2831 tau-

1784 2853 1892 2896 tuin
1939 2854 2193 2914 quantum
2233 2848 2313 2898 vir
2334 2846 2512 2900 diﬂert
2538 2861 2566 2898 a
2595 2847 2831 2909 muliere,
2854 2861 3040 2899 servus
3074 2864 3097 2897 :i
3127 2848 3361 2900 domino.

1854 2915 2088 2968 Actiones
2107 2918 2328 2983 justitire
2358 2917 2654 2969 uecessarire
2675 2926 2792 2967 sunt
2822 2916 2873 2966 in
2898 2917 3114 2977 civitate,
3149 2920 3233 2968 scd
3260 2933 3358 2968 nou

1781 2982 2065 3052 eligibiles,
2099 2982 2373 3037 secundum
2412 3000 2465 3038 se
2510 2983 2600 3054 (VII
2634 2984 2839 3051 Polit.).
2890 2984 2962 3035 lbi
3003 2985 3193 3037 ιιιιοιιιιι·
3223 2985 3364 3052 quod

1784 3066 1881 3119 per
1909 3055 2148 3107 actiones
2176 3054 2396 3121 justitia:
2441 3055 2803 3121 intelliguntur
2834 3056 3108 3106 sententia:
3140 3066 3192 3106 et
3232 3072 3359 3121 sup-

1785 3123 1939 3188 plicia
1960 3124 2456 3187 condemnatorum,
2482 3133 2534 3177 et
2559 3123 2872 3177 necessariae
2894 3134 3013 3175 sunt
3037 3123 3085 3174 iii
3113 3126 3323 3177 civitate
3346 3144 3357 3187 ς

1782 3199 1838 3245 ει
1868 3201 2043 3247 tamen
2070 3193 2363 3246 secundum
2393 3208 2452 3246 se
2480 3208 2584 3245 non
2612 3203 2735 3245 sunt
2765 3192 3026 3260 eligibiles
3046 3232 3061 3255 ,
3091 3196 3181 3247 Sed
3215 3210 3267 3246 ut
3298 3211 3362 3248 eo

1779 3262 1972 3315 melius
2002 3264 2187 3316 civitas
2214 3264 2537 3330 gubernetur
2568 3272 2622 3315 et
2649 3265 2899 3315 salvetur.

1848 3332 2085 3384 Actiones
2116 3348 2228 3399 qua:
2257 3342 2371 3384 sunt
2398 3333 2534 3385 circa
2557 3332 2759 3383 divitias
2788 3340 2837 3382 et
2860 3333 3096 3394 honores,
3129 3348 3228 3383 non
3249 3348 3365 3385 sunt

1777 3398 2079 3465 simpliciter
2107 3400 2358 3470 cligibiles
2398 3400 2418 3470 (
2446 3415 2479 3453 ιι
2510 3400 2680 3452 ΕιΙιιο.
2712 3400 2750 3467 ).
2798 3400 2951 3453 ltatio
2981 3412 3062 3453 est
3093 3403 3211 3465 quia
3243 3413 3365 3453 sunt
3397 3419 3413 3434 -

1779 3472 2024 3538 quaedam
2057 3471 2436 3538 dispositiones
2466 3470 2530 3522 ad
2563 3472 2778 3532 bonum,
2821 3479 2875 3521 et
2903 3470 2965 3521 ad
2994 3472 3355 3537 operationem

1780 3537 2065 3601 bonorum,
2099 3537 2156 3592 ut
2182 3549 2321 3606 patet
2351 3541 2577 3604 septimo
2611 3540 2973 3593 Politicorutn.

1852 3610 2108 3662 Animalia
2144 3611 2315 3661 omnia
2356 3612 2460 3661 alia
2488 3610 2549 3661 ab
2580 3609 2782 3662 homine
2811 3610 2920 3661 sola
2948 3612 3169 3660 naturali
3202 3612 3361 3663 inten—

1781 3678 1916 3730 tione
1946 3681 2123 3731 habent
2148 3696 2267 3731 suus
2290 3683 2531 3742 actiones,
2559 3690 2610 3729 ut
2639 3679 2895 3745 colligitur
2923 3680 3125 3739 ibidem,
3152 3690 3195 3729 et
3225 3696 3363 3745 quir-

1782 3751 1902 3799 dant
1930 3750 2177 3800 animalia
2207 3766 2359 3811 parva
2384 3750 2564 3800 habent
2594 3763 2715 3798 suas
2752 3742 2976 3797 actiones
3003 3763 3063 3797 ea:
3092 3762 3149 3799 ro
3172 3742 3357 3798 :snetn-
3383 3747 3389 3753 ’

1780 3821 1917 3881 dine,
1950 3834 2037 3869 seu
2063 3820 2451 3885 assuefacliane,
2477 3827 2530 3869 ut
2563 3831 2743 3876 canes;
2774 3816 2861 3867 sed
2893 3816 3042 3869 homo
3074 3816 3203 3868 inter
3243 3821 3357 3868 ain"

1782 3888 1936 3937 malia
1957 3887 2131 3953 dirigit
2153 3888 2378 3938 actiones
2400 3902 2517 3939 suas
2540 3886 2814 3938 secundant
2840 3887 3109 3949 rationein,
3136 3887 3358 3949 adeoque

1780 3957 1954 4006 omnia
1981 3956 2084 4006 alia
2114 3956 2357 4009 aniiiia.'ia
2386 3972 2486 4008 non
2516 3967 2618 4009 tam
2641 3964 2796 4025 agunt
2818 3970 2969 4024 quam
2990 3968 3214 4025 aguntur
3241 3973 3357 4021 pro-

1784 4034 1891 4090 pter
1920 4025 2075 4091 ftnem
2103 4066 2116 4087 ,
2149 4027 2286 4078 solus
2328 4029 2476 4080 homo
2505 4027 2657 4079 etiam
2680 4024 2751 4077 se
2788 4027 2895 4093 ipse
2924 4034 2968 4076 et
2995 4040 3087 4075 sua
3126 4024 3177 4075 in
3208 4027 3358 4090 [iiicm

1781 4109 1931 4144 suum
1962 4096 2138 4162 dirigit
2168 4105 2212 4147 et
2239 4096 2463 4147 ordinat.

1856 4160 2113 4215 Accusans
2171 4165 2314 4215 debet
2376 4178 2483 4217 esse
2530 4163 2708 4216 melior
2746 4171 2985 4215 accusato
3026 4164 3106 4222 (ιι
3136 4160 3293 4215 Polit.

1787 4232 1939 4284 Ratio
1968 4246 2089 4299 quia
2123 4233 2356 4284 ol'tieiuui
2388 4242 2690 4285 accusantis
2734 4243 2815 4285 est
2858 4234 3140 4285 ostendere
3172 4248 3358 4284 (ἷιιιιςίιδ

1782 4303 2132 4353 accusationis
2164 4304 2215 4354 in
2246 4303 2551 4356 :id.ersario
2575 4318 2667 4355 seu
2708 4315 2975 4356 accusata.
3014 4303 3181 4354 litium
3216 4303 3355 4365 ideo,

1782 4371 1903 4436 quia
1928 4384 2181 4424 accusans
2206 4372 2363 4425 habet
2385 4386 2443 4426 se
2467 4381 2523 4425 ut
2544 4385 2728 4438 agens,
2759 4384 3032 4425 accusmus
3056 4383 3107 4422 ιιι
3133 4372 3357 4438 patiens.

1785 4439 1940 4492 Modo
1969 4455 2127 4494 omne
2157 4457 2317 4510 agens
2347 4442 2685 4510 praestantius
2713 4449 2797 4495 est
2825 4456 2919 4492 suo
2949 4455 3127 4505 passu.

2544 4513 2693 4562 alitus
2732 4515 2848 4561 sunt
2892 4510 2958 4557 ad
2985 4510 3196 4560 invicem
3234 4526 3357 4561 con-

1781 4580 1959 4633 cordes
1992 4578 2009 4647 (
2036 4596 2085 4632 iv
2120 4580 2287 4633 Ethic.
2319 4582 2357 4648 ).
2392 4578 2799 4649 Respondetur:
2832 4578 2941 4629 Hoc
2970 4588 3051 4630 est
3086 4593 3263 4630 verum
3296 4581 3360 4631 do

1782 4649 2062 4702 virtutibus
2088 4651 2401 4704 moralibus.

1766 4732 1798 4788 ‘_
1850 4718 2147 4785 Afﬁrinatio
2191 4730 2236 4772 et
2282 4719 2482 4788 negatio
2526 4725 2646 4771 sunt
2694 4717 2747 4769 in
2800 4724 2962 4769 mente
3012 4713 3366 4788 (ivEthic.

1782 4786 2103 4855 lntelligitur
2129 4790 2225 4851 sie,
2259 4786 2396 4857 quod
2425 4792 2473 4840 in
2507 4797 2683 4841 mente
2709 4828 2721 4847 ,
2768 4788 2815 4857 id
2847 4798 2925 4840 est
2952 4827 2967 4851 ,
3010 4788 3060 4838 in
3092 4787 3357 4839 intellectu

1783 4857 2018 4922 practice
2045 4868 2169 4909 sunt
2218 4856 2502 4912 altirniatio
2531 4868 2583 4911 et
2614 4856 2825 4926 negatio
2848 4896 2863 4920 ,
2914 4856 3007 4909 sed
3041 4858 3091 4907 in
3123 4857 3359 4923 appetitu

1781 4936 1864 4978 est
1897 4926 2193 4989 persecutio
2223 4937 2275 4978 et
2302 4927 2443 4995 luga.

1854 4997 2105 5062 Agricola:
2138 4996 2296 5062 magis
2327 4992 2571 5063 appetunt
2600 4998 2793 5048 lucrum
2825 5012 2974 5060 quam
3014 4995 3226 5046 honores
3266 4992 3284 5058 (
3310 5008 3358 5045 vt

1785 5061 1955 5114 Ethic.
1984 5068 2019 5130 ).
2060 5061 2371 5135 intelligitur
2398 5061 2539 5133 quod
2582 5068 2944 5119 ilelectabiliiis
2986 5075 3067 5135 est
3103 5068 3181 5135 eis
3211 5063 3357 5115 labo-

1784 5147 1923 5191 rare,
1949 5145 2001 5184 et
2030 5136 2241 5199 lucrari,
2272 5151 2429 5201 quam
2464 5137 2747 5203 principari
2780 5145 2833 5188 et
2861 5134 3147 5203 dominari.

1855 5204 2193 5269 Agriculturtv
2218 5200 2477 5269 possessio
2507 5214 2578 5257 est
2609 5200 2829 5257 maxime
2868 5202 3121 5255 naturalis
3146 5210 3194 5251 et
3216 5200 3359 5269 justo

1784 5270 1823 5338 (t
1847 5270 2347 5344 (Economicorum).
2380 5274 2446 5327 Et
2470 5276 2572 5329 hoc
2599 5290 2660 5328 ex
2686 5272 2873 5340 triplici
2896 5272 2960 5344 de
2980 5287 3158 5344 causa.
3183 5270 3355 5323 Prima

1784 5352 1885 5403 est,
1920 5342 2041 5408 quia
2072 5357 2182 5405 ipsa
2216 5340 2319 5395 non
2360 5344 2429 5395 sit
2455 5344 2811 5397 inhumaniter
2849 5353 2901 5394 et
2934 5340 3242 5404 bestialiter,
3278 5350 3353 5390 vel

1783 5425 1904 5463 cum
1956 5426 2170 5474 iet-cato
2208 5424 2262 5465 et
2308 5414 2607 5476 violenter,
2659 5412 2863 5465 scilicet
2908 5425 3027 5463 cuni
3067 5411 3357 5464 olleiisione

1787 5484 2034 5547 proximi.
2072 5484 2184 5533 Alia
2213 5497 2391 5545 causa,
2416 5482 2537 5548 quia
2565 5482 2631 5533 ab
2661 5482 2978 5549 agricultura
3009 5483 3232 5532 sumitur
3260 5492 3357 5529 nu-

1787 5553 2097 5603 trimentum
2133 5562 2380 5616 tauquam
2408 5566 2435 5601 a
2468 5551 2710 5612 materia,
2755 5559 2809 5603 et
2845 5550 2948 5603 tale
2980 5553 3357 5604 nutrimentum

1786 5631 1864 5675 εει
1897 5621 2157 5671 naturale.
2193 5622 2308 5672 Alia
2354 5629 2527 5688 potest
2565 5635 2685 5673 esse
2710 5624 2866 5686 ratio,
2894 5620 3013 5689 quin
3041 5618 3359 5686 agricultura

1785 5689 1993 5741 confert
2020 5692 2300 5745 sanitatem
2326 5729 2341 5757 ,
2397 5701 2447 5746 et
2494 5692 2791 5759 superlluos
2820 5701 2875 5745 et
2914 5691 3080 5743 malos
3109 5690 3356 5741 humores

1781 5760 2019 5827 espellit.

2812 5846 2888 5910 31
