3922 6246
139 366 229 419 973

716 363 1123 421 SliNTi-ZNTLE
1165 362 1682 421 PIIILOSOPlllC/E

1800 363 1815 415 ἱ
1858 361 2284 418 ARISTOTELES
2324 361 2728 419 εοιιιςετιε.

3243 354 3359 419 τιτι

138 487 354 534 sumatur
382 480 681 535 constantia
708 480 954 549 subjecti.
982 479 1242 547 Septima,
1272 478 1411 547 quod
1455 478 1673 545 praecise
1704 478 1748 537 Λ
1776 477 1893 530 sine
1914 487 2324 549 consequente.
2376 477 2619 549 Secunda
2674 478 2908 533 conditio
2928 520 2941 542 ,
2991 481 3129 546 quod
3190 496 3352 535 unum

138 554 193 602 sit
215 550 394 604 eadem
422 552 610 619 copula
645 552 694 602 in
736 551 1084 603 antecedente
1112 559 1165 602 et
1204 557 1593 619 consequente,
1621 557 1675 599 ει

142 621 457 685 [indicatum
483 620 846 673 antecedentis
878 621 1224 689 restringrtur
1248 633 1340 687 per
1379 618 1677 689 subjectum

138 692 510 754 consequentis,
556 691 638 743 vel
691 704 783 757 per
809 689 1022 757 aliquod
1067 686 1165 740 sibi
1199 686 1675 757 proportionabile.

201 762 461 829 Arguendo
497 760 559 812 ab
584 756 879 828 afﬁrmatiua
902 756 973 811 ide
1002 760 1275 829 pra-dicato
1315 758 1460 824 ﬁnito
1488 756 1557 808 ad
1595 772 1682 829 ne-

137 828 364 895 gatiram,
425 834 488 882 de
544 832 822 895 prwdicato
884 828 1085 893 inﬁnito
1140 830 1270 880 valet
1331 828 1684 890 consequentia

138 904 187 974 (ii
213 905 322 974 περὶ
352 898 803 974 'Epumriai).__llt
826 896 1070 974 Socrates
1091 908 1198 974 est
1226 898 1395 963 albus,
1427 912 1682 974 ergo-bon

136 966 366 1023 Socrates
397 966 479 1023 εει
519 985 621 1023 izon
666 970 835 1021 albus.
885 966 950 1020 Et
980 966 1287 1034 intelligitur
1315 966 1683 1030 materialiter,

134 1038 409 1095 formaliter
440 1055 542 1093 non
568 1041 729 1099 valet,
764 1038 883 1102 quia
930 1038 1165 1105 arguitur
1198 1052 1227 1089 a
1271 1052 1373 1089 non
1406 1036 1686 1088 distributo

132 1109 192 1161 ad
210 1110 541 1163 distributum
572 1127 582 1160 :
607 1109 701 1163 sed
730 1110 774 1160 si
806 1118 1171 1177 argumentum
1200 1107 1357 1159 debet
1386 1107 1568 1177 valere
1594 1120 1682 1177 se—

134 1179 345 1233 cundum
376 1183 630 1248 regulam.
666 1189 791 1233 tunc
827 1174 1039 1248 semper
1068 1191 1096 1228 a
1132 1184 1301 1248 parte
1330 1174 1555 1248 subjecti
1589 1175 1684 1227 de-

133 1250 211 1303 bet
252 1251 372 1318 poni
418 1246 672 1303 terminus
720 1247 1021 1316 singularis,
1059 1247 1163 1318 vel
1190 1246 1446 1298 terminus
1491 1258 1685 1299 Conse-

132 1316 330 1387 qucn‘tis
354 1318 631 1373 reSirictus
661 1319 726 1370 ad
760 1333 923 1371 unum
953 1316 1282 1382 suppositum
1312 1332 1324 1365 :
1350 1329 1477 1387 ergo
1500 1329 1687 1369 conse-

134 1385 331 1456 quentia
373 1406 475 1442 non
507 1391 666 1443 valet.
704 1388 872 1442 lliimo
901 1396 982 1439 est
1010 1387 1177 1449 albus,
1225 1400 1352 1453 ergo
1384 1385 1539 1437 homo
1581 1398 1685 1437 non

134 1455 206 1512 est
235 1475 334 1513 non
365 1460 538 1523 albus,
571 1458 691 1526 quia
721 1455 1432 1526 appositumcousequentis
1470 1470 1574 1508 non
1608 1469 1685 1509 re-

135 1540 313 1593 pugnat
356 1524 711 1594 antecedenti,
759 1524 854 1580 sed
883 1536 988 1581 stat
1034 1524 1089 1579 in
1120 1526 1340 1581 veritate
1378 1539 1495 1578 cum
1540 1534 1688 1579 ante-

131 1600 360 1653 cedente.

194 1669 466 1738 Argaendo
494 1669 557 1721 de
584 1667 814 1737 negantia
845 1666 1120 1738 pradicato
1160 1664 1305 1731 ﬁnito
1334 1666 1402 1718 ad
1430 1664 1690 1734 aﬁirntati-

132 1755 235 1789 runt
264 1737 326 1791 de
365 1739 645 1808 pradicato
683 1739 907 1803 inﬁnito,
936 1737 1067 1789 ualet
1092 1737 1451 1802 consequentia
1482 1738 1541 1799 (ii
1571 1740 1691 1804 περὶ

1782 547 2124 614 ρτιιιιιίεειιιιιη
2154 562 2257 599 non
2301 548 2533 599 includat
2560 549 2722 611 aliud,
2757 565 2821 601 ne
2862 551 3228 604 committatur
3257 570 3349 603 im-

1781 617 1947 685 gatin,
1965 632 2130 679 quare
2157 632 2259 669 non
2284 618 2525 681 sequitur
2550 634 2562 668 :
2592 619 2840 672 Socrates
2860 632 2943 671 eSt
2972 625 3150 681 homo,
3176 631 3230 674 et
3254 621 3325 677 5η
3344 653 3355 660 ο

1781 698 1954 741 crates
1982 696 2064 739 est
2091 686 2309 749 animal,
2339 702 2466 754 ergo
2498 686 2746 741 Socrates
2775 701 2856 741 est
2883 690 3042 742 linmo
3065 692 3281 744 animal.

1853 756 2126 825 Argitendo
2156 773 2185 807 a
2234 757 2523 824 conjunctis
2573 758 2639 808 ad
2680 758 2842 810 duisa
2886 770 2960 810 est
3008 760 3139 813 bona
3169 778 3354 825 conse—

1781 828 1986 900 quentia
2017 827 2156 899 (περὶ
2184 826 2518 900 Esau-ariae).
2554 828 2807 900 Et‘habet
2848 831 3123 883 veritatem
3168 847 3322 883 seres

1785 894 1851 947 tis
1898 894 2125 960 quatuor
2162 894 2576 949 Conditionibns.
2622 894 2817 955 Prima,
2872 900 3012 965 qiitnl
3072 901 3351 965 pril‘dlCRIJ

1783 965 2128 1020 accidentalia
2150 965 2349 1018 debent
2376 966 2741 1020 determinare
2763 967 2902 1021 idem
2932 968 2984 1020 in
3008 972 3355 1023 ειηιιιεεώιιιιε

1785 1044 1840 1089 ει
1868 1045 2229 1104 consequente
2256 1052 2269 1097 ;
2294 1045 2348 1088 et
2377 1038 2587 1103 quando
2626 1036 2725 1090 hoc
2762 1052 2867 1089 non
2894 1046 2996 1100 est,
3026 1048 3147 1093 tunc
3181 1043 3357 1093 regula

1786 1122 1890 1159 non
1926 1108 2085 1160 valet.
2129 1106 2377 1176 Secunda
2423 1106 2677 1170 conditio,
2724 1108 2864 1176 quod
2906 1124 3066 1161 unum
3113 1112 3363 1171 pradica-

1789 1185 1899 1230 tum
1924 1191 2026 1230 non
2057 1178 2124 1229 sit
2154 1176 2318 1229 dictio
2348 1174 2650 1229 distraheus
2675 1174 2919 1244 reSpeetii
2946 1179 3163 1232 alterius
3188 1196 3202 1242 ;
3231 1196 3361 1242 ergo

1789 1261 1894 1301 non
1926 1247 2201 1319 sequitur;
2232 1246 2483 1319 Socr_ates
2512 1257 2595 1300 est
2628 1249 2780 1319 albus
2812 1259 2867 1300 ut
2892 1251 3078 1313 carbo,
3112 1267 3240 1319 ergo
3264 1252 3362 1306 Si»

1788 1326 1961 1370 crates
2007 1315 2089 1372 est
2125 1317 2295 1369 albus.
2344 1315 2522 1369 Tertia
2562 1318 2818 1379 conditio,
2866 1320 3077 1385 quando
3120 1315 3363 1385 arguitur

1789 1402 1908 1438 cum
1939 1387 2169 1443 dictione
2194 1386 2522 1451 ampliativa,
2547 1389 2623 1440 sic
2654 1388 2791 1455 quod
2826 1384 3101 1453 ampliatio
3131 1384 3234 1445 non
3272 1409 3363 1444 va-

1792 1458 1989 1522 rietur;
2032 1468 2084 1511 et
2112 1471 2239 1523 ergo
2279 1470 2382 1509 non
2411 1456 2685 1524 sequitur:
2719 1456 2980 1511 Chioneru
3012 1469 3094 1512 est
3124 1476 3218 1514 ens
3251 1480 3362 1514 :iin-

1792 1528 2008 1595 pliatum
2047 1528 2402 1595 imaginatnle,
2429 1541 2558 1595 ergo
2586 1529 2845 1581 Chimaera
2885 1539 2967 1582 est
3006 1546 3120 1593 cus,
3163 1542 3213 1584 et
3236 1534 3363 1585 Clii-

1792 1613 1951 1651 mzcra
1998 1608 2082 1653 est
2124 1598 2444 1664 auipliubiiis
2481 1614 2494 1650 :
2528 1612 2861 1665 consequens
2908 1608 3083 1652 autem
3134 1611 3213 1654 est
3261 1619 3362 1655 uni

1791 1669 2112 1733 cnpulativa,
2166 1670 2316 1733 cujus
2372 1682 2473 1721 una
2535 1683 2657 1733 pars
2710 1680 2792 1722 est
2847 1669 3001 1733 falsa,
3046 1686 3174 1735 ergo
3233 1684 3358 1725 toni.

1792 1738 2009 1803 Quarta,
2055 1739 2265 1808 quando
2309 1753 2470 1809 unum
2500 1739 2846 1805 praedicatum
2889 1749 2972 1791 est
3010 1741 3361 1809 asquivocuui,

129 1811 458 1882 'Epnmiac).
496 1810 559 1885 ιιι
588 1808 836 1885 Socrates
867 1821 967 1885 non
1014 1818 1096 1859 est
1127 1808 1293 1874 niger,
1327 1812 1685 1885 ergoﬁoera-
1723 1826 1768 1885 Β
1799 1818 2065 1885 _tunc_i_i_on
2113 1809 2270 1873 valet,
2292 1880 2300 1885 Δ
2323 1808 2443 1875 quia
2495 1822 2601 1861 non
2632 1812 2884 1885 sequitur
2911 1826 2924 1862 :
2952 1809 3061 1864 lioc
3082 1808 3177 1885 Sest
3219 1814 3367 1864 canis

131 1876 302 1933 tesest
330 1876 435 1934 non
465 1880 633 1950 niger.
666 1878 754 1932 illa
776 1880 960 1950 _regula
992 1886 1371 1950 tenetveiuin,
1395 1876 1491 1950 sed
1519 1877 1688 1931 tribus

128 1947 739 2004 conditioiiibiis'salvis.
774 1948 969 2012 Prima,
1016 1947 1155 2014 quod
1188 1953 1440 2013 arguatur
1482 1947 1534 1998 in
1569 1961 1691 2012 pro-

130 2018 496 2087 positionibus,
520 2020 691 2081 deest,
723 2017 756 2069 5
786 2016 1102 2085 adjacente;
1146 2015 1375 2087 secunda
1406 2017 1545 2084 quod
1589 2030 1693 2070 non

131 2099 371 2157 arguatur
400 2106 429 2143 a
474 2105 578 2143 non
608 2088 892 2141 distributo
921 2087 985 2139 ad
1031 2086 1404 2157 distributum:
1435 2100 1560 2154 ergo
1591 2101 1693 2138 non

130 2156 359 2225 sequitur
386 2180 396 2212 :
422 2162 591 2215 Omne
612 2159 806 2212 animal
837 2172 942 2211 non
969 2168 1051 2211 est
1079 2156 1281 2220 asinus,
1311 2165 1365 2210 et
1390 2172 1547 2209 omne
1578 2156 1690 2208 aui-

127 2230 224 2285 mal
266 2241 372 2297 est,
416 2246 545 2301 ergo
572 2244 734 2283 omne
771 2229 965 2301 animal
1010 2237 1231 2301 est-non
1268 2229 1486 2290 asinus;
1518 2228 1692 2301 tertia,

126 2302 261 2367 quod
314 2296 530 2370 sempor
572 2302 624 2355 in
672 2299 1023 2370 antecedente
1063 2296 1409 2370 distribuatur
1438 2296 1694 2363 praedica-

130 2380 231 2423 tiim
254 2389 266 2423 :
288 2387 416 2439 ergo
437 2368 549 2426 non
572 2371 814 2438 Sequitur
842 2386 853 2421 :
884 2368 1054 2439 Omne
1081 2368 1276 2439 animal
1307 2381 1410 2439 non
1442 2376 1546 2428 est,
1571 2380 1697 2433 ergo

123 2455 275 2493 omne
307 2435 507 2495 animal
535 2450 617 2495 est
644 2435 749 2493 non
795 2438 1012 2505 animal,
1050 2437 1169 2507 quia
1202 2435 1545 2505 praedicatum
1592 2453 1694 2488 non

122 2511 457 2565 distribuitur
487 2512 541 2565 in
570 2509 937 2563 antecedente.

189 2583 466 2652 Argueitdo
487 2582 551 2634 ab
579 2579 878 2652 aﬁrinativa
900 2580 963 2632 de
990 2576 1266 2652 praedicata
1293 2574 1586 2652 inﬁiiito‘ad
1611 2591 1687 2628 ne-

120 2648 339 2721 gatioam
368 2654 430 2706 de
468 2648 744 2721 proditam
771 2651 936 2718 ﬁnito,
967 2648 1093 2702 ualet
1114 2648 1471 2716 consequentia
1498 2648 1557 2721 (ιι
1579 2650 1698 2720 περὶ

136 2719 477 2794 ipsimi“).
528 2722 818 2794 Utebomo
847 2729 946 2794 _est
997 2734 1101 2772 non
1126 2721 1317 2794 justus,
1365 2733 1491 2794 ergo
1528 2719 1696 2794 lionio

121 2787 227 2845 no'n'
254 2802 340 2847 est
366 2787 561 2860 justus.
594 2792 682 2846 Illa
716 2789 893 2860 regula
926 2796 1069 2860 tenet
1099 2788 1373 2860 veritatem
1404 2787 1572 2860 salvis
1598 2787 1694 2860 tri-

121 2862 220 2915 bua
265 2856 508 2917 casibus.
562 2856 811 2925 Primus]
862 2859 1074 2928 quando
1122 2868 1227 2911 tam
1269 2856 1321 2910 in
1378 2856 1692 2910 aflirmativa

120 2946 274 3011 quam
314 2934 661 3011 in_nega_tiva
694 2929 1416 3011 praedicatumdistribuatur
1441 2942 1551 3011 pro"
1566 2942 1695 3011 qua-

120 2998 248 3058 libet
294 2998 594 3059 dilerentia
648 2998 921 3070 temporis,
968 3003 1088 3069 quia
1132 3002 1176 3052 si
1231 3000 1330 3052 hoc
1373 3013 1479 3051 non
1522 2998 1694 3070 fleret,

119 3081 289 3127 stante
319 3074 415 3128 illo
459 3088 607 3137 casu,
655 3068 795 3141 quod
839 3068 1099 3141 Socrates
1128 3083 1227 3136 pro
1269 3083 1370 3120 una
1415 3068 1695 3141 medietate

120 3143 376 3213 temporis
400 3136 625 3214 alicujus
651 3136 796 3198 hora:
824 3155 929 3214 non
958 3141 1031 3214 sit
1058 3140 1226 3214 albus,
1250 3146 1304 3192 et
1333 3152 1426 3205 pro
1456 3136 1556 3190 alia
1584 3151 1696 3214 me.

118 3208 315 3283 dictale
347 3208 591 3283 ejusdem
623 3212 879 3281 temporis
927 3210 995 3263 sit
1038 3209 1206 3273 albus,
1262 3218 1388 3261 tunc
1425 3208 1697 3276 arguendo

121 3282 174 3334 at
204 3300 219 3335 :
248 3282 511 3340 Socrates
557 3293 638 3339 est
668 3299 772 3337 non
800 3284 971 3345 albus,
1020 3294 1151 3348 ergo
1194 3282 1443 3348 Socrates
1473 3294 1579 3331 non
1616 3285 1700 3332 est

120 3352 269 3408 albus
312 3370 323 3406 :
366 3354 751 3418 consequentia
812 3367 916 3406 non
969 3347 1140 3414 valet,
1195 3347 1319 3418 quia
1374 3348 1697 3403 antecedens

116 3429 372 3479 convenit
419 3423 651 3485 Socrati,
681 3432 737 3477 et
766 3430 943 3475 tamen
972 3420 1024 3474 ei
1066 3434 1168 3471 non
1212 3419 1462 3473 convenit
1508 3432 1698 3473 conse-

115 3507 325 3561 quens;
362 3494 460 3549 aed
507 3494 552 3548 si
583 3493 805 3549 deberet
832 3490 1031 3561 valere,
1084 3496 1293 3555 oportet
1324 3486 1462 3555 quod
1504 3488 1695 3561 sicar-

117 3557 319 3632 g‘uatur‘
359 3564 655 3620 secundum
704 3561 899 3617 Marsil.
926 3578 939 3613 :
965 3560 1213 3632 Socrates
1256 3566 1342 3611 est
1397 3565 1503 3632 no_n
1545 3557 1697 3611 albus

116 3626 210 3701 pro
238 3635 485 3703 qualibet
507 3647 654 3702 parte
684 3632 938 3703 temporis
960 3629 1415 3703 praseiitis,_ergo
1450 3626 1697 3703 Socrates

116 3697 218 3756 non
248 3697 337 3757 est
367 3697 545 3759 albus.
584 3697 830 3759 Secunda
858 3697 1115 3764 conditio,
1144 3697 1285 3767 quod
1330 3699 1505 3750 solum
1536 3701 1697 3751 totale

116 3773 472 3838 pradicatutn
499 3773 796 3828 inlinitctur
818 3812 833 3835 ,
868 3784 995 3839 ergo
1020 3784 1125 3822 non
1155 3770 1391 3837 sequitur
1422 3785 1433 3819 :
1470 3768 1578 3821 lloc
1617 3778 1699 3821 est

114 3844 493 3966 ﬁndicabtle,
527 3859 632 3897 non
655 3842 1032 3905 essentialiter,
1057 3854 1184 3908 ergo
1212 3854 1315 3891 non
1339 3847 1418 3892 est
1445 3840 1698 3907 praedica-

152 3915 219 3966 ile
248 3916 637 3966 essentialiter.
678 3914 802 3966 auia
829 3921 935 3966 stat
980 3912 1118 3966 tiuod
1151 3910 1289 3963 idem
1336 3909 1407 3962 sit
1440 3910 1697 3966 praedica-

152 3915 219 3967 ile
248 3916 637 3978 essentialiter,
678 3914 802 3985 quia
829 3921 935 3985 stat
980 3912 1118 3985 quod
1151 3910 1289 3963 idem
1336 3909 1407 3962 sit
1439 3910 1697 3985 praedica-

114 3984 223 4040 bile
260 3986 633 4042 essentialiter
658 3982 714 4040 ei
747 3982 1147 4048 accidentaliter
1184 3992 1430 4048 respectu
1460 3983 1698 4035 diverso-

119 4070 260 4110 rum.
305 4056 577 4129 Similiter
610 4065 754 4129 patet
783 4069 878 4124 per
910 4054 1031 4117 hoc,
1077 4041 1217 4129 q’hod
1249 4041 1434 4127 omnes
1467 4050 1697 4129 rationes

111 4127 354 4180 auctoris
396 4120 900 4195 consequentia'rum
946 4136 1052 4195 non
1099 4120 1697 4195 valentinnmiiinibus

110 4198 444 4263 adjectivis;
471 4202 528 4248 et
570 4191 813 4248 similiter
841 4193 895 4245 in
925 4191 1062 4254 aliis,
1096 4201 1154 4263 ut
1190 4192 1266 4263 ibi
1297 4191 1542 4263 babetur,
1572 4195 1696 4263 quia

115 4259 341 4333 semper
373 4265 560 4319 detieit
609 4264 696 4317 illa
739 4270 974 4317 secunda
1001 4261 1256 4333 conditio.
1296 4259 1475 4315 Tertia
1510 4262 1697 4333 condi-

113 4334 204 4401 tio,
239 4331 392 4402 quod
421 4342 673 4404 arguatur
701 4334 755 4389 in
796 4332 1245 4403 propositionibus
1287 4332 1599 4404 categoricis
1630 4331 1696 4386 de

111 4405 162 4457 in
193 4401 345 4470 ceae,
378 4415 434 4459 et
469 4401 574 4458 non
622 4407 676 4459 in
727 4401 1063 4465 modalibus;
1096 4418 1225 4469 ergo
1273 4416 1378 4453 non
1408 4401 1649 4466 sequitur
1678 4419 1691 4453 :

112 4480 372 4529 Socrates
406 4490 513 4529 non
553 4482 727 4541 potest
768 4489 889 4528 esse
935 4488 1039 4525 non
1071 4473 1242 4534 albus,
1275 4484 1404 4538 ergo
1446 4470 1692 4525 Socrates

458 4526 577 4598 ease
598 4526 1070 4617 albusasbautem
1113 4526 1323 4617 negatio
1338 4526 1692 4617 “postponitur
1724 4526 1771 4586 D

113 4614 275 4671 modo
304 4619 361 4671 in
412 4614 645 4671 secunda
679 4614 1059 4684 prepositione,
1103 4622 1229 4668 tunc
1267 4614 1405 4666 bene
1433 4615 1690 4684 sequitur,

112 4698 168 4741 ut
186 4690 270 4743 sic
294 4706 309 4743 :
338 4687 595 4743 Socrates
618 4683 791 4755 potest
818 4698 936 4741 esse
967 4699 1070 4739 non
1098 4687 1269 4751 albus,
1296 4697 1423 4751 ergo
1444 4683 1693 4739 Socrates

111 4771 289 4827 potest
322 4772 451 4813 esse
479 4772 584 4811 non
613 4759 784 4822 albus,
816 4765 871 4809 et
910 4758 988 4809 sic
1018 4756 1150 4827 bene
1173 4757 1332 4808 valet.

177 4828 476 4897 Arguendo
520 4842 554 4878 a
590 4828 764 4880 diuisis
800 4827 874 4897 ad
910 4824 1189 4897 conjuncta
1239 4834 1310 4897 est
1350 4824 1482 4875 bona
1520 4840 1694 4897 conse-

106 4892 323 4971 ququ'ia
372 4898 438 4965 (tl
467 4897 589 4966 περὶ
614 4893 946 4971 'Eppavriag).
974 4892 1053 4948 Ibi
1100 4894 1397 4971 sciendum,
1438 4896 1575 4971 quod
1604 4910 1695 4971 per

105 4962 472 5035 coniunctum
504 4962 619 5019 sive
648 4962 741 5035 per
771 4962 1502 5035 praedicatum,conjunctuin
1534 4965 1695 5018 debet

110 5031 372 5108 intelligi,
407 5031 747 5108 aggregat'um
772 5031 1325 5108 'esdeterminatioue
1351 5043 1405 5086 et
1445 5034 1695 5108 determi-

107 5102 323 5176 nabili:
359 5116 420 5162 et
448 5102 799 5175 praedicatum
843 5105 1067 5158 divisum
1122 5112 1205 5176 est
1252 5118 1413 5176 unum
1460 5102 1694 5176 illorum.

107 5184 203 5236 Illa
252 5173 643 5249 regulu'habet
670 5178 943 5297 vesitatem
994 5173 1221 5229 servatis
1264 5174 1469 5228 duabus
1513 5174 1695 5229 condi-

110 5252 382 5297 tionibus-
420 5248 595 5297 Priina
623 5261 728 5297 auo
797 5246 883 5297 illa
914 5246 1019 5296 duo
1051 5242 1330 5297 Druidicata
1369 5245 1559 5297 divisa.
1592 5261 1693 5297 non

110 5242 382 5305 tionibus.
420 5248 595 5303 Prima
623 5242 761 5316 quod
797 5246 883 5297 illa
914 5246 1019 5316 duo
1050 5242 1330 5316 pradicata
1369 5245 1559 5313 divisa,
1592 5261 1693 5298 non

108 5331 215 5375 sint
241 5321 555 5374 accidentia
580 5313 799 5383 alicujus
829 5317 899 5383 ly.
934 5313 1026 5367 Vel
1056 5314 1267 5381 quando
1295 5330 1456 5369 unum
1486 5334 1576 5381 per
1610 5331 1697 5368 ac-

104 5394 304 5443 cidens
336 5389 553 5442 videtur
592 5389 766 5442 inesse
809 5386 983 5446 atteri,
1014 5394 1138 5435 tunc
1167 5389 1545 5453 consequentia
1591 5402 1693 5439 non

108 5463 277 5524 valet,
314 5462 450 5528 quia
482 5475 586 5511 non
620 5458 895 5525 sequitur:
927 5456 1171 5528 Socrates
1200 5461 1282 5505 est
1309 5458 1479 5528 albus,
1524 5467 1577 5511 et
1600 5459 1698 5511 So-

106 5542 290 5585 irates
322 5524 417 5583 est
441 5524 752 5590 monachus,
793 5543 919 5596 ergo
946 5526 1192 5580 Sociates
1219 5532 1303 5576 est
1330 5524 1487 5577 albus
1515 5543 1699 5581 mona-

105 5604 264 5656 rlina.
307 5601 488 5652 btiain
532 5614 637 5649 non
679 5596 1223 5664 sequitur:Socrates
1264 5601 1347 5646 est
1373 5609 1614 5661 magnus,
1646 5609 1702 5651 et

106 5674 377 5728 Socrates
426 5676 509 5720 eat
550 5668 865 5729 monachus,
903 5680 1033 5736 ergo
1070 5664 1322 5729 Socrates
1361 5672 1444 5717 est
1479 5680 1699 5734 iiiagnns

108 5745 448 5802 “meum,
474 5736 754 5806 ,υμνοςῇιο
782 5740 922 5804 quod
952 5745 1022 5791 sit
1047 5748 1225 5803 parva
1251 5743 1487 5799 statura,
1515 5748 1568 5789 et
1597 5756 1701 5791 nia-

105 5827 247 5884 ερας
270 5826 331 5868 ιιι
373 5821 623 5878 scientia,
657 5810 777 5878 quia
809 5806 1130 5863 antecedens
1156 5814 1333 5874 potest
1368 5818 1487 5862 ess:
1516 5823 1697 5864 verum

1724 3175 1771 3239 ιι

1799 1879 2079 1939 latrabilis,
2132 1893 2259 1945 ergo
2291 1880 2388 1931 hoc
2418 1887 2500 1931 est
2529 1878 2695 1943 canis,
2742 1891 2795 1932 et
2838 1882 2937 1932 hoc
2966 1892 3047 1933 est
3086 1883 3363 1944 latrabilis,

1795 1948 1915 2018 quia
1943 1951 2109 2016 prima
2144 1965 2262 2016 pars
2301 1950 2673 2016 consequentis
2713 1960 2796 2003 est
2843 1951 3134 2017 propositio
3165 1954 3362 2018 plures.

1866 2019 2049 2073 Anima
2082 2030 2152 2073 est
2198 2019 2482 2091 substantia
2514 2020 2813 2091 iitanbjecto
2843 2030 2961 2071 actu
2996 2023 3214 2075 existens
3240 2022 3367 2091 (Per

1797 2089 2268 2160 Commentatorem,
2303 2104 2350 2141 Vl
2378 2088 2713 2158 Metaphys.)
2744 2091 2814 2143 Ibi
2840 2091 3056 2154 dicitur,
3090 2093 3230 2160 quod
3251 2088 3367 2145 vult

1799 2175 1892 2228 per
1928 2159 2222 2227 subjectum
2252 2160 2672 2223 Comnientator,
2716 2170 2769 2213 ει
2801 2175 2893 2227 per
2932 2159 3280 2216 substantiam
3314 2165 3363 2216 in

1798 2242 1917 2285 actu
1956 2230 2252 2298 intelligere
2298 2228 2597 2298 subjectum
2641 2232 3026 2297 organisaiuui,
3060 2233 3181 2298 quia
3210 2250 3368 2287 omne

1799 2301 1992 2354 animal
2039 2302 2256 2366 requirit
2301 2301 2598 2367 subjectum
2637 2303 3018 2367 organisatum.
3059 2302 3366 2369 Subjectuni

1800 2381 1976 2424 autem
2008 2375 2367 2439 organisatum
2414 2379 2497 2423 est
2538 2370 2661 2423 illud
2692 2372 2832 2439 quod
2873 2372 3033 2425 habet
3064 2385 3243 2440 partes
3287 2376 3364 2427 di-

1800 2444 2101 2495 versimoile
2135 2442 2605 2510 coniplexionatas,
2658 2443 2722 2494 ad
2760 2444 2969 2494 diversa
3019 2444 3189 2497 oilicia
3220 2458 3369 2498 excr-

1801 2512 1971 2565 cendo
1998 2510 2297 2579 deputatas.

1871 2582 2025 2635 Aliud
2049 2578 2120 2634 est
2151 2578 2446 2651 magnitudo
2467 2590 2512 2651 et
2537 2579 2923 2650 magnitudinis,
2955 2589 3003 2633 et
3030 2598 3147 2636 caro
3174 2591 3223 2636 et
3254 2598 3369 2637 car-

1802 2654 1881 2705 nis
1908 2668 2013 2705 esse
2034 2659 2116 2717 (in
2140 2653 2202 2704 de
2226 2650 2452 2717 Anima).
2489 2650 2579 2704 Illa
2618 2651 2904 2704 auctoritas
2931 2652 3086 2706 debet
3111 2655 3190 2707 sic
3217 2656 3372 2708 intel-

1803 2724 1914 2791 ligi,
1944 2725 2082 2790 quod
2116 2722 2470 2787 Philosophus
2498 2721 2611 2773 vult
2650 2720 2933 2774 OSteiidere
2964 2722 3180 2776 moduni
3212 2725 3369 2778 intel~

1802 2794 1997 2861 ligendi
2024 2793 2189 2859 ipsius
2217 2791 2539 2855 intellectus,
2572 2802 2627 2844 et
2653 2791 2728 2843 sic
2761 2806 2851 2858 per
2881 2794 3293 2859 magnitudinem
3315 2807 3370 2850 et

1799 2879 2017 2917 carnem
2075 2862 2322 2930 intelligit
2377 2861 2699 2923 universale,
2754 2861 2835 2914 vel
2882 2862 2979 2914 ista
3020 2878 3111 2915 sua
3162 2866 3368 2919 ratioae

1801 2935 2099 2987 communis
2130 2940 2451 3000 conceptus;
2485 2931 2575 2985 sed
2618 2946 2731 3000 ρει-λ
2751 2932 3129 2998 magnitudinis
3170 2946 3222 2988 et
3252 2950 3368 2989 car-

1801 3006 1883 3058 nis
1914 3019 2053 3067 esse,
2088 2996 2314 3071 intelligi
2356 3002 2516 3055 debet
2543 2996 3095 3071 siii'guliire,'scilicet,
3140 3006 3237 3058 ista
3284 3021 3368 3058 ea-

1799 3078 1921 3127 dem
1967 3077 2067 3127 sub
2104 3072 2494 3143 conditinnibus
2542 3070 3026 3143 iiidividuaiitibus;
3080 3075 3190 3128 vult
3240 3090 3365 3143 ergo

1802 3152 2008 3198 tantum
2050 3143 2192 3212 quod
2232 3142 2370 3194 aliud
2412 3150 2493 3212 est
2542 3140 2944 3210 intelligendum
2980 3140 3363 3207 universzilite'r,

1800 3214 2016 3268 etaliud
2058 3211 2138 3266 est
2184 3211 2585 3281 intelligendum
2634 3212 2990 3279 singulariter.
3034 3214 3098 3266 Et
3146 3215 3243 3267 hoc
3285 3227 3368 3269 est

1800 3301 2011 3349 verum,
2038 3295 2091 3338 et
2137 3292 2401 3351 ponuntur
2430 3283 2662 3349 duplicia
2693 3284 2934 3354 exempla
2975 3285 3364 3354 metapliysica-

1800 3356 1891 3417 lia.
1923 3368 1977 3409 ut
2010 3355 2429 3421 magnitudinem
2458 3364 2513 3407 et
2544 3352 2926 3421 magnitudinis
2950 3367 3089 3417 esse,
3124 3352 3368 3408 et'natu-

1800 3428 1950 3492 ralia,
1989 3437 2044 3478 ut
2074 3440 2262 3493 aquam
2292 3439 2413 3477 esse
2441 3437 2654 3491 aquam,
2680 3423 2838 3474 modo
2864 3424 3166 3491 cognitione
3193 3430 3364 3480 sensi-

1802 3496 1907 3547 tiva
1951 3510 2232 3561 possumus
2262 3507 2586 3562 cognoscere
2635 3506 2787 3559 aqua:
2817 3508 2938 3547 esse
2978 3496 3225 3548 similiter
3256 3512 3368 3549 inn-

1769 3567 2121 3635 .giiitudinis;
2182 3566 2273 3618 sed
2324 3579 2416 3632 per
2458 3563 2799 3635 intellectum
2858 3578 3134 3630 possumus
3193 3568 3361 3619 solum

1794 3634 2120 3705 cognoscere
2178 3634 2625 3705 m-ignitniliucin,
2686 3648 2828 3705 quin
2864 3635 2949 3687 hic
2999 3640 3225 3705 sumitur
3275 3651 3368 3703 per

1802 3703 2119 3762 universale.
2153 3707 2256 3761 Sed
2278 3703 2501 3774 'nbjicies
2526 3723 2536 3757 :
2565 3703 2915 3771 Philosophus
2941 3704 3065 3757 dicit
3093 3705 3231 3773 quod
3261 3723 3366 3769 non

1800 3790 1883 3831 est
1911 3778 2125 3847 quidem
2157 3793 2282 3829 caro
2309 3786 2365 3829 et
2389 3778 2567 3832 carnis
2597 3789 2736 3835 esse,
2771 3776 2904 3826 idem
2935 3775 2985 3825 in
3026 3777 3365 3841 quibusdam.

1800 3858 1853 3900 at
1896 3852 1946 3902 in
1995 3848 2312 3914 quibusdam
2357 3855 2438 3898 est
2481 3847 2651 3907 idem;
2712 3847 2870 3898 modo
2917 3858 3247 3913 nequaquam
3290 3860 3367 3901 est

1801 3919 1938 3969 idem
1993 3920 2289 3983 intelligere
2345 3913 2715 3968 nniversaliter
2760 3922 2816 3968 et
2862 3914 3222 3983 singulariter.
3266 3921 3368 3969 lii:—

1798 3986 2094 4051 spondetur
2124 3988 2263 4055 quod
2310 3984 2661 4053 Philosophus
2694 3986 2805 4037 vult
2844 3990 2981 4054 quod
3014 3985 3126 4054 ipse
3158 3990 3375 4041 intelle-

1799 4066 1915 4111 ctus
1940 4072 2043 4111 non
2097 4060 2268 4110 solum
2310 4058 2587 4127 cognoscit
2628 4056 3023 4127 universaliter,
3063 4060 3161 4127 sed
3204 4060 3364 4111 etiam

1801 4129 2211 4195 particulariter,
2243 4128 2333 4179 sed
2369 4125 2555 4180 sensus
2598 4126 2873 4193 cognoscit
2903 4125 3243 4193 singulariter
3275 4144 3366 4183 so-

1803 4202 1929 4253 lum.
1969 4200 2033 4251 Et
2074 4212 2201 4266 ergo
2231 4198 2483 4249 seusitiva
2508 4208 2740 4265 cognitio
2770 4206 3023 4249 convenit
3067 4200 3237 4251 solum
3296 4202 3369 4251 iii-

1801 4268 2033 4322 tellectui
2092 4268 2327 4319 materiae
2378 4269 2687 4333 conjuiicto,
2742 4274 2794 4319 et
2850 4266 2927 4319 sic
2980 4269 3190 4336 quando
3241 4270 3368 4323 dicit

1798 4339 1963 4391 Arist.
2007 4336 2147 4405 quod
2200 4337 2250 4388 in
2297 4337 2612 4405 quibusdam
2646 4346 2727 4389 est
2769 4336 2904 4389 idem
2948 4352 3073 4390 caro
3104 4349 3157 4391 et
3194 4342 3369 4392 carnis

1798 4423 1939 4469 esse,
1973 4412 2086 4460 vult
2113 4416 2314 4460 tantum
2346 4409 2488 4476 quod
2519 4410 2624 4460 sint
2650 4409 2888 4474 ejusdem
2918 4409 3164 4473 ροιειιιιιε
3205 4410 3367 4476 ipsius

1798 4478 2120 4533 intellectus.

1869 4550 2164 4604 Accidentia
2195 4563 2296 4600 non
2324 4546 2506 4598 habent
2536 4547 2799 4600 materiam
2830 4546 2920 4609 (vti
2952 4546 3229 4617 Metaplt.).
3269 4552 3367 4602 ιιο.

1794 4624 2087 4683 Spondetur
2111 4619 2249 4687 quod
2282 4631 2466 4671 verum
2511 4628 2593 4669 est
2631 4620 2696 4670 ile
2728 4620 2944 4669 materia
2975 4635 3036 4670 ex
3082 4636 3182 4684 qua
3212 4637 3223 4671 :
3249 4626 3367 4687 quia

1796 4691 1941 4743 illam
1976 4706 2080 4744 non
2120 4688 2336 4752 habent,
2367 4689 2458 4742 sed
2508 4688 2643 4741 bene
2677 4704 2725 4741 ιιι
2761 4704 2859 4756 qua
2895 4690 3108 4750 habent,
3141 4692 3364 4753 scilicet,

1795 4762 1847 4813 in
1886 4777 1986 4829 qua
2016 4769 2141 4815 sunt
2164 4759 2480 4828 subjective.

1866 4828 2023 4885 Aetii:
2063 4842 2109 4883 et
2154 4831 2380 4899 potentia
2426 4830 2743 4899 circumeunt
2774 4829 2945 4899 omnia
2980 4828 3369 4899 prteilicainenta

1796 4900 1924 4970 (Per
1972 4897 2451 4970 Commentatorem,
2497 4911 2519 4970 _i
2544 4898 2605 4948 de
2650 4898 2872 4963 Anima).
2918 4897 3231 4967 liitelligitur
3262 4916 3367 4954 uno

1797 4965 1957 5026 iiiodo
1984 4973 2085 5037 sic,
2117 4968 2256 5035 quod
2288 4968 2340 5019 in
2387 4965 2625 5035 qu..l.bet
2668 4970 3080 5035 prmiticamento
3100 4965 3234 5023 sunt
3263 4980 3368 5024 ter-

1799 5042 1930 5092 mini
1958 5036 2312 5093 veriticahiles
2338 5037 2406 5091 de
2436 5036 2602 5105 prima
2632 5038 2947 5103 substantia,
2983 5040 3249 5093 mediante
3277 5042 3368 5095 illo

1796 5109 1960 5163 verbo
1989 5119 2081 5168 est.
2117 5108 2200 5161 vel
2234 5117 2413 5172 potest.
2454 5108 2541 5162 Vel
2574 5121 2840 5176 ponuntur
2864 5111 3216 5176 praedicabilis
3245 5124 3365 5163 cuni

1797 5180 1901 5232 illis
1933 5180 2111 5235 verbis
2148 5188 2243 5239 est,
2276 5188 2457 5246 potest,
2506 5193 2553 5232 ei
2603 5179 2681 5232 sic
2724 5191 2805 5233 est
2854 5194 2975 5231 vera
3000 5196 3013 5231 :
3038 5181 3157 5244 quia
3187 5194 3367 5234 verum

1797 5261 1878 5302 est
1908 5249 2089 5305 dicere
2125 5248 2180 5303 in
2221 5265 2416 5318 genere
2454 5250 2804 5303 sub~taiitiiez
2840 5250 3007 5302 llomo
3036 5258 3139 5313 est,
3170 5256 3249 5303 vel
3278 5266 3371 5319 po-

1801 5330 1904 5375 test
1930 5336 2049 5375 esse
2096 5322 2315 5385 animal,
2343 5329 2397 5373 et
2423 5324 2500 5373 sic
2538 5320 2604 5372 de
2635 5320 2753 5373 aliis
2786 5320 3225 5385 priedicanientis.
3255 5322 3373 5379 Alio

1800 5394 1961 5444 modo
1986 5391 2304 5456 intelligitur
2342 5393 2446 5460 bsic,
2479 5390 2619 5457 quod
2652 5392 2702 5460 in
2749 5388 2983 5456 quolibet
3013 5401 3208 5456 genere
3240 5407 3371 5460 prae-

1798 5461 2146 5516 tlicameiitali
2173 5459 2444 5515 invenitur
2490 5458 2685 5526 aliquid
2719 5461 2855 5527 quod
2905 5461 3065 5513 habet
3110 5458 3370 5516 rationein

1798 5546 1972 5594 actus,
2013 5543 2069 5587 et
2096 5531 2237 5599 quod
2268 5533 2427 5583 habet
2454 5529 2718 5599 rati0tiem
2763 5539 3032 5597 potentiae.
3066 5531 3153 5585 Sic
3182 5535 3371 5586 iteruni

1800 5613 1883 5656 est
1914 5618 2062 5666 vera,
2089 5598 2210 5670 quia
2244 5601 2295 5654 in
2317 5598 2559 5667 quolibet
2584 5614 2783 5668 genere
2815 5602 3146 5669 reperiuntur
3173 5616 3368 5669 genera

1800 5669 2215 5735 ctdill‘ereutiie,
2243 5681 2296 5724 et
2336 5684 2413 5721 sic
2445 5669 2515 5722 ibi
2558 5680 2683 5723 sunt
2722 5681 2871 5725 actus
2918 5682 2969 5725 et
3000 5674 3266 5739 potentiae,
3308 5690 3375 5728 eo

1801 5744 1940 5807 quod
1991 5744 2193 5796 habent
2240 5742 2498 5793 rationem
2548 5744 2809 5805 materiai,
2842 5753 2899 5795 ut
2942 5750 3083 5807 patet
3128 5758 3219 5809 per
3246 5742 3375 5797 Por-

1806 5814 1985 5881 pliyr.,
2016 5822 2069 5867 et
2095 5813 2252 5867 etiam
2285 5812 2549 5881 reperitur
2583 5812 2750 5868 forma
2785 5814 2865 5869 vel
2903 5812 3217 5879 differentia,
3256 5830 3374 5885 quae
