3868 6256
174 377 318 433 ιοιτ

802 378 1213 438 εεΝτεΝτιΑι
1253 381 1748 439 ιιιιιιιοεοιιιιιςίι

1861 385 1898 438 Χ
1941 386 2374 444 Αιιιετοιειε
2409 388 2812 454 εοιιεετιε.

3288 398 3423 454 ms

320 507 456 546 rom.
479 491 634 568 alt_.)._
659 490 810 544 Falsa
832 501 912 544 est
950 495 1263 568 propositio,
1306 496 1352 550 si
1397 496 1643 550 absolute
1673 496 1750 549 iu-
1787 503 1832 555 Α
1863 511 1976 553 tura
2006 504 2056 556 in
2087 504 2389 567 superﬂuus.
2417 504 2676 560 Similiter
2714 509 2758 562 si
2808 507 2916 561 nati
2965 523 3152 564 omnes
3183 520 3290 564 tres
3323 527 3428 568 una

171 562 452 630 telligatnr
487 581 496 612 :
530 562 784 614 limitator
809 572 985 616 autern
1014 561 1116 618 hoc
1145 565 1326 629 modo,
1359 569 1499 632 quod
1527 581 1651 620 vera
1676 577 1757 619 est

170 633 247 686 de
277 633 555 700 agentibus
580 632 632 685 in
666 632 856 684 virtute
917 633 1148 700 propria.
1205 634 1356 689 Unde
1397 638 1564 692 virtus
1594 637 1758 690 inl’or-

172 704 378 756 mativa
402 702 645 756 existens
673 701 723 754 in
757 702 1004 766 semine,
1035 704 1157 757 licet
1198 720 1301 757 non
1352 706 1420 758 sit
1448 708 1677 760 animula
1704 706 1755 759 in

174 779 306 826 actu
333 772 577 838 producit
608 772 730 824 inde
763 773 1076 836 animatum,
1097 774 1217 840 quia
1240 783 1324 828 est
1347 777 1754 828 instrumentum

174 852 509 897 remoratum
532 842 600 894 ab
625 844 881 906 animato,
907 842 1151 896 videlicet
1173 844 1386 899 aCaalb.
1421 845 1576 898 Fallit
1593 845 1752 898 etiam

174 913 235 967 in
267 912 632 967 accidentibus
663 912 848 964 eadem
885 913 1110 978 ratione,
1129 916 1251 981 quia
1284 916 1420 968 idem
1451 924 1531 968 est
1566 930 1752 981 agens,

176 984 475 1051 disponens
502 983 802 1040 materiam.
832 991 885 1033 et
937 983 1193 1036 inducens
1220 983 1468 1048 formam,
1497 984 1593 1039 sed
1646 1001 1751 1038 non

175 1053 383 1106 virtute
408 1054 642 1118 propria,
667 1051 786 1119 quia
817 1054 919 1114 agit
949 1053 1088 1105 sicut
1134 1055 1565 1108 instrumentum.
1597 1053 1752 1108 Fallit

175 1123 234 1177 in
260 1132 455 1190 agente
486 1133 691 1176 remom
725 1137 738 1174 :
773 1119 923 1191 Fallit
951 1123 1002 1176 in
1026 1134 1213 1189 agente
1245 1139 1336 1191 per
1368 1126 1617 1178 accidens
1639 1136 1692 1179 et
1723 1140 1752 1178 a

177 1205 308 1262 casu
332 1192 490 1262 (Vide
517 1207 611 1259 pro
641 1192 721 1244 his
746 1206 813 1244 vu
846 1190 1164 1260 Metaphys.,
1190 1190 1330 1246 cum.
1355 1193 1465 1261 51).

253 1260 431 1334 Neque
460 1263 650 1334 animal
695 1263 834 1334 dicis
875 1277 980 1315 esse
1037 1263 1289 1334 hominem
1348 1260 1472 1332 (Per
1506 1263 1750 1333 Porph.).

176 1331 276 1389 Illa
305 1326 595 1386 auctoritas
619 1331 949 1399 intelligitur,
972 1326 1222 1398 quodiila
1266 1326 1589 1401 praEdicatio,
1611 1326 1749 1390 'Ani-

174 1402 292 1474 nisi
321 1413 400 1458 est
422 1403 600 1468 homo,
635 1417 738 1454 non
761 1411 842 1456 est
862 1403 1087 1474 directa,
1112 1418 1178 1457 eo
1193 1403 1333 1474 quod
1362 1403 1580 1458 inferius
1609 1420 1747 1473 pra:-

175 1469 385 1527 licatur
401 1474 467 1526 de
495 1487 595 1525 suo
613 1472 893 1538 superiori.

252 1541 550 1614 Nominaet
575 1546 719 1614 rerba
745 1542 1054 1614 transposita
1081 1543 1220 1596 idem
1241 1545 1531 1614 signiﬁcant
1550 1545 1608 1613 (ιι
1631 1550 1747 1612 πιρὶ

171 1609 524 1687 ξβρμηνσὶας).
554 1612 642 1687 Illa
673 1609 963 1687 auctoritas
1004 1614 1165 1668 habet
1211 1609 1476 1687 duplicem
1508 1609 1744 1669 sensum.

172 1681 328 1737 unus
348 1693 452 1748 est,
475 1681 615 1750 quod
646 1684 820 1736 solum
879 1692 1092 1750 propter
1145 1686 1610 1750 transpositionem
1643 1694 1748 1738 ter-

168 1755 447 1808 minorum
477 1755 683 1808 scilicet
710 1754 982 1807 nominum
1032 1765 1081 1806 et
1115 1755 1424 1821 verborum,
1451 1757 1662 1808 nomina
1693 1765 1746 1810 et

1861 588 2041 636 manu,
2073 577 2183 628 sive
2209 575 2321 628 sine
2349 576 2617 642 manibus,
2651 585 2775 632 tunc
2803 577 3054 632 deﬁceret
3101 589 3208 632 tota
3240 591 3428 634 natura

1860 642 1911 692 in
1944 645 2278 706 necessariis,
2311 645 2596 713 dicendum
2629 647 2770 713 quod
2795 656 2904 702 tota
2949 648 3254 704 humanitas
3277 659 3426 705 esset

1858 722 2152 788 monstrum
2204 712 2500 788 actualiter.
2555 712 2666 769 non
2719 728 2897 772 autem
2957 720 3424 788 potemionaliter.

1855 779 2251 859 Consideranda
2307 785 2452 838 enim
2489 794 2584 859 est
2614 795 2760 859 “tunc
2811 804 2916 842 non
2957 779 3180 842 'tantum
3211 790 3426 859 species

1854 854 2076 905 actualis
2106 855 2198 906 sed
2222 865 2276 907 et
2303 855 2696 920 potentionalis.

1925 921 2137 996 Nullum
2162 926 2482 996 complaints
2509 935 2580 978 est
2605 926 2863 996 tle/inibile
2885 927 2947 993 (ιι
2972 926 3152 996 Top.).
3183 927 3428 995 Respon-

1853 991 2026 1052 detur,
2044 991 2350 1047 deﬁnitione
2373 995 2472 1059 rei,
2495 1007 2547 1047 at
2565 991 2700 1048 bene
2723 991 3033 1050 deﬁnitione
3051 991 3318 1052 'nominis'.
3341 999 3422 1053 lno

1854 1062 2110 1130 telligitur
2138 1066 2294 1117 etiam
2316 1075 2563 1129 tanquam
2595 1064 2865 1119 delinibile
2891 1067 3270 1132 propinquum,
3299 1068 3426 1124 licet

1853 1133 1990 1186 bene
2020 1144 2075 1186 ut
2099 1143 2382 1205 remotum.
2417 1133 2479 1186 Et
2505 1135 2638 1188 ratio
2667 1144 2771 1196 est.
2811 1136 2933 1205 quia
2966 1152 3126 1188 omne
3149 1137 3420 1193 deﬁnibile

1853 1205 2207 1273 propinquum
2257 1204 2418 1257 debet
2463 1219 2584 1258 esse
2635 1204 2864 1271 species.
2892 1206 2993 1261 Sed
3042 1207 3242 1259 nullum
3264 1220 3421 1261 com-

1853 1274 2062 1338 plexum
2092 1283 2174 1328 est
2203 1274 2434 1341 species,
2464 1287 2594 1340 ergo
2622 1276 2822 1327 nullum
2849 1275 3184 1340 complexum
3215 1285 3296 1329 est
3323 1276 3422 1330 de-

1852 1343 2070 1398 ﬁnibile.
2107 1344 2162 1398 Si
2192 1345 2350 1412 igitur
2379 1343 2660 1397 resolvitur
2690 1347 3049 1412 complexum,
3097 1345 3231 1400 bene
3259 1345 3423 1401 etiam

1850 1413 2141 1466 secundum
2171 1424 2348 1478 partes
2381 1423 2555 1479 potest
2584 1413 2818 1467 deﬁniri.

1922 1480 2043 1554 Non
2084 1494 2197 1554 sunt
2222 1484 2396 1536 eadem
2427 1493 2549 1554 noto
2577 1483 2716 1554 nobis
2744 1493 2790 1535 et
2824 1484 3126 1554 sintpliciter
3157 1487 3208 1552 (ι
3240 1483 3427 1554 Ρῶμε..

1850 1562 1973 1606 (ext.
2001 1552 2054 1616 5,
2088 1568 2111 1624 ι
2130 1551 2300 1624 Post,
2326 1569 2438 1624 cap.
2466 1551 2551 1624 2).
2587 1551 2703 1624 Hoc
2726 1553 3092 1621 accipiendum
3122 1563 3204 1608 est
3232 1564 3288 1608 ut
3313 1551 3430 1624 pta.

1849 1625 2063 1676 rimum.
2097 1623 2226 1676 Nam
2268 1623 2318 1676 in
2355 1622 2739 1677 Mathematicis
2777 1634 2900 1677 sunt
2927 1624 3109 1676 eadem
3141 1622 3328 1686 nobis,
3371 1634 3428 1678 ει

1848 1692 2166 1762 simpliciter
2193 1703 2334 1744 nota.
2366 1693 2479 1762 illoc
2509 1692 2634 1746 item
2660 1707 2841 1746 verum
2869 1704 2947 1747 est
2972 1694 3040 1746 de
3064 1695 3242 1756 rebus,
3275 1704 3430 1761 prout

1849 1761 2001 1817 extra
2031 1771 2260 1816 mentem
2287 1761 2550 1824 existunt,
2580 1763 2631 1816 in
2659 1764 2851 1832 quibus
2883 1762 3028 1831 prius
3056 1764 3428 1831 cognoscimus

169 1825 343 1901 verba
375 1839 478 1877 non
509 1828 913 1901 am_it_tunt_suas
953 1824 1364 1890 signiﬁcationes
1403 1827 1737 1886 essentiales.
1773 1842 1820 1900 Β
1849 1847 1966 1901 qna:
1997 1832 2287 1900 posteriora
2315 1841 2439 1885 sunt
2467 1824 2756 1886 secundum
2787 1824 3048 1895 naturam,
3077 1824 3272 1888 deinde
3301 1847 3428 1886 vero

166 1891 302 1945 licet
331 1893 464 1948 bene
491 1894 873 1958 accidentales,
925 1902 982 1944 ut
1028 1902 1110 1947 est
1155 1908 1335 1957 casus,
1387 1909 1640 1949 numerus
1692 1907 1744 1949 ει

170 1963 484 2032 ligura.Scd
507 1965 667 2018 alium
697 1979 911 2017 sensum
939 1963 1117 2025 habet,
1138 1965 1276 2032 quod
1313 1973 1531 2032 propter
1558 1975 1740 2019 trans-

178 2035 503 2096 positionein
555 2035 829 2088 nominum
861 2043 915 2085 et
938 2032 1220 2086 verborum
1251 2049 1354 2088 non
1396 2045 1630 2090 mutatur
1661 2049 1755 2091 ve—

167 2103 310 2156 ritas
343 2105 744 2173 propositionis,
762 2113 818 2157 et
847 2104 889 2157 si
921 2102 1010 2158 ille
1031 2117 1221 2157 sensus
1240 2103 1400 2158 debet
1425 2119 1545 2160 esse
1566 2119 1746 2169 verus,

164 2180 302 2245 tunc
327 2185 540 2241 oportet
570 2175 709 2242 quod
753 2183 1034 2245 serventur
1073 2175 1426 2244 proprietates
1478 2175 1745 2245 logicales,

163 2243 382 2314 scilicet
409 2247 682 2314 ampliatio
703 2255 754 2298 et
783 2244 1119 2314 restrictioL
1178 2243 1185 2244 ⁷
1225 2313 1231 2314 γ
1439 2313 1449 2314 7
1535 2243 1553 2245 ⁷
1732 2243 1745 2300 ⁷.

247 2312 373 2368 Non
401 2311 608 2368 ens'non
645 2315 946 2384 intelligitur
966 2317 1004 2384 (i
1052 2311 1266 2384 Ρῶμε).
1305 2313 1615 2384 lntelligitur
1643 2331 1746 2371 non

162 2396 296 2456 ens,
331 2400 437 2456 non
491 2385 804 2456 intelligitur
846 2399 942 2456 per
990 2385 1379 2456 propositiones
1422 2387 1747 2456 categorias

164 2451 547 2520 alﬁrmativas,
578 2451 684 2509 sed
697 2469 816 2508 cum
849 2451 948 2508 hoc
980 2463 1155 2508 tamen
1173 2454 1307 2509 bene
1329 2465 1453 2520 stat,
1479 2451 1618 2524 quod
1643 2473 1748 2512 non

164 2538 274 2598 ens
318 2524 631 2598 intelligitur,
659 2540 752 2594 per
793 2524 1186 2594 propositiones
1231 2527 1560 2596 categoricas
1591 2543 1750 2598 nega-

166 2595 308 2655 tive.
342 2598 438 2651 hoc
466 2595 570 2659 est,
605 2597 827 2650 directe.

247 2663 371 2719 Non
411 2683 607 2721 necesse
634 2682 704 2720 est
727 2683 806 2719 res
835 2667 968 2733 ferre
1005 2667 1074 2717 ad
1109 2665 1525 2732 disputationem,
1557 2667 1659 2719 sive
1681 2669 1749 2720 ad

167 2735 564 2807 disputandum,
579 2739 666 2790 sed
690 2740 880 2807 utimur
897 2735 1125 2807 terminis
1147 2750 1239 2807 pro
1257 2733 1402 2788 rebus
1424 2735 1464 2802 (t
1484 2734 1694 2790 Elenclt.
1707 2739 1745 2807 ).

169 2803 402 2884 lnteiligi
432 2823 494 2860 ur
524 2806 592 2861 de
621 2806 937 2884 necessitate
963 2803 1519 2884 condictionata,cum
1551 2803 1749 2861 debea-

166 2889 297 2929 ntus
326 2875 599 2946 disputare
639 2879 707 2933 de
754 2877 913 2930 rebus
955 2890 1050 2943 per
1075 2875 1313 2940 nomina,
1346 2883 1402 2930 et
1430 2890 1534 2930 non
1560 2891 1748 2944 possu-

172 2960 303 3000 mus
328 2963 411 3001 res
443 2957 656 3015 portare
682 2948 746 3002 ad
779 2947 1216 3014 disputationem,
1265 2955 1392 3002 tunc
1417 2956 1630 3016 Oportet
1652 2963 1750 3003 nos

168 3016 253 3069 uti
277 3018 580 3073 nominbns
611 3035 704 3085 pro
731 3019 910 3070 rebus.

249 3085 504 3141 Numerus
552 3100 625 3140 est
672 3087 903 3154 inﬁnitus
959 3102 1048 3150 per
1077 3085 1451 3154 oppositione»:
1494 3086 1749 3140 Imitatum

166 3155 260 3236 (ut
310 3155 555 3236 Phys.).n
576 3157 888 3236 Intelligitur
917 3155 1060 3236 quod
1086 3169 1338 3236 numerus
1370 3167 1540 3236 potest
1571 3157 1746 3212 multi-

167 3227 356 3297 plicari
388 3225 440 3281 in
470 3228 729 3282 inﬁnittun
757 3241 848 3293 per
877 3225 1266 3297 appositioncm
1299 3225 1581 3280 imitatum.

250 3296 454 3351 Natura
480 3309 524 3352 et
553 3299 858 3368 principium
886 3308 1003 3368 sunt
1033 3296 1313 3368 subjectum
1339 3297 1568 3351 scientia
1595 3309 1746 3352 natu-

164 3369 299 3421 ralis
325 3367 625 3438 (Comment.
656 3384 711 3422 lll
748 3367 957 3437 Phys.).
993 3367 1278 3438 Sciendum
1321 3368 1464 3438 quod
1491 3370 1749 3436 qualibet

162 3435 394 3493 scientia
426 3441 733 3494 considerat
782 3435 993 3506 aliquod
1049 3435 1371 3506 subjectum,
1400 3435 1524 3506 ejus
1549 3439 1748 3502 princi-

167 3510 288 3578 pia,
313 3509 590 3574 passiones
619 3518 673 3564 et
695 3509 921 3579 species.
973 3509 1166 3561 Natura
1215 3508 1459 3579 igitnrret
1491 3507 1746 3579 principia

181 3576 394 3633 ratione
422 3583 574 3634 istius
594 3576 1043 3634 corisiderationis
1067 3586 1286 3644 possunt
1331 3578 1489 3630 etiam
1520 3576 1623 3630 dici
1652 3577 1746 3630 ob.

167 3647 377 3719 jactqu
409 3649 662 3719 physicm.
697 3650 828 3702 Cum
861 3649 962 3700 hoc
1010 3658 1182 3719 tamen
1235 3655 1346 3719 stat
1396 3648 1666 3712 pr0prium
1693 3658 1750 3702 et

172 3717 521 3798 adaequamur
542 3717 1125 3798 subjectumphysicze,
1155 3717 1213 3770 tit
1233 3717 1403 3786 ipsum
1426 3730 1618 3786 corpus
1635 3734 1749 3785 mo-

171 3788 306 3857 hic,
337 3789 489 3857 cujus
511 3793 609 3843 ista
637 3799 762 3844 sunt
790 3788 1065 3856 principia.

253 3855 477 3934 Natura
497 3860 761 3934 dirigitur
783 3855 844 3934 ab
875 3867 1056 3934 agente
1100 3857 1363 3926 infallibili
1387 3857 1747 3934 (Commentat.

170 3943 254 3984 xu
282 3927 558 4000 Naupli.)
592 3927 1000 3998 l'iitelligitur’de
1027 3941 1212 3983 natura
1262 3937 1562 3990 uaturante,
1595 3929 1749 4000 acili-f-

169 4009 266 4054 cet
297 3998 432 4067 Deo,
458 3998 541 4056 vel
570 4002 753 4065 etiam,
784 4001 852 4054 de
876 4011 1061 4052 natura
1104 4001 1316 4068 quidem
1362 4009 1623 4058 uaturata,
1651 3999 1746 4050 sed

169 4077 242 4125 ιιι
268 4070 549 4137 plurimum
578 4074 834 4124 duntaxat
860 4070 1177 4136 simpliciter
1225 4068 1540 4136 intelligitur
1563 4069 1632 4121 de
1653 4081 1746 4120 na-

171 4148 297 4191 tura
319 4151 620 4204 naturante,
653 4140 854 4194 scilicet
884 4138 1010 4194 Deo.

255 4207 404 4263 Niltil
449 4220 520 4263 est
567 4214 617 4265 in
668 4209 946 4276 intellectu,
991 4207 1114 4279 quin
1164 4209 1307 4279 prius
1336 4207 1486 4276 [ωιτη
1515 4209 1567 4260 in
1601 4225 1747 4262 sensu

173 4278 230 4352 (I
253 4279 434 4349 l‘ltys.,
452 4293 496 4334 et
517 4297 553 4337 ιι
575 4285 638 4336 de
658 4280 884 4350 Anima).
910 4278 1221 4348 intelligitur
1236 4281 1374 4352 quod
1395 4294 1497 4331 non
1512 4291 1746 4352 oportet,

177 4350 329 4419 Quod
359 4355 534 4408 omnis
560 4354 796 4420 cognitio
846 4353 1164 4420 intellectiva
1197 4350 1421 4418 alicujus
1446 4351 1522 4404 rei
1549 4355 1750 4419 depen-

171 4424 331 4476 dcta
359 4437 517 4476 sensu
542 4419 805 4491 ejusdem,
848 4420 1079 4491 quiarde
1130 4419 1239 4472 Deo
1293 4429 1346 4475 et
1391 4420 1748 4489 intelligentiis

1852 1916 1970 1969 qua:
2017 1911 2139 1954 sunt
2183 1901 2390 1966 priora;
2444 1903 2674 1969 alioquin
2724 1903 2894 1969 magis
2939 1903 3255 1956 universalia
3305 1912 3428 1954 sunt

1850 1972 2026 2034 nobis,
2057 1982 2110 2025 et
2147 1971 2458 2038 simpliciter
2501 1973 2729 2024 notiora.
2775 1971 2885 2026 lloc
2923 1973 3083 2025 etiam
3120 1986 3300 2026 verum
3346 1980 3431 2025 est

1851 2041 1918 2095 de
1948 2041 2193 2104 homine,
2225 2052 2377 2106 prout
2409 2039 2720 2094 naturaliter
2748 2043 3023 2109 cognoscit
3052 2057 3157 2106 rei,
3189 2055 3293 2094 non
3325 2055 3426 2093 auo
3508 2095 3509 2098 η

1853 2120 1958 2165 tein
1993 2123 2144 2179 prout
2175 2110 2411 2164 scientiis
2444 2111 2731 2178 przeditus,
2765 2121 2818 2163 et
2859 2113 2910 2163 in
2952 2110 3062 2164 illis
3100 2114 3430 2166 exercitatus

1853 2181 2113 2248 intelligit.
2151 2180 2279 2234 Vide
2308 2181 2519 2233 Aristot.
2547 2191 2622 2243 (Vl
2649 2179 2805 2250 Top.,
2837 2197 2951 2246 cap.
2989 2181 3099 2248 Η).

1923 2252 2072 2305 Nihil
2109 2252 2262 2305 scitur
2303 2252 2689 2321 demonstratitte
2726 2249 2771 2304 et
2811 2251 3064 2321 deﬁnitive
3093 2250 3154 2321 (tt
3181 2249 3431 2321 Poster.).

1853 2319 2048 2374 Verum
2080 2331 2180 2383 est,
2223 2322 2423 2374 scilicet
2461 2320 2753 2376 secundum
2785 2337 2844 2375 se
2883 2319 3052 2374 totum
3093 2319 3146 2374 et
3182 2319 3430 2390 adaequa-

1852 2401 1980 2444 tum.
2008 2390 2263 2445 Essentias
2284 2391 2425 2442 enim
2454 2391 2529 2444 rei
2553 2406 2646 2459 per
2669 2390 3036 2445 deﬁnitionem
3057 2394 3428 2458 cognoscitur;

1852 2463 2030 2529 passio
2061 2477 2153 2528 per
2179 2461 2713 2524 demonstrationem,
2743 2463 3014 2523 videlicet,
3048 2476 3142 2528 per
3168 2461 3428 2522 rationem

1853 2531 2133 2597 passionis.
2178 2530 2306 2582 Nam
2351 2539 2612 2596 quatenus
2653 2531 2811 2582 etiam
2860 2544 3011 2583 suam
3055 2529 3216 2582 habet
3255 2543 3436 2584 esseu-

1852 2612 1872 2653 t
1893 2616 1998 2662 ani,
2031 2615 2127 2654 suo
2154 2601 2310 2653 modo
2342 2601 2502 2652 etiam
2533 2600 2689 2654 habet
2718 2600 3102 2653 delinitione'n.

1923 2669 2044 2722 Non
2069 2670 2310 2738 contingit
2335 2685 2538 2721 sensum
2557 2671 2722 2737 decipi
2744 2672 2877 2721 circa
2897 2670 3160 2737 praprium
3181 2669 3434 2740 adjectum

1851 2741 1910 2804 (ιι
1939 2745 2002 2792 de
2023 2743 2224 2800 Anima,
2251 2748 2374 2792 text.
2401 2755 2534 2792 cont.
2560 2741 2676 2805 95).
2713 2739 3028 2809 lntclligitur
3049 2739 3334 2794 duiitnmrlo
3363 2742 3434 2793 sit

1853 2809 1989 2864 bene
2015 2812 2326 2878 dispositus,
2359 2818 2413 2862 et
2441 2809 2707 2876 objectutn
2739 2812 2812 2864 sit
2843 2812 2978 2864 bene
2998 2812 3426 2877 appropriatum;

1850 2881 2163 2948 simpliciter
2204 2895 2330 2934 vero
2377 2879 2490 2941 sive
2531 2880 2780 2934 distincte
2829 2880 3094 2946 loquendo
3144 2879 3432 2948 respondet

1851 2947 2037 3003 Averr.
2072 2951 2279 3018 (Super
2301 2951 2389 3002 cit.
2415 2951 2587 3016 text.)
2625 2963 2840 3003 sensum
2871 2963 3020 3010 esse;
3062 2947 3204 3015 quod
3243 2961 3433 3002 sensus

1852 3021 1902 3072 in
1937 3019 2126 3084 majori
2166 3032 2316 3088 parte
2343 3019 2487 3071 circa
2533 3018 2784 3072 sensibile
2823 3019 3097 3086 proprium
3129 3033 3232 3071 non
3262 3026 3429 3073 erret.

1854 3089 1921 3141 Et
1962 3089 2063 3142 hoc
2091 3089 2251 3143 etiam
2297 3095 2541 3156 respectu
2586 3089 2918 3142 sensibilium
2949 3089 3310 3142 communium
3331 3129 3345 3149 .
3378 3104 3430 3141 v.

1776 3179 1823 3242 ο
1853 3169 2163 3242 g.,‘motus,
2192 3158 2603 3241 magnitudinis,
2634 3159 2847 3242 ﬁgura,
2876 3170 3005 3242 etc.,
3025 3157 3111 3242 ἰιι
3131 3158 3322 3242 quibus
3359 3167 3434 3238 ta-

1855 3228 2010 3284 metsi
2040 3245 2228 3285 sensus
2259 3243 2470 3298 quoque
2485 3231 2661 3284 minus
2689 3229 2994 3300 frequenter
3023 3228 3236 3300 fallatur
3264 3228 3429 3297 magis

1852 3309 2027 3354 tamen
2059 3303 2362 3366 lrequenter
2388 3315 2546 3369 quam
2575 3301 2628 3353 in
2656 3298 2998 3366 stensibilibus
3026 3298 3276 3366 propriis.

1925 3370 2092 3423 Nulla
2137 3373 2270 3422 bona
2310 3366 2722 3436 deﬁ'nitib'debet
2762 3369 2878 3421 dari
2917 3373 3005 3435 per
3044 3370 3315 3435 apposita,
3354 3366 3432 3436 uel

1834 3441 2052 3503 elicitur
2105 3439 2213 3509 (Es
2237 3455 2266 3489 v
2297 3435 2472 3507 Top).
2513 3439 2689 3502 Ratio,
2721 3439 2842 3509 quia
2881 3437 3135 3509 membra
3163 3437 3316 3489 bona:
3344 3435 3432 3488 de-

1853 3505 2698 3576 liuitionis'debent'cOmpetere
2731 3505 2998 3572 deﬁnito,
3047 3506 3138 3560 sed
3186 3514 3428 3573 opposita

1851 3594 1956 3634 non
1985 3580 2310 3634 conveniunt
2346 3579 2435 3633 uni
2461 3587 2517 3633 et
2537 3577 2744 3643 eidem;
2785 3580 3063 3633 sciendum
3103 3578 3260 3642 igitur
3286 3577 3426 3641 quod

1851 3649 1941 3704 illa
1967 3651 2256 3706 auctoritas
2280 3649 2593 3718 intelligitur
2613 3651 2681 3705 de
2701 3650 3013 3704 delinitioue
3054 3647 3426 3714 quidditativa,

1851 3722 1929 3775 sic
1957 3723 2097 3790 quod
2126 3721 2216 3775 illa
2247 3736 2352 3774 non
2375 3723 2536 3774 debet
2556 3723 2669 3775 dari
2702 3737 2796 3787 per
2824 3721 3066 3788 opposita
3091 3719 3424 3790 copulativa;

1851 3787 2100 3845 cum'hoe
2132 3802 2306 3844 tamen
2335 3799 2467 3854 stat,
2502 3792 2643 3858 quod
2672 3787 3048 3858 aliqua'potest
3077 3787 3188 3858 dari
3220 3801 3319 3858 pe_r_
3339 3799 3429 3858 op-

1852 3806 1971 3844 cum
2000 3806 2100 3845 nae
2132 3806 2306 3844 tamen
2335 3806 2467 3854 stat,
2541 3806 2643 3842 nou
2672 3806 2844 3858 aliqua
2879 3806 3048 3856 pOteSt
3077 3806 3188 3840 uari
3220 3806 3311 3854 per
3339 3806 3371 3838 ο
3411 3811 3428 3825 ο

1852 3860 2021 3929 posita
2064 3861 2404 3929 disjunctivo,
2451 3806 2535 3912 vei
2578 3873 2698 3914 cum
2746 3855 2933 3912 ordine
2978 3856 3231 3929 quodam.
3278 3806 3428 3929 Unti'e

1850 3923 2101 3983 delinitur
2138 3923 2324 3982 natura
2365 3929 2684 3996 principium
2730 3937 2905 3982 monis
2946 3923 3241 3996 etquietis,
3285 3923 3428 3993 quod

1849 3999 1918 4051 sit
1949 3999 2260 4067 principium
2291 4007 2465 4052 motus
2492 3994 2576 4051 vel
2602 4000 2763 4052 etiam
2792 3997 3014 4067 quietis,
3054 3994 3281 4067 sedboc
3304 4007 3425 4047 cum

1849 4064 2036 4123 ordine
2068 4064 2334 4138 quodam;
2363 4077 2648 4139 propterea
2676 4064 2820 4124 enini
2846 4081 2933 4120 res
2963 4064 3226 4139 naturalis
3253 4078 3428 4139 move:

1853 4148 1936 4193 tur
1964 4140 2029 4193 ad
2062 4133 2234 4195 locum
2262 4133 2417 4194 suum
2437 4133 2539 4206 ,ὐι
2572 4139 2643 4193 ibi
2671 4141 2938 4210 quiescat._
2960 4137 3144 4198 Terra,
3175 4149 3224 4187 v.
3254 4148 3332 4204 g.,
3357 4133 3424 4210 ad

1852 4220 2092 4265 centrum
2125 4211 2338 4275 mundi,
2380 4221 2436 4265 ut
2464 4212 2534 4265 ibi
2567 4206 2818 4282 tanquam
2845 4209 2896 4261 in
2926 4207 3044 4282 loco
3073 4221 3174 4261 suo
3200 4206 3426 4282 naturali

1851 4285 2191 4350 conquiescat
2218 4290 2272 4337 et
2300 4277 2902 4337 conserveturftletera
2931 4279 2997 4333 de
3034 4281 3134 4330 boc
3163 4277 3428 4329 asiomate

1853 4354 2016 4405 babes
2045 4368 2202 4418 supra
2234 4355 2285 4405 in
2315 4352 2488 4405 littera
2520 4352 2582 4406 D.

1924 4413 2130 4472 Natura
2158 4420 2323 4472 solum
2352 4420 2563 4473 intendit
2589 4421 2841 4489 speciem,
2883 4427 3071 4489 etnon
3109 4413 3428 4489 individuum

176 4492 441 4546 habemus
466 4483 707 4546 notitiam
741 4483 1142 4561 iii'tel'leCtivam,
1169 4500 1222 4545 et
1263 4499 1440 4561 tamen
1494 4483 1597 4544 non
1625 4500 1749 4544 sunt
1781 4553 1819 4561 _
1858 4490 1997 4552 (Per
2025 4490 2390 4560 Aoicennam).
2423 4483 2795 4561 Respondetur
2819 4487 2960 4561 quod
2993 4495 3180 4561 natura
3212 4499 3316 4561 non
3344 4483 3428 4537 in-

173 4563 487 4634 sensibiles,
537 4564 630 4617 sed
677 4561 893 4623 sufﬁcit,
929 4559 1070 4629 quod
1103 4553 1278 4615 omnis
1308 4557 1487 4634 nostra
1511 4561 1747 4634 cognitio
1778 4553 1830 4615 D
1851 4563 2152 4634 dixidualis,
2185 4561 2278 4617 sed
2307 4553 2624 4634 communis,
2671 4559 2806 4614 sicut
2835 4553 3028 4611 coelum
3058 4560 3232 4634 solum
3257 4555 3430 4634 inten-

175 4627 506 4704 intellectiva
538 4634 809 4704 dependet
834 4647 864 4686 a
893 4627 1051 4704 sensu
1081 4633 1221 4704 illius
1243 4629 1325 4704 vel
1369 4627 1599 4704 alterius
1621 4627 1694 4683 rei
1729 4649 1741 4684 :

174 4704 337 4760 Modo
363 4703 578 4772 dicitur,
608 4699 748 4774 quod
801 4702 985 4758 notitia
1036 4701 1363 4756 intelleciiva
1391 4702 1460 4754 de
1487 4699 1746 4774 _Deo_cau-

174 4787 320 4838 sata,
351 4783 432 4828 est
477 4789 544 4828 es
564 4770 571 4772 ⁷
595 4770 781 4829 notitia
825 4774 1132 4833 eil'ectuum,
1162 4789 1253 4838 per
1281 4786 1436 4838 quam
1467 4770 1747 4825 devenitur

174 4843 488 4898 immediate
533 4845 586 4897 in
640 4844 1002 4912 cognitionem
1055 4844 1475 4896 substantiarum
1519 4841 1747 4897 insensi-

176 4914 392 4984 bilium,
423 4923 478 4967 et
510 4915 610 4968 hoc
633 4929 662 4967 a
695 4911 1000 4984 posteriori.

257 4983 466 5039 Natura
503 5001 604 5039 non
623 4983 793 5053 deﬁcit
823 4987 876 5038 in
902 4983 1216 5050 necessariis,
1262 4999 1352 5039 nec
1398 4984 1646 5038 redundat
1693 4983 1747 5037 in

175 5056 459 5126 super/luis
489 5055 548 5124 (ιι
580 5057 644 5109 de
670 5057 874 5118 Anima,
903 5065 948 5108 et
979 5071 995 5110 ι
1024 5054 1191 5125 Cati).
1239 5054 1552 5124 lntelligitur
1574 5055 1746 5121 quoad

176 5124 642 5198 iiuperfectionem
667 5126 789 5198 ﬁnis
815 5126 1064 5198 ultimati,
1088 5124 1211 5179 tunc
1242 5137 1426 5198 natura
1478 5140 1582 5180 non
1611 5127 1746 5198 deli-

177 5195 278 5262 cit,
312 5213 409 5253 nec
434 5198 718 5262 redundat,
737 5197 860 5251 licet
889 5197 1210 5264 quandoque
1235 5195 1447 5251 deﬁciat
1471 5207 1526 5251 et
1554 5197 1748 5249 redun-

178 5267 277 5326 det
298 5269 352 5324 in
381 5267 827 5324 determinatione
864 5266 994 5320 certi
1035 5266 1153 5317 linis
1181 5265 1519 5321 determinati
1545 5274 1600 5319 et
1628 5280 1749 5333 par-

182 5337 444 5395 ticularis.
500 5339 620 5392 Alio
669 5337 831 5392 modo
885 5334 1217 5405 intelligitur,
1263 5339 1402 5402 quod
1436 5348 1622 5390 natura
1652 5349 1750 5388 nec

182 5408 370 5464 deﬁcit
393 5422 494 5462 nec
523 5410 784 5463 redundat
809 5407 983 5476 quoad
1011 5415 1172 5460 tutam
1195 5407 1455 5471 speciem,
1473 5406 1596 5459 licet
1613 5406 1749 5460 bene

179 5480 357 5552 quoad
383 5487 589 5552 partem
617 5479 842 5552 speciei,
865 5481 915 5533 id
935 5476 1222 5552 est,q_uoad
1246 5477 1420 5544 aliqua
1444 5476 1746 5552 individua;

185 5518 590 5620 ξὲἱἯῖοξῖίιῖ-ῘἯ
597 5518 915 5620 υἲῖὄῖιῖἱῖιὲξ
935 5518 1748 5613 ἷιέὲὲἧ’ἶιὲο“ὲί3¹ιῖεζτέἱιῖιίἓὰῐῖἷιῖ

185 5621 451 5689 pluribus,
481 5617 587 5676 sed
611 5617 745 5673 bene
773 5621 1056 5686 aliquando
1085 5621 1136 5673 in
1160 5620 1361 5689 paucis.
1396 5621 1522 5671 item
1549 5632 1750 5686 ponen-

181 5688 262 5746 do
284 5704 493 5756 casum,
517 5691 660 5760 quod
688 5700 890 5745 tantum
923 5699 1033 5746 tres
1053 5688 1492 5745 essenthomincs
1521 5689 1572 5743 in
1593 5703 1750 5742 mun-

184 5761 280 5824 do,
311 5771 365 5816 et
411 5770 566 5816 natos
618 5774 807 5815 omnes
855 5775 975 5814 cum
1026 5775 1120 5820 sea
1143 5761 1322 5832 digitis
1352 5761 1404 5832 in
1437 5775 1751 5831 unaquaque

184 5845 368 5904 manu,
397 5841 518 5889 tunc
546 5839 689 5891 esset
721 5840 1039 5900 monstrum,
1079 5842 1133 5890 et
1161 5830 1481 5888 rediuidarct
1510 5839 1619 5887 tota
1651 5830 1747 5886 na-

1847 4632 1926 4687 dit
1955 4623 2189 4702 speciem
2220 4646 2431 4704 semper
2459 4623 2794 4704 continuare,
2833 4636 2889 4683 et
2927 4643 3030 4679 non
3072 4623 3425 4704 individuum.

1848 4696 2175 4759 Alio'modo
2223 4696 2354 4758 aliis
2385 4703 2669 4757 d.cendum
2702 4703 2908 4774 videtur
2950 4697 3089 4765 quod
3130 4696 3236 4774 hoc
3282 4696 3428 4774 dicat

1847 4775 2115 4830 Avicenna
2141 4775 2387 4843 ponendo
2410 4773 2728 4828 universalia
2751 4786 2808 4824 re
2828 4769 3103 4843 alia_iuore
3127 4765 3423 4820 Platonico.

1848 4847 1914 4900 Et
1943 4846 2061 4898 ideo
2085 4838 2157 4897 de
2183 4846 2283 4898 hoc
2311 4844 2425 4911 ejus
2451 4843 2594 4897 dicto
2623 4856 2728 4911 no_n
2755 4838 3069 4911 curandum.

1920 4913 2070 4967 Nihil
2097 4917 2254 4968 scitur
2279 4909 2375 4966 nisi
2402 4913 2637 4984 cerasino
2668 4909 2864 4984 Post).
2898 4909 3048 4984 Quod
3081 4923 3186 4961 non
3211 4914 3293 4960 est
3313 4917 3426 4984 .non

1847 4986 2033 5051 scitur,
2057 4985 2108 5039 id
2136 4998 2237 5049 εει,
2261 4992 2319 5036 ιιι
2339 4985 2469 5037 dicit
2493 4980 2866 5050 Philosophus,
2891 4979 3004 5033 falsi
3028 4995 3130 5032 non
3152 4987 3232 5030 est
3252 4979 3427 5028 scien-

1851 5059 1951 5128 tia;
1982 5067 2039 5108 ut
2064 5070 2167 5108 non
2190 5065 2272 5109 est
2291 5055 2514 5128 scientia
2539 5053 2859 5128 diametrum
2883 5067 3001 5128 esse
3013 5058 3430 5128 coinmensura:

1850 5118 2006 5182 bilem
2028 5138 2210 5188 eosne,
2229 5125 2348 5193 quia
2373 5126 2423 5178 id
2446 5124 2756 5185 falsumest.
2778 5123 2960 5195 Dices;
2987 5118 3134 5172 Unde
3155 5118 3426 5195 sequitur?

1848 5197 1980 5263 Quia
2000 5198 2216 5253 scientia
2233 5191 2314 5250 est
2335 5209 2608 5261 verorum,
2627 5201 2901 5266 propterea
2914 5191 3428 5266 demonstrationem

1848 5257 1912 5322 ει
1936 5270 2076 5322 veris
2103 5267 2391 5337 procedere
2416 5257 2647 5338 oportet;
2668 5257 2883 5338 negath
2910 5260 3042 5312 falso
3072 5257 3327 5338 inferatur
3350 5270 3432 5338 ve-

1849 5354 1966 5393 rum
1986 5378 2004 5403 ,
2037 5329 2136 5394 hoc
2167 5344 2249 5391 est
2270 5376 2285 5400 ,
2322 5352 2388 5390 cs
2420 5329 2709 5404 [tramissis
2737 5331 2912 5404 falsis,
2941 5340 3195 5404 quantum
3227 5329 3292 5381 ad
3323 5329 3439 5404 vitu-

1849 5396 2099 5464 illativatn
2123 5449 2139 5473 ,
2183 5418 2237 5462 et
2271 5396 2493 5474 propter
2530 5403 2821 5475 syllogismi
2851 5400 3255 5475 dispositionem
3275 5437 3292 5461 ,
3336 5396 3431 5450 sed

1851 5495 1957 5534 non
1996 5481 2234 5547 sequitur
2271 5473 2528 5545 quantum
2563 5473 2642 5547 ad
2671 5475 2778 5525 vim
2819 5473 3167 5539 probaiivam,
3215 5481 3271 5522 et
3319 5477 3433 5519 tan-

1849 5565 2011 5619 quam
2041 5546 2107 5602 εὶ
2137 5563 2295 5602 causa
2315 5589 2330 5608 ,
2361 5548 2483 5619 quia
2510 5546 2653 5619 quod
2679 5560 2782 5598 non
2809 5554 2890 5599 est
2910 5582 2926 5608 ,
2969 5557 3074 5596 nou
3104 5549 3285 5608 potest
3311 5550 3433 5591 esse

1850 5617 2032 5677 causa.
2064 5629 2155 5670 aut
2185 5621 2408 5687 probare
2439 5617 2488 5669 id
2519 5617 2655 5683 quod
2685 5625 2789 5668 est.

1925 5690 2144 5744 Nullum
2175 5681 2479 5742 indivisibile
2507 5681 2734 5740 mouetur
2761 5691 2833 5755 (vn
2869 5683 3072 5757 Phys.).
3117 5681 3430 5751 lntelligitur

1853 5771 2107 5834 persae!
2137 5758 2593 5834 circuiitscriptive
2621 5759 2690 5834 de
2721 5759 2835 5812 loco
2861 5759 2931 5812 ad
2952 5762 3142 5834 locum.

1922 5829 2086 5886 Nulla
2122 5832 2287 5902 [arma
2326 5841 2398 5886 est
2434 5831 2715 5901 compositi
2755 5845 2816 5884 ea:
2854 5831 3082 5898 partibus
3120 5827 3433 5882 diversarum
