3868 6256
434 395 567 447 ίῦδῦ

895 389 1098 442 ῐιΕῡιΕ
1143 386 1598 442 VENERABHJS
1635 387 1783 441 OPP.
1833 385 2003 440 PAIIS

2131 382 2322 437 SECT.
2366 385 2423 437 ll.
2468 415 2531 424 -—
2575 385 2774 440 DUltlA
2821 385 2904 439 ET
2945 385 3208 441 SPUIIIA.

3547 389 3566 440 ι
3581 387 3687 441 060

497 500 793 569 Optandum
827 509 908 554 est
938 512 988 553 ut
1020 501 1069 553 bi
1100 502 1188 566 qtti
1224 511 1454 566 prarsnnt
1485 499 1788 567 reipublicae
1821 499 1994 569 legum
2026 502 2071 556 Α
2103 497 2384 569 possimus.
2431 497 2533 549 Nec
2577 509 2748 550 tamen
2793 509 2873 551 est
2921 499 3224 551 enitendum
3280 510 3336 552 ut
3381 501 3517 552 bona
3558 517 3684 567 qua:

427 567 630 628 similes
661 576 784 636 sirt,
817 587 931 634 qme
971 571 1034 621 ad
1069 570 1387 635 puniendum
1437 585 1542 622 non
1579 569 1866 631 iracundia,
1900 567 1992 619 sed

429 647 677 710 mquitale
711 645 990 693 ducuntur.
1030 645 1195 710 Atque
1222 640 1383 691 etiam
1416 640 1466 690 in
1521 641 1674 690 rebus
1706 637 1991 702 pro-peris,

427 725 479 765 et
500 709 570 764 ad
607 722 786 763 votum
820 723 1057 760 nostrum
1093 709 1393 769 fluentibus,
1427 711 1728 770 superbiam
1773 722 1991 777 magno-

432 799 552 849 pere
577 794 627 832 et
659 781 920 847 fastigium
952 779 1413 845 arrogantiamque
1445 778 1722 849 fugiamus.

398 845 444 868 "
501 852 628 902 Nam
684 859 736 899 ut
781 845 1032 899 adversas
1074 862 1180 907 res,
1228 849 1302 897 sic
1346 847 1603 899 secundas
1649 845 1996 898 immoderate

433 921 569 972 reire
622 921 845 970 levitatis
889 927 998 978 est;
1034 918 1388 982 praeclaraque
1435 929 1515 972 est
1565 918 1893 982 aequabilitas
1944 917 1994 968 in

430 990 572 1040 omni
605 990 732 1050 vita,
777 997 828 1039 et
860 986 997 1037 idern
1046 1001 1254 1039 semper
1282 988 1456 1035 vultus
1490 985 1782 1052 eademque
1831 987 1993 1036 frons.

433 1060 591 1110 liecte
624 1059 909 1125 praecipere
943 1055 1184 1106 videntur
1214 1056 1296 1120 qui
1331 1066 1548 1107 monent
1578 1065 1630 1105 tit
1676 1066 1872 1117 quanto
1903 1070 1996 1107 su-

433 1130 666 1195 periores
689 1142 888 1186 siimu-,
924 1133 1064 1174 tanto
1089 1126 1400 1176 submissius
1431 1140 1524 1177 nos
1552 1139 1818 1195 geramus.

504 1198 555 1249 lii
586 1196 984 1250 secundissimis
1013 1195 1170 1244 rebus
1205 1197 1429 1244 maxime
1477 1205 1553 1246 est
1585 1194 1836 1246 utendum
1871 1208 1998 1245 con-

430 1269 548 1318 silio
592 1269 905 1323 amicorum,
957 1262 1122 1328 iisque
1169 1264 1339 1326 major
1378 1265 1535 1315 etiam
1568 1281 1721 1329 quant
1755 1273 1877 1316 ante
1915 1275 1995 1316 est

434 1337 708 1389 tribuenda
747 1333 1030 1385 auctoritas
1066 1349 1077 1382 :
1116 1333 1193 1382 bis
1233 1333 1560 1396 temporibus
1591 1334 1884 1385 cavendum
1915 1345 1997 1386 est

431 1421 498 1458 ne
528 1405 942 1457 assentatoribus
972 1403 1351 1467 patefaciamus
1383 1418 1557 1462 aures,
1598 1419 1766 1468 neque
1794 1403 1994 1456 adulari

434 1491 530 1527 nos
556 1474 815 1532 sinamus,
850 1474 897 1523 in
931 1487 1033 1536 quo
1064 1471 1170 1521 falli
1204 1472 1352 1522 facile
1383 1481 1483 1523 est.
1533 1473 1688 1523 Tales
1719 1475 1857 1525 enim
1903 1488 1995 1525 nos

430 1561 546 1597 esse
580 1558 843 1612 putamus,
879 1552 931 1592 ut
975 1544 1093 1606 jure
1127 1543 1419 1612 laudemur,
1455 1557 1518 1593 ex
1568 1559 1672 1606 quo
1711 1553 1997 1595 nascuntur

432 1613 834 1666 innumerabilia
869 1625 1246 1676 pet-cata,cuui
1291 1611 1530 1663 homines
1583 1611 1747 1662 inflati
1791 1615 1998 1678 opinio-

433 1685 589 1735 nibus
643 1684 861 1747 turpiter
908 1683 1198 1745 trritentur,
1235 1691 1284 1732 et
1330 1680 1380 1732 iii
1431 1681 1675 1732 maximis
1722 1692 1995 1734 versantur

405 1748 716 1808 ἐγνοτίὺιιε.

501 1823 627 1874 Nam
680 1820 946 1888 negligere
993 1819 1117 1886 quid
1163 1819 1228 1871 de
1277 1833 1334 1871 se
1383 1820 1606 1885 quisque
1643 1822 1856 1883 sentiat,
1891 1837 1992 1874 non

429 1893 600 1947 solum
632 1891 928 1956 arrogantis
954 1901 1054 1951 est,
1081 1889 1172 1940 sed
1201 1890 1358 1940 ctiam
1387 1892 1600 1940 omnino
1621 1891 1884 1944 dissoluti.

503 1961 684 2013 Umiiis
713 1970 888 2010 autem
919 1961 1056 2009 actio
1089 1973 1277 2011 vacare
1308 1959 1466 2010 debet
1501 1960 1798 2012 temeritate
1824 1974 1876 2015 et
1908 1975 1999 2015 ne-

431 2030 700 2100 gligentia,
752 2043 867 2100 nec
897 2042 1020 2100 vero
1067 2042 1224 2100 agere
1272 2029 1465 2100 aliquid
1512 2030 1662 2094 cujus
1695 2046 1798 2081 non
1832 2030 2000 2095 possis

427 2096 640 2152 causam
695 2097 1016 2164 probabilem
1070 2097 1311 2148 reddere.
1352 2096 1693 2152 hfticieudum
1739 2110 1821 2152 est
1860 2102 2002 2152 enim

431 2181 488 2221 ut
515 2170 778 2237 appetitus
802 2169 1054 2218 obediant
1082 2167 1291 2226 rationi,
1323 2182 1548 2234 eamque
1575 2184 1744 2236 neque
1774 2184 2003 2232 praecur-

433 2249 552 2292 rant
581 2249 791 2305 prOpter
823 2237 1196 2298 temeritati-ni,
1232 2251 1329 2288 nec
1361 2246 1572 2302 propter
1617 2240 1875 2304 pigritiam
1916 2249 2006 2292 aut

436 2310 694 2375 ignaviain
735 2307 979 2357 deserant
1013 2323 1022 2354 :
1057 2310 1266 2370 sintque
1316 2307 1606 2374 tranquilli,
1659 2319 1815 2373 atque
1859 2311 2002 2362 omni

432 2377 830 2446 perturbatione
862 2375 1021 2426 animi
1068 2384 1304 2446 careant,
1333 2389 1400 2446 ex
1439 2391 1544 2444 quo
1582 2378 1788 2431 eluceat
1829 2379 2002 2432 omnis

429 2444 747 2507 constantia,
781 2448 1056 2510 omnisque
1087 2444 1400 2497 moderatio.
1931 2455 1942 2460 '

510 2516 786 2582 Appetitur.
836 2516 1414 2584 omnescontrahendi
1465 2517 1790 2584 sedandique
1840 2528 2002 2579 sunt,

439 2586 821 2652 excitandaque
849 2583 1241 2656 animadversio
1270 2594 1322 2636 et
1362 2584 1656 2652 diligentia,
1701 2583 1754 2638 ut
1787 2603 1852 2639 ne
1879 2589 2004 2656 quid

440 2667 640 2707 temere
665 2669 724 2706 ac
754 2657 968 2725 fortuitu
997 2652 1384 2705 inconsiderate
1415 2656 1846 2722 negligenterque
1875 2652 2003 2725 aga-

437 2741 575 2778 mus.
609 2725 788 2790 Neque
817 2724 956 2775 enim
988 2741 1012 2772 a
1048 2734 1231 2774 natura
1267 2725 1332 2774 ita
1363 2730 1596 2790 generati
1627 2741 1827 2789 sumus,
1855 2724 2003 2779 utad

435 2796 617 2847 ludum
651 2808 699 2846 ei
731 2794 905 2859 jocuni
939 2791 1058 2842 facti
1089 2805 1209 2842 esse
1254 2793 1544 2855 videamur,
1574 2795 1664 2846 sed
1696 2796 1758 2845 ad
1806 2798 2007 2849 severi-

433 2873 590 2917 tatem
644 2868 815 2933 pogius
861 2871 913 2913 et
961 2861 1025 2912 ad
1076 2860 1315 2933 qualdum
1359 2863 1527 2914 studia
1581 2867 1817 2932 graviora
1851 2875 2006 2933 atque

435 2936 659 2999 majora.
713 2932 860 2985 ludo
909 2940 1084 2982 autem
1133 2931 1333 3001 ctjoco
1379 2933 1452 2984 uti
1497 2931 1827 3001 illoquideni
1860 2931 2004 3000 licet,

433 3005 526 3057 sed
559 3005 698 3057 sicut
729 3003 916 3071 somno
946 3009 995 3071 et
1026 3000 1289 3065 quietibus
1334 3004 1564 3071 caeteris,
1601 3000 1706 3054 tum
1739 3019 1856 3056 ευιιι
1886 3021 2007 3071 gra-

434 3075 584 3127 vibus
615 3069 874 3142 seriisque
907 3070 1069 3142 rebus
1109 3070 1557 3134 satisfecerinius;
1595 3075 1868 3142 ipsumque
1891 3069 2007 3142 ge-

438 3159 536 3197 nus
575 3141 783 3209 jocandi
814 3155 915 3191 non
949 3139 1220 3205 profusum
1256 3155 1352 3192 nec
1381 3139 1893 3206 immodestmmised
1910 3139 2007 3197 ἰιι-

436 3226 666 3280 genuum
693 3222 746 3262 et
778 3211 1002 3280 facetum
1035 3223 1153 3260 esse
1182 3209 1358 3280 debet.
1412 3210 1478 3262 Ut
1525 3227 1662 3262 enim
1697 3214 1872 3279 pueris
1905 3230 2009 3268 non

439 3279 651 3333 omnem
704 3279 915 3331 ludendi
967 3279 1490 3350 licentiamgdainus,
1531 3282 1622 3332 sed
1657 3297 1770 3333 eam
1803 3299 1919 3350 quae
1949 3285 2014 3338 ab

445 3350 738 3403 honestatis
763 3349 1058 3421 actionibus
1080 3363 1193 3421 non
1222 3347 1290 3399 sit
1314 3350 1505 3414 aliena,
1531 3353 1608 3403 sic
1646 3353 1696 3405 in
1741 3347 1856 3420 ipso
1890 3352 2014 3421 joco

442 3421 637 3489 aliquid
672 3421 817 3486 probi
853 3418 1045 3485 ingenii
1079 3419 1255 3470 lumen
1287 3420 1510 3472 eluceat.
1617 3442 1623 3448 -

512 3490 748 3542 Ludendi
795 3491 952 3540 etian~
999 3497 1079 3557 est
1108 3489 1320 3554 quidam
1370 3490 1555 3541 modus
1595 3491 1922 3557 retinendus,
1956 3502 2015 3546 ut

446 3571 512 3613 ne
545 3560 702 3611 nimis
733 3559 907 3628 omnia
939 3555 1344 3628 profundamus,
1377 3559 1605 3627 elatique
1654 3555 1920 3628 voluptate
1961 3565 2012 3617 in

442 3630 669 3695 aliquam
699 3627 1072 3694 turpitudinem
1102 3627 1420 3679 dilabantur.

519 3698 756 3771 llouiinis
782 3712 930 3771 mens
952 3697 1778 3771 diseeiidoalitur,etcogitando
1803 3715 2016 3771 semper

443 3768 638 3835 aliquid
672 3779 759 3819 aut
790 3766 1007 3830 inquirit
1036 3778 1127 3818 aut
1151 3766 1278 3833 agit,
1311 3767 1626 3835 videndique
1670 3780 1724 3823 et
1766 3766 2013 3827 audiendi

440 3839 792 3893 oblectatione
823 3835 1051 3888 ducitur.

513 3909 568 3960 Si
619 3908 737 3972 quis
785 3914 865 3978 est
913 3906 1069 3970 paulo
1101 3903 1175 3978 ad
1197 3906 1440 3959 virtutem
1491 3910 1740 3974 ercetior,
1775 3915 2015 3978 quamvis

440 3978 708 4049 voluptate
737 3976 995 4041 capiatur,
1027 3975 1285 4049 ocmiltat__
1308 3989 1355 4027 et
1397 3978 1697 4033 dissimulat
1723 3975 2012 4049 apjetitum

443 4046 722 4121 voluptatis
757 4057 970 4121 propter
998 4043 1398 4121 verecundiam.
1451 4049 1674 4121 Ex_quo
1706 4043 2015 4121 iiiielligitiir

444 4111 681 4183 corporis
712 4117 1035 4166 voluntatem
1069 4111 1173 4165 non
1204 4117 1332 4166 satis
1372 4131 1492 4169 esse
1521 4111 1733 4184 dignam
1786 4111 2015 4177 hominis

448 4186 776 4252 priestaniia,
808 4183 1327 4256 eamque-contemni
1355 4196 1408 4238 et
1438 4183 1858 4256 rejicroportere
1890 4208 1903 4244 :
1933 4195 2014 4246 sin

446 4257 514 4308 sit
542 4257 803 4324 quispiam
835 4254 922 4319 qui
955 4252 1155 4328 aliquid
1190 4253 1389 4328 tribuat
1417 4252 1700 4328 voluptati,
1731 4260 1802 4312 dil
1828 4272 2016 4328 genter

443 4335 498 4380 et
528 4322 811 4378 tenendum
842 4337 960 4375 esse
987 4322 1373 4396 ejusfruenda;
1418 4327 1652 4378 modum.
1707 4322 1885 4396 Itaque
1936 4332 2015 4383 vi-

444 4407 561 4448 ctus
600 4397 878 4458 cultusque
915 4393 1154 4458 corporis
1183 4394 1245 4442 ad
1296 4393 1649 4448 valetudinem
1698 4393 2014 4465 referantur,

444 4465 586 4538 et_ad
620 4465 756 4514 vires
780 4477 900 4538 non
947 4469 1008 4511 ad
1041 4466 1382 4538 voluptatem.
1431 4466 1602 4538 Atque
1632 4469 1789 4520 etiam
1819 4471 1860 4521 si
1889 4485 2015 4522 con-

2104 565 2256 645 riobis
2285 566 2406 619 data
2439 583 2541 620 non
2590 569 2690 621 sint
2734 583 3057 635 sequamur,
3108 584 3266 637 quam
3319 580 3372 621 ut
3423 571 3542 622 vitia
3580 565 3686 624 ιιι-

2098 650 2321 702 grauius.

2169 706 2296 756 Nam
2323 720 2503 772 regna,
2538 707 2776 772 imperia,
2813 706 3130 768 nobilitates,
3176 707 3428 770 honores,
3454 708 3681 774 divitia,

2097 789 2225 839 opes
2271 786 2324 827 et
2367 790 2426 827 ea
2449 791 2564 836 qua:
2591 786 2712 828 sunt
2735 777 2815 828 bis
2841 776 3125 838 contraria,
3151 779 3200 828 in
3229 793 3353 830 casu
3384 780 3502 837 sita,
3536 788 3682 831 lem-

2101 843 2314 907 poribus
2369 857 2620 910 reguntur
2674 856 2725 898 et
2771 849 3146 911 gubernantur.
3178 847 3276 911 Ipsi
3308 857 3484 900 autem
3516 864 3680 912 qnam

2100 927 2378 977 personam
2412 929 2595 981 gerere
2619 917 2858 972 velimus,
2893 931 2918 964 a
2955 926 3128 966 nostra
3164 919 3432 968 voluntate
3464 918 3682 981 profici-

2099 983 2279 1034 seitur.
2338 986 2513 1049 Itaque
2561 999 2618 1036 se
2663 986 2746 1036 alii
2803 985 2866 1036 ad
2918 985 3323 1052 pliil050plq’ain,
3369 987 3458 1038 alii
3497 988 3559 1036 ad
3585 988 3681 1050 jus

2099 1053 2270 1114 civile,
2296 1053 2382 1104 alii
2409 1053 2472 1103 ad
2497 1056 2847 1120 eloquentiam
2877 1057 3159 1120 applicant,
3195 1056 3534 1120 ipsarumque
3564 1071 3679 1106 Vir-

2101 1129 2267 1173 tutum
2318 1123 2367 1174 in
2416 1123 2513 1173 alia
2565 1124 2698 1176 alitis
2739 1124 2932 1175 mavult
2958 1125 3241 1176 excellere.
3273 1126 3510 1190 Quorum
3546 1140 3676 1176 vero

2102 1204 2273 1256 patres
2328 1201 2416 1242 aut
2473 1193 2700 1256 majores
2740 1194 2908 1254 aliqua
2964 1193 3131 1261 gloria
3197 1198 3574 1258 praestiterunt,
3623 1195 3677 1245 lii

2099 1261 2310 1314 Student
2362 1262 2670 1328 plerumque
2713 1265 2896 1315 eodem
2941 1263 2989 1314 in
3035 1277 3228 1330 genere
3277 1265 3446 1315 laudis
3489 1267 3677 1317 excel-

2102 1330 2228 1381 lere.

2171 1398 2429 1465 Imprimis
2459 1409 2633 1452 autem
2671 1399 3090 1452 consitae-udum
3122 1409 3202 1451 est
3232 1400 3319 1468 qui
3351 1417 3447 1455 nos
3469 1409 3522 1454 et
3552 1418 3680 1468 qua-

2103 1467 2176 1518 les
2203 1483 2321 1520 esse
2349 1469 2590 1530 velimus,
2617 1481 2669 1520 et
2697 1471 2745 1520 in
2777 1485 2878 1534 quo
2908 1484 3100 1538 genere
3132 1467 3285 1532 vite;
3329 1487 3444 1536 quae
3475 1467 3679 1522 delibe-

2101 1539 2233 1588 ratio
2282 1550 2361 1589 est
2413 1543 2645 1590 omnium
2698 1539 3027 1592 difficilium.
3063 1540 3279 1592 Ineunte
3318 1545 3458 1592 enim
3485 1542 3677 1593 adole-

2100 1608 2321 1670 scentia,
2363 1623 2480 1660 cum
2515 1609 2648 1659 inest
2687 1612 2910 1660 maxima
2942 1610 3276 1661 imbecillitas
3299 1612 3531 1672 consilii,
3567 1624 3672 1661 tuin

2102 1675 2150 1727 id
2182 1678 2279 1728 sibi
2307 1679 2527 1743 quisque
2560 1694 2724 1744 genus
2748 1682 2916 1729 :etatis
2942 1679 3198 1745 degenda
3229 1681 3504 1731 ConStituit
3537 1682 3676 1744 quod

2104 1749 2332 1798 maxime
2360 1747 2641 1799 adamavit.
2676 1749 2849 1812 Itaque
2877 1756 2995 1797 ante
3016 1747 3508 1813 implieaturaliquo
3531 1761 3677 1801 certo

2103 1830 2295 1881 genere
2324 1831 2584 1884 cursuque
2611 1817 2838 1878 vivendi,
2869 1832 3022 1882 qualn
3059 1817 3227 1881 potuit
3258 1819 3393 1882 quod
3419 1820 3679 1883 optimum

2103 1895 2242 1937 esset
2265 1885 2524 1951 judicare.
2557 1885 2867 1951 Plerumque
2893 1897 3162 1952 parentum
3190 1888 3468 1954 preceptis
3491 1889 3680 1939 imbuti

2101 1954 2164 2004 ad
2196 1969 2374 2006 eorem
2398 1956 2835 2009 consuetudinem
2876 1971 3181 2023 moremque
3211 1956 3542 2009 deducimur.
3574 1958 3676 2009 Alii

2105 2024 2457 2077 multitudinis
2501 2025 2701 2090 judicio
2738 2026 2998 2088 feruntur,
3049 2041 3273 2092 quaeque
3322 2025 3504 2093 majori
3546 2028 3681 2094 parti

2107 2095 2460 2160 pulcherrima
2485 2096 2728 2146 videntur
2758 2109 2816 2145 ea
2845 2110 3071 2146 maxime
3098 2105 3373 2159 exoptant.

2106 2229 2128 2282 ἶ
2178 2162 2340 2213 Mulio
2361 2165 2501 2216 enini
2528 2168 2725 2215 tirniior
2755 2174 2834 2217 est
2857 2173 2909 2216 et
2938 2163 3267 2216 constantior
3306 2176 3490 2216 natura
3519 2182 3682 2233 quam

2127 2243 2331 2282 ortiina.

2127 2243 2331 2286 ortiina.

2178 2303 2436 2356 Amicitiae
2456 2321 2568 2370 qua!
2597 2305 2768 2356 minus
2792 2303 3074 2366 delectant,
3106 2313 3157 2355 et
3187 2303 3363 2355 minus
3392 2304 3684 2371 probantur

2107 2372 2273 2438 magis
2305 2372 2493 2426 decere
2521 2383 2741 2426 censent
2768 2373 3031 2439 Sapientes
3055 2389 3271 2426 sensum
3291 2375 3681 2442 diluere,quain

2106 2452 2323 2506 repente
2371 2446 2677 2510 przecidere.
2722 2444 3058 2496 Commutato
3103 2453 3280 2495 autem
3328 2457 3520 2510 genere
3553 2459 3677 2497 viti:

2109 2516 2250 2560 omni
2277 2514 2478 2564 ratione
2508 2515 2799 2566 curandum
2826 2522 2905 2565 est
2926 2522 2982 2565 ut
3012 2513 3062 2566 id
3089 2514 3225 2566 bono
3244 2514 3467 2566 consilio
3490 2516 3681 2568 fecisse

2114 2579 2403 2633 videamur.

2183 2649 2275 2701 Est
2331 2651 2486 2718 igitur
2528 2651 2879 2706 adolescentis
2923 2652 3150 2720 majores
3179 2660 3303 2703 natu
3333 2651 3582 2715 revereri,
3616 2668 3680 2704 ex

2110 2717 2295 2784 bisque
2337 2717 2569 2788 deligere
2615 2723 2844 2790 optimos
2890 2732 2944 2776 et
2993 2717 3412 2789 probatissimos,
3452 2736 3682 2790 quorum

2110 2790 2330 2840 consilio
2357 2801 2513 2857 atque
2543 2795 2853 2846 auCtoritate
2880 2796 3091 2845 nitatur.

2184 2858 2404 2911 Maxime
2433 2869 2609 2914 autem
2644 2865 2755 2915 lucc
2782 2875 2908 2917 tetas
2935 2877 2962 2914 ti
2995 2861 3302 2916 libidinibus
3329 2862 3677 2923 estarcenda,

2110 2931 2507 2998 exercendaque
2541 2932 2589 2982 in
2623 2932 2803 2984 labore
2833 2935 3187 2998 patientiaque
3217 2942 3270 2983 et
3298 2932 3456 2982 animi
3487 2940 3539 2983 et
3559 2945 3681 2982 ενι·-

2114 2999 2274 3068 poris,
2331 3010 2386 3051 ιιι
2415 3015 2596 3052 eorum
2628 3003 2677 3053 in
2709 3003 2914 3055 bellicis
2943 3013 2994 3054 et
3023 3003 3266 3053 civilibus
3288 2999 3476 3053 ofliciis
3507 3004 3683 3068 vigeat

2115 3067 2388 3121 industria.
2421 3070 2592 3137 Atque
2624 3071 2779 3124 etiam
2811 3086 2928 3125 cum
2962 3072 3197 3124 relaxare
3226 3076 3454 3131 animos.
3482 3081 3534 3124 et
3555 3067 3686 3123 dare

2115 3151 2172 3188 se
2223 3137 2538 3204 jocunditati
2580 3143 2778 3204 volent,
2811 3153 3030 3193 caveant
3063 3143 3541 3207 intemperantiam,
3574 3156 3688 3193 me-

2037 3185 2085 3245 C
2119 3185 2369 3260 ininerint
2413 3185 2780 3272 verecundia};
2832 3211 2966 3277 quod
2999 3208 3204 3262 [ιείιιιιε
3229 3185 3355 3274 ἔτη,
3387 3211 3430 3262 si
3463 3185 3685 3277 in’ejus-

2116 3278 2256 3328 modi
2281 3277 2490 3344 quidem
2521 3280 2677 3331 rebus
2707 3281 2934 3345 majores
2965 3289 3086 3332 natu
3121 3282 3286 3332 velint
3316 3281 3591 3333 interesse.

2187 3347 2415 3400 Senibus
2455 3362 2631 3401 antem
2683 3351 2892 3403 labores
2941 3352 3175 3416 corporis
3207 3351 3498 3412 minuendi,
3533 3365 3690 3402 exer-

2114 3414 2394 3468 citationes
2442 3420 2605 3470 animi
2656 3418 2814 3472 etiam
2871 3414 3123 3486 augenda:
3180 3419 3445 3471 videntur.
3506 3420 3687 3472 Danda

2117 3498 2242 3536 vero
2270 3497 2346 3537 est
2378 3501 2556 3557 opera,
2592 3498 2645 3539 ut
2673 3497 2725 3540 et
2745 3489 2946 3542 amiCos
2973 3499 3023 3541 et
3047 3488 3405 3557 juventutem,
3429 3498 3481 3542 et
3513 3489 3684 3542 maxi-

2116 3569 2200 3606 me
2225 3555 2600 3622 rempublicam
2625 3559 2847 3611 consilio
2869 3567 2921 3611 et
2943 3555 3388 3625 prudentiaquam
3409 3559 3685 3622 plurimum

2114 3625 2260 3690 adjui
2275 3637 2385 3681 ent.
2415 3628 2547 3678 Nihil
2574 3641 2750 3681 autem
2779 3631 3070 3694 cavendum
3103 3631 3270 3695 magis
3300 3641 3381 3680 est
3395 3640 3679 3690 senectuti,

2116 3709 2272 3759 quam
2321 3710 2387 3748 ne
2432 3697 2670 3764 languori
2716 3712 2776 3750 se
2818 3695 3139 3764 desidizeque
3185 3697 3404 3749 dedant.
3459 3696 3704 3766 Luxuria

2118 3777 2242 3815 vero
2289 3778 2407 3816 cum
2457 3766 2600 3817 omni
2650 3767 2791 3820 aetati
2841 3769 2908 3819 sit
2936 3767 3259 3832 turpissima,
3289 3779 3396 3818 tum
3429 3768 3689 3820 senectuti

2115 3845 2196 3886 est
2242 3834 2551 3888 foedissima.
2599 3836 2690 3889 Sin
2731 3845 2906 3888 autem
2955 3837 3226 3889 libidinum
3277 3838 3689 3902 intemperantia

2115 3907 2425 3968 accesserit,
2471 3906 2666 3970 duplex
2708 3908 2900 3957 malum
2924 3914 3023 3964 est,
3049 3907 3185 3973 quod
3211 3914 3266 3958 et
3299 3906 3412 3972 ipsa
3443 3917 3690 3958 senectus

2116 3974 2347 4026 dedecus
2373 3975 2628 4042 concipit,
2658 3985 2712 4028 et
2736 3975 3144 4030 adolescentiam
3178 3974 3304 4027 facit
3333 3978 3684 4042 impudentia-

2117 4058 2228 4095 rem
2256 4047 2737 4112 intemperantiam.

2190 4114 2275 4165 Esi
2311 4117 2465 4183 igitur
2497 4119 2767 4184 proprium
2797 4129 2987 4168 munus
3009 4115 3360 4182 magistratus,
3394 4113 3692 4179 intelligere

2118 4198 2176 4236 se
2225 4199 2412 4252 gerere
2463 4201 2743 4247 personam
2789 4186 3035 4247 civitatis,
3082 4186 3386 4251 debereque
3443 4187 3562 4249 ejus
3613 4184 3687 4234 di-

2116 4256 2366 4322 gnitatem
2418 4265 2471 4307 et
2500 4256 2662 4307 decus
2690 4257 2976 4317 sustinere,
3008 4259 3146 4321 leges
3166 4268 3405 4313 servare,
3429 4252 3551 4320 jura
3580 4255 3688 4306 dis-

2119 4328 2372 4398 tribuere,
2395 4339 2560 4393 eaque
2595 4327 2713 4385 lidei
2741 4341 2849 4379 sua:
2868 4325 3152 4398 commissa
3183 4322 3506 4398 meminisse.
3679 4388 3690 4398 .

2192 4396 2329 4445 Nihil
2383 4405 2558 4447 autem
2614 4407 2694 4447 est
2743 4395 2882 4463 quod
2923 4404 3026 4446 tam
3067 4395 3251 4446 deceat
3273 4407 3430 4458 quam
3463 4395 3510 4445 iii
3544 4395 3690 4443 omni

2121 4479 2176 4517 re
2217 4465 2447 4531 geienda
2496 4466 2858 4531 capiendoijue
2898 4463 3123 4516 consilio
3168 4476 3384 4514 servare
3433 4472 3692 4515 constan-

401 4537 411 4544 ’
441 4536 678 4588 siderare
708 4535 947 4584 Volumus
976 4546 1092 4598 quae
1123 4525 1191 4583 sit
1235 4531 1285 4583 in
1337 4525 1529 4583 natura
1571 4536 1800 4590 hominis
1839 4541 2015 4591 excel-
2045 4525 2092 4584 ο
2121 4525 2267 4587 tiam.

447 4607 606 4658 lentia
645 4613 696 4655 et
735 4603 986 4675 dignitas,
1019 4602 1170 4675 facile
1203 4603 1542 4675 intelligimus
1581 4621 1734 4671 quam
1766 4611 1835 4659 sit
1866 4617 2016 4675 turpe

441 4675 684 4729 ditlluere
734 4672 980 4733 luxuria,
1035 4681 1086 4723 et
1135 4671 1362 4722 delicate
1393 4687 1474 4745 _ac
1522 4675 1750 4728 molliter
1800 4671 2012 4745 vivere,

441 4757 706 4811 quamque
737 4745 1012 4794 honestum
1054 4754 1232 4808 parce,
1267 4740 1620 4807 continenter,
1670 4761 1878 4811 severe,
1923 4740 2014 4800 so;

441 4818 574 4868 brie.

517 4883 583 4936 Ut
633 4880 774 4934 enim
829 4879 881 4932 in
937 4880 1252 4946 corporibus
1297 4895 1502 4948 magna:
1551 4881 2018 4938 dissimilitudines

441 4963 593 5016 sunt,
624 4953 754 5003 alios
779 4952 923 5003 enim
949 4950 1189 5002 videmus
1217 4951 1494 5003 velocitate
1523 4953 1588 5005 ad
1617 4969 1857 5019 cursum,
1883 4957 2016 5009 alios

444 5023 643 5074 vii-ibus
673 5024 738 5074 ad
771 5019 1071 5072 luctandum
1103 5021 1298 5082 valere,
1333 5021 1562 5088 itemque
1601 5027 1650 5074 in
1687 5024 1872 5077 formis
1899 5026 2017 5078 aliis

445 5094 753 5158 dignitatem
787 5093 979 5166 inesse,
1013 5091 1129 5142 aliis
1161 5098 1486 5166 venustatem
1511 5106 1526 5153 ;
1552 5094 1628 5145 sic
1658 5096 1707 5146 in
1732 5096 1884 5148 annis
1906 5097 2019 5148 exi-

443 5171 590 5214 stunt
619 5165 776 5213 etiam
809 5165 1036 5225 majores
1067 5165 1365 5211 varietates.

518 5231 698 5298 Neque
719 5231 858 5304 enim
882 5228 1067 5304 attinet
1096 5237 1297 5304 natura}
1324 5243 1635 5297 repugnare,
1663 5246 1841 5302 neque
1863 5235 2018 5304 quid-

445 5314 604 5368 quam
635 5300 782 5365 sequi
811 5298 948 5362 quod
977 5298 1186 5363 assequi
1210 5312 1318 5368 non
1348 5311 1531 5362 queas.

521 5371 766 5436 Ideoque,
813 5379 868 5418 ut
915 5369 1081 5430 aiunt,
1113 5366 1240 5418 nitiil
1287 5367 1441 5418 decet
1477 5367 1639 5423 invita
1669 5372 1932 5442 minerva,
1962 5373 2016 5427 id

445 5453 543 5504 ut,
573 5444 888 5492 adVersante
914 5446 968 5489 et
997 5446 1322 5504 repugnante
1355 5445 1562 5488 natura.

518 5511 596 5561 Ad
627 5520 757 5575 quas
791 5508 942 5578 igitur
976 5522 1059 5558 res
1087 5506 1342 5578 aptissimi
1371 5507 1590 5578 erimus,
1636 5509 1687 5560 in
1741 5511 1822 5564 his
1852 5512 2015 5578 potis-

443 5580 637 5633 simum
669 5575 1075 5628 elaborabimus.
1124 5577 1215 5627 Sin
1257 5577 1540 5643 aliquando
1591 5575 1878 5634 necessitas
1921 5597 2018 5636 nos

444 5653 511 5700 ad
540 5662 600 5700 ea
632 5646 917 5698 detruserit
942 5661 1058 5711 quite
1106 5647 1270 5698 nostri
1315 5647 1510 5712 ingenii
1559 5661 1663 5700 non
1695 5663 1872 5713 erunt,
1902 5667 2016 5704 om-

446 5720 530 5770 nis
555 5714 851 5786 adhibenda
881 5718 980 5765 erit
1007 5730 1157 5781 cura,
1209 5716 1499 5786 meditatio,
1535 5717 1826 5786 diligentia,
1860 5732 1913 5772 ut
1953 5735 2014 5773 ea

417 5781 490 5841 ἐἰ
545 5799 650 5840 non
704 5785 933 5852 decore,
985 5795 1214 5841 attamen
1265 5784 1478 5839 minime
1519 5781 1783 5856 .indecore
1813 5781 2016 5845 tacere

2191 4605 2304 4656 Duo
2359 4605 2589 4670 maxime
2636 4612 2761 4658 sunt
2809 4602 3087 4672 fugienda,
3143 4615 3212 4654 ne
3247 4601 3373 4670 quid
3410 4600 3692 4653 ell'emiua-

2119 4681 2228 4724 tum
2278 4683 2370 4726 aut
2419 4675 2617 4739 molle,
2667 4684 2824 4728 etne
2872 4675 2994 4742 quid
3045 4674 3236 4725 durum
3290 4685 3381 4724 aut
3432 4673 3693 4724 rusticum

2120 4746 2229 4794 liat.
3377 4777 3393 4788 ρ

2189 4815 2318 4865 Cum
2363 4821 2537 4864 autem
2590 4811 2992 4878 pulchritudinis
3041 4811 3146 4864 duo
3173 4822 3366 4879 genera
3398 4812 3524 4872 sint,
3559 4824 3700 4875 quo-

2120 4897 2233 4934 rum
2266 4887 2318 4935 in
2347 4886 2513 4935 altero
2545 4893 2794 4936 venustas
2818 4892 2906 4945 sit,
2938 4886 2987 4934 in
3019 4883 3189 4936 altero
3220 4883 3446 4947 dignitas
3477 4896 3488 4928 :
3521 4893 3698 4931 venu-

2120 4961 2309 5005 statem
2331 4953 2638 5004 muliebrem
2659 4953 2833 5002 dicere
2854 4953 3108 5013 solemus,
3127 4951 3434 5017 dignitatem
3460 4949 3694 5017 virilem.

2121 5022 2259 5091 Ergo
2315 5033 2367 5076 et
2413 5037 2440 5073 a
2473 5022 2638 5073 forma
2665 5030 3000 5073 removeatur
3027 5016 3206 5071 omnis
3229 5023 3340 5072 viro
3364 5032 3466 5070 non
3495 5016 3697 5084 dignus

2119 5103 2358 5157 ornatus,
2409 5101 2461 5144 et
2513 5091 2632 5142 huic
2674 5091 2846 5142 sunile
2897 5092 3080 5142 vitium
3135 5091 3189 5141 in
3244 5097 3394 5156 geStu
3436 5095 3700 5152 motuque

2120 5174 2388 5214 caveatur.
2445 5159 2650 5212 Formze
2705 5169 2880 5211 autem
2937 5158 3164 5226 dignitas
3218 5159 3412 5211 coloris
3455 5165 3702 5209 bonitate

2121 5234 2318 5284 tuenda
2364 5239 2467 5294 est,
2512 5238 2566 5282 et
2616 5228 2762 5281 color
2789 5226 3258 5282 exercitationibus
3287 5226 3548 5293 corporis.
3584 5227 3700 5278 Ad-

2122 5302 2351 5354 hibenda
2396 5309 2478 5352 est
2532 5309 2782 5366 praeterea
2829 5300 3083 5350 munditia
3129 5312 3232 5349 non
3282 5296 3465 5348 odiosa
3514 5309 3703 5366 neque

2120 5372 2376 5439 exquisita
2428 5365 2600 5432 nimis,
2649 5378 2954 5439 tantumque
2983 5365 3199 5439 eﬂugiat
3220 5376 3483 5434 agrestem
3511 5371 3571 5439 et
3605 5365 3698 5439 its-

2122 5433 2406 5494 lminan'am
2455 5437 2845 5506 negligentiam.
2874 5433 2877 5434 ⁷
2906 5433 3111 5489 Eadem
3145 5433 3277 5488 ratio
3311 5444 3396 5487 est
3443 5433 3700 5506 habenda

2122 5510 2368 5572 vestitus,
2399 5513 2449 5562 iii
2473 5504 2599 5576 quo,
2629 5509 2765 5558 sicut
2789 5510 2837 5558 in
2869 5505 3127 5572 plerisque
3143 5508 3324 5565 rebus,
3344 5504 3702 5576 mediocritas

2121 5581 2322 5645 optima
2355 5589 2456 5632 est.
2490 5573 2794 5631 Cavendum
2824 5585 2906 5628 est
2932 5587 3105 5628 autem
3140 5589 3207 5632 ne
3234 5587 3324 5626 aut
3356 5573 3708 5645 tarditatibus

2123 5641 2330 5704 utamur
2357 5650 2409 5701 in
2439 5651 2679 5717 ingressu
2719 5645 3065 5717 mollioribus,
3095 5651 3150 5694 ut
3177 5653 3498 5717 pomparum
3524 5641 3712 5717 fertu-

2125 5720 2188 5770 lis
2243 5719 2443 5770 similes
2493 5710 2610 5768 esse
2661 5716 2928 5767 videamur
2983 5729 2995 5763 :
3051 5723 3140 5764 aut
3183 5714 3236 5763 in
3266 5710 3712 5764 festinationibus

2123 5789 2471 5857 suscipiamus
2517 5786 2706 5841 nimias
2754 5785 3075 5849 celeritates,
3121 5795 3238 5850 qua:
3265 5794 3388 5835 cum
3413 5781 3572 5847 lium,
3604 5795 3713 5835 an-
