3868 6256
150 333 286 386 ιοαι

852 329 1261 386 ΞΕΝΤΕΝΤΙᾹΞ
1309 329 1723 385 PlllLOSOPllll

1862 330 1948 413 ex
1992 329 2330 386 cicenone
2368 331 2769 388 consone.

3265 335 3397 389 locs

145 441 349 494 lielitns
398 445 695 501 moventur,
757 418 934 489 vultus
976 448 1229 499 mittatur,
1262 452 1355 489 ora
1381 446 1714 505 torquentur,
1752 442 1795 496 Α
1894 437 2035 492 Deos
2066 439 2297 505 placatos
2328 441 2492 507 pietas
2519 442 2715 496 efficiet
2745 452 2797 495 et
2830 444 3105 499 sanctitas.

144 526 215 564 ex
244 509 438 577 quibus
468 522 655 577 magna
684 507 999 577 signillcatio
1028 509 1084 558 fit
1114 524 1217 559 non
1260 508 1447 561 adesse
1472 519 1721 559 consmi-

148 575 304 633 tiam.
360 576 464 631 Sed
521 576 689 629 multo
720 575 880 629 etiam
923 577 1090 643 magis
1116 577 1490 628 elaborandum
1522 586 1622 638 est,
1658 591 1722 626 ne

142 648 313 701 animi
364 657 539 699 motus
568 660 595 696 a
629 655 813 697 natura
847 648 1116 711 recedant,
1148 647 1289 713 quod
1320 645 1649 702 θεδθιιυίηιιη
1679 646 1720 696 si

148 716 463 770 cavebimus
491 731 557 767 ne
588 716 639 766 in
673 715 1098 779 perturbationes
1127 727 1285 782 atque
1307 716 1723 766 exanimationes

144 788 468 844 incidamus.
488 795 538 836 et
559 784 603 836 si
632 792 861 848 attentos
884 786 1088 835 animos
1118 786 1181 835 ad
1210 783 1488 836 dedecoris
1504 798 1719 835 conser-

146 860 417 909 vationem
451 854 775 907 tenebimus.
806 852 1106 907 Curandum
1138 864 1215 904 est
1247 863 1300 904 ut
1322 854 1641 919 cogitatione
1657 852 1719 903 ad

146 940 237 979 res
293 928 521 990 optimas
562 931 792 985 utamur,
843 924 1133 989 appetitum
1165 923 1353 975 rationi
1384 921 1722 976 obedientem

146 996 501 1061 prcbeamus.

224 1064 279 1116 In
307 1064 452 1115 omni
481 1062 583 1115 vita
610 1060 911 1115 rectissime
950 1060 1250 1129 praecipitur
1274 1059 1343 1127 {ut
1371 1060 1726 1125 pertiti-batio-

143 1148 244 1185 nes
307 1133 588 1199 fugiamus,
650 1130 700 1183 id
733 1140 838 1195 est,
893 1140 1068 1184 motus
1117 1130 1277 1181 animi
1308 1130 1500 1182 nimios
1530 1130 1722 1183 rationi

146 1218 256 1255 non
282 1203 729 1265 obtemperantes.
1256 1249 1261 1253 .
1332 1268 1339 1270 ξ
1618 1262 1627 1270 ,

220 1272 448 1323 Maxime
503 1271 793 1323 curandum
852 1276 934 1322 est
992 1278 1048 1321 ut
1102 1282 1198 1321 eos
1255 1268 1570 1334 quibuscum
1612 1268 1727 1323 scr-

146 1356 363 1394 nionem
382 1340 742 1405 conferimus,
779 1349 832 1391 et
880 1340 1050 1390 vereri
1092 1349 1141 1388 et
1180 1339 1401 1405 diligere
1435 1340 1722 1391 videamur.

225 1412 305 1463 lra
355 1411 533 1476 procul
577 1409 736 1468 absit,
781 1422 899 1460 cum
947 1424 1046 1475 qua
1098 1407 1224 1459 nihil
1268 1419 1409 1460 recte
1435 1410 1567 1467 fieri,
1598 1409 1728 1463 nihil

144 1482 489 1535 considerate
560 1488 748 1543 potest.
806 1478 987 1543 Magna
1040 1492 1215 1531 autem
1275 1487 1422 1543 parte
1473 1481 1722 1534 clementi

142 1549 503 1615 castigatione
542 1549 663 1599 licet
708 1548 805 1611 iiti,
835 1546 1088 1613 gravitate
1118 1558 1223 1597 tum
1258 1546 1526 1613 adjuncta,
1564 1558 1617 1597 ut
1647 1564 1730 1600 se—

147 1622 349 1673 veritas
406 1618 738 1679 adhibeatur,
786 1627 839 1669 et
892 1617 1212 1668 contumelia
1260 1616 1565 1680 repellatur.
1601 1615 1730 1681 Quae

147 1706 271 1741 cuin
320 1689 491 1753 aliqua
546 1685 937 1751 perturbatione
989 1687 1138 1749 finiit,
1185 1700 1245 1736 ea
1294 1700 1389 1738 nec
1420 1696 1728 1741 constanter

150 1758 272 1812 fieri
305 1767 543 1822 pessuut,
579 1771 748 1821 neque
782 1758 848 1806 ab
880 1755 961 1807 his
992 1754 1079 1819 qui
1113 1760 1303 1807 :tilsunl
1333 1759 1637 1820 approbari.

226 1828 302 1881 De
348 1828 530 1879 forma:
575 1828 734 1879 etiam
781 1824 848 1878 de
878 1824 992 1890 ipso
1026 1825 1314 1890 praedicare
1339 1824 1465 1877 falsa
1498 1840 1720 1889 pra-ser-

150 1898 273 1958 tim,
321 1908 373 1951 et
426 1912 545 1949 cum
594 1895 839 1948 irrisione
877 1894 1207 1946 audientium
1257 1894 1445 1945 imitari
1502 1899 1723 1947 militent

147 1970 465 2034 gloriosum.
803 2031 828 2034 Α
862 1980 867 1987 ·

223 2037 474 2089 Ornanda
504 2042 586 2087 est
607 2034 747 2085 enim
783 2031 1013 2100 dignitas
1036 2032 1218 2095 domo,
1253 2039 1307 2083 at
1340 2046 1441 2083 non
1472 2048 1531 2085 ex
1568 2032 1727 2085 domo

150 2118 265 2160 tota
326 2106 606 2173 quaerenda
652 2120 667 2155 :
721 2120 817 2156 nec
863 2105 1023 2155 domo
1071 2102 1341 2167 dominus,
1380 2103 1477 2155 sed
1509 2102 1726 2155 domino

147 2179 347 2230 domus
378 2184 459 2226 est
495 2175 845 2227 honestanda.

226 2244 568 2297 Hediocritas
594 2246 658 2294 ad
689 2258 899 2296 omnem
930 2254 1080 2293 iisiim
1097 2240 1402 2307 cultumque
1417 2240 1535 2293 vitae
1562 2250 1726 2296 trans-

150 2314 375 2367 ferenda
422 2321 522 2366 est.
557 2312 611 2364 In
636 2312 778 2363 omni
815 2321 990 2363 autem
1022 2316 1232 2363 actione
1259 2311 1598 2373 suscipienda
1627 2321 1725 2363 tria

151 2393 281 2437 sunt
306 2382 557 2435 tenenda.
604 2382 863 2444 l’i-imuin,
896 2390 952 2431 ut
976 2380 1239 2447 appetitus
1271 2380 1463 2431 rationi
1484 2394 1723 2445 pareant,

154 2468 262 2519 quo
297 2452 422 2502 nihil
456 2461 536 2504 εει
563 2452 627 2501 ad
660 2451 832 2501 officia
862 2450 1223 2502 ciiiiservanda
1249 2449 1724 2519 iﬁCi'UlllHlOdﬂliUS.

152 2518 362 2576 Deinde
408 2530 465 2573 ut
493 2520 963 2582 animadvertatur
1012 2530 1205 2586 quanta
1245 2518 1333 2569 illa
1367 2534 1451 2571 res
1474 2528 1537 2570 δτι
1569 2535 1724 2587 (ιιιιιιι

151 2593 375 2645 efficere
417 2590 663 2651 velimus,
709 2605 841 2641 neve
871 2591 1038 2653 major
1060 2590 1305 2640 minorve
1328 2603 1451 2639 cura
1480 2598 1534 2640 et
1562 2603 1723 2651 opera
1787 2626 1799 2636 ,

151 2662 499 2726 suscipiatur,
551 2674 706 2728 quam
756 2674 911 2711 causa
958 2662 1207 2725 postulat.
1259 2657 1493 2708 Tertium
1539 2666 1596 2708 ut
1639 2675 1724 2707 ca-

152 2744 376 2784 veamus
408 2727 579 2781 utea
624 2744 742 2795 qua:
789 2734 1047 2793 pertinent
1092 2728 1156 2779 ad
1187 2727 1459 2779 liberalem
1492 2728 1725 2792 Speciem

150 2813 209 2853 et
251 2798 564 2867 dignitatem
617 2804 886 2850 moderata
937 2798 1063 2849 sint.
1121 2797 1317 2849 llnrum
1363 2809 1518 2848 trium
1551 2808 1724 2849 tamen

155 2869 659 2939 prastantissimum
713 2876 832 2929 est,
894 2868 1159 2935 appetitus
1215 2869 1585 2933 obtemperare
1644 2883 1726 2920 ia-

152 2941 307 2993 lieni.

227 3009 408 3076 Turpe
455 3008 595 3061 enim
648 3006 904 3074 Valdeque
950 3006 1202 3058 vitiosum
1228 3015 1309 3059 est
1344 3005 1395 3057 in
1430 3020 1486 3057 re
1512 3018 1719 3069 severa,

155 3080 409 3132 coiivivio
438 3078 669 3145 digitum
699 3084 791 3128 aut
818 3078 1098 3128 delicatum
1126 3078 1351 3141 aliquem
1384 3075 1578 3127 inferre
1607 3091 1721 3127 ser-

152 3164 389 3201 nionem.

234 3219 401 3273 Decet
450 3234 554 3269 non
599 3214 774 3269 solum
816 3228 1022 3276 manus,
1052 3214 1145 3267 sed
1170 3216 1327 3268 etiam
1356 3214 1539 3267 oculos
1567 3216 1732 3270 absti-

152 3300 347 3340 nentes
379 3289 593 3340 habere.
1590 3326 1601 3333 .

230 3356 314 3410 Fit
366 3356 552 3419 etiam,
616 3354 797 3407 nescio
844 3351 1143 3420 quomodo,
1198 3362 1253 3405 ut
1305 3356 1471 3421 magis
1519 3354 1570 3408 in
1611 3356 1732 3411 aliis

150 3441 441 3479 cernamus
495 3442 654 3494 quam
708 3425 760 3476 iii
813 3425 1099 3490 nobisipsis
1146 3422 1345 3489 siquid
1378 3424 1729 3492 delinquitur.

154 3502 288 3550 Siue
340 3497 657 3550 verecundia
704 3494 834 3546 nihil
881 3504 1084 3546 rectum
1115 3506 1232 3546 esse
1263 3502 1453 3560 potest,
1480 3497 1606 3547 nihil
1638 3498 1732 3550 ho.

152 3577 387 3620 ιιοδιιιιιι.

230 3637 483 3687 Omnium
519 3648 695 3687 rerum
718 3648 782 3686 ex
805 3632 1002 3701 quibus
1030 3629 1226 3701 aliquid
1268 3631 1573 3700 requiritur,
1602 3634 1733 3690 nihil

153 3713 247 3756 est
292 3705 616 3771 agricultura
662 3702 875 3765 melius,
921 3700 1308 3765 nilitluberius,
1341 3704 1470 3757 nihil
1502 3708 1730 3769 dulcius,

150 3774 284 3825 nihil
317 3776 482 3826 libero
510 3773 724 3831 homine
752 3772 980 3841 dignius.

231 3843 429 3897 Studiis
477 3843 773 3912 officiisque
817 3840 1054 3895 scientia:
1085 3842 1439 3909 praiponenda
1470 3853 1590 3912 sunt
1613 3842 1735 3896 offl-

148 3916 239 3971 eiia
278 3914 525 3981 institue,
571 3911 697 3982 qua!
731 3916 999 3981 pertinent
1030 3913 1396 3982 adlioniinum
1429 3911 1730 3979 utilitatem,

149 3997 261 4051 qua
291 3984 424 4035 nihil
455 3983 659 4036 homini
681 3985 841 4036 debet
868 3996 988 4035 esse
1014 3981 1307 4047 antiquius.

226 4052 533 4120 llagmtudo
578 4055 763 4116 animi,
808 4061 1008 4102 remota
1036 4051 1244 4117 justitia
1280 4051 1613 4120 humanaque
1643 4068 1733 4107 co-

151 4121 344 4174 mitate
384 4135 439 4174 et
475 4122 876 4188 conjunctione,
901 4120 1083 4172 feritas
1111 4120 1353 4186 qumdam
1381 4123 1439 4174 fit
1467 4134 1521 4175 et
1548 4138 1735 4176 imma-

156 4194 323 4243 nitas.
375 4192 547 4243 Omtte
580 4191 812 4243 oliicium
844 4194 982 4258 quod
1015 4191 1078 4242 ad
1104 4191 1534 4258 conjuiictiottem
1560 4193 1731 4245 homi-

106 4270 121 4281 ‘
151 4278 284 4313 tium
337 4272 387 4315 et
432 4262 741 4315 societatem
793 4262 1038 4314 tuendam
1089 4261 1249 4322 Valet,
1299 4263 1731 4329 antepOiiendum

149 4343 240 4385 est
282 4334 355 4385 illi
401 4330 581 4386 cilicio
627 4332 768 4400 quod
814 4331 1191 4397 conjunctione
1218 4338 1275 4381 et
1304 4330 1526 4383 scientia
1557 4332 1728 4384 conti-

150 4410 333 4455 Iteltil’.

1898 508 2175 574 Proprium
2222 509 2322 563 hoc
2346 520 2519 563 statuo
2545 526 2663 564 esse
2692 514 2916 575 virtutis,
2950 515 3239 569 conciliare
3271 516 3398 568 ani-

1826 591 1940 646 mos
1978 578 2271 641 hominum,
2301 588 2355 631 et
2386 580 2449 631 ad
2479 596 2602 632 suos
2628 595 2752 632 usus
2779 582 3088 646 adiungere.

1896 645 2175 720 Scotindie
2206 662 2310 720 res,
2357 650 2605 713 honores,
2635 650 2875 720 imperia,
2908 650 3162 715 victoriae,
3216 669 3390 720 quan-

1824 730 1985 790 qiiaiii
2019 714 2222 768 fortuna
2256 718 2383 779 sitit,
2417 728 2589 770 tamen
2621 718 2735 790 sine
2765 718 3036 773 hominum
3064 714 3315 790 operibus
3338 736 3393 778 et.

1826 786 2018 837 studiis
2050 796 2288 838 neutram
2318 789 2367 839 in
2396 798 2593 850 partem
2620 789 2757 840 effici
2801 800 3037 851 possunt.

1898 854 2049 925 fllale
2075 856 2213 925 enim
2264 871 2321 907 se
2358 870 2441 908 res
2494 858 2670 919 habet,
2714 873 2832 911 cum
2862 860 3001 925 quod
3034 860 3227 913 virtute
3254 861 3394 916 effici

1826 922 2005 983 debet,
2042 923 2089 975 id
2120 936 2348 985 tentatur
2371 927 2613 990 pecunia.

1859 1060 1869 1069 .
1898 993 2071 1059 Atque
2121 996 2277 1045 etiam
2305 994 2610 1069 subjiciunt
2648 1009 2712 1069 se
2740 995 2981 1069 homines
3010 996 3231 1062 imperio
3261 1001 3395 1053 alte-

1829 1064 1937 1112 rius
1991 1071 2045 1114 et
2099 1065 2341 1128 potestati
2374 1064 2437 1116 de
2461 1064 2634 1116 eausis
2668 1066 2921 1130 pluribus.
2959 1066 3229 1120 Ducuntur
3251 1072 3391 1122 e'nim

1828 1137 1915 1203 aut
1947 1131 2337 1203 benevolentia,
2370 1143 2459 1184 aut
2486 1134 2860 1186 beneficiorum
2890 1137 3268 1203 magnitudine,
3303 1151 3392 1189 aut

1831 1199 2101 1257 dignitatis
2150 1206 2471 1267 ρτειιειιιιιιιιι,
2504 1211 2709 1269 autspe
2732 1206 2829 1255 sibi
2861 1199 3271 1267 utile'futurum,
3305 1220 3396 1260 aut

1832 1280 1980 1343 metti
2021 1286 2084 1343 ne
2123 1272 2169 1321 vi
2196 1286 2379 1343 parere
2406 1286 2679 1339 cogantur,
2704 1281 2793 1324 aut
2813 1286 2907 1339 spe
2938 1274 3231 1340 largitionis
3268 1293 3392 1343 pro-

1832 1338 2209 1407 nii'ssionisque
2246 1342 2407 1406 capti,
2440 1338 2527 1392 aut
2553 1352 2819 1407 postremo
2848 1338 3094 1395 mercede
3117 1338 3391 1399 conducti.

1831 1408 2079 1459 Omnium
2127 1419 2299 1459 autem
2351 1426 2524 1471 rerum
2576 1425 2673 1462 nec
2701 1410 2871 1475 aptius
2900 1421 2974 1462 est
3007 1411 3292 1479 quidquam
3325 1419 3388 1466 al

1832 1490 1960 1544 opes
2015 1478 2234 1531 tuendas
2283 1493 2343 1530 ac
2377 1479 2629 1532 tenendas
2659 1496 2814 1547 quatit
2847 1478 3145 1548 ililigi,’nec
3171 1482 3395 1536 alienius

1831 1562 1987 1613 quain
2021 1550 2210 1599 timeri.

1906 1616 2071 1691 Malus
2101 1616 2449 1691 enim_ciistos
2476 1618 2837 1691 diuturnitatis
2866 1624 3062 1691 metus,
3096 1630 3388 1691 contraque

1836 1685 2203 1738 beiievixlentia
2236 1686 2405 1738 fidelis
2441 1689 2518 1739 vel
2547 1687 2613 1755 ad
2642 1690 3069 1751 perpetuitatem.

1905 1755 2055 1820 Quod
2103 1756 2257 1823 igitur
2304 1756 2556 1807 latissime
2588 1766 2747 1820 patet,
2775 1771 2945 1821 neque
2972 1758 3035 1809 ad
3068 1757 3398 1812 incolumita-

1835 1834 1939 1875 tem
1990 1828 2175 1885 solum,
2218 1824 2308 1877 sed
2349 1826 2507 1877 etiam
2558 1827 2622 1877 ad
2666 1840 2795 1891 epes
2850 1835 2903 1877 et
2944 1828 3227 1892 potentiam
3266 1831 3405 1881 valet

1830 1895 2136 1960 plurimum,
2172 1895 2219 1944 id
2248 1898 2653 1960 amplectamur,
2689 1906 2744 1947 tit
2772 1906 2945 1949 melus
2973 1896 3128 1958 absit,
3165 1900 3402 1951 Charitas

1831 1963 2120 2016 retineatur
2154 1982 2164 2014 :
2201 1967 2268 2014 ita
2299 1964 2543 2016 ficilliitte
2596 1981 2715 2029 quae
2748 1966 2984 2017 voleitttts
3015 1976 3069 2019 et
3100 1965 3313 2029 privatis
3347 1970 3397 2021 in

1830 2034 1986 2085 rebus
2016 2043 2069 2086 et
2096 2036 2144 2083 iii
2178 2034 2444 2095 republica
2463 2036 2861 2101 consequimur.
2882 2036 3084 2086 Etenim
3104 2038 3260 2101 quise
3290 2056 3403 2087 inie-

1829 2103 1900 2153 tui
1932 2105 2137 2160 volunt,
2181 2116 2208 2152 ιι
2235 2105 2423 2169 quibus
2454 2113 2757 2155 metuuntur
2791 2104 3008 2156 eosdem
3038 2115 3276 2157 metuant
3298 2107 3397 2173 ipsi

1829 2186 2047 2224 necesse
2072 2184 2171 2225 est.

1901 2242 2010 2295 Nec
2046 2256 2173 2293 vero
2198 2241 2303 2292 ulla
2328 2240 2405 2293 vis
2429 2241 2632 2307 imperii
2659 2249 2802 2294 tanta
2836 2252 2937 2305 est,
2967 2255 3085 2309 quie
3118 2254 3393 2310 premente

1829 2322 1974 2363 metu
2011 2312 2175 2377 possit
2206 2325 2325 2362 esse
2356 2311 2623 2363 diuturna.

1898 2381 2114 2432 Certum
2152 2380 2307 2443 igitur
2335 2381 2433 2431 hoc
2455 2381 2543 2440 sit,
2574 2381 2729 2446 idque
2754 2389 2807 2433 et
2831 2382 3058 2447 primum
3084 2390 3137 2434 et
3170 2384 3399 2438 maxime

1829 2464 2187 2502 necessarium
2231 2447 2614 2501 familiaritates
2660 2449 2858 2503 habere
2892 2449 3021 2503 fidas
3050 2452 3399 2506 animantium

1832 2534 1929 2571 nos
1956 2522 2246 2570 amicorum
2272 2528 2323 2571 et
2360 2518 2666 2571 mirantium
2692 2528 2893 2570 nostra.

1904 2587 2255 2640 Vehementer
2277 2598 2401 2639 ante
2427 2608 2454 2635 ll
2484 2588 2831 2640 multitudinis
2861 2602 3013 2641 amor
3040 2600 3403 2644 commovetur

1830 2658 1941 2721 ipsa
1998 2661 2134 2709 fama
2184 2666 2237 2708 et
2280 2656 2531 2724 opinione
2583 2657 2951 2720 liberalitatis,
3005 2657 3394 2719 beneficentiae,

1824 2727 2065 2794 justitiaa,
2098 2726 2343 2793 fideique,
2375 2728 2721 2794 omniumque
2764 2741 2948 2780 earum
2998 2727 3251 2781 virtutum
3280 2746 3399 2794 qua:

1831 2800 2099 2863 pertinent
2152 2797 2218 2850 ad
2273 2798 2735 2849 mansuetudinem
2797 2812 3007 2849 morum
3062 2810 3125 2849 ac
3175 2798 3399 2850 facilita-

1829 2877 1955 2921 tem.

1902 2935 2063 2989 Fides
2105 2944 2282 2989 autem
2336 2943 2392 2988 ut
2434 2934 2772 2999 adhibeatur,
2829 2933 3034 2989 duabus
3075 2938 3232 2990 rebus
3263 2937 3401 2991 effici

1828 3016 1996 3072 poteSI
2029 3047 2043 3068 ,
2096 3007 2139 3058 si
2186 3005 2613 3060 existimabimur
2666 3006 2840 3073 adepti
2890 3005 3225 3074 conjunction
3283 3023 3402 3061 cuin

1832 3076 2036 3141 jiistitia
2070 3074 2421 3142 prudentiam.
2457 3074 2587 3128 Nam
2617 3086 2671 3128 et
2696 3075 2778 3127 his
2808 3074 2962 3128 fidem
2997 3077 3250 3129 habemus
3273 3094 3403 3142 quos

1761 3123 1807 3185 C
1832 3123 1959 3223 ps;
1972 3123 2670 3223 “⁷ἷιιῖέιιθέςέὲὲξᾷιὶεὶῆίῖιόέ
2697 3123 3405 3223 gaianas},1;..11gp‘gei

1844 3218 2014 3267 futura
2064 3215 2686 3282 pro~picerecredimus.
2723 3215 2783 3267 Et
2812 3229 2932 3268 cum
2960 3229 3045 3266 res
3067 3226 3204 3280 agat,
3241 3220 3291 3266 iii
3324 3220 3402 3267 di-

1840 3283 2180 3350 scrliinetique
2230 3296 2444 3337 ventum
2486 3298 2576 3347 sit,
2629 3284 2873 3349 experire
2902 3298 3012 3335 rem
3042 3298 3091 3335 et
3120 3284 3403 3335 consilium

1838 3364 2171 3431 ex_tenipore
2200 3366 2391 3418 capere
2422 3366 2594 3431 posse.
2626 3352 2773 3431 lianc
2800 3354 3141 3431 enim-uti'ein
3166 3356 3405 3406 homines

1839 3423 2144 3475 existimant
2191 3421 2488 3489 veramque‘
2514 3421 2852 3489 prudentiam
2886 3438 2897 3471 :
2945 3421 3101 3488 justts
3133 3431 3305 3473 autem
3353 3436 3406 3475 et

1843 3438 2144 3475 estsninant
2191 3438 2475 3489 veramque
2560 3438 2897 3473 ruoeiittam:
2945 3438 3101 3488 juslls
3133 3438 3305 3473 autem
3353 3438 3402 3475 et

1843 3493 1963 3545 fidis
2013 3492 2337 3555 hominibus,
2371 3492 2420 3544 id
2451 3438 2711 3556 eslﬁbotiis
2746 3495 2887 3553 Viris,
2924 3492 3139 3543 italides
3159 3493 3402 3556 habetur,

1842 3571 1900 3650 ut
1926 3562 2066 3650 nulla
2097 3562 2166 3615 sit
2188 3561 2239 3612 iii
2273 3553 2352 3614 his
2381 3553 2920 3650 fraudis‘oniiuiiaique
2947 3562 3199 3650 auspcio.
3231 3553 3407 3629 Itaque

1843 3634 1924 3686 his
1970 3632 2199 3686 salutem
2247 3640 2504 3693 nostram,
2552 3630 2644 3683 bis‘
2662 3634 2947 3693 fortunam,
2982 3631 3062 3681 his
3092 3630 3287 3682 liberos
3320 3646 3407 3683 re-

1840 3703 2077 3755 ctissime
2115 3701 2371 3753 eommitti
2403 3698 2751 3753 arbitramur.
2773 3697 2966 3749 Harum
2998 3698 3156 3765 igitur
3181 3702 3402 3751 duarum

1836 3771 2040 3847 justitia
2072 3770 2187 3836 plus
2218 3769 2379 3847 pollet
2399 3769 2462 3819 ad
2499 3771 2655 3847 fidem
2686 3766 2985 3845 faciendam
3018 3784 3030 3818 :
3060 3768 3253 3847 quippe
3280 3778 3401 3847 enin

1840 3837 1899 3893 ea
1949 3844 2063 3893 sine
2108 3837 2538 3907 prudentiasatis
2570 3837 3139 3907 liabeatiauctoritatis,
3174 3840 3404 3905 pruden-

1843 3912 1911 3961 tia
1950 3924 2065 3962 sme
2104 3908 2303 3975 iustitia
2333 3906 2463 3960 nihil
2492 3908 2629 3961 valet
2657 3908 2721 3959 ad
2754 3906 2907 3960 fidem
2938 3906 3257 3961 faciendam.
3292 3911 3407 3974 Quo

1842 3982 1983 4032 enim
2043 3981 2160 4045 quis
2220 3976 2483 4030 versutior
2533 3986 2588 4029 et
2620 3978 2919 4039 callidior,.
2955 3980 3055 4028 hoc
3094 3978 3316 4029 invisior
3352 3986 3406 4030 et

1842 4049 2144 4113 susiiectior
2183 4047 2491 4113 probabitur
2533 4045 2769 4099 detracta
2810 4045 3060 4110 opinione
3101 4048 3401 4111 probitatis.

1914 4119 2263 4187 Popularibus
2303 4117 2457 4187 enim
2498 4113 2673 4187 verbis
2699 4120 3064 4187 estagetidoin
3096 4124 3150 4167 et
3177 4116 3405 4182 usitatis,

1842 4202 1959 4241 CUlll
1992 4184 2255 4253 loquimur
2280 4186 2347 4237 de
2376 4184 2625 4251 opinione
2653 4184 2913 4250 populari.

1914 4258 2027 4309 Non
2056 4260 2197 4309 enim
2226 4269 2413 4307 omnes
2440 4268 2533 4307 eos
2562 4263 2929 4318 contemnunt,
2961 4254 3029 4308 de
3056 4255 3243 4321 quibus
3271 4257 3408 4312 male

1841 4329 2180 4380 existiniant..
2213 4324 2638 4378 Contemnuntur
2662 4332 2835 4376 autem
2865 4324 2915 4377 lii
2942 4324 3031 4391 qui
3060 4341 3157 4378 nec
3187 4328 3283 4379 sibi
3309 4341 3408 4381 nec

1848 4397 2020 4458 alteri,
2072 4406 2129 4448 ut
2174 4397 2389 4460 dicitur,
2441 4402 2679 4462 prosunt,
2733 4394 2786 4445 in
2818 4395 3008 4461 quibus
3038 4398 3209 4447 nullus
3232 4397 3405 4461 labor,

228 4442 617 4538 cogitationem
662 4468 1100 4539 prudentiamque
1131 4470 1370 4537 sequitur
1396 4468 1727 4524 considerata
1774 4461 1825 4521 D
2043 4442 2679 4539 ιιῖιιιιξίέίέἑῗξιυῦῖᾘιὶὶῖ
2711 4442 3208 4539 έέιδᾸέιῖᾖῖηἷιῖὖιῖἐ
3230 4442 3403 4518 ξέιὶἑὶιῖ

150 4542 320 4596 actio.
356 4542 427 4594 lta
461 4543 519 4592 fit
547 4553 602 4593 ut
626 4556 783 4608 agere
804 4539 1138 4592 considerate
1168 4542 1332 4606 pluris
1357 4539 1422 4592 sit
1450 4556 1608 4608 quam
1640 4555 1726 4594 co-

147 4613 330 4683 gitare
359 4610 666 4683 prudenter.

234 4677 409 4734 Piiina
457 4681 632 4731 officia
685 4679 786 4731 diis
816 4678 1222 4740 immortalibus,
1256 4677 1489 4730 secunda
1522 4680 1728 4745 patriae,

155 4752 316 4806 tertia
373 4750 704 4817 parentibus:
736 4748 931 4821 deinde
960 4748 1220 4814 gradatim
1253 4746 1471 4814 reliquis
1501 4751 1734 4802 debean-

154 4836 267 4877 tur.
888 4830 895 4881 \

283 4910 520 4986 Exilibro
540 4931 766 4985 secundo
797 4892 1086 4999 Oﬂiiiorum
1111 4926 1188 4980 Μ.
1226 4927 1285 4981 Τ.
1325 4926 1607 4987 Ciceronis.

230 5028 372 5097 Quid
417 5026 559 5082 enim
599 5034 680 5097 est
702 5025 955 5097 per__deos
982 5024 1270 5097 optabilius
1292 5023 1572 5097 sapientia,
1594 5020 1731 5097 quid

153 5092 521 5169 pristaatins,
555 5095 677 5163 quid
709 5093 1065 5169 titelius,‘qutd
1089 5093 1302 5169 homine
1316 5092 1564 5169 dignius?
1590 5094 1735 5144 lianc

162 5162 332 5237 igitur
380 5169 469 5235 qui
508 5162 803 5237 respetunb
830 5162 1139 5237 philosophi
1172 5163 1583 5237 _notiiinaiitur_,
1639 5175 1736 5237 nec

152 5231 450 5307 q‘uidquain
478 5236 619 5307 aliud
650 5242 731 5287 est
756 5232 1111 5307 philosophia,
1140 5231 1186 5283 si
1216 5232 1553 5300 interpretari
1580 5232 1735 5294 velis,

154 5304 356 5377 praeter
375 5305 607 5357 studium
636 5304 929 5377 δθριοιιιίῖε.
962 5372 1010 5377 Η
1414 5374 1415 5377 Ἴ
1488 5370 1501 5377 -
1618 5371 1629 5377 ⁵
1666 5318 1667 5321 η

233 5375 337 5442 Qui
370 5388 553 5442 parum
580 5370 931 5440 perspiciunt,
962 5372 1013 5425 bi
1046 5382 1187 5434 sape
1215 5374 1457 5424 versutus
1476 5370 1736 5442 homines

157 5460 208 5501 ei
234 5440 462 5501 callidos
487 5444 829 5503 admirantes,
862 5444 1121 5495 malitiam
1141 5440 1733 5508 sapietitianijiidicant.

157 5523 399 5581 Quorum
444 5526 595 5567 error
635 5511 940 5577 eripiendus
985 5524 1089 5575 est,
1141 5511 1433 5581 opinioque
1445 5510 1642 5581 omnis
1667 5511 1733 5563 ad

157 5579 282 5641 eam
307 5584 539 5652 speciem
569 5580 911 5644 traducenda,
944 5590 1000 5635 ut
1022 5584 1262 5636 honestis
1290 5579 1528 5652 consiliis
1544 5651 1547 5652 ν
1552 5588 1738 5645 iustis—

161 5670 270 5726 que
313 5650 501 5726 factis,
556 5656 665 5706 n‘on
710 5652 895 5726 fraude
941 5661 995 5706 et
1042 5653 1244 5708 malitia
1300 5665 1358 5706 se
1407 5650 1727 5720 intelligant,

161 5723 331 5795 eaque
362 5724 522 5779 velint
553 5723 806 5792 consequi
839 5736 1015 5791 posse.

1844 4535 2146 4589 afficiuntur
2193 4536 2242 4585 lii
2297 4535 2385 4600 qui
2437 4534 2641 4587 anteire
2670 4535 2892 4585 caeteros
2916 4533 3105 4585 virtute
3138 4544 3405 4600 putantur,

1842 4616 1895 4658 ct
1923 4620 2042 4657 cum
2089 4606 2233 4656 omni
2260 4618 2441 4655 carere
2466 4605 2677 4663 decore,
2718 4610 2826 4653 tum
2854 4616 2985 4655 vero
3008 4602 3091 4655 his
3122 4603 3262 4655 vitiis
3284 4620 3352 4671 qu
3379 4633 3405 4643 -

1844 4674 1941 4727 bus
1968 4673 2054 4726 alii
2082 4688 2185 4726 non
2210 4680 2428 4739 possunt
2454 4671 2607 4725 facile
2634 4672 2916 4723 obsistere.

1914 4742 2279 4821 Nemoiustus
2302 4754 2422 4821 esse
2458 4750 2631 4821 potest
2658 4743 2745 4817 qui
2775 4750 3025 4821 mortem,
3049 4741 3138 4808 qui
3161 4741 3402 4819 dolorem

1842 4816 1931 4881 qui
1985 4810 2252 4873 exsilium,
2300 4812 2388 4877 qui
2434 4814 2739 4879 egestatem
2774 4810 2946 4881 timet,
2972 4822 3061 4864 aut
3081 4813 3171 4880 qui
3198 4826 3259 4865 ea
3291 4828 3408 4880 qua:

1842 4878 1966 4937 sunt
1994 4882 2075 4933 bis
2102 4881 2385 4951 contraria,
2421 4878 2666 4951 arquitati,
2684 4878 2977 4947 anteponit.

1917 4952 2141 5004 Ilaxime
2167 4950 2493 5003 admiramur
2519 4965 2641 5005 eum
2668 4952 2757 5018 qui
2777 4951 2995 5016 pecunia
3018 4964 3122 5000 non
3142 4959 3405 5013 movetur,

1842 5021 1982 5090 quod
2025 5020 2077 5072 in
2114 5034 2218 5098 quo
2246 5035 2367 5074 Vil’O
2398 5021 2849 5099 perspectuineit,
2875 5021 3015 5099 hune
3039 5019 3255 5138 dignum
3285 5033 3409 5084 spe-

1842 5101 1983 5138 ctatii
2032 5090 2368 5138 arbitramur.
2419 5091 2604 5138 Omnis
2654 5100 2788 5138 ratio
2818 5100 2977 5138 atoue
3002 5100 3103 5138 inst
3131 5086 3264 5138 tutitt
3288 5097 3409 5138 Vita:

1842 5086 1983 5143 (Statu
2032 5086 2368 5143 arbitramur.
2400 5086 2604 5143 ‘Omnis
2654 5089 2788 5141 ratio
2818 5100 2977 5156 atque
3002 5086 3264 5156 institutﬁi
3288 5097 3412 5139 Vita:

1845 5160 2120 5213 hominum
2172 5158 2474 5228 adiumenta
2515 5157 2825 5223 desiderat,
2858 5154 3208 5228 inprimisque
3235 5163 3291 5207 ιιι
3319 5158 3413 5206 Ita-

1847 5232 1966 5284 beat
1986 5225 2298 5299 quibuscum
2332 5228 2620 5281 familiares
2651 5229 2814 5294 possit
2836 5225 3085 5278 conferre
3108 5239 3410 5299 ιιιξιδιιιοιιιξινιἓ

1846 5294 2110 5368 (ιιιυάέδι
2154 5298 2407 5366 difficile,
2462 5299 2562 5351 nisi
2608 5300 2839 5363 speciem
2888 5309 2982 5364 per
3031 5304 3085 5349 te
3135 5296 3261 5349 boni
3311 5294 3413 5349 viri

1845 5373 2000 5425 feras.

1912 5436 2139 5492 Justitim
2177 5445 2320 5489 tanta
2366 5435 2447 5489 vis
2467 5443 2569 5499 est,
2600 5440 2660 5488 ut
2688 5449 2754 5488 ne
2777 5433 2850 5489 illi
2868 5433 3094 5502 quidem
3126 5430 3217 5501 qui
3246 5430 3414 5502 male-

1846 5508 1967 5563 ficio
1995 5524 2041 5561 ei
2068 5507 2272 5560 scelere
2303 5515 2607 5572 pascuntur,
2653 5505 2858 5572 possint
2876 5499 2910 5556 ι’
2926 5518 2992 5556 ne
3020 5502 3126 5554 ulla
3146 5499 3411 5572 particula

1840 5578 2059 5652 juatitiie
2088 5570 2314 5652 vivere.‘
2336 5575 2467 5628 Nam
2497 5577 2587 5652 qui
2608 5570 2803 5652 eorum
2832 5573 3303 5652 cuipiamqui‘una
3329 5570 3416 5650 la-

1848 5640 2174 5701 trocinantur
2218 5647 2420 5706 furatur
2459 5640 2817 5714 aliqui‘d,_aut
2856 5640 3036 5710 eripit,
3066 5641 3111 5714 is
3132 5640 3233 5714 sibi
3267 5653 3332 5694 ne
3362 5640 3415 5694 in

1780 5729 1784 5733 '
1850 5717 2123 5772 latrocinio
2153 5717 2367 5785 quidem
2400 5710 2652 5783 relinquit
2694 5710 2892 5769 locum.
2919 5715 3053 5767 Cum
3089 5712 3248 5779 igitur
3273 5718 3417 5765 tanta
