3868 6256
502 362 636 413 ltiti".

960 356 1164 412 ΒΕυιΕ
1206 349 1659 419 VENERABIHS
1694 349 1841 405 Oi‘P.
1889 348 2063 407 PARS

2183 347 2368 403 SECT.
2402 348 2461 402 Il.
2501 380 2575 393 —
2614 347 2811 403 llUBlA
2856 345 2944 400 ΕΤ
2985 345 3252 401 διιυιιιΑ.

3611 349 3743 402 ιιισι

502 480 577 529 vis
630 476 844 543 justitize
889 473 981 539 sit,
1030 480 1085 524 ut
1138 484 1199 523 ea
1228 471 1402 544 _etiam
1434 469 1695 544 latronum
1720 478 1849 529 opes
1868 465 2058 544 Iflrmet
2088 465 2135 523 Α
2166 464 2347 517 facere
2375 479 2479 544 non
2512 463 2723 544 possis?
2754 463 2940 544 Atque
2970 464 3127 544 eti-ain
3158 473 3463 532 sequuntur
3487 465 3739 544 _largitioo

498 534 655 611 atque
682 553 890 611 augeat,
919 534 1171 609 quantum
1195 538 1312 611 ejus
1334 539 1442 591 vim
1466 538 1603 591 inter
1620 537 1761 603 leges
1790 544 1841 588 et
1862 534 2059 603 judicia

498 625 551 667 et
576 609 810 666 instituta
838 612 950 663 fore
972 609 1251 675 putamus?
1301 677 1312 680 _
1409 675 1421 680 _
1646 674 1657 680 _
1789 671 1802 680 _
1865 671 1878 680 .
1973 671 2028 680 ..

570 684 725 737 Omni
777 684 935 748 igitur
974 671 1183 732 ratione
1234 675 1455 748 colenda
1480 684 1545 748 et_
1562 671 1835 748 retinenda
1859 671 2065 741 justifia

499 762 601 815 est,
642 765 750 805 tum
796 741 909 815 ipsa
956 764 1051 817 per
1072 762 1165 809 se;
1196 761 1316 797 nam
1347 747 1502 817 aliter
1530 741 1731 817 ῇιιςιιιὶε
1768 757 1871 817 non
1896 750 2057 817 esset,

500 811 675 875 tamen
708 811 922 885 propter
949 811 1413 880 amplificationem
1463 813 1679 885 honoris
1708 818 1762 863 et
1788 811 1992 885 gloriae.

575 880 833 943 Praeclare
861 887 1106 939 Socrates
1126 887 1259 937 hanc
1276 885 1411 935 viam
1435 882 1498 934 ad
1522 883 1743 947 gloriam
1770 880 2063 939 proximam

500 969 555 1013 et
577 960 724 1025 quasi
756 954 1205 1024 compendiariam
1230 954 1602 1025 dicebaiuesse.
1636 952 1678 1001 si
1707 948 1824 1025 quis
1849 949 1903 1025 id
1922 963 2065 1025 _age_-

502 1018 605 1094 ret,
645 1038 698 1079 ιιι
741 1018 909 1093 qualis
950 1026 1130 1076 haberi
1160 1022 1499 1094 vellet,‘ta|is
1525 1029 1686 1094 esset.
1711 1019 1860 1081 Quod
1890 1021 1931 1069 si
1966 1018 2056 1094 qui

501 1087 841 1150 simiilzitione
868 1105 919 1146 et
952 1094 1091 1145 inani
1116 1091 1494 1153 ostentatione,
1530 1098 1584 1141 et
1621 1090 1741 1141 ficto
1772 1102 1873 1138 non
1907 1087 2066 1139 modo

507 1181 776 1226 sermone,
801 1165 894 1217 sed
926 1165 1083 1216 etiam
1108 1162 1274 1222 vultu,
1304 1161 1548 1213 stabilem
1580 1172 1638 1210 se
1662 1172 1816 1223 posse
1841 1157 2065 1219 gl0riant

502 1237 775 1298 consequi,
806 1237 1147 1285 vehementer
1176 1240 1377 1285 errant.
1416 1229 1547 1281 Vera
1577 1229 1720 1280 enim
1743 1226 1907 1298 gloria
1929 1226 2069 1277 radi-

505 1318 597 1357 ces
628 1295 734 1372 agit
762 1295 917 1369 atque
948 1306 1107 1372 etiam
1129 1308 1465 1372 propagatur,
1488 1298 1606 1352 ficta
1630 1298 1804 1349 omnia
1819 1295 2067 1349 celeriter

504 1370 752 1441 tanquam
783 1372 981 1425 ﬂosculi
1015 1370 1284 1441 decidunt.

574 1434 680 1495 Nec
723 1443 1025 1493 simulatum
1074 1439 1359 1505 quidquam
1385 1445 1559 1501 potest
1580 1434 2062 1505 essediuturnum.

502 1512 603 1578 Qui
631 1511 785 1579 igitur
814 1509 1032 1577 adipisii
1067 1502 1242 1561 veram
1267 1510 1489 1577 gloriam
1521 1507 1679 1569 volet,
1701 1503 1918 1574 iustitia:
1950 1502 2067 1556 fitn-

502 1592 652 1648 galur
690 1580 895 1634 officiis.

575 1652 630 1702 Si
682 1652 801 1714 quis
830 1651 896 1699 ab
939 1650 1154 1700 ineunte
1179 1654 1335 1697 mtate
1364 1644 1523 1698 habet
1550 1641 2067 1714 causamgcelebrila-

504 1720 570 1772 tis
600 1727 653 1772 et
679 1712 926 1778 nominis.
957 1728 1046 1769 aut
1072 1733 1099 1769 a
1131 1724 1277 1782 patre
1307 1723 1578 1780 acceptam
1616 1720 1706 1767 aut
1731 1712 1907 1779 aliquo
1938 1726 2064 1765 casu

2170 548 2288 586 nem
2320 534 2538 599 rapinae.
2573 533 2704 585 Cum
2734 533 2877 601 enim
2910 533 3087 584 dando
3114 548 3272 600 egere
3300 533 3736 597 cmperintJlk-

2169 602 2254 655 nis
2284 602 2436 655 bonis
2461 617 2647 655 manus
2670 601 2869 655 inferre
2887 612 3170 669 coguntur.
3222 602 3295 655 Ita
3338 619 3461 656 cum
3514 604 3735 656 benem-

2170 671 2345 724 lenti:e
2376 672 2936 735 comparandiecausa
2982 670 3229 724 beneficii
3259 686 3383 725 esse
3412 673 3600 735 velint,
3631 687 3729 722 non

2169 748 2314 793 tanta
2366 751 2720 805 assequuntur
2763 741 2934 792 studia
2977 755 3162 793 eorum
3213 740 3409 804 quibus
3452 739 3735 799 dederunt,

2170 819 2365 877 quanta
2391 810 2511 860 odia
2540 824 2725 862 eorum
2764 810 2953 869 quibus
3001 809 3337 861 ademerunt.
3383 810 3736 875 Quamobrem

2170 894 2267 931 nec
2295 880 2364 929 ita
2392 878 2689 931 claudenda
2719 887 2803 930 est
2829 894 2913 930 res
2936 878 3230 941 familiaris,
3256 888 3315 932 ut
3342 894 3459 930 eam
3494 881 3733 945 benigni-

2172 957 2253 1001 tas
2278 949 2484 1013 aperire
2518 964 2621 999 non
2677 948 2877 1013 possit;
2909 961 3005 999 nec
3030 948 3100 999 ita
3132 947 3439 1013 reseranda,
3476 960 3529 999 ut
3553 951 3731 1001 omni.

2169 1015 2269 1069 bus
2298 1024 2492 1085 pateat.
2525 1017 2710 1070 Modus
2759 1016 3091 1077 adhibeatur,
3139 1016 3288 1081 isque
3338 1016 3404 1068 ad
3459 1016 3736 1070 facultach

2170 1090 2450 1140 referatur.
2479 1086 2709 1139 Omnino
2755 1086 3060 1137 meminisse
3108 1086 3365 1138 ili-bemus
3411 1085 3462 1138 id
3520 1085 3667 1153 quod
3712 1104 3734 1136 a

2174 1156 2373 1208 nostris
2400 1154 2702 1207 hominibus
2730 1154 3023 1220 saepissime
3050 1165 3356 1221 usurpatum
3395 1162 3499 1218 est,
3522 1156 3736 1222 jamque

2171 1225 2983 1289 inProverbiiconsuetudinem
3040 1228 3205 1288 venit,
3259 1224 3590 1289 largitionem
3626 1225 3738 1277 fun-

2169 1288 2293 1346 du'm
2319 1308 2421 1346 non
2443 1294 2657 1347 habere.
2687 1291 2906 1345 Vitanda
2928 1303 3103 1345 tamen
3129 1288 3363 1359 suspicio
3380 1294 3616 1347 avaritia:
3639 1305 3735 1347 est.

2168 1362 2337 1415 Causa
2373 1362 2531 1432 igitur
2575 1362 2869 1429 largitionis
2913 1370 3015 1423 est,
3047 1364 3088 1414 si
3122 1373 3211 1413 aut
3240 1378 3463 1415 necesse
3491 1372 3596 1425 est,
3651 1375 3739 1415 aiat

2172 1434 2334 1495 utile,
2366 1434 2419 1486 in
2444 1433 2525 1484 his
2556 1440 2731 1485 autem
2763 1432 2890 1499 ipsis
2923 1432 3306 1484 mediocritatis
3334 1433 3511 1499 regula
3538 1435 3733 1497 optima

2168 1511 2281 1565 est;
2317 1500 2626 1568 propensior
2657 1510 2835 1553 autem
2887 1500 3185 1566 benignitas
3213 1514 3334 1554 esse
3362 1502 3524 1555 debet
3572 1504 3623 1556 in
3654 1518 3725 1555 ca-

2172 1571 2470 1631 lamitosos,
2520 1569 2621 1623 nisi
2654 1569 2789 1622 forte
2816 1578 2971 1623 erunt
2998 1571 3138 1639 digni
3172 1572 3489 1624 calamitate.

2247 1641 2541 1693 Conveniet
2567 1649 2743 1692 autem
2780 1650 2889 1690 tum
2914 1640 2965 1692 in
3016 1640 3189 1691 dando
3238 1641 3548 1693 munificum
3598 1656 3734 1701 essm

2171 1718 2280 1763 tum
2320 1710 2371 1763 in
2400 1709 2657 1776 exigendo
2688 1723 2791 1761 non
2824 1708 3095 1773 acerbum,
3126 1709 3178 1760 in
3209 1708 3462 1777 omnique
3513 1726 3575 1763 re
3619 1726 3735 1764 eon-

500 1802 589 1841 aut
620 1789 849 1849 fortuna,
882 1776 933 1840 in
976 1776 1289 1838 hunc'nculi
1321 1776 1556 1837 omnium
1588 1776 1967 1849 conjiciuntur,
1991 1792 2067 1834 at-
2101 1786 2145 1846 Β
2180 1779 2459 1844 trahenda,
2493 1779 2741 1841 emendo,
2773 1776 3073 1840 vendendo,
3099 1776 3463 1849 conducendo,
3491 1779 3737 1841 locando,

500 1874 603 1925 que
650 1858 699 1910 in
751 1873 872 1909 eum
920 1856 1043 1923 quid
1099 1867 1252 1924 agat,
1294 1851 1885 1925 aiit_queinadiuodum
1931 1852 2072 1903 vivat

505 1922 829 1994 inquiritur,
883 1922 1152 1991 tanquam'
1185 1927 1241 1994 in_
1290 1922 1585 1975 clarissima
1638 1922 1755 1994 luce
1806 1930 2066 1983 versetur,

503 1990 702 2048 nullum
735 1997 851 2061 ejus
874 1996 1070 2048 dictum
1104 2005 1191 2045 aut
1220 1990 1905 2061 factumpotestobscurttm
1929 2006 2065 2044 esse.

499 2066 734 2130 Quorum
767 2058 957 2117 autem
1004 2072 1131 2115 :rtas
1171 2067 1351 2130 prima
1388 2071 1603 2127 propter
1640 2058 1991 2113 humilitatem
2013 2068 2071 2130 et

499 2128 875 2193 obscuritatem
925 2135 976 2185 in
1026 2132 1297 2185 hominum
1342 2129 1635 2197 ignorantia
1684 2141 1961 2192 versatur,
2011 2128 2064 2181 bi

498 2205 654 2257 simul
705 2220 765 2256 ac
797 2203 1019 2271 juvenes
1063 2213 1182 2254 esse
1204 2198 1483 2267 emperint,
1513 2213 1698 2271 magna
1722 2210 2005 2271 spec_tare,_
2018 2207 2074 2252 et

500 2274 565 2324 ad
598 2288 656 2324 i-a
684 2268 844 2325 reciis
865 2272 1057 2323 studiis
1087 2271 1287 2322 debent
1315 2268 1640 2321 contendere
1672 2284 1686 2321 :
1715 2268 1855 2335 quod
1884 2283 1948 2320 eo
1979 2268 2065 2320 fir-

503 2344 668 2394 miore
715 2343 895 2394 animo
944 2341 1156 2404 facient,
1202 2339 1323 2405 quia
1354 2353 1456 2390 non
1487 2338 1645 2390 modo
1676 2352 1779 2390 non
1807 2336 2074 2391 invidetur

503 2412 577 2462 illi
625 2413 790 2473 a-tati,
817 2426 998 2463 verum
1032 2409 1193 2463 etiam
1240 2409 1467 2460 favetur.
1493 2406 1561 2461 Ut
1587 2406 1802 2473 reliquis
1831 2408 1880 2459 in
1912 2407 2072 2461 rebus

504 2480 671 2532 multo
718 2497 748 2530 ii
770 2481 919 2548 ajora
968 2489 1093 2532 sunt
1134 2492 1293 2548 opera
1324 2478 1484 2529 animi
1519 2491 1673 2545 quam
1703 2476 1962 2548 corporis,
1995 2479 2074 2531 sic

499 2563 577 2601 ea:
607 2565 690 2602 res
723 2545 851 2615 quas
876 2551 1155 2617 ingenioac
1174 2546 1378 2617 ratione
1398 2548 1787 2613 prosequimur,
1808 2545 2070 2612 gratiores

500 2628 625 2671 sunt
654 2635 808 2684 quam
838 2616 945 2671 illa!
969 2633 1097 2681 quas
1129 2616 1350 2667 viribus.

572 2687 847 2741 Facillime
875 2698 1049 2741 autent
1073 2696 1123 2739 et
1150 2686 1200 2737 in
1225 2686 1477 2751 optimam
1506 2692 1708 2750 partem
1732 2697 2070 2751 cognoscim-

502 2768 589 2809 tur
632 2758 1026 2821 adolescentes,
1079 2756 1167 2818 qui
1192 2770 1248 2806 se
1282 2753 1347 2805 ad
1379 2756 1573 2816 claros,
1605 2754 1873 2819 sapientes
1904 2756 2069 2816 virus,

507 2827 640 2877 bene
665 2827 1008 2879 consulentes
1034 2823 1338 2889 reipublicie
1365 2822 1721 2883 contulerunt,
1755 2822 2068 2888 quibuscum

500 2896 541 2947 si
569 2896 868 2963 frequentes
920 2894 1153 2952 fuerint,
1202 2893 1514 2963 opinionem
1553 2889 1803 2963 afferunt
1852 2892 2067 2963 populo,

497 2959 679 3018 eoruui
736 2966 847 3017 fore
882 2980 941 3018 se
989 2964 1194 3016 similes
1244 2976 1377 3029 quos
1419 2961 1519 3013 sibi
1551 2959 1646 3026 ipsi
1676 2960 1976 3028 delegerint
2004 2959 2073 3013 ad

500 3035 831 3086 imitandum.

577 3103 802 3155 Difficile
830 3104 973 3157 dictu
1003 3113 1084 3156 est
1107 3110 1433 3169 quantopere
1459 3099 1707 3156 conciliet
1736 3099 1944 3154 animos
1972 3114 2066 3154 co-

500 3172 654 3226 mitas
687 3173 1071 3241 affabilitasque
1102 3172 1383 3225 sei-monis.

571 3243 759 3310 Magna
806 3251 888 3294 est
931 3240 1211 3294 admiratio
1238 3242 1453 3304 eopiose
1482 3240 1857 3306 sapienterque
1886 3240 2071 3292 dicen-

501 3313 589 3375 tis,
641 3328 796 3379 quem
841 3314 927 3379 qui
981 3314 1221 3374 audiunt,
1278 3310 1569 3373 intelligere
1608 3310 1769 3360 etiam
1801 3319 1854 3361 et
1884 3323 2074 3374 sapere

504 3383 621 3447 plus
650 3399 806 3447 quam
836 3390 1057 3435 caeteros
1080 3384 1425 3433 arbitrantur.
1457 3380 1509 3431 Si
1544 3394 1669 3431 vero
1705 3380 1843 3433 inest
1873 3381 1921 3431 in
1953 3393 2073 3430 ora-

502 3451 644 3502 tione
699 3455 863 3503 mixta
919 3453 1193 3504 modestiae
1242 3450 1498 3517 gravitas,
1550 3449 1676 3500 nihil
1708 3449 2072 3502 admirabilius

509 3522 619 3588 fieri
674 3529 867 3588 potest,
920 3536 1090 3584 eoque
1131 3523 1297 3585 magis
1321 3521 1363 3570 si
1396 3534 1455 3569 ea
1481 3530 1604 3571 sunt
1636 3520 1684 3569 in
1716 3521 2070 3572 adolescenze.

570 3586 686 3641 Hoc
716 3598 1039 3656 prasceptunr
1066 3590 1224 3641 officii
1244 3587 1521 3653 diligenter
1548 3589 1829 3639 tenendum
1880 3600 1979 3647 est,
2009 3604 2074 3640 ne

504 3674 733 3726 iniquam
770 3659 1104 3711 iniiizcrntem
1135 3657 1334 3724 judicio
1361 3656 1545 3722 capitis
1575 3669 1831 3708 arcessas.
1863 3656 1912 3707 ld
1934 3658 2072 3709 enim

505 3730 620 3779 sine
665 3730 872 3782 sceleie
926 3730 1072 3781 nullo
1117 3732 1274 3779 modo
1321 3726 1431 3793 fieri
1468 3734 1659 3793 potest.
1687 3726 1815 3776 Nam
1841 3728 1963 3792 quid
1990 3735 2073 3777 est

506 3806 611 3849 tam
640 3800 984 3849 inhumanum
1018 3813 1170 3865 quam
1204 3791 1558 3865 eloquentiam
1582 3810 1608 3846 a
1636 3808 1817 3847 natura
1848 3791 1912 3846 ad
1935 3795 2075 3847 salu-

501 3876 607 3918 tem
644 3868 912 3919 hominum
945 3880 994 3919 et
1030 3870 1488 3920 Conservaliottetn
1516 3868 1687 3917 dataili
1713 3867 1777 3916 ad
1813 3866 2072 3917 bonorum

502 3947 706 4003 pestem
750 3936 1147 4004 peritii‘ielllqlle
1196 3936 1550 3987 convertere?
1601 3936 1675 3987 Ne
1698 3944 1869 3987 tamen
1895 3945 1949 3986 tit
1976 3937 2076 3989 hoc

508 4003 838 4073 fugiendum,
885 4008 953 4058 ita
996 4016 1074 4055 est
1126 4004 1429 4057 habendum
1488 4003 1726 4073 religioni
1774 4014 2072 4073 nocentem,

502 4071 826 4144 quandoque
875 4091 922 4129 et
981 4074 1239 4127 nefarium
1266 4074 1597 4144 impiumque
1620 4071 1928 4144 defendere.
1956 4072 2077 4125 Vult

502 4147 600 4195 lioc
629 4142 935 4209 multitudo,
966 4147 1160 4211 patitur
1188 4144 1544 4208 Consuetudo,
1578 4142 1680 4196 fert
1708 4142 1867 4196 etiam
1890 4146 2077 4195 huma-

500 4223 660 4267 mtas.

570 4282 770 4335 Judicis
799 4292 1115 4348 estsemper
1147 4285 1197 4334 in
1229 4283 1407 4335 causis
1436 4297 1618 4335 verum
1650 4282 1794 4350 sequi
1822 4322 1836 4344 ,
1870 4282 2074 4350 patroni

501 4366 631 4404 vero
662 4367 1038 4418 nonnunquam
1075 4352 1380 4411 verisimile,
1410 4361 1567 4403 etiam
1598 4355 1640 4407 si
1687 4355 1860 4405 minus
1890 4358 1956 4404 sit
1988 4370 2077 4404 vc-

504 4438 618 4475 rum
650 4422 960 4475 defendere.
1024 4420 1251 4474 Maxime
1292 4430 1466 4471 autern
1508 4430 1563 4472 et
1587 4424 1751 4488 gloria
1786 4435 1995 4486 paratur
2023 4432 2077 4473 et

497 4492 666 4559 gratia
696 4491 1120 4553 defensionibus,
1153 4506 1323 4556 eoque
1348 4494 1537 4555 major,
1567 4491 1609 4541 si
1641 4492 1847 4557 quando
1882 4492 2077 4544 accidit

500 4558 556 4613 ut
586 4562 633 4615 ei
666 4563 1027 4625 subveniatur,
1071 4562 1159 4628 qui
1196 4569 1425 4628 potentis
1468 4558 1695 4625 al.cujus
1744 4559 1931 4625 Opibus
1974 4563 2077 4611 cir-

501 4636 794 4685 cumveniri
852 4634 1139 4700 urgerique
1175 4633 1435 4684 videatur.

576 4702 835 4755 l’razclaie
870 4697 939 4754 ιιι”
964 4697 1187 4766 epistola
1245 4703 1469 4767 quadam
1519 4698 1874 4753 Alexandrum
1911 4697 2073 4749 filium

500 4770 775 4839 Philippus
824 4782 1069 4835 accusat,
1126 4773 1264 4839 quod
1311 4770 1590 4838 lar‘gitione
1652 4768 2072 4821 benevolentiam

501 4838 843 4891 Macedonum
874 4838 1246 4893 consectetur:
1278 4843 1425 4906 Quod
1453 4849 1502 4893 te
1525 4839 1741 4901 malum,
1774 4841 1960 4905 inquit,
1988 4853 2074 4890 ra-

501 4911 656 4958 IiOfllS
689 4908 738 4958 in
764 4910 914 4959 istam
946 4926 1093 4973 spem
1142 4911 1367 4972 induxit,
1398 4919 1453 4962 ut
1477 4924 1568 4962 eos
1619 4908 1711 4960 tibi
1746 4908 1930 4960 fideles
1960 4908 2075 4961 fore

500 4985 734 5042 putares,
778 4991 914 5044 quos
970 4980 1187 5041 pecunia
1234 4978 1599 5047 cuirupisses?
1638 4981 1716 5031 An
1761 4990 1811 5029 tu
1856 4978 1907 5029 id
1959 4978 2072 5046 a‘gis

497 5048 811 5099 Macedones
836 5062 938 5098 non
972 5056 1021 5097 te
1060 5062 1235 5113 regem
1286 5063 1459 5110 suum,
1509 5049 1601 5099 sed
1660 5049 1961 5099 ministrum
2021 5056 2073 5100 et

499 5123 831 5183 lirmbitoreni
864 5132 924 5169 cx
951 5116 1204 5170 Sliment?
1228 5116 1361 5181 Quid
1404 5115 1667 5169 sordidius
1713 5117 1840 5181 regi.
1888 5118 2075 5169 melius

494 5191 675 5249 etiam,
701 5202 858 5254 quam
891 5189 1221 5255 largitionem
1246 5186 1597 5252 corruptelam
1648 5198 1766 5237 esse
1792 5185 1947 5237 dixit.
1991 5184 2077 5236 Fit

496 5258 638 5307 enim
663 5260 897 5310 deterior
920 5254 1008 5324 qui
1034 5258 1246 5325 accipit,
1279 5264 1439 5326 atque
1468 5255 1533 5307 ad
1568 5254 1706 5306 idem
1738 5267 1950 5320 semper
1980 5268 2075 5305 ex-

495 5326 841 5394 spectandum
891 5332 1142 5394 paratior.

565 5391 951 5461 Nonnunquam
979 5404 1154 5449 tamen
1186 5406 1267 5449 est
1325 5394 1685 5464 largiendum,
1713 5407 1809 5447 nec
1834 5392 1935 5445 hoc
1982 5391 2075 5464 be-

494 5464 767 5531 nignitatis
788 5477 955 5530 genus
984 5467 1201 5517 omnino
1230 5462 1633 5531 repudiandum.
1673 5463 1738 5517 Et
1762 5478 1910 5531 saepe
1950 5462 2065 5531 idoe

494 5530 606 5587 neis
636 5533 936 5585 hominibus
958 5534 1024 5586 de
1047 5548 1104 5585 re
1132 5530 1375 5586 familiari
1402 5538 1815 5601 impendenduni
1841 5543 1942 5595 est,
1971 5530 2064 5587 sed

492 5606 771 5667 diligenter
798 5614 955 5667 atque
986 5604 1277 5655 moderate.
1314 5604 1455 5655 Multi
1488 5606 1629 5656 enim
1660 5612 1716 5655 et
1745 5604 2064 5669 patrimonia

494 5672 790 5726 effuderunt
814 5674 1115 5726 inconsulte
1140 5673 1431 5740 largiendo.
1460 5674 1594 5737 Quid
1622 5682 1799 5726 autem
1829 5684 1913 5727 est
1939 5675 2070 5726 stul-

495 5742 593 5793 tius
620 5755 773 5809 quain
824 5744 967 5813 quod
996 5744 1222 5797 libenter
1263 5744 1443 5810 facias,
1479 5756 1666 5794 curare
1700 5753 1754 5793 ut
1790 5743 1837 5796 id
1869 5744 2067 5797 diutius

2177 1849 2534 1902 vicinitatibus
2575 1857 2631 1902 et
2674 1848 2917 1900 confiniis
2960 1860 3167 1911 aequum
3213 1854 3269 1899 et
3297 1848 3528 1915 facilem,
3580 1852 3735 1903 multa

2174 1919 2355 1971 multis
2383 1918 2450 1972 de
2476 1931 2574 1971 suo
2601 1921 2721 1985 jure.
2741 1916 3144 1978 concedentem,
3169 1930 3195 1967 a
3222 1917 3400 1971 litibus
3423 1934 3551 1973 vero
3571 1935 3735 1985 quau-

2176 1995 2285 2040 tum
2313 1988 2493 2053 liceat,
2524 1999 2575 2041 et
2601 1988 2777 2040 tte-cio
2802 2002 2865 2038 an
2889 1996 2939 2040 et
2994 1988 3152 2052 paulo
3193 1988 3312 2054 plus
3365 2003 3522 2055 quam
3583 1990 3735 2041 liceat

2171 2058 2569 2123 abhorrentem.
2626 2057 2718 2109 Est
2770 2054 2918 2108 enim
2953 2070 3055 2107 non
3090 2058 3246 2107 modo
3278 2054 3520 2120 liberale,
3556 2059 3736 2121 p-sulu-

2176 2126 2284 2179 lum
2323 2140 2697 2193 nonnunquam
2720 2126 2788 2178 de
2814 2139 2910 2177 suo
2936 2123 3054 2192 jure
3110 2125 3394 2186 decedere,
3438 2129 3529 2179 sed
3582 2128 3733 2180 inter-

2173 2194 2300 2249 dum
2330 2198 2487 2249 etiam
2522 2196 2872 2248 fructuosum.
2910 2195 3158 2247 Habenda
3197 2207 3374 2248 autem
3401 2196 3532 2249 ratio
3557 2207 3646 2249 est
3664 2195 3736 2249 rei

2177 2265 2469 2326 familiaris,
2498 2280 2654 2334 quam
2684 2265 2822 2333 quod
2874 2263 3035 2316 dilabi
3079 2266 3254 2318 sinere
3286 2265 3603 2330 ﬂagitiosum
3635 2278 3733 2326 εςι,

2174 2337 2267 2391 sed
2299 2336 2392 2401 ita,
2428 2345 2484 2389 ut
2536 2334 2901 2389 illiberalitatis
2928 2334 3271 2403 avaritiieque
3300 2336 3440 2387 absit
3488 2336 3735 2404 suspicio.

2249 2427 2413 2481 flecte
2441 2441 2468 2478 a
2493 2427 2862 2490 Theophrasto
2891 2433 2967 2477 est
2999 2424 3209 2478 laudata
3237 2425 3594 2493 hospitalitas.
3646 2425 3735 2477 Est

2174 2497 2342 2557 enim,
2371 2506 2425 2547 ut
2450 2495 2575 2546 mihi
2603 2496 2815 2561 quidem
2838 2494 3069 2556 videtur,
3095 2496 3248 2547 valde
3267 2496 3522 2548 decorum
3552 2505 3729 2560 patere

2173 2564 2365 2619 domus
2416 2564 2683 2616 hominum
2736 2562 3017 2615 illustrium
3071 2565 3367 2617 illustribus
3418 2564 3568 2631 hospi
3598 2566 3731 2617 ibus.

2176 2634 2272 2686 Est
2298 2644 2472 2686 autem
2522 2634 2681 2686 etiam
2713 2633 3057 2684 νειιειιιειιιιοι·
3084 2634 3215 2685 utile
3244 2634 3329 2698 iis,
3380 2635 3471 2699 qui
3523 2637 3736 2687 hnneStc

2178 2706 2403 2761 multum
2440 2717 2594 2767 posse
2618 2702 2817 2765 volunt,
2846 2718 2936 2769 per
2987 2701 3224 2769 hospites
3268 2703 3410 2772 apud
3456 2714 3732 2772 extraneos

2178 2778 2400 2839 pepulos
2423 2773 2597 2825 Valere
2625 2773 2815 2840 opibus
2844 2781 2897 2829 et
2916 2774 3103 2839 gratia.
3305 2770 3315 2772 ⁷
3458 2770 3465 2776 ’

2254 2862 2381 2915 Nam
2417 2864 2467 2914 in
2496 2863 2615 2929 jure
2669 2876 2882 2927 cavere,
2918 2864 3141 2916 consilio
3178 2864 3390 2930 juvare,
3442 2873 3599 2930 atque
3646 2862 3736 2917 hoc

2176 2932 2410 2986 scientiae
2432 2946 2631 2999 genere
2662 2933 2914 3003 prodesse
2939 2932 3133 2994 multis,
3157 2936 3499 3003 vehementer
3521 2933 3585 2984 ad
3613 2947 3734 2995 epes

2177 3004 2444 3071 augendas
2468 3002 2715 3070 pertinet,
2746 3012 2797 3053 et
2823 3001 2888 3053 ad
2915 3004 3154 3069 gratiam.
3213 3003 3391 3068 Itaque
3420 3016 3538 3065 cum
3570 3004 3727 3053 multa

2179 3074 2431 3141 praeclara
2482 3071 2739 3140 majorum
2763 3109 2779 3134 ,
2833 3082 2940 3124 tum
2973 3072 3174 3125 eisdem
3202 3078 3405 3138 optime
3450 3072 3729 3124 cimStituta

2099 3122 2146 3184 C
2172 3122 2747 3212 ἷιὶἦξῖἷνῖιῑέεἷιίὴῆιὸ
2766 3122 2997 3209 semper
3010 3122 3017 3123 ί
3031 3122 3083 3194 iu
3099 3122 3115 3125 ’
3128 3122 3603 3211 ιιοηῦιέἑοεηίιίο
3651 3122 3736 3194 fuit

2174 3222 2337 3282 atque
2367 3212 2755 3276 interpretatio.

2245 3302 2377 3365 Cum
2410 3311 2583 3353 autem
2612 3312 2796 3351 omnes
2827 3313 2927 3352 non
2961 3301 3202 3368 possint,
3232 3316 3299 3356 ne
3331 3301 3479 3356 multi
3506 3302 3731 3370 quidem,

2179 3370 2588 3439 autjurisperili
2621 3383 2740 3421 esse
2782 3380 2873 3421 ant
2927 3372 3133 3433 diserti,
3183 3374 3308 3424 licet
3357 3382 3531 3426 tamen
3580 3388 3732 3438 opera

2183 3438 2669 3508 prndessemnltis,
2723 3438 2975 3492 beneﬁcia
3024 3449 3311 3507 petentem,
3373 3444 3737 3495 commendare

2173 3512 2441 3580 judicibus
2461 3521 2549 3561 aut
2572 3508 2989 3575 magistratibus,
3017 3511 3317 3577 vigilantem
3339 3526 3431 3574 pro
3452 3526 3510 3565 re
3531 3511 3736 3564 alterius

2175 3595 2269 3634 aut
2296 3597 2389 3635 eos
2420 3583 2562 3647 ipsos
2592 3581 2677 3643 qui
2707 3580 2993 3650 consulunt
3039 3589 3130 3631 aut
3159 3580 3451 3633 defendunt
3487 3583 3729 3650 rogando.

2177 3652 2326 3715 Quod
2371 3652 2457 3716 qni
2504 3652 2716 3709 faciunt,
2778 3649 3061 3714 plurimum
3094 3651 3279 3716 gratia:
3307 3649 3732 3718 consequuntur.

2181 3720 2544 3785 latissimeque
2590 3733 2771 3770 eorum
2804 3728 2983 3770 manat
3023 3720 3299 3773 industria.
3331 3719 3447 3773 lim
3480 3723 3603 3773 illud
3636 3736 3732 3772 non

2178 3798 2304 3842 sunt
2327 3788 2668 3858 admonendi.
2702 3789 2791 3858 l‘gst
2814 3789 2953 3858 enim
2978 3789 3028 3839 in
3056 3798 3300 3858 promptu
3329 3799 3387 3841 ut
3409 3793 3732 3842 animadver-

2181 3869 2289 3911 tant
2311 3873 2431 3911 cum
2457 3857 2643 3923 jnvare
2670 3854 2805 3907 alios
2834 3856 3013 3919 velint,
3058 3872 3123 3909 ne
3151 3854 3281 3921 quos
3306 3859 3593 3911 offendant.
3624 3858 3728 3912 Sae-

2182 3945 2249 3998 pe
2279 3930 2420 3981 enim
2453 3936 2541 3978 aut
2572 3940 2665 3998 eos
2711 3926 2907 3998 laedunt
2930 3940 3063 3992 quos
3096 3940 3197 3979 noli
3246 3926 3463 3998 debent,
3510 3938 3597 3979 aut
3650 3941 3733 3980 eos

2180 3996 2312 4068 quos
2342 4013 2446 4051 non
2477 3996 2705 4068 expetit,
2739 3996 2785 4048 si
2808 3997 3056 4068 scientes,
3091 3997 3443 4062 temeritatis;
3474 4000 3517 4050 si
3549 4000 3733 4065 impru-

2179 4066 2391 4132 dentes,
2425 4066 2756 4135 negligentia:
2781 4075 2880 4119 est.
2919 4066 3178 4123 Utendum
3206 4076 3289 4119 est
3330 4072 3491 4121 etiam
3524 4082 3733 4123 excusa-

2183 4138 2324 4191 tione
2353 4139 2608 4191 adversus
2633 4151 2724 4189 eos
2748 4150 2879 4208 quos
2908 4137 3098 4190 invitus
3142 4135 3406 4201 offendas,
3439 4150 3735 4208 quacunque

2183 4209 2375 4273 pOSsis.
2406 4210 2578 4271 Quare
2601 4208 2651 4257 id
2682 4206 2819 4272 quod
2849 4206 3037 4259 feceris
3063 4222 3281 4260 necesse
3313 4206 3495 4270 fuerit,
3529 4224 3625 4262 nec
3646 4210 3733 4260 ali-

2182 4288 2260 4330 ter
2292 4278 2464 4331 i'acere
2494 4277 2750 4346 potueris.
2786 4275 2967 4327 Melius
2996 4279 3133 4344 apud
3190 4278 3357 4331 bonos
3402 4294 3561 4346 quam
3610 4277 3732 4345 apud

2181 4348 2476 4401 fortunatos
2505 4345 2816 4399 beneficium
2868 4346 3114 4399 collocari
3157 4360 3306 4415 puto.
3346 4345 3530 4401 [lauda
3570 4360 3731 4401 tamen

2182 4419 2400 4470 omnino
2429 4430 2587 4483 opera
2618 4424 2718 4477 est,
2752 4425 2807 4467 ut
2838 4422 2980 4467 omni
3003 4431 3196 4484 genere
3228 4420 3537 4471 satisi‘acue
3566 4420 3724 4485 possi-

2106 4464 2155 4523 D
2182 4502 2319 4541 nius.
2353 4464 2480 4539 Sed.
2502 4486 2544 4536 si
2577 4501 2662 4538 res
2693 4464 2743 4537 in
2790 4464 3183 4538 contentionem
3239 4492 3439 4548 veniet,
3494 4464 3730 4539 nimirum

2178 4555 2569 4609 Themistocles
2595 4565 2674 4606 est
2703 4561 2886 4606 auctor
2929 4555 3282 4617 adhibendus,
3332 4558 3421 4622 qui
3454 4570 3573 4615 cum
3619 4569 3736 4606 cnu-

2180 4629 2467 4684 suleretur,
2501 4632 2671 4673 utrum
2704 4624 2841 4673 bono
2870 4622 2980 4674 viro
3013 4625 3227 4691 pauperi
3259 4638 3324 4675 an
3353 4626 3530 4678 minus
3558 4628 3733 4690 proba-

2178 4700 2231 4745 to
2261 4693 2413 4746 diviti
2464 4692 2622 4744 filiam
2663 4691 2996 4761 collocaret:
3033 4691 3143 4761 Ego
3192 4709 3340 4758 vero,
3373 4697 3564 4761 inquit,
3606 4695 3733 4745 malo

2177 4765 2348 4815 virum
2374 4766 2461 4831 qui
2490 4760 2704 4829 pecunia
2752 4772 2925 4829 egeat,
2976 4760 3134 4831 quain
3187 4760 3729 4833 pecuniamquaiiro.

2176 4832 2280 4887 Sed
2314 4834 2551 4900 corrupti
2585 4845 2763 4885 mores
2803 4834 3180 4903 depravatique
3227 4848 3350 4888 sunt
3394 4832 3731 4887 admiratione

2174 4904 2502 4964 divitiarum,
2536 4912 2758 4969 qualum
2808 4904 3115 4968 magnitudo
3143 4904 3266 4971 quid
3294 4908 3359 4958 ad
3392 4918 3727 4973 Illlttlllquem°

2175 4989 2277 5039 que
2303 4989 2541 5027 nostrum
2577 4982 2824 5039 pertinet,
2860 4972 3006 5024 illuni
3035 4974 3261 5028 fortasse
3288 4973 3505 5043 adjuvat
3532 4972 3621 5041 qui
3647 4974 3729 5025 ln-

2177 5043 2287 5106 bel,
2317 5060 2413 5096 nec
2444 5045 2498 5095 id
2526 5043 2736 5108 quidem
2761 5054 2995 5108 semper.

2249 5115 2552 5166 Extremum
2581 5120 2758 5162 autem
2790 5118 3107 5178 praeceptum
3146 5113 3196 5165 in
3230 5112 3507 5166 beneﬁcTis
3556 5123 3731 5178 open.

2175 5196 2279 5247 que
2305 5182 2477 5233 danda
2508 5189 2613 5243 et,
2646 5195 2712 5233 ne
2736 5180 2861 5248 quid
2892 5192 3072 5234 contra
3105 5185 3403 5250 aequitatem
3427 5182 3727 5241 contendas,

2180 5265 2245 5303 ne
2269 5252 2392 5319 quid
2428 5266 2525 5317 pro
2563 5249 2776 5319 injuria.
2836 5250 3258 5305 Fundamentum
3289 5252 3434 5303 enim
3469 5264 3731 5320 perpetuae

2176 5322 2591 5373 conservationis
2621 5331 2672 5374 et
2701 5322 2876 5389 famae,
2925 5332 3005 5375 est
3044 5320 3265 5387 justitia,
3297 5321 3417 5375 sine
3458 5337 3562 5389 qua
3608 5320 3730 5378 nihil

2178 5399 2355 5457 potest
2382 5404 2500 5443 esse
2531 5391 2813 5445 laudabile.
3043 5456 3051 5457 γ
3166 5442 3169 5445 η

2246 5462 2301 5511 in
2335 5460 2515 5527 primis
2546 5462 2829 5515 videndum
2878 5458 2980 5513 erit
3007 5456 3054 5511 ei
3097 5458 3183 5525 qui
3238 5473 3486 5528 rempno.
3520 5465 3727 5522 admini-

2174 5531 2387 5594 strabit,
2413 5539 2467 5583 ut
2497 5545 2652 5607 suum
2680 5530 3130 5607 quisqueteiieat,
3162 5544 3332 5598 neque
3356 5533 3425 5588 de
3449 5537 3607 5594 bonis
3634 5539 3725 5607 ρτί.

2177 5611 2417 5653 vatorum
2451 5600 2657 5666 publice
2685 5596 2966 5651 diminutio
2988 5596 3096 5652 fiat.

2247 5671 2391 5723 lianc
2418 5671 2559 5739 enim
2586 5670 2659 5739 Vob
2680 5680 2894 5719 causam
2927 5668 3173 5732 maxime,
3209 5678 3264 5723 tit
3286 5669 3384 5726 sua
3437 5685 3730 5739 tuerentur,

2178 5740 2471 5810 respublica
2496 5737 2838 5803 civitatesque
2860 5740 3161 5795 constituti:
3188 5750 3329 5796 sunt.
3360 5744 3496 5801 Nam
3531 5762 3585 5805 et
3608 5737 3732 5804 ducs
