3868 6256
457 362 481 416 1
494 362 597 420 067

964 361 1168 419 ΒΕΖῡῶ
1210 362 1666 421 VENEHABIIJS
1705 362 1859 422 OPP.
1901 364 2076 422 PARS
2120 366 2156 421 Ι.
2200 366 2395 424 SECT.
2421 368 2486 427 ll.
2516 400 2580 412 —
2616 370 2817 427 DL‘BIA
2863 369 2948 427 ET
2986 372 3259 431 SPURIA.

3595 383 3618 435 1
3628 380 3715 437 οδε

454 486 631 548 nonne
661 471 1045 548 immanitatem
1080 472 1271 548 bellum
1301 474 1529 548 gerunt?
1553 474 1696 548 Quid
1719 476 1759 548 si
1795 477 2032 544 tyranni-
2062 481 2111 536 Α
2140 478 2328 543 gritas,
2372 480 2723 545 aaquahilitas,
2777 484 3068 539 liberalitas
3103 504 3114 539 :
3150 503 3250 543 nec
3278 488 3353 543 sit
3403 489 3454 543 in
3502 494 3581 547 eis
3627 496 3713 548 ulla

452 544 574 596 dem
606 558 893 610 occuparo,
926 545 968 597 si
1004 544 1229 611 patriam
1266 544 1495 612 prodere
1544 544 1827 598 conabitur
1860 556 2029 613 pater,

452 616 700 669 silebitne
758 614 929 666 ﬁlius?
963 613 1073 666 imo
1121 614 1581 667 vero‘ohsccrabit
1628 626 1833 681 patrem
1868 618 2031 678 illius,

407 730 411 735 ,
456 700 523 737 ne
556 684 602 737 id
638 685 824 747 faciat;
858 684 901 735 si
937 683 1065 737 nihil
1120 684 1381 750 proﬁciet,
1415 684 1711 746 accusabit,
1747 686 2035 739 minabitur

370 5982 409 6007 ’κ

451 754 609 807 etiam
643 756 706 807 ad
740 768 1062 815 estremoto,
1092 753 1137 806 si
1165 753 1229 806 ad
1264 753 1552 819 perniciem
1588 756 1771 819 patria‘
1800 771 1883 809 res
1911 771 2037 824 Spe-

447 825 651 895 ctabit;
686 827 868 891 patria:
898 825 1123 877 salutem
1154 826 1313 877 saluti
1346 826 1511 890 patris
1543 836 1853 895 anteponet.

525 892 681 966 Pacta
704 904 756 966 et
786 894 1046 961 promissa
1070 909 1283 961 semper
1309 896 1568 966 servanda
1597 892 1741 959 sunt,
1783 912 1904 966 qum
1936 911 2033 950 nec

448 963 623 1034 vinec
653 964 775 1017 dolo
801 966 940 1017 malo
971 972 1050 1030 (ut
1095 973 1355 1033 praetores
1408 965 1589 1019 dicere
1639 963 1837 1035 solent)
1892 968 2031 1021 facta

447 1046 589 1089 sunt.
1960 1062 1975 1079 ρ

519 1106 699 1174 Neque
750 1118 959 1171 semper
1003 1105 1245 1173 deposita
1298 1104 1568 1159 reddenda
1622 1116 1765 1160 sunt.
1816 1106 1869 1162 Si
1919 1108 2031 1175 gla-

444 1174 588 1228 dimn
622 1176 738 1242 quis
770 1191 894 1239 sana
928 1186 1108 1229 mente
1130 1176 1267 1242 apud
1296 1183 1346 1228 te
1369 1176 1699 1243 deposuerit,
1751 1188 1802 1231 et
1827 1174 2035 1244 repetat

442 1246 686 1313 insanus,
742 1246 966 1299 reddere
998 1256 1295 1312 peccatum,
1351 1247 1584 1300 ofﬁcium
1628 1264 1731 1300 non
1780 1249 2025 1302 reddere.

440 1315 591 1380 Quod
624 1319 665 1368 si
691 1317 809 1382 quis
839 1316 925 1382 qui
957 1317 1094 1382 apud
1129 1329 1179 1370 te
1214 1317 1493 1381 pecuniam
1523 1317 1859 1383 deposuerit,
1910 1320 2027 1371 hel-

442 1386 551 1439 lum
584 1386 772 1439 inierat
817 1386 1003 1452 patria:
1035 1426 1050 1448 ,
1101 1397 1406 1455 pactumne,
1450 1388 1645 1441 reddes
1692 1389 2031 1455 depositum"?

442 1471 547 1510 non
575 1456 755 1510 credo.
790 1455 970 1509 Facies
994 1459 1137 1510 enim
1166 1466 1351 1509 contra
1396 1458 1668 1525 rempttb.,
1703 1474 1822 1526 quae
1875 1460 2031 1512 debet

360 1592 363 1593 ν
439 1540 559 1581 εεεε
588 1527 923 1580 charissima.
981 1525 1069 1579 Sic
1119 1528 1282 1579 multa
1336 1543 1453 1590 qua:
1503 1525 1731 1581 honesta
1780 1530 2030 1583 videntur

440 1608 650 1670 natura,
704 1596 1035 1663 temporibus
1063 1598 1193 1670 ﬁunt
1224 1612 1327 1670 non
1359 1598 1604 1670 honesta.
1656 1598 1859 1652 Facere
1906 1615 2029 1666 pro-

440 1667 625 1731 missa,
655 1677 798 1721 stare
826 1667 1392 1730 conventis,‘reddere
1423 1668 1665 1737 deposita
1698 1678 2026 1723 commutata

439 1738 666 1791 utilitate
694 1739 824 1790 ﬁunt
853 1753 954 1790 non
988 1738 1230 1791 honesta.

510 1808 827 1862 Pervertunt
853 1808 1094 1860 homines
1125 1806 1191 1861 ea"
1211 1822 1328 1876 qua:
1352 1818 1477 1860 sunt
1506 1804 1849 1862 fundamenta
1876 1818 2019 1861 natu-

434 1892 531 1938 r:e.
560 1892 683 1932 cum
714 1879 994 1930 utilitatem
1027 1879 1092 1931 ah
1132 1878 1415 1932 honestate
1455 1877 1763 1946 seiungunt.
1814 1882 2015 1932 Umnes

436 1950 575 2000 enim
607 1949 910 2015 expetimus
941 1946 1240 2010 utilitatem,
1276 1950 1339 2001 ad
1371 1963 1597 2015 eamque
1631 1952 1887 2015 rapimur,
1919 1964 2018 2001 nec

433 2018 610 2073 facere
634 2020 788 2073 aliter
820 2020 922 2071 ulla
959 2017 1115 2077 modo
1141 2032 1447 2085 poSsumus.
1482 2018 1611 2071 Nam
1642 2020 1762 2085 quis
1800 2030 1884 2071 est
1926 2019 2016 2087 qui

437 2090 581 2141 uli'lia
610 2088 790 2158 fugiat,
825 2099 915 2141 aut
945 2090 1063 2152 quis
1094 2092 1267 2155 potius
1291 2098 1373 2141 est
1400 2088 1493 2156 qui
1521 2104 1581 2141 ea
1609 2104 1713 2141 non
1737 2090 2018 2141 studiosis-

438 2160 570 2212 sime
595 2158 981 2228 prosequatur?
1003 2159 1095 2228 sed
1124 2160 1244 2228 quia
1273 2174 1375 2211 non
1405 2174 1687 2224 possumus
1714 2158 1813 2211 nisi
1840 2159 2015 2222 laude,

432 2226 648 2294 di‘core,
685 2232 963 2283 honestate
1008 2226 1161 2281 utilia
1205 2228 1467 2293 reperire,
1509 2237 1791 2296 pr0pterea
1825 2228 1913 2281 illa
1962 2238 2018 2283 et

436 2301 603 2365 prima
634 2310 687 2352 et
710 2314 915 2353 summa
945 2300 1223 2352 habemus.
1257 2298 1508 2351 Utilitatis
1540 2314 1667 2351 vero
1692 2313 1885 2352 nomen
1910 2314 2015 2351 non

433 2379 538 2421 tam
570 2371 907 2438 splendidum
938 2384 1095 2439 quam
1142 2368 1499 2422 necessarium
1552 2378 1822 2436 putamus,
1876 2369 2019 2424 unde

431 2442 666 2511 omnium
698 2442 876 2510 regula
908 2456 1009 2511 una
1036 2448 1137 2511 est,
1167 2454 1324 2507 quam
1371 2439 1465 2492 tibi
1507 2441 1665 2511 cupio
1693 2454 1815 2493 esse
1850 2445 2020 2493 notis-

431 2511 618 2564 simam
650 2530 661 2563 :
694 2515 795 2565 Aut
820 2510 945 2565 illud
986 2509 1142 2581 quod
1162 2511 1292 2562 utile
1320 2523 1441 2563 esse
1483 2510 1715 2581 videtur,
1749 2525 1816 2564 ne
1865 2519 2019 2581 turpe

431 2582 531 2635 sit;
563 2592 653 2635 aut
682 2583 725 2634 si
761 2592 930 2649 turpe,
964 2596 1029 2634 ne
1060 2579 1302 2633 videatur
1340 2594 1460 2633 esse
1507 2580 1653 2633 utile.

504 2650 596 2703 Εει
628 2653 765 2704 enim
794 2650 1167 2720 jusjurandum
1208 2649 1492 2720 afﬁrmatio
1546 2650 1795 2719 religiosa
1831 2667 1845 2703 :
1876 2649 2019 2720 quod

430 2729 608 2775 autem
664 2718 982 2774 afﬁrmando
1031 2721 1181 2787 quasi
1235 2719 1347 2789 Deo
1397 2729 1532 2774 teste
1580 2718 1909 2789 promiseris,
1968 2721 2021 2774 id

432 2792 751 2846 servandum
785 2801 887 2846 est.
926 2790 1040 2844 Non
1071 2789 1211 2841 enim
1245 2788 1435 2841 falsum
1480 2790 1691 2857 jurare,
1748 2792 2021 2858 perjttrare

433 2873 543 2925 est;
576 2863 669 2916 sed
701 2860 843 2930 quod
875 2860 1039 2914 animi
1073 2862 1143 2913 tui
1171 2860 1494 2930 sententiam
1542 2859 1833 2930 juraveris,
1884 2860 2023 2914 sicut

431 2933 604 2984 verbis
633 2927 931 2999 concipitur
961 2933 1011 2984 in
1043 2946 1137 2985 ore
1171 2937 1378 2995 nostro,
1411 2929 1461 2983 id
1494 2927 1598 2984 non
1641 2927 1845 2995 facere,
1897 2946 2020 2998 per-

423 3002 622 3069 jnrium
654 3012 736 3055 est
769 3019 779 3053 :
815 3017 935 3053 nam
989 3001 1195 3053 nullum
1248 3000 1519 3055 vinculum
1552 3002 1617 3054 ad
1650 3002 2018 3068 stringendam

427 3075 584 3126 tidem
608 3070 955 3140 jurejurando
988 3071 1154 3123 nostri
1187 3071 1418 3140 majores
1451 3086 1571 3125 esse
1601 3073 1799 3123 aretius
1833 3071 2019 3140 volne-

426 3142 548 3195 rint.
590 3142 679 3196 Est
706 3155 883 3195 autem
912 3140 998 3208 jus
1027 3140 1186 3193 etiam
1220 3139 1471 3193 bellicum
1519 3141 1757 3209 lidesque
1798 3139 2019 3209 jttr‘tsju-

428 3213 574 3266 randi
606 3227 751 3280 stupe
782 3227 903 3266 cum
938 3211 1091 3263 hoste
1117 3209 1400 3280 servanda.

499 3282 613 3335 Non
663 3278 821 3337 debet
864 3293 1036 3335 ratum
1082 3294 1206 3335 esse
1253 3278 1395 3347 quod
1444 3291 1627 3335 actum
1654 3291 1735 3337 est
1764 3298 1860 3352 per
1889 3284 2022 3352 vim,

425 3354 577 3421 quasi
605 3366 731 3406 vero
765 3351 891 3407 [orti
918 3352 1033 3405 viro
1063 3352 1146 3405 vis
1176 3366 1283 3404 non
1315 3352 1481 3419 possit
1505 3352 1764 3409 adhiberi.

664 3503 751 3559 Ex
782 3503 857 3559 Μ.
892 3503 953 3559 Τ.
984 3504 1241 3559 Ciceronis
1271 3506 1401 3559 libro
1427 3508 1490 3560 de
1519 3508 1776 3562 Amicitia.

495 3636 811 3691 Existitnare
854 3634 1020 3691 debes
1052 3635 1327 3689 hominum
1357 3635 1542 3689 oculos
1577 3636 1627 3688 in
1660 3644 1713 3690 te
1738 3649 1857 3690 esse
1884 3651 2016 3691 con-

421 3709 616 3777 jectos,
641 3723 805 3760 unum
830 3718 881 3761 te
901 3708 1195 3775 sapientem
1209 3717 1269 3759 et
1302 3706 1574 3777 appellant
1604 3715 1658 3758 et
1688 3706 2015 3771 existimant,

426 3776 531 3832 non
576 3779 747 3829 solum
789 3788 973 3829 natura
1003 3785 1057 3829 et
1085 3778 1345 3841 moribus,
1378 3776 1474 3830 sed
1518 3776 1679 3828 etiam
1732 3777 1911 3829 studio
1965 3785 2018 3831 et

422 3848 662 3901 doctrina
695 3863 707 3897 :
743 3860 912 3913 neque
958 3845 1112 3898 sicuti
1164 3846 1375 3913 vulgus,
1408 3847 1502 3900 sed
1538 3856 1596 3900 ut
1624 3847 1818 3900 eruditi
1842 3848 2018 3901 solent

422 3918 696 3986 appellare
750 3917 1097 3986 εειιιίειιιειῐι.Δ
1126 3914 1295 3986 llanc_
1326 3930 1447 3969 esse
1504 3917 1815 3983 sapientiam
1868 3919 1920 3971 in
1965 3930 2017 3973 te

422 3981 756 4053 existimant,
786 3984 927 4055 quod
954 3983 1132 4055 omnia
1164 3993 1251 4037 tua
1284 3982 1338 4055 in
1371 3993 1421 4055 te
1451 3981 1617 4051 posita
1656 4000 1779 4039 esse
1828 3988 2013 4051 ducas,

424 4053 976 4126 huutanusque‘casus
1006 4054 1197 4126 virtute
1229 4053 1515 4126 inferiores
1556 4063 1727 4126 putes.
1910 4080 1913 4085 ·

493 4129 570 4181 'l'u
591 4124 924 4194 autemquod
950 4124 1077 4178 mihi
1102 4134 1303 4178 mutum
1327 4124 1545 4178 attribui
1571 4124 1726 4188 dicis,
1752 4134 2013 4194 quantum

422 4212 531 4267 ego
550 4210 651 4249 nec
676 4210 909 4263 agnosco
930 4210 1042 4267 nec
1074 4196 1307 4261 postulo,
1340 4194 1472 4248 facis
1501 4195 1689 4267 amice.

492 4266 649 4321 Nullo
694 4279 819 4318 casu
865 4265 1093 4337 arbitror
1134 4269 1239 4337 hoc
1271 4265 1793 4337 constantihhomini
1851 4281 2010 4337 posse

427 4338 757 4404 contingere,
795 4344 851 4387 ut
890 4334 997 4386 ulla
1029 4333 1356 4404 intermissio
1387 4333 1476 4404 [lat
1504 4334 1688 4388 ofﬁcii.

493 4402 997 4463 Suis'incommodis
1023 4402 1253 4472 graviter
1298 4403 1443 4470 angi,
1475 4416 1579 4456 non
1610 4406 1864 4471 anticum,
1917 4409 2010 4463 sed

418 4480 650 4549 seipsum
681 4474 914 4549 amantis
938 4482 1040 4530 est.

2142 548 2645 629 copiditas,_libidn,
2681 555 2925 629 avaritia,
2957 560 3129 624 sitque
3162 556 3349 627 magna
3382 568 3707 617 constantia:

2142 618 2241 700 hos
2274 618 2413 671 viros
2445 620 2611 700 bonos
2639 631 2695 675 nt
2726 624 2887 677 habiti
2910 618 3057 688 sunt,
3090 629 3169 682 sic
3190 618 3349 700 ειῆιιιι
3376 634 3711 700 appellandos

2141 696 2406 772 putemus,
2431 691 2525 772 qui
2550 705 3179 772 assetuaulurquantum
3214 691 3462 757 homines
3505 717 3709 772 possunt

2145 768 2389 828 naturam
2418 762 2671 828 optimam
2708 764 2843 818 bene
2873 762 3078 819 vivendi
3110 768 3331 824 ducere.

2212 826 2301 882 Sic
2342 826 2484 908 enim
2534 832 3067 908 perspicere_videor
3120 839 3269 902 mihi,
3306 841 3379 895 ita
3408 851 3566 898 natos
3611 859 3712 899 esse

2140 910 2258 982 nos,
2290 908 2345 979 ut
2371 904 2509 953 inter
2534 916 2723 982 omnes
2753 904 3247 982 societasqnaedam
3300 914 3369 964 sit
3411 913 3605 982 major.
3638 928 3710 967 aut

2139 978 2196 1020 ut
2249 974 2472 1037 quisque
2517 974 3032 1051 proxi:tte_acc_edit,
3083 978 3262 1051 itaque
3302 983 3445 1051 cives
3490 974 3713 1051 pntiores

2138 1052 2297 1105 quam
2322 1039 2607 1115 peregrini,
2638 1045 2915 1115 propinqui
2939 1062 3094 1115 quam
3115 1039 3295 1102 alieni.
3320 1050 3451 1105 Cum
3482 1039 3563 1108 bis
3586 1058 3709 1107 enim

2142 1109 2699 1193 naturaipsaupeperit
2727 1109 3048 1193 amicitiam,
3069 1117 3164 1171 sed
3193 1122 3411 1193 eanihil
3434 1139 3542 1175 non
3568 1124 3711 1178 habet

2141 1177 2425 1260 ﬁrmitatis.
2460 1177 3076 1260 Namquehocprmstat
3120 1189 3354 1243 amicitia
3408 1195 3710 1260 propinqui-

2141 1250 2259 1310 tati,
2287 1249 2518 1329 quodex
2565 1253 2965 1330 prolxinquitate
2985 1257 3354 1330 benevolentia
3389 1249 3711 1330 lolli'polest,

2138 1331 2201 1369 ex
2229 1322 2467 1398 amicitia
2508 1337 2611 1373 non
2643 1332 2845 1398 potest;
2888 1326 3093 1379 sublata
3139 1329 3282 1383 enim
3332 1322 3709 1398 benevolentia,

2136 1391 2387 1466 amicitia:
2418 1400 2621 1461 nomen;
2644 1393 2866 1466 tollitur,
2902 1398 3314 1466 propinquitatis
3344 1415 3543 1457 manet.

2208 1459 2413 1544 Quanta
2447 1459 2621 1513 autem
2653 1462 2727 1544 vis
2759 1459 3016 1544 amicitiai
3032 1459 3216 1544 sit,'_ex
3248 1469 3347 1544 hoc
3378 1473 3599 1544 intelligi
3628 1488 3710 1543 po-

2138 1534 2241 1606 test
2273 1530 2502 1582 maxime
2533 1532 2679 1611 quod
2703 1550 2767 1611 es
2798 1534 2999 1611 inﬁnita
3031 1538 3285 1611 societate
3309 1541 3523 1596 humani
3547 1530 3707 1611 gerie-

2136 1602 2231 1663 ris,
2274 1614 2438 1675 quam
2488 1602 2933 1675 conciliavitgipsa
2966 1616 3175 1675 natura,
3210 1608 3281 1662 ita
3308 1602 3585 1666 contracta
3636 1629 3710 1665 res

2134 1678 2237 1740 est,
2273 1668 2334 1740 in,
2357 1681 2754 1740 angustumque
2783 1668 3033 1740 deducta,
3068 1687 3123 1729 ut
3150 1668 3326 1733 omnis
3355 1682 3587 1737 cbaritas
3633 1694 3711 1736 aut

2134 1736 2275 1812 inter
2303 1736 2555 1812 duos—aut
2586 1736 2783 1810 paucos
2812 1736 3247 1812 conjiingerelur.

2207 1807 2301 1859 Est
2332 1809 2473 1861 enim
2506 1807 2737 1865 amicitia
2771 1807 3072 1869 nihil'aliud
3104 1819 3206 1871 nisi
3234 1820 3471 1873 omnium
3512 1821 3710 1875 divina.

2131 1892 2247 1955 rum
2278 1877 2739 1955 humanarumque
2770 1898 2945 1938 rerum
2974 1901 3094 1939 cum
3128 1888 3499 1944 benevolentia
3520 1903 3575 1947 et
3596 1895 3709 1946 clu-

2126 1954 2282 2030 ritate
2315 1954 2629 2030 consensio.
2683 1955 3008 2030 Qua,_qnod_
3056 1957 3203 2030 haud
3244 1960 3361 2030 scio
3390 1977 3456 2014 an
3486 1970 3701 2030 excepta

2122 2020 2381 2084 sapientia
2407 2020 2701 2087 quidquam
2741 2020 2935 2077 melius
2966 2025 3031 2079 sit
3065 2027 3371 2082 hominibus
3398 2045 3429 2083 a
3458 2031 3564 2085 diis
3611 2020 3703 2086 iiu-

2124 2088 2697 2165 mortalibusdatum.
2736 2090 2978 2165 pii-nias
3006 2095 3095 2149 alii
3129 2109 3466 2165 praeponam,
3521 2102 3705 2154 bonam

2122 2156 2645 2235 alii_va|etu_diuem,
2701 2159 2788 2214 alii
2838 2156 3150 2235 potentiam,
3200 2156 3288 2220 alii
3340 2156 3592 2232 honores,
3624 2171 3705 2221 alii

2123 2226 2337 2306 quidem
2370 2230 2668 2306 voluptates
2692 2226 2952 2299 corporis.
2999 2226 3303 2291 Belltiarum
3355 2239 3457 2293 hoc
3502 2226 3705 2306 quidem

2122 2305 2423 2349 extremum
2474 2299 2694 2373 est,gilla
2723 2313 2899 2356 autem
2932 2306 3205 2373 superiora
3235 2320 3289 2362 et
3313 2299 3596 2365 caduca'et
3622 2311 3705 2362 in-

2121 2375 2289 2446 certa,
2323 2376 2450 2421 sunt
2482 2370 2649 2446 posita
2682 2386 2786 2425 non
2818 2383 2923 2446 tam
2954 2370 3013 2428 in
3038 2377 3240 2431 nostris
3272 2379 3514 2433 consiliis
3552 2396 3702 2446 quam

2123 2437 2175 2509 in
2201 2437 2427 2491 fortuna:
2458 2441 2779 2495 temeritate.
2810 2442 2908 2509 Qui
2940 2454 3116 2499 autem
3146 2448 3197 2500 in
3224 2446 3417 2501 virtute
3446 2437 3703 2502 summum

2125 2506 2323 2585 bonum
2357 2519 2581 2585 ponunt,
2602 2511 2690 2585 _il_li
2717 2506 2931 2585 quidem
2958 2517 3213 2582 praeclare
3238 2526 3403 2585 agunt
3434 2536 3445 2569 :
3480 2518 3575 2572 sed
3602 2518 3705 2571 bzrc

2124 2578 2238 2657 ipsa
2265 2578 2747 2657 virtusamicitiam
2778 2590 2831 2634 et
2861 2578 3029 2657 gignit
3052 2594 3105 2639 et
3135 2578 3398 2652 continet,
3448 2589 3569 2657 quia
3617 2604 3704 2640 nec

2121 2648 2242 2725 sine
2292 2649 2789 2725 virtuteamicitia
2822 2648 2940 2725 ullo'
2976 2664 3131 2722 pacto
3166 2670 3287 2711 esse
3328 2648 3517 2725 potest.
3553 2658 3703 2711 Tales

2124 2715 2287 2783 igitur
2308 2717 2448 2795 inter
2473 2719 2616 2773 viros
2636 2721 2866 2795 amicitia
2893 2715 3064 2779 tan-tas
3084 2715 3512 2795 opportunitates
3526 2727 3697 2787 habet,

2124 2795 2351 2868 093"“?
2392 2790 2480 2868 Ϊῖι
2525 2804 2663 2868 (ille?
2705 2791 2907 2868 dicere.
2951 2790 3351 2868 Principioqui
3396 2806 3569 2865 potest
3594 2812 3703 2850 esse

2124 2859 2232 2932 vita
2281 2859 2476 2932 vitalis,
2516 2871 2572 2912 ut
2611 2866 2685 2914 ait
2712 2862 2937 2928 Ennius,
2968 2864 3055 2932 qui
3106 2859 3210 2921 n‘on
3240 2859 3293 2921 in
3324 2859 3481 2921 amici
3528 2878 3697 2919 mutua

2123 2925 2501 3005 benevolentia
2519 2934 2860 3005 conquiescat
2879 2934 2909 3005 ?_
2926 2925 3062 2999 Quid
3092 2936 3299 3005 dulcius
3322 2951 3477 3001 quam
3504 2936 3697 2990 habere

2123 2998 2336 3065 quicum
2354 3002 2537 3073 omnia
2565 3003 2761 3073 audeas
2788 3005 2868 3056 sic
2899 2998 3039 3071 loqui
3068 3016 3123 3059 ut
3154 2998 3364 3059 tecum?
3390 3006 3515 3073 Quis
3561 3017 3697 3059 εεςιιι

2086 3096 2091 3101 -
2125 3074 2303 3145 tantus
2349 3067 2554 3123 fructus
2584 3071 2634 3145 in
2670 3075 2938 3145 prosperis
2965 3067 3143 3145 rebus,
3200 3077 3297 3128 nisi
3354 3067 3577 3145 haberes
3616 3078 3697 3145 qui

2052 3185 2099 3247 C

2129 3136 2232 3209 illis
2259 3152 2410 3209 teque
2437 3153 2499 3209 ac
2527 3149 2581 3192 tu
2622 3136 2735 3207 ipse
2782 3136 3081 3209 gauderet?
3127 3136 3393 3201 Adversas
3442 3142 3575 3200 vero
3617 3136 3698 3199 res

2130 3205 2291 3284 ferre,
2317 3207 2544 3284 dilliﬁcile‘
2576 3205 2719 3264 esSet
2749 3205 2867 3267 sine
2887 3213 2978 3267 illo
2998 3216 3085 3283 qui
3108 3216 3324 3284 gravius
3354 3216 3508 3271 etiam
3550 3231 3700 3283 quant

2130 3284 2183 3354 tu
2207 3278 2390 3330 terret.
2418 3276 2657 3354 Denique
2682 3289 2891 3354 extera:
2916 3299 3003 3337 res
3017 3276 3141 3354 qui:
3161 3296 3482 3354 expetuntur
3510 3276 3701 3353 oppor-

2131 3352 2274 3401 tunae
2322 3355 2449 3400 sunt
2487 3348 2708 3424 singulae
2754 3351 2916 3424 rebus
2967 3348 3080 3409 fere
3120 3348 3341 3424 singulis
3374 3372 3387 3408 :
3422 3348 3623 3408 Divitii-
3652 3366 3700 3406 ιιι

2128 3426 2301 3487 utare,
2333 3432 2463 3492 opes
2485 3428 2549 3472 ,ιιι
2569 3421 2776 3492 colare,
2810 3421 3043 3479 honores
3065 3434 3122 3478 ut
3144 3421 3380 3489 laudere,
3405 3426 3699 3492 voluptates

2125 3498 2185 3542 ut
2211 3490 2467 3558 gaudeas,
2501 3490 2743 3543 valetudo
2772 3498 2832 3544 ut
2860 3493 3043 3546 dolore
3081 3508 3266 3547 careas
3303 3504 3359 3548 et
3400 3490 3700 3549 muneribus

2124 3558 2349 3628 fungare
2395 3562 2657 3627 corporis.
2718 3563 2962 3633 Amicitia
3006 3578 3093 3618 res
3139 3565 3395 3633 plurimas
3444 3566 3699 3627 continet,

2123 3642 2443 3700 quocunque
2466 3641 2523 3700 te
2542 3631 2767 3685 verteris
2799 3641 2991 3700 pra-sto
3018 3641 3121 3700 est,
3141 3631 3301 3688 nullo
3349 3634 3530 3699 modo,
3562 3638 3700 3688 nullo

2124 3699 2241 3785 iOCl.)
2283 3699 2635 3785 excluditur:
2667 3716 2936 3769 nunquam
2989 3706 3385 3785 intempestiva,
3424 3720 3695 3785 nunquam

2124 3767 2350 3843 molesta
2414 3776 2516 3843 est.
2569 3766 2748 3843 Itaque
2794 3766 2899 3843 non
2930 3788 3088 3841 aqua,
3137 3766 3241 3828 non
3268 3766 3387 3843 igne
3415 3774 3501 3843 (ut
3524 3766 3694 3840 aiunt)

2122 3837 2255 3891 locis
2284 3836 2541 3911 pluribus
2589 3840 2777 3911 magis
2803 3836 2998 3894 utimur
3040 3856 3198 3910 quam
3229 3836 3484 3895 amicitia.
3516 3836 3697 3911 Neque

2121 3922 2221 3980 ego
2264 3908 2332 3961 de
2382 3908 2594 3980 vulgari
2628 3921 2719 3961 aut
2747 3909 2815 3963 de
2846 3908 3119 3978 mediocri,
3151 3926 3271 3980 quae
3300 3922 3475 3966 tamen
3510 3923 3562 3965 et
3591 3908 3697 3979 ips:

2119 3976 2349 4032 delectat
2375 3988 2428 4031 et
2468 3976 2703 4045 prodest,
2752 3981 2847 4033 sed
2876 3976 2944 4034 de
2973 3994 3099 4034 vera
3126 3976 3182 4035 et
3209 3976 3444 4049 perlecta
3488 3976 3694 4048 loquor,

2118 4050 2289 4119 qualis
2319 4062 2505 4101 eorum
2536 4050 2625 4115 qui
2646 4050 2807 4119 pauci
2832 4051 3195 4119 nominantur,
3226 4051 3345 4105 luit.
3378 4050 3512 4105 Nam
3537 4060 3595 4105 et
3616 4065 3695 4105 se-

2121 4116 2327 4170 cundas
2358 4131 2444 4170 res
2470 4118 2857 4185 splendidiores
2888 4121 3008 4174 iacit
3046 4116 3299 4187 amicitia,
3349 4130 3405 4175 et
3451 4123 3696 4177 adversas

2120 4187 2858 4261 patienscommunicansque
2889 4191 3139 4246 leviores.
3171 4190 3413 4261 Cumque
3443 4192 3695 4261 plurimas

2116 4268 2170 4310 et
2197 4255 2455 4309 maximas
2482 4257 2888 4314 commoditates
2918 4262 3151 4315 amicitia
3179 4255 3478 4327 contineat,
3520 4274 3692 4315 tamen

2115 4328 2204 4381 illa
2254 4330 2505 4400 nimirum
2548 4339 2771 4394 pra-stat
2816 4330 3086 4398 omnibus,
3134 4330 3277 4400 quod
3326 4333 3525 4387 bonam
3550 4344 3693 4400 spem

2118 4402 2373 4466 praelucet
2402 4397 2455 4450 in
2490 4407 2781 4464 posterum,
2813 4414 2909 4453 nec
2937 4397 3204 4455 debilitari
3233 4403 3445 4457 animos
3483 4397 3699 4456 aut'ea-

2114 4471 2243 4520 dere
2275 4472 2470 4534 patitur
2501 4485 2512 4519 :
2547 4483 2730 4522 verum
2762 4470 2918 4523 etiam
2946 4472 3173 4525 amicum
3196 4473 3283 4539 qui
3309 4474 3565 4537 intuetur,
3587 4480 3699 4524 tan-

488 4528 629 4616 Quid
670 4528 841 4601 dicam
886 4547 954 4599 de
1004 4528 1243 4598 moribus
1296 4540 1683 4616 facillimis,4de
1715 4542 1910 4609 pietate
1951 4546 2002 4598 in
2038 4528 2289 4616 unam'
2321 4539 2591 4616 θιυηῖρίθτ
2642 4528 3287 4616 ειίίιιιοαὶιιιυςιυτβῖιίο
3331 4528 3698 4616 Ωιξοεῇτέὲηοι

418 4610 667 4682 matrem,
702 4618 945 4672 libertate
973 4618 1024 4669 iu
1056 4627 1289 4677 sorores,
1326 4610 1563 4666 bonitate
1593 4614 1643 4665 in
1674 4628 1823 4678 suos,
1850 4616 2007 4683 justi-

420 4697 490 4744 tia
523 4694 574 4745 in
606 4703 791 4742 omnes
820 4704 834 4739 :
866 4689 978 4741 ham
1010 4687 1187 4741 omnia
1217 4693 1339 4739 nota
1369 4691 1495 4737 sunt
1534 4684 1706 4737 nobis.

491 4764 657 4825 Quam
683 4770 858 4812 autem
892 4758 976 4811 hic
1001 4758 1201 4811 civitati
1233 4756 1427 4810 charos
1476 4752 1592 4820 fuit,
1648 4768 1880 4807 mmrore
1926 4754 2008 4809 fu-

421 4845 565 4884 neris
610 4828 903 4896 judicatttm
935 4840 1039 4880 εει.
1070 4828 1204 4893 Quid
1236 4841 1361 4892 ergo
1403 4840 1705 4896 paucorum,
1743 4839 2004 4896 annorum

416 4894 655 4954 tit-cessio
714 4899 853 4949 hunc
899 4897 1083 4963 juvare
1142 4898 1424 4963 potuisset.
1484 4895 1843 4963 Quamobrem
1901 4894 2004 4948 vita

416 4972 629 5041 quidem
662 4966 779 5041 talis
810 4966 907 5018 luit
937 4966 1017 5018 vel
1051 4966 1259 5041 fortuna
1290 4967 1370 5019 vel
1397 4966 1587 5034 gloria,
1623 4976 1678 5020 ut
1700 4966 1833 5041 nihtl
1867 4967 2003 5041 ultra

416 5032 596 5111 posset
622 5038 899 5101 accedere,
955 5032 1217 5089 moriendi
1266 5032 1442 5088 autem
1490 5052 1704 5091 sensum
1756 5038 2005 5093 celeritas

413 5114 647 5167 abstulit.

492 5186 597 5251 Iugo
630 5193 755 5234 vero
789 5176 1107 5251 voshortari
1134 5185 1338 5229 tantum
1373 5186 1676 5251 possnm,ut
1708 5178 1999 5232 amicitiam

416 5246 663 5307 onnnbns
692 5254 850 5303 rebus
890 5250 1136 5302 humanis
1185 5246 1543 5311 anteponatis.
1599 5248 1739 5299 Nihil
1781 5260 1863 5301 est
1894 5262 2001 5303 tam

418 5334 621 5376 natura:
645 5332 849 5387 aptum,
881 5328 1095 5389 tamque
1120 5316 1450 5389 Conveniens
1478 5314 1542 5367 ad
1571 5330 1657 5369 res
1692 5319 1769 5371 \el
1803 5336 1999 5374 secun-

415 5395 510 5447 das
537 5391 899 5445 vel‘adversas
922 5407 936 5454 ;
982 5393 1075 5444 sed
1106 5392 1207 5444 hoc
1230 5388 1471 5455 inprimis
1496 5399 1712 5452 censeo,
1740 5391 1838 5443 nisi
1864 5394 2004 5444 inter

416 5465 584 5517 bonos
609 5461 893 5514 amicitiam
926 5476 1044 5514 esse
1075 5475 1177 5515 llOil
1210 5472 1386 5536 posse.
1476 5526 1485 5536 '

487 5537 593 5587 Nos
618 5542 797 5585 autem
826 5544 887 5583 ea
917 5545 1034 5597 quae
1064 5542 1186 5584 sunt
1214 5532 1265 5584 in
1300 5542 1397 5581 usu
1439 5528 1653 5591 vitaque
1701 5528 1999 5597 communi,

415 5618 519 5656 non
563 5619 625 5657 ea
666 5618 783 5671 quae
825 5600 1095 5669 ﬁnguntur
1129 5610 1221 5655 aut
1260 5608 1517 5670 optantur
1556 5605 1799 5663 spectare
1833 5600 2001 5654 debe-

414 5689 553 5730 "IIIS.

482 5746 713 5809 Agamus
758 5741 914 5811 igitur
961 5740 1140 5809 pingui
1170 5739 1251 5811 (ut
1283 5737 1454 5807 aiunt)
1477 5735 1745 5811 ΔΜίιιειγε.
1789 5738 1878 5811 qui
1926 5737 2001 5794 ita

412 5826 469 5867 se
498 5808 709 5885 gerunt,
742 5808 813 5867 ita
844 5808 1136 5879 vivunt,’ut
1160 5808 1347 5877 eorum
1374 5808 1634 5881 probetur
1660 5809 1817 5879 ﬁdes,
1860 5808 2001 5865 inte-
2086 5886 2089 5889 _

2110 4607 2361 4659 absentes
2408 4608 2624 4669 adsunt,
2654 4618 2707 4659 et
2734 4614 2955 4673 egentes
2999 4608 3294 4672 abundant,
3321 4622 3373 4662 et
3405 4609 3694 4664 imbecilles

2114 4678 2292 4729 valent
2324 4692 2336 4726 :
2369 4685 2424 4728 et
2461 4677 2600 4742 quod
2631 4676 2897 4730 difﬁcilius
2923 4685 3005 4730 est
3028 4678 3193 4742 dictu,
3248 4679 3448 4735 mortui
3494 4682 3693 4734 vivunt.

2108 4747 2309 4800 Tantos
2342 4760 2437 4799 eos
2471 4748 2642 4799 honor
2670 4749 2948 4812 memoria,
2978 4746 3308 4803 desiderium
3363 4749 3697 4819 prosequitur

2111 4820 2424 4880 amicorum,
2445 4832 2511 4871 ex
2530 4832 2635 4886 quo
2666 4819 2876 4872 illorum
2902 4822 3053 4873 beata
3076 4834 3224 4874 mors
3250 4820 3485 4885 videtur,
3508 4822 3693 4875 borum

2110 4893 2211 4941 vita
2262 4888 2555 4942 laudabilis.
2590 4890 2743 4954 Quod
2776 4892 2820 4942 si
2862 4890 3127 4945 exemeris
3171 4904 3240 4945 ex
3286 4886 3465 4945 rerum
3513 4902 3694 4944 natura

2111 4959 2495 5011 benevolentia:
2538 4963 2991 5027 conjunctionem,
3036 4974 3137 5015 nec
3186 4962 3380 5015 domus
3428 4961 3561 5027 ulla,
3600 4975 3695 5013 nec

2111 5030 2235 5080 urbs
2281 5035 2422 5080 stare
2469 5032 2683 5095 poterit,
2726 5044 2823 5084 nec
2867 5033 3188 5099 agricultura
3235 5031 3589 5099 permanebit.
3634 5030 3686 5082 Id

2108 5099 2152 5151 si
2174 5101 2347 5150 tninus
2362 5099 2698 5165 intelligitur,
2716 5097 3003 5168 quanta—vis
3026 5097 3695 5168 amictiaeconcordiaqoe

2109 5168 2199 5233 sit,
2232 5184 2296 5221 ex
2325 5167 2749 5243 dissensionibus
2778 5184 2937 5243 atque
2966 5172 3249 5225 discordiis
3269 5167 3473 5243 percipi
3501 5179 3693 5243 potest.

2108 5244 2237 5305 Quae
2259 5241 2400 5292 enim
2428 5237 2621 5291 dooms
2652 5252 2755 5294 tam
2785 5236 3013 5308 stabilis,
3043 5255 3161 5309 qua
3191 5236 3298 5292 tam
3324 5238 3477 5309 ﬁrma
3505 5236 3693 5293 civitas

2107 5321 2209 5377 est,
2240 5325 2360 5375 qua:
2386 5323 2489 5361 non
2513 5310 2649 5364 odiis
2671 5321 2725 5365 et
2752 5313 2989 5368 dissidiis
3020 5307 3258 5381 funditus
3288 5307 3461 5381 possit
3481 5312 3649 5365 erati
3676 5325 3693 5365 :

2107 5396 2174 5437 ex
2205 5396 2312 5451 quo
2339 5390 2594 5449 quantum
2626 5382 2749 5437 boui
2774 5385 2842 5436 sit
2874 5386 2925 5436 in
2954 5379 3187 5435 amicitia
3210 5379 3442 5447 judicari
3491 5388 3691 5449 potest.

2182 5450 2345 5507 Amor
2368 5453 2512 5505 enim
2539 5467 2607 5506 ει
2631 5467 2738 5520 quo
2760 5453 2992 5506 amicitia
3022 5452 3421 5520 nominatae“,
3444 5450 3693 5517 primo.

2105 5535 2209 5588 est,
2232 5527 2297 5576 ad
2325 5517 2746 5577 benevolentiam
2792 5521 3239 5587 conjungendam.
3268 5517 3404 5573 Nam
3434 5520 3694 5576 utilitates

2106 5592 2321 5664 quidem
2347 5594 2511 5648 etiam
2537 5590 2607 5644 ab
2642 5592 2727 5664 bis
2762 5594 3122 5658 percipiuntur
3159 5604 3325 5660 saepe,
3358 5592 3451 5659 qui
3475 5592 3697 5664 simula-

2108 5662 2251 5721 tione
2302 5664 2553 5719 amicitia:
2599 5662 2875 5726 coluntur,
2930 5672 2984 5716 et
3021 5664 3377 5717 observantur
3434 5663 3697 5733 temporis

2105 5748 2290 5791 (23088.
2734 5750 2735 5753 “

2179 5806 2240 5863 ιιι
2264 5802 2501 5860 amicitia
2530 5810 2707 5859 autem
2734 5801 2863 5861 nihil
2902 5802 3086 5861 ﬁctum
3130 5814 3237 5873 eat,
3282 5800 3419 5867 nihil
3462 5800 3699 5860 simula—
