3868 6256
475 389 595 440 lii?!

964 387 1168 442 llED/E
1213 387 1658 445 VENERABIIJS
1693 390 1848 444 OPP.
1893 387 2014 442 ΡΛΠ

2132 389 2365 447 .SECT.
2408 390 2470 446 ll.
2502 421 2566 430 —
2595 391 2792 448 DUBIA
2837 392 2918 445 ET
2959 392 3224 447 SPL‘RIA.

3560 393 3693 449 £073

469 497 817 576 mulcitia,_i_l:i
851 499 1124 576 przecurrit
1169 499 1396 552 amicitia
1437 499 1723 570 judicium,
1776 501 2018 570 tollitque
2047 504 2090 556 Α
2123 501 2395 576 maledicti
2422 505 2880 576 cotttu‘nteligcqne
2911 507 3233 574 gignuntur:
3267 521 3388 576 que
3421 516 3610 561 tamen
3639 513 3680 563 si

463 566 1129 640 experieiidipotestatem.

535 636 631 693 Ubi
660 651 750 688 eos
777 636 1103 688 inveniemus
1124 639 1211 705 qui
1235 638 1487 703 honores,
1515 638 1880 709 magistratus,
1915 641 2016 695 im-

462 710 630 776 peria,
669 713 978 775 potentes,
1021 723 1170 772 opes,
1211 709 1458 762 amicitia:
1503 724 1606 761 non
1646 720 1970 778 anteponant
2002 731 2016 768 :

462 790 516 831 tit
549 795 665 829 rum
696 791 759 830 ex
789 778 952 829 altera
981 788 1129 840 parte
1157 779 1422 844 proposita
1457 782 1567 831 hac
1590 782 1715 843 sint,
1757 797 1818 834 ex
1853 782 2015 835 altera

463 850 545 900 vis
586 845 851 907 amicitiae,
899 859 1003 896 non
1050 847 1196 900 multi
1246 847 1332 901 illa
1369 850 1586 902 malint?
1620 851 1898 904 lmbecillis
1936 861 2019 904 est

462 919 603 970 eiiiiii
627 915 898 986 iiattiraail
929 918 1372 972 contemnendum
1405 920 1715 986 potentiam.
1745 921 1842 973 Ubi
1873 923 2014 975 eiiiitt

463 987 620 1040 istum
662 985 893 1038 invenies
941 986 1026 1050 qui
1078 985 1522 1041 honoremamici
1573 999 1857 1047 anteponat
1885 996 2019 1043 suo?

464 1058 642 1124 Itaque
673 1071 808 1109 verte
857 1054 1100 1110 amicitia:
1143 1057 1453 1111 difﬁcillime
1491 1060 1824 1124 reperiuntur
1851 1059 1902 1113 in
1936 1061 2018 1112 liis

459 1128 546 1193 qui
574 1128 624 1180 in
657 1125 942 1178 honoribus
978 1126 1279 1193 reipublicae
1317 1136 1620 1181 versantur.
1653 1129 1750 1193 Qui
1791 1133 1932 1182 omni
1964 1131 2014 1183 in

461 1213 517 1250 re
544 1211 778 1262 gravem,
805 1203 1162 1260 constantem,
1185 1197 1426 1251 stabilem
1455 1213 1514 1251 se
1543 1198 1594 1250 in
1626 1199 1852 1251 amicitia
1881 1215 2016 1265 pra:-

460 1268 698 1336 stiterit,_
724 1267 862 1336 hunc
893 1267 1118 1322 maxime
1147 1283 1210 1321 ex
1238 1281 1360 1319 raro
1389 1265 1656 1320 hominum
1698 1283 1890 1336 genere
1919 1272 2012 1323 ile-

459 1334 646 1389 bemns
681 1334 937 1403 jtiilic:ire,
965 1348 1019 1393 et
1048 1351 1181 1403 pene
1228 1337 1425 1389 divino.
1479 1334 1892 1390 Firmamentum
1917 1354 2012 1390 ati-

355 1401 374 1411 “
460 1415 567 1458 tem
613 1401 912 1458 stabilitatis
939 1401 1357 1472 constantiaeque
1384 1406 1501 1473 ejus
1526 1421 1684 1473 quam
1708 1407 1759 1458 in
1784 1410 2013 1460 amicitia

458 1475 761 1542 quaerimus,
792 1474 919 1528 lides
941 1489 1022 1532 est
1051 1495 1063 1527 :
1095 1477 1223 1528 nihil
1247 1477 1387 1530 enim
1418 1477 1604 1530 stabile
1626 1477 1764 1543 quod
1795 1475 2012 1531 inﬁdum

457 1556 559 1597 est.
610 1545 913 1611 Simplicem
966 1559 1220 1614 praeterea
1261 1555 1314 1598 et
1347 1559 1678 1599 communem
1710 1555 1764 1598 et
1790 1561 2016 1599 consen-

457 1615 700 1678 tientem,
745 1615 830 1677 qui
860 1618 1020 1670 rebus
1059 1615 1256 1667 eisdem
1292 1625 1584 1679 moveatur,
1617 1616 1735 1680 eligi
1767 1629 1859 1680 par
1884 1627 1960 1669 est
1997 1633 2010 1669 :

459 1700 577 1749 qua:
623 1683 797 1735 omnia
851 1689 1112 1750 pertinent
1137 1685 1201 1747 ad
1232 1684 1556 1737 ﬁdelitatem.
1588 1684 1766 1752 Neque
1784 1687 1924 1738 enim
1956 1685 2015 1738 li-

455 1755 584 1806 dum
611 1761 784 1821 potest
811 1768 928 1808 esse
951 1754 1223 1821 multiplex
1257 1754 1520 1821 ingenium
1548 1761 1601 1805 ct
1625 1763 1938 1808 tortuosum.

529 1822 710 1890 Neque
739 1836 866 1897 vero
889 1826 979 1892 qui
1009 1823 1356 1897 ηοιι-ςιξιῖιιιη
1392 1822 1561 1897 rebus
1607 1833 1864 1885 movetur,
1913 1841 2008 1897 na-
2045 1839 2087 1897 Β

461 1901 593 1945 turre
620 1890 1021 1955 consentit,‘aitt
1047 1893 1253 1945 stabilis
1274 1901 1362 1943 aut
1386 1890 1521 1945 fidus
1547 1908 1667 1947 esse
1692 1904 1885 1960 potest.
1905 1896 2011 1949 Ad-

458 1961 690 2014 dendttm
718 1961 905 2015 eodem
929 1972 1030 2026 est,
1063 1971 1121 2014 tit
1147 1977 1212 2015 ne
1249 1961 1557 2014 criminibus
1606 1975 1694 2015 aut
1725 1963 2013 2020 inferendis

455 2032 750 2084 delectetur
799 2033 1019 2095 aruit-us,
1067 2043 1157 2084 aut
1205 2032 1385 2084 cieilat
1411 2031 1622 2094 oblatis,
1670 2049 1786 2099 quae
1833 2034 2011 2088 omnia

462 2101 732 2170 pertinent
752 2101 816 2153 ad
848 2117 964 2154 eam
994 2116 1148 2170 quam
1180 2101 1376 2153 dudum
1407 2109 1575 2153 tracto
1611 2105 1963 2156 constantiam
1995 2121 2008 2156 :

457 2169 533 2223 ita
563 2171 618 2223 fit
643 2185 824 2223 verum
859 2172 987 2224 illud
1017 2169 1155 2236 quod
1188 2170 1398 2233 dlcitttr,
1427 2171 1714 2223 amicitiam
1746 2173 1844 2224 nisi
1873 2173 2014 2227 inter

461 2241 632 2293 bonos
659 2254 780 2292 esse
827 2255 930 2310 non
980 2254 1160 2308 posse.
1351 2240 1491 2310 enim
1545 2239 1664 2291 boni
1705 2242 1825 2302 viri,
1855 2257 2010 2310 quem

455 2310 710 2363 eumdem
742 2307 1036 2376 sapientein
1079 2310 1199 2361 licet
1224 2308 1425 2369 dicere,
1465 2307 1578 2362 hinc
1609 2310 1712 2361 duo
1745 2307 1929 2364 tenere
1960 2313 2010 2365 iit

462 2378 723 2432 amicitia.
747 2377 978 2431 Primum
1003 2394 1069 2431 ne
1093 2378 1220 2446 quid
1255 2377 1431 2430 fictum
1474 2380 1558 2438 sit.
1613 2393 1745 2432 neve
1794 2382 1982 2434 simula
2001 2411 2013 2421 -

465 2458 596 2500 tum.
628 2449 824 2518 Aperte
853 2449 992 2500 enim
1011 2463 1190 2501 amare
1211 2448 1288 2500 vel
1315 2448 1493 2500 odisse
1535 2451 1702 2518 magis
1727 2451 2010 2516 ingenuum

458 2527 567 2580 est,
596 2531 752 2585 quam
777 2517 949 2572 fronte
979 2518 1245 2571 occultare
1291 2519 1629 2570 sententiam.
1665 2518 1866 2571 Deinde
1905 2535 2010 2573 non

455 2590 628 2639 Solum
662 2586 834 2639 illatas
857 2589 924 2638 ab
955 2587 1130 2647 aliquo
1168 2585 1568 2640 criminationes
1609 2589 1887 2655 repellete,
1917 2589 2010 2642 sed

461 2671 530 2707 tie
561 2656 731 2719 ipsum
763 2656 972 2722 quidem
1001 2670 1118 2709 esse
1159 2655 1531 2726 suspiciosum,
1573 2671 1785 2726 semper
1814 2658 2010 2725 aliquid

453 2726 852 2778 exist'mantem
883 2726 949 2777 ab
975 2726 1146 2778 amico
1175 2722 1342 2778 fuisse
1362 2725 1634 2779 violatum.
1660 2722 2012 2782 A'cccdatbuc

451 2795 687 2847 suavitas
709 2796 950 2864 quaedam
980 2802 1559 2864 sermonumhoportct,
1587 2804 1743 2862 atque
1780 2810 2007 2861 tuorum,

453 2864 591 2917 haud
621 2862 830 2930 quoque
859 2863 1125 2916 mediocre
1172 2862 1567 2917 condimentum
1592 2864 1860 2916 amicitiae.
1894 2865 2012 2919 Tri-

453 2934 596 2986 stitia
618 2934 829 3001 quidem
858 2941 916 2987 et
945 2933 996 2985 in
1027 2931 1171 2986 omni
1213 2945 1272 2985 re
1310 2936 1567 2985 severitas
1595 2933 1733 2987 absit
1765 2951 1778 2984 :
1815 2934 2012 2989 habent

455 3003 540 3054 illa
565 3003 776 3070 quidem
805 3003 1140 3070 gravitatem,
1188 3001 1280 3053 sed
1329 3002 1560 3056 amicitia
1593 3004 1869 3056 remissior
1891 3019 2012 3060 esse

454 3074 633 3135 debet,
662 3084 712 3125 et
738 3075 972 3136 liberior,
1001 3080 1055 3124 et
1081 3073 1305 3132 dulcior,
1349 3079 1404 3123 et
1451 3073 1514 3123 ad
1546 3087 1759 3125 omnem
1788 3074 2010 3127 comita-

455 3153 559 3195 tem
599 3143 996 3206 salsitatemque
1019 3142 1324 3208 proclivior.
1357 3141 1472 3194 Non
1501 3143 1640 3195 enim
1668 3143 1862 3196 debent
1886 3160 2006 3197 esse

451 3210 801 3263 amicitiarum
834 3211 970 3263 sicut
1000 3210 1215 3263 aliarum
1243 3225 1420 3263 rerum
1451 3209 1749 3264 societates.
1779 3212 2008 3266 Veterri-

455 3294 540 3331 nia
570 3294 793 3346 quaeque
816 3281 869 3332 ut
894 3282 1012 3332 vina
1043 3294 1160 3347 quae
1192 3287 1512 3332 vetustatem
1554 3281 1728 3332 ferunt
1778 3297 1898 3335 esse
1917 3283 2010 3334 de-

456 3348 580 3402 bent
598 3351 933 3402 suavissima.
969 3349 1161 3402 Verum
1196 3348 1320 3400 illud
1348 3358 1432 3402 est
1459 3353 1594 3417 quod
1622 3350 1831 3414 dicitur,
1866 3353 2010 3404 tntil-

455 3427 540 3471 tos
573 3419 773 3472 modios
818 3421 945 3473 salis
997 3419 1151 3471 simul
1202 3418 1438 3471 edendos
1489 3434 1608 3472 esse
1660 3441 1716 3470 ιιι
1761 3422 2010 3474 amicitiae

453 3501 649 3541 munus
677 3489 971 3556 expleatur.
1003 3487 1274 3541 Notitates
1315 3500 1493 3542 autem
1516 3492 1586 3556 isi
1629 3505 1860 3555 speetem
1882 3489 2011 3544 olle.

455 3566 594 3621 rant,
627 3566 684 3609 ut
713 3555 962 3624 tanquam
1022 3561 1076 3628 in
1123 3557 1301 3628 herbis
1351 3572 1459 3609 non
1506 3555 1779 3628 fallacibus
1807 3563 2012 3628 fructus

457 3635 732 3693 appareat,
756 3642 862 3679 non
883 3635 1005 3679 sunt
1027 3625 1128 3678 illa:
1155 3626 1368 3693 quidem
1401 3627 1759 3695 repudiandae,
1778 3626 2013 3683 vetustas

460 3705 632 3748 tamen
657 3711 750 3748 suo
773 3698 889 3748 ineo
912 3695 1270 3749 consermnda
1295 3704 1400 3749 est.

533 3764 755 3818 Ilaxima
785 3768 926 3819 enim
958 3767 1034 3818 vis
1060 3775 1141 3819 est
1170 3763 1594 3831 consuetudinis,
1637 3765 1780 3834 atqui
1819 3767 1870 3818 in
1899 3767 2015 3833 ipso

458 3849 594 3902 equo
623 3835 667 3888 si
690 3836 831 3887 nulla
857 3849 942 3888 res
965 3834 1235 3900 impediat,
1268 3849 1423 3903 uenio
1462 3843 1545 3888 est
1571 3835 1658 3900 qui
1693 3852 1796 3887 non
1820 3850 1885 3888 eo
1911 3851 2016 3901 quo

459 3904 734 3957 consuevit
763 3904 1008 3957 libentius
1029 3913 1204 3956 utatur
1233 3919 1390 3970 quam
1415 3906 1613 3957 intacto
1645 3913 1699 3958 et
1728 3919 1889 3970 novo.
1910 3906 2017 3960 Nec

462 3988 591 4026 vero
619 3973 672 4025 in
698 3977 795 4025 hoc
821 3974 959 4040 quod
989 3983 1070 4025 est
1118 3974 1334 4038 animal,
1366 3975 1456 4026 sed
1487 3974 1537 4026 iit
1582 3973 1662 4026 bis
1709 3977 1867 4027 etiam
1896 3991 2016 4041 qua:

461 4050 584 4096 sunt
623 4043 924 4105 inanimata,
967 4043 1297 4095 consuetudo
1337 4045 1494 4106 valet,
1551 4058 1670 4095 cuin
1728 4045 1856 4096 locis
1886 4045 2017 4109 ipsis

461 4112 788 4165 delectemur
817 4114 1109 4164 montuosis
1137 4119 1189 4164 et
1217 4111 1573 4177 silvestribus,
1600 4115 1649 4164 in
1681 4114 1872 4180 quibus
1901 4115 2018 4166 diu-

462 4182 566 4235 tius
588 4181 898 4234 commorati
920 4194 1121 4232 suinus.
1155 4180 1257 4233 Sed
1294 4183 1581 4235 niaximum
1608 4192 1690 4237 est
1714 4199 1764 4234 itt
1787 4183 2016 4238 amicitia

458 4251 785 4319 superiorem
809 4263 928 4302 esse
957 4248 1217 4319 inferiori.

533 4317 757 4374 Fructus
783 4319 928 4373 enim
958 4317 1158 4386 ingenii
1183 4326 1236 4372 et
1289 4319 1518 4384 virtutis,
1567 4321 1846 4387 omnisque
1877 4336 2016 4389 pra:-

460 4392 668 4443 stantia:
715 4399 826 4442 tum
869 4390 1136 4441 maximus
1180 4391 1407 4454 capitur,
1454 4404 1571 4442 cum
1625 4390 1677 4442 in
1722 4393 2017 4457 proximunt

463 4473 723 4526 quemque
748 4457 1037 4510 confertur.
1063 4457 1130 4510 Ut
1159 4458 1314 4525 igitur
1363 4459 1450 4524 qui
1503 4467 1627 4510 sunt
1672 4460 1723 4512 in
1775 4460 2019 4514 amicitiae

465 4527 957 4597 conjunctionisquc
979 4527 1714 4597 necessitudinesuperiores,
1741 4544 2016 4597 exmquare

463 4610 523 4649 se
547 4612 666 4650 cum
699 4595 1036 4649 inferioribus
1067 4596 1283 4663 debent,
1340 4596 1419 4648 sic
1467 4596 1740 4648 inferiores
1793 4595 1899 4650 non
1923 4605 2015 4652 ilo-

463 4668 576 4719 lere
602 4681 660 4717 se
687 4681 716 4718 a
743 4667 855 4719 suis
881 4666 1065 4717 amicis
1092 4673 1184 4717 aut
1236 4664 1468 4732 ingenio,
1510 4679 1600 4717 aut
1648 4665 1879 4727 fortuna,
1927 4678 2018 4721 aut

464 4736 717 4802 dignitate
765 4735 1024 4802 superari.
1074 4733 1325 4787 Odiosum
1373 4749 1504 4788 sane
1549 4749 1718 4802 genus
1745 4735 2015 4789 hominum

464 4806 636 4856 ottlcia
667 4805 1123 4870 exprobrantium,
1155 4818 1274 4872 qua:
1329 4805 1634 4856 meminisse
1661 4805 1817 4857 debet
1838 4805 1881 4856 is
1928 4821 2019 4873 po-

464 4875 566 4926 tius
597 4876 646 4924 in
694 4887 849 4940 quem
889 4874 1080 4926 collata
1123 4884 1266 4933 sunt,
1315 4889 1418 4926 non
1465 4888 1887 4926 commemorare
1929 4876 2018 4942 qui

460 4944 703 4994 Cottlulll.

539 5013 789 5078 Dispari-s
815 5025 988 5064 mores
1011 5011 1238 5080 disparia
1265 5011 1435 5066 studia
1463 5019 1776 5080 sequuntur,
1798 5027 2020 5080 quorum

464 5080 845 5134 dissimiLtudo
878 5093 1090 5148 separat
1118 5082 1408 5147 amicitias;
1444 5096 1541 5135 nec
1580 5081 1649 5135 ob
1701 5085 1859 5134 aliam
1900 5096 2024 5133 cau-

469 5165 585 5202 sam
613 5149 769 5203 ullam
799 5150 918 5203 boni
952 5151 1225 5218 improbis,
1253 5152 1478 5217 improbi
1527 5153 1682 5204 bonis
1720 5152 1874 5204 amici
1904 5165 2024 5205 esse

470 5235 576 5271 non
607 5229 849 5286 possunt,
902 5220 1001 5272 nisi
1043 5220 1184 5287 quod
1229 5231 1371 5272 tanta
1417 5231 1499 5274 est
1545 5224 1682 5273 inter
1707 5236 1801 5272 eos
1829 5232 2023 5287 quanta

468 5291 702 5341 maxime
730 5298 902 5356 potest
929 5304 1046 5342 esse
1093 5305 1299 5342 morum
1326 5290 1727 5358 studiorumque
1753 5288 2022 5342 distantia.

539 5359 594 5409 lu
617 5361 761 5411 omni
809 5373 869 5411 re
913 5360 1352 5412 considerandum
1405 5368 1506 5422 est,
1538 5370 1590 5411 et
1618 5361 1757 5428 quod
1788 5361 2026 5427 postules

468 5427 538 5480 ab
567 5431 756 5492 amico,
787 5436 841 5481 et
865 5428 1004 5496 quod
1035 5429 1233 5495 patiare
1252 5443 1282 5481 a
1309 5441 1360 5482 te
1390 5427 1682 5494 impetrari.

537 5497 676 5549 Nihil
705 5507 787 5549 est
814 5513 955 5550 enim
1010 5498 1213 5565 turpius
1258 5514 1416 5566 quam
1459 5513 1578 5550 cum
1608 5512 1673 5550 eo
1705 5496 1898 5550 bellum
1927 5513 2024 5567 ge.

467 5580 588 5619 rere
630 5583 736 5633 quo
761 5583 878 5618 cum
915 5567 1244 5620 familiariter
1275 5568 1487 5621 Vixeris.
1523 5567 1882 5633 Quamobrem
1915 5570 2022 5634 pri-

471 5650 614 5686 mum
668 5637 842 5688 danda
869 5647 951 5688 eat
977 5651 1160 5703 Opera,
1212 5651 1279 5689 ne
1323 5652 1426 5705 qua
1481 5651 1776 5689 amicorum
1806 5637 2022 5705 disSidia

474 5711 625 5774 bant,
652 5714 865 5772 tumque
895 5708 1057 5758 etiam
1094 5709 1385 5759 carendum
1414 5715 1516 5773 est,
1541 5721 1607 5758 ne
1636 5707 1688 5759 iu
1709 5720 1902 5774 graves
1924 5707 2027 5759 iui-

470 5773 697 5826 tiiictttas
755 5775 1001 5828 amicitiae
1053 5790 1113 5830 se
1156 5783 1487 5843 wuvcrtaiit,
1519 5788 1584 5829 ex
1617 5773 1805 5844 quibus
1825 5775 2023 5845 iurgia,

2036 3178 2084 3238 C

2128 571 2430 624 tolerabiles
2461 572 2672 638 fuerint,
2707 571 2934 627 ferendo
2962 571 3136 636 erunt,
3164 585 3219 629 et
3244 571 3491 630 is'lionos
3518 583 3684 634 veteri

2123 641 2367 718 amicitiae
2395 642 2919 718 tribtieiidus_est,_ut
2946 645 2990 696 is
3005 644 3068 718 _iii
3099 645 3252 718 culpa
3284 647 3355 701 sit
3385 649 3477 716 qui
3504 648 3680 718 faciat,

2124 724 2228 762 non
2261 713 2305 762 is
2331 711 2418 778 qui
2455 714 2681 778 patiatur
2703 713 2970 776 injuriain.
2997 711 3227 768 Omnino
3251 711 3493 770 omnium
3525 711 3682 773 vitio-1

2122 795 2235 832 rum
2271 784 2456 847 borum
2501 794 2658 846 atque
2716 782 3172 836 incommodorum
3218 801 3321 838 una
3371 787 3552 840 cautio
3607 797 3686 844 est

2120 860 2276 914 atque
2307 867 2406 902 una
2439 853 2686 923 provisio,
2720 861 2776 904 ut
2824 866 2889 923 ii_e
2930 853 3087 923 nimis
3126 853 3232 906 cito
3275 855 3500 923 diligere
3545 857 3680 910 inci-

2122 928 2286 991 piant,
2310 934 2451 991 .neve
2478 937 2579 991 non
2609 921 2817 987 dignos.
2849 920 2998 988 Digni
3045 931 3227 976 autem
3272 920 3506 978 amicitia
3533 935 3679 991 sunt,

2118 989 2310 1052 quibus
2356 989 2406 1042 iit
2428 1059 2431 1060 ν
2452 990 2578 1060 ipsis
2625 991 2761 1044 inest
2790 1005 2955 1060 causa
2977 1005 3073 1045 cur
3105 992 3414 1060 diligantur.
3449 989 3681 1049 Chartam

2117 1059 2560 1133 g--_ntis__equitlem
2583 1061 2756 1133 omnia
2799 1059 3064 1133 praeclara
3084 1059 3225 1124 rara,
3259 1077 3357 1115 nec
3388 1063 3678 1133 quidquam

2117 1128 2382 1180 dillicilius
2403 1129 2813 1199 quaittroperire
2838 1130 2976 1194 quod
3021 1131 3091 1183 sit
3137 1145 3200 1184 ex
3248 1128 3420 1185 ornni'
3443 1128 3600 1199 parte
3630 1135 3678 1187 iu

2116 1210 2213 1268 suo
2241 1212 2434 1264 genere
2460 1197 2770 1262 perfectum.
2805 1199 2908 1253 Sed
2957 1199 3194 1268 plerique
3233 1214 3411 1267 neque
3433 1197 3484 1254 in
3518 1206 3677 1257 rebus

2119 1266 2363 1317 humanis
2391 1268 2676 1339 quidquam
2701 1267 2894 1320 bonum
2923 1266 3138 1329 norunt,
3159 1271 3258 1323 nisi
3277 1266 3418 1339 quod
3442 1270 3679 1326 fructuoo

2116 1347 2232 1406 sunt
2262 1346 2366 1399 est,
2387 1348 2444 1389 et
2462 1337 2662 1390 amicos
2688 1348 2933 1404 tanquam
2960 1339 3190 1403 pecudes
3218 1337 3312 1393 eos
3347 1343 3679 1406 potissimum

2117 1403 2364 1470 diligunt,
2387 1420 2414 1454 a
2444 1407 2634 1471 quibus
2665 1403 2878 1470 sperant
2907 1421 2967 1460 se
3012 1409 3272 1462 maximos
3318 1403 3526 1463 fructus
3569 1427 3681 1465 esse

2115 1485 2365 1541 capturos
2418 1473 2596 1540 Itaque
2623 1475 2968 1541 pulcherrima
3000 1475 3086 1528 illa
3119 1487 3172 1530 et
3201 1494 3232 1531 n
3251 1480 3423 1532 iturali
3453 1483 3680 1535 maxime

2115 1552 2301 1617 carent
2321 1545 2561 1617 amicitia
2587 1560 2678 1608 per
2700 1559 2757 1597 se
2777 1553 2843 1617 et
2880 1555 3092 1617 promer
3124 1561 3182 1600 se
3224 1550 3550 1617 expetenda,
3583 1567 3675 1605 nec

2115 1611 2217 1677 ipsi
2235 1611 2331 1686 sibi
2355 1615 2602 1686 exc_tnplo
2630 1623 2776 1686 sunt.
2806 1613 2974 1686 Verus
2998 1614 3156 1684 igitur
3175 1611 3382 1672 amicus
3413 1611 3677 1686 nunquam

2118 1682 2416 1753 reperitur.
2443 1682 2536 1734 Est
2556 1683 2697 1735 enim
2729 1684 2773 1735 is
2801 1682 3038 1747 quidam'
3062 1693 3309 1750 tanquam
3356 1690 3496 1741 alter
3522 1682 3680 1753 idem,

2118 1752 2206 1818 qui
2237 1760 2376 1823 etse
2407 1752 2522 1819 ipse
2541 1754 2743 1821 diligat,
2776 1763 2828 1806 et
2849 1754 3070 1806 alterum
3096 1756 3355 1823 acquirat,
3382 1759 3537 1822 cuius
3563 1752 3679 1810 ani;

2125 1837 2268 1873 inuiti
2301 1820 2370 1873 ita
2395 1837 2514 1874 cum
2545 1820 2907 1882 suomisceat,
2940 1832 2996 1874 ut
3017 1820 3210 1876 ellicia‘t
3260 1840 3397 1891 pene
3424 1820 3592 1880 unum
3617 1843 3679 1880 ex

2115 1891 2338 1944 duobus.
2363 1891 2464 1945 Sed
2494 1893 2728 1960 plerique
2755 1906 3026 1959 perverse,
3054 1907 3119 1946 ne
3148 1895 3326 1948 dicam
3367 1897 3678 1962 impruden-

2117 1969 2214 2022 ter,
2240 1962 2392 2013 talem
2425 1963 2647 2032 anticum
2686 1964 2888 2032 volunt,
2912 1965 3095 2028 quales
3147 1963 3248 2030 ipsi
3277 1979 3401 2018 esse
3427 1982 3534 2018 non
3560 1983 3679 2032 pos-

2114 2039 2260 2101 sunt,
2281 2044 2503 2098 quaeque
2533 2031 2629 2097 ipsi
2665 2046 2768 2082 non
2803 2031 3041 2083 tribuunt
3070 2033 3280 2096 ainicis,
3316 2035 3427 2086 Ιιωε
3454 2040 3524 2086 ali
3553 2031 3679 2101 ipsis

2115 2099 2440 2168 desiderant.
2469 2101 2566 2152 Par
2589 2111 2669 2152 est
2691 2110 2869 2151 autem
2898 2101 3122 2165 primum
3162 2103 3335 2168 ipsum
3366 2119 3482 2157 esse
3509 2099 3677 2158 virum

2114 2164 2332 2237 bonum,
2365 2177 2473 2220 tum
2504 2170 2725 2221 alterum
2759 2164 2988 2221 similem
3020 2171 3099 2221 sui
3122 2164 3383 2237 quaerere.
3405 2172 3456 2224 lii
3481 2175 3677 2226 talibus

2113 2235 2255 2309 enim
2299 2237 2556 2309 stabilitas
2586 2238 2834 2309 amicitiae
2861 2235 3164 2309 caulirtnari
3207 2252 3400 2309 potest,
3433 2257 3558 2295 cum
3588 2244 3680 2295 lto-

2114 2305 2676 2376 minesibenevolentia
2707 2308 2974 2375 conjunCIi
3021 2305 3248 2373 primum
3301 2305 3678 2376 etipidiiatibus

2112 2372 2196 2427 his
2218 2375 2412 2448 quibus
2429 2380 2606 2429 caeteri
2637 2372 2894 2448 serviunt,
2914 2378 3274 2444 imperabunt;
3296 2372 3484 2434 deinde
3512 2387 3679 2448 :equi-

2115 2454 2221 2496 tate
2241 2443 2552 2516 justitiaque
2571 2443 3192 2516 gaudebunt,omiiiaque
3222 2450 3358 2503 alter
3385 2465 3478 2515 pro
3509 2443 3681 2505 altero

2113 2514 2388 2579 suscipiet.
2419 2529 2514 2568 nec
2543 2515 2829 2583 quidquam
2887 2514 3119 2583 unquam
3167 2520 3269 2571 iiisi
3313 2514 3597 2573 honestum
3628 2532 3681 2574 et

2115 2592 2317 2656 rectitiii
2344 2583 2478 2636 alter
2503 2587 2574 2637 ab
2603 2588 2772 2656 altero
2803 2585 3108 2652 postulabit,
3154 2603 3328 2656 neque
3365 2590 3538 2642 solum
3587 2604 3678 2643 εο-

2113 2649 2224 2704 Ιεηι
2255 2651 2392 2706 inter
2417 2666 2476 2706 se
2506 2666 2570 2705 ac
2599 2649 2837 2721 diligi-nt,
2870 2655 2962 2708 sed
2991 2649 3154 2709 etiam
3181 2649 3526 2712 verebuntur.
3550 2657 3678 2712 Natu

2113 2723 2400 2796 niaximum
2425 2734 2800 2796 ornamentum
2826 2725 3072 2796 amicitia
3096 2727 3251 2791 tollit,
3274 2729 3367 2796 qui
3396 2743 3458 2781 ex
3483 2743 3550 2781 ea
3583 2731 3681 2780 uil-

2112 2789 2169 2841 lit
2196 2794 2598 2856 verecundiam;
2633 2791 2814 2860 itaque
2845 2793 3178 2859 perniciosus
3219 2789 3372 2851 error
3401 2807 3480 2850 est
3511 2798 3568 2850 in
3599 2799 3677 2851 his

2113 2860 2199 2925 qui
2243 2862 2546 2932 existimant
2601 2863 2877 2915 libidinum
2930 2875 3380 2932 peccatorumque
3433 2869 3676 2920 omnium

2115 2937 2294 3000 patere
2324 2929 2374 2982 in
2401 2931 2631 2984 amicitia
2665 2929 2955 2984 licentiam.
2976 2932 3242 2987 Virtutum
3261 2929 3495 2987 amicitia
3525 2938 3678 3000 adiu-

2114 2996 2214 3073 trix
2243 3013 2272 3050 a
2301 3010 2496 3073 natura
2530 3001 2647 3052 data
2681 3010 2784 3062 est,
2816 3015 2918 3073 non
2951 3001 3199 3056 vitiorum
3229 3018 3434 3065 comes.
3467 3019 3524 3056 ut
3546 2996 3679 3073 qun-

2113 3067 2251 3120 niam
2295 3069 2530 3141 solitaria
2584 3085 2687 3122 non
2710 3139 2718 3141 Α
2742 3072 2908 3137 possit
2952 3073 3121 3124 virtus
3149 3075 3213 3125 ad
3244 3089 3307 3126 ea
3340 3088 3455 3141 quae
3473 3067 3680 3127 summa

2115 3147 2239 3189 sunt
2269 3139 2569 3215 pervenire,
2601 3139 2884 3198 coniuncta
2916 3149 2970 3194 et
2998 3145 3308 3196 coosrciata
3361 3139 3484 3196 cum
3513 3146 3676 3198 altera

2115 3217 2429 3273 perveniret.
2743 3248 2768 3266 ρ

2181 3274 2316 3347 Cum
2331 3275 2684 3347 iudicaveris,
2706 3276 2923 3346 diligere
2940 3288 3169 3347 Oportet,
3187 3295 3317 3347 non,
3333 3294 3456 3334 eum
3475 3281 3675 3337 dilexeo

2113 3345 2207 3406 ris,
2230 3345 2486 3411 judicare.

2183 3417 2330 3486 Multi
2358 3414 2941 3486 divitiasdespiciunt,
2994 3433 3127 3483 quos
3180 3433 3349 3486 parvo
3399 3428 3680 3474 contentos

2116 3485 2289 3536 tenuis
2321 3485 2491 3558 victus
2513 3485 2800 3558 cultusque
2821 3486 3080 3558 delectat;
3113 3485 3350 3542 honores
3374 3505 3523 3551 vero,
3545 3506 3678 3558 quo-

2115 3569 2229 3626 rum
2279 3552 2567 3619 cupiditate
2615 3556 2827 3626 quidam
2869 3555 3282 3622 inﬂatiimantur,
3342 3572 3504 3626 quam
3532 3552 3680 3610 multi

2113 3623 2578 3695 itacuittemnunt,
2610 3633 2666 3676 ut
2699 3625 2828 3677 nihil
2864 3626 3056 3688 minus,
3082 3627 3322 3695 nihilque
3354 3623 3475 3680 esse
3505 3627 3675 3680 levius

2114 3694 2445 3762 existiment.
2480 3693 2712 3760 Itemque
2751 3702 2941 3748 cetera
2985 3711 3102 3762 qute
3155 3693 3480 3762 quibusdam
3509 3697 3680 3750 admi-

2117 3761 2601 3834 rabiliavidentur,
2629 3763 2877 3834 permulti
2901 3775 3023 3834 sunt
3047 3765 3135 3832 qui
3155 3761 3256 3830 pro
3282 3761 3455 3818 nihilo
3476 3774 3678 3834 putent.

2120 3828 2192 3903 De
2222 3831 2451 3903 amicitia
2477 3845 2662 3883 omnes
2691 3831 2758 3903 ad
2785 3847 2944 3884 unum
2965 3828 3398 3903 idet-tuentium,
3428 3828 3491 3888 εἰ
3512 3837 3565 3888 lii
3589 3837 3679 3903 qui

2116 3899 2466 3985 adet-cmpuli).
2485 3915 2544 3985 se
2572 3900 3046 3985 .contulerurtttet
3068 3954 3070 3956 ,
3188 3902 3288 3985 qui
3307 3903 3362 3981 tn
3391 3918 3572 3983 rerum
3596 3899 3684 3957 ὀο-

2120 3969 2359 4034 gnitione
2412 3969 2759 4037 doctrinaque
2786 3969 3161 4036 delectantur-7
3171 3969 3228 4024 et
3276 3973 3327 4023 lii
3386 3973 3478 4040 qui
3528 3986 3682 4025 suum

2119 4040 2389 4110 iterg0tium’
2432 4039 2850 4110 gerunthotiosi;
2901 4051 3170 4109 postremo
3227 4040 3282 4092 lii
3331 4039 3516 4110 quise
3545 4054 3684 4096 totus

2119 4107 2478 4172 voluptatibus
2533 4106 3028 4176 tradiderunt,‘sine
3053 4112 3287 4163 amicuia
3343 4106 3510 4164 vitam
3562 4126 3683 4165 esse

2120 4177 2313 4249 nullam
2344 4177 2594 4249 sentiunt,
2611 4177 2658 4230 si
2690 4178 2846 4249 modo
2868 4181 3038 4247 aliqua
3067 4179 3235 4233 velint
3262 4195 3326 4234 ex
3361 4195 3517 4249 parte
3545 4183 3682 4235 libo.

2120 4245 2302 4298 raliter
2325 4246 2524 4299 vivere.
2556 4245 2730 4313 Serpit
2750 4248 2896 4300 enim
2946 4245 3040 4315 per
3067 4249 3307 4302 omnium
3335 4245 3474 4302 vitas
3497 4251 3680 4303 amici-

2122 4316 2214 4375 tia,
2245 4330 2344 4368 nec
2365 4317 2522 4368 ullam
2541 4317 2710 4368 aetatis
2735 4315 2989 4383 degenda:
3035 4319 3300 4372 rationein
3335 4320 3533 4383 patitur
3565 4333 3684 4372 esse

2121 4397 2391 4457 expertem
2421 4387 2526 4448 sui,
2553 4385 2676 4452 quin
2700 4389 2858 4437 etiam
2884 4387 2930 4439 ai
2957 4392 3248 4454 asperitate
3273 4398 3336 4440 ea
3357 4399 3440 4441 est
3469 4389 3680 4457 aliquis,

2078 4465 2094 4525 '_
2125 4465 2181 4525 et
2216 4451 2620 4525 inhumanitate
2668 4462 2895 4525 natura},
2951 4451 3376 4525 ut'congressus
3405 4451 3683 4512 hominum

2045 4512 2284 4588 Dfugiat
2331 4531 2489 4594 atque
2533 4522 2736 4594 oderit._
2772 4512 2891 4576 tum'
2917 4525 2962 4577 is
2989 4526 3098 4593 pati
3151 4512 3258 4579 non
3310 4537 3514 4592 posset,
3558 4526 3683 4591 quia

2121 4602 2302 4645 noscet
2323 4593 2574 4660 aliquem,
2603 4591 2740 4660 apud
2770 4608 2926 4660 quem
2964 4591 3214 4663 spiritum
3241 4591 3358 4649 sum
3375 4597 3684 4652 acerbitatis

2115 4671 2406 4716 evomeret.

2190 4729 2384 4783 Natura
2418 4731 2548 4784 nihil
2574 4729 2865 4784 solitarium
2896 4739 3060 4784 amat.

2192 4800 2284 4852 Est
2303 4801 2444 4854 enim
2477 4805 2652 4855 varius
2681 4812 2734 4855 et
2762 4800 3031 4868 multiplex
3061 4815 3192 4856 usus
3238 4803 3518 4867 amicitia.
3545 4803 3686 4858 nul-

2122 4879 2292 4935 laque
2331 4884 2504 4924 causa
2558 4871 2917 4938 suspicionum
2971 4870 3441 4941 oﬂensiouumque
3464 4877 3681 4936 duntur,

2121 4953 2251 5007 quas
2293 4949 2407 4992 tum
2459 4941 2677 5002 evitare,
2704 4952 2811 4993 tum
2849 4945 3060 4994 elevare
3086 4956 3209 4994 eum
3241 4945 3379 4996 velle
3408 4943 3580 5007 ferre,
3605 4961 3687 4996 sa-

2125 5010 2313 5073 pientis
2340 5020 2442 5081 est.
2477 5009 2586 5061 Tua
2609 5010 2706 5081 illa
2733 5009 3054 5081 sublevanda
3104 5022 3188 5064 est
3239 5011 3494 5081 oﬂ‘eusio,
3533 5024 3601 5066 ut
3637 5021 3688 5066 et

2125 5083 2322 5130 utilitas
2346 5080 2396 5130 in
2425 5078 2654 5131 aiuititia
2680 5091 2732 5132 et
2758 5079 2891 5132 fides
2918 5080 3231 5133 retineatur.

2193 5147 2322 5200 Nam
2353 5156 2407 5199 et
2433 5150 2679 5220 monendi
2712 5149 2865 5200 amici
2895 5164 3040 5220 ξεῖνε
3089 5159 3217 5220 sunt
3241 5159 3299 5204 et
3325 5149 3685 5220 obiurgandi;

2125 5225 2178 5268 et
2204 5223 2322 5284 hac
2350 5218 2657 5284 accipienda
2684 5228 2808 5270 sunt
2825 5217 3018 5280 amice,
3047 5231 3169 5271 cuiu
3201 5217 3466 5273 benevole
3493 5217 3656 5274 inut:

2197 5281 2300 5339 Sed
2330 5281 2508 5338 nescio
2529 5288 2795 5353 quomodo
2822 5301 3006 5339 Verum
3018 5295 3102 5341 est
3115 5289 3259 5355 quod
3275 5288 3331 5342 in
3353 5290 3524 5343 Adria
3542 5303 3692 5343 meus

2127 5353 2397 5407 familiaris
2423 5355 2558 5408 dixit
2589 5371 2602 5407 :
2628 5355 2951 5423 Obsequium
3001 5353 3229 5419 amicos.
3279 5361 3485 5412 veritas
3508 5358 3690 5413 udum

2129 5427 2280 5490 parit.
2309 5425 2523 5477 Iolesu
2548 5434 2630 5480 est
2645 5427 2784 5478 enim
2807 5429 3026 5490 veritas,
3043 5428 3309 5494 siquidem
3328 5442 3398 5482 ex
3420 5441 3487 5482 ea
3503 5440 3694 5482 uasta-

2127 5504 2214 5546 tur
2256 5495 2456 5556 odium,
2501 5496 2641 5560 quod
2691 5503 2775 5547 est
2804 5509 3062 5548 venenum
3090 5497 3380 5562 amicitia;
3411 5498 3508 5550 aed
3535 5497 3694 5552 obae-

2125 5566 2310 5630 quium
2327 5564 2504 5636 multo
2530 5567 3048 5636 molestius,_quod,
3099 5571 3340 5632 peccatis
3385 5569 3692 5636 ίιιιιιιυε,

2129 5634 2450 5701 praecipitem
2473 5634 2708 5685 animum
2739 5632 2865 5685 lerri
2889 5633 3048 5698 sinit;
3064 5637 3300 5687 maxima
3323 5647 3514 5691 autem

2125 5701 2179 5756 in
2199 5717 2268 5754 eo
2292 5703 2379 5768 qui
2411 5710 2466 5754 et
2486 5702 2757 5754 veritatem
2782 5713 3116 5766 aSperuatur,
3144 5713 3202 5757 et
3247 5719 3304 5760 tu
3325 5701 3699 5762 {mule-ub-

2125 5771 2312 5840 sequio
2333 5770 2639 5841 impellitur.
2671 5771 2824 5827 Ouini
2853 5768 3011 5839 igitur
3034 5770 3138 5827 hac
3163 5772 3310 5831 iure
3336 5775 3598 5834 habent]:
3617 5787 3694 5834 at
