3868 6256
203 419 344 477 ιοτδ

196 605 393 657 deinde
421 602 716 670 obiurgatio
737 601 1056 655 contumelia
1079 608 1276 654 careat.
1312 668 1323 670 _
1360 637 1368 670 ς

274 674 329 727 1η
354 667 608 736 obsequio
654 679 832 724 autem
875 671 1225 724 communitas
1262 667 1418 732 adsit,
1452 667 1744 721 assentatio

197 744 452 798 vitiorum
479 742 704 807 adiutrix
732 739 914 807 procul
955 748 1280 803 amoveatur,
1320 753 1435 802 qua:
1457 753 1560 791 non
1589 736 1746 807 modo

197 815 400 876 amico,
432 812 526 866 sed
549 805 618 864 ne
648 805 815 865 libero
841 808 1052 876 quidem
1081 809 1234 876 digna
1265 817 1365 860 est.
1414 808 1581 860 Aliter
1602 805 1744 859 enim

195 898 324 936 cum
347 891 590 952 tyranno,
618 881 770 952 aliter
796 895 914 933 cum
943 878 1350 952 amico‘vivitur.
1381 877 1540 944 Cujus
1568 885 1747 952 autem

194 947 594 1007 aures'veritali
622 951 814 1005 clausa:
829 958 970 1010 sunt,
1004 960 1058 1001 ut
1076 949 1143 1002 ab
1165 948 1333 1000 amico
1355 961 1534 1000 verum
1565 947 1749 998 audire

196 1031 451 1088 nequeut,
483 1020 638 1089 hujus
662 1023 806 1074 szilus
852 1019 1184 1084 desperanda
1213 1027 1312 1071 est.
1363 1017 1561 1089 Scitum
1605 1018 1746 1089 enim

192 1087 436 1148 estillud
463 1087 800 1157 proverbium
832 1090 1084 1143 Catonis:
1114 1089 1281 1141 multo
1317 1087 1502 1140 melius
1526 1087 1748 1157 acerbas

195 1163 446 1216 inimicos
466 1155 542 1216 de
567 1161 878 1230 quibusdam
908 1159 1121 1220 mereri,
1145 1170 1414 1230 quameos
1440 1158 1636 1230 amicos
1659 1155 1746 1220 qni

194 1233 388 1288 dulces
413 1226 704 1285 videantur.
735 1229 856 1284 Illos
898 1244 1080 1282 verum
1109 1242 1250 1297 saepe
1277 1228 1470 1297 dicere,
1499 1226 1593 1277 hos
1617 1241 1750 1277 nun-

194 1319 389 1374 quam;
421 1312 578 1372 atque
608 1299 738 1374 illud
761 1297 1045 1374 absurdum
1071 1307 1172 1361 est,
1189 1296 1336 1374 quod
1369 1298 1502 1374 dum
1534 1310 1750 1347 moven-

198 1366 311 1437 tiir,
361 1366 507 1426 eam'
535 1370 828 1423 molestiam
879 1369 1108 1436 capiant,
1153 1384 1249 1433 qua
1277 1366 1499 1437 debent
1541 1379 1749 1417 vacare.

201 1435 461 1498 Peccasse
486 1440 629 1496 enim
662 1453 721 1494 se
773 1455 878 1492 non
915 1435 1194 1507 anguntur,
1238 1435 1502 1507 obiurgari
1529 1437 1754 1488 moleste

197 1513 407 1574 ferunt,
438 1511 578 1576 quod
607 1521 795 1563 contra
815 1506 1118 1576 oporteret;
1159 1518 1216 1560 ut
1255 1506 1413 1572 igitur
1442 1515 1494 1556 et
1535 1519 1754 1576 itionere

195 1597 253 1636 et
287 1575 488 1636 moneri
529 1581 800 1649 proprium
844 1588 925 1632 est
967 1591 1106 1630 vera:
1156 1576 1424 1636 amicitiai,
1457 1584 1512 1628 et
1541 1575 1752 1649 quidem

196 1652 428 1706 alterum
460 1646 848 1711 liberefacere,
882 1663 985 1701 non
1009 1659 1215 1710 aspere.
1240 1649 1466 1697 alterum
1497 1646 1756 1711 patienter

196 1723 470 1790 accipere,
493 1738 595 1773 non
619 1729 998 1790 repugnanter,
1020 1718 1094 1768 sic
1119 1714 1528 1790 habendum-est
1557 1715 1754 1790 nullam

201 1792 257 1845 in
275 1783 520 1846 amicitiis
544 1783 741 1856 pestem
753 1783 881 1843 'esse
899 1788 1176 1855 majorem,
1200 1800 1354 1854 quam
1375 1783 1751 1849 adulationem,

197 1860 510 1933 blanditiam
538 1871 594 1914 et
621 1859 1050 1933 assentationem.
1185 1924 1198 1933 .
1297 1925 1384 1933 __
1482 1921 1494 1933 .

275 1931 409 1986 Cum
451 1939 626 1983 autem
680 1931 914 1982 omnium
947 1941 1123 1981 rerum
1155 1924 1422 1978 simulatio
1448 1924 1636 1978 vitiosa
1676 1934 1758 1980 est

199 2000 370 2054 (tollit
412 2001 551 2053 enim
602 1999 855 2065 judicium
911 1996 1047 2061 veri,
1098 1995 1256 2062 idque
1299 1993 1606 2061 adulterat),
1649 2005 1758 2048 tum

199 2070 450 2122 amicitiai
480 2077 738 2137 repugnat
781 2068 1026 2119 maxime.
1077 2065 1224 2117 Delet
1265 2065 1405 2119 enim
1451 2066 1754 2137 Veritatem,

200 2140 321 2193 sine
346 2154 444 2206 qua
475 2134 665 2190 nomen
715 2137 961 2191 amicitie
1010 2149 1228 2188 manere
1260 2150 1362 2186 non
1395 2141 1587 2206 potest.
1630 2134 1758 2206 Nam

196 2225 325 2263 cum
355 2204 602 2262 amicitia:
633 2209 713 2262 vis
733 2207 802 2262 sit
830 2210 886 2260 in
916 2222 1000 2266 eo,
1027 2215 1082 2257 iit
1104 2220 1236 2258 unus
1258 2204 1406 2272 quasi
1437 2210 1644 2258 animus
1673 2205 1763 2260 liat

197 2294 264 2331 ex
300 2279 558 2344 pluribus,
587 2279 856 2347 quomodo
879 2276 927 2330 id
957 2279 1064 2347 lii-ri
1096 2277 1306 2342 poterit,
1332 2276 1376 2328 si
1406 2275 1592 2347 llOﬂAill
1627 2290 1758 2328 uno-

198 2364 416 2416 quoque
447 2363 582 2400 unus
602 2344 808 2401 animus
840 2350 960 2409 erit,
993 2345 1151 2416 idque
1173 2359 1406 2416 semper,
1438 2344 1530 2397 sed
1555 2347 1758 2410 varius,

196 2413 592 2471 cominutaliilis
645 2429 697 2469 et
745 2414 1055 2482 multiplex?
1110 2413 1244 2477 Quid
1269 2414 1410 2465 enim
1442 2422 1615 2479 potest
1642 2429 1763 2467 esse

199 2495 315 2540 tam
342 2485 591 2552 ﬂexibile,
622 2497 835 2553 tamque
856 2486 1090 2548 devium,
1121 2497 1276 2552 quam
1301 2484 1510 2536 animus
1533 2483 1648 2547 ejus
1670 2482 1760 2553 qui

200 2558 272 2609 ad
295 2559 509 2611 alterius
537 2572 643 2610 non
672 2552 830 2609 modo
860 2569 1071 2609 sensum
1103 2562 1262 2619 atque
1290 2553 1637 2618 voluntatem,
1667 2552 1762 2606 sed

204 2627 374 2680 etiam
404 2629 603 2680 vultum
633 2637 793 2694 atque
822 2637 1002 2679 nutum
1033 2625 1378 2694 convertitur.
1431 2623 1596 2692 Negat
1617 2623 1756 2694 quis,

205 2711 348 2764 nego
369 2715 384 2761 ;
405 2699 496 2761 ait,
528 2705 581 2749 et
631 2697 745 2750 aio:
779 2706 1045 2764 postremo
1089 2693 1342 2759 imperavi
1372 2703 1582 2763 egomet
1608 2693 1759 2761 mibi,

198 2766 381 2820 Omnia
411 2765 690 2828 assentari,
723 2775 778 2818 ut
805 2765 1080 2818 Terentius
1105 2765 1199 2815 ait.

278 2834 500 2889 Secerni
522 2843 696 2887 autem
725 2835 946 2888 blandus
970 2836 1168 2886 amicus
1187 2846 1215 2882 a
1235 2845 1382 2898 vero,
1401 2840 1454 2885 et
1477 2832 1762 2888 internosci

201 2911 314 2958 tam
345 2914 518 2972 potest
536 2903 774 2958 adhibita
794 2902 1089 2970 diligentia,
1112 2915 1267 2970 quam
1296 2901 1470 2954 omnia
1512 2902 1684 2956 fucata
1709 2911 1764 2958 et

199 2974 450 3028 simulata
477 2990 506 3027 a
531 2975 752 3028 sinceris
782 2987 938 3044 atque
959 2974 1118 3044 veris.

273 3045 578 3124 Assentatio
596 3038 900 3126 quanquam
928 3042 1223 3122 perniciosa
1245 3038 1342 3126 sit,
1358 3054 1550 3094 nocere
1576 3047 1760 3126 tamen

201 3113 409 3168 nemini
440 3110 646 3183 potest;
666 3110 770 3168 nisi
809 3115 856 3168 ei
894 3110 982 3183 qui
1013 3127 1128 3165 eam
1161 3110 1366 3176 recipit,
1397 3123 1558 3183 atque
1589 3110 1640 3164 in
1673 3111 1762 3183 illa

203 3154 409 3168 πων...
441 3154 613 3180 νων...
666 3154 768 3168 ....,.
809 3154 856 3168 υ.
895 3154 982 3183 .,...
1015 3154 1128 3165 η...
1161 3154 1366 3176 μων--.
1397 3154 1557 3179 _..,_-
1673 3154 1760 3163 ...-

196 3183 520 3238 delectatur.
548 3183 608 3236 Vi
667 3193 755 3237 nte
781 3185 925 3239 enim
956 3182 1065 3251 ipsa
1090 3195 1195 3236 non
1243 3191 1347 3233 tam
1377 3182 1526 3233 inulti
1556 3180 1760 3249 praediti

196 3265 323 3307 esse
352 3267 506 3316 quam
539 3253 656 3305 vide
689 3255 703 3306 i
741 3254 946 3319 volunt,
973 3254 1069 3305 hos
1117 3251 1345 3305 delectat
1389 3249 1760 3306 asseutationis

201 3322 411 3385 vietus;
446 3323 508 3374 :id
530 3336 657 3374 eoru
741 3323 1060 3376 voluntatem
1111 3336 1286 3372 sermo
1313 3335 1430 3372 cum
1457 3318 1757 3387 adhibetur,

196 3389 497 3436 oralionem
553 3391 696 3436 illam
745 3407 932 3436 vanam
985 3389 1345 3436 testimonium
1401 3402 1522 3436 esse
1548 3389 1759 3436 laudum

195 3265 323 3307 esse
352 3267 506 3316 quam
539 3249 703 3319 videki
741 3254 946 3319 volunt,
973 3249 1069 3305 hos
1117 3251 1345 3305 delectat
1389 3249 1761 3319 assentationis

201 3322 411 3385 vietus;
446 3323 508 3374 :id
530 3318 718 3387 eorun\
741 3318 1060 3376 voluntatem
1111 3336 1286 3372 sermo
1313 3335 1430 3372 cum
1457 3318 1757 3387 adhibetur,

195 3389 497 3444 orationem
552 3389 932 3445 illain\vanam
985 3389 1345 3442 testimonium
1401 3402 1522 3441 esse
1548 3389 1759 3444 laudum

195 3437 1759 3586 EdQEHJideHFI“N\Qf"Esiigni?‘iiééaiiiiciiiiféﬁiii

195 3528 339 3583 alter
367 3544 549 3583 verum
579 3531 761 3586 audire
846 3546 912 3585 on
965 3531 1096 3586 vult.
1143 3529 1277 3582 alter
1306 3527 1370 3579 ad
1403 3525 1759 3581 mentiendum

195 3528 339 3583 alter
367 3525 549 3583 verum
579 3531 761 3586 audire
775 3525 912 3586 ‘uon
965 3525 1096 3591 vult,
1143 3529 1277 3582 alter
1306 3527 1370 3579 ad
1403 3525 1759 3581 mentiendum

196 3607 420 3664 paratus
468 3610 568 3654 est.
613 3599 722 3654 Nec
779 3601 1128 3667 parasitorum
1185 3597 1338 3667 nobis
1390 3596 1680 3667 assentatio
1708 3596 1760 3650 in

194 3668 482 3721 commdiis
510 3667 680 3722 faceta
724 3665 1207 3732 commendaretur,
1243 3665 1341 3719 nisi
1363 3675 1542 3719 essent
1565 3665 1762 3719 milites

192 3735 442 3807 gloriosi.
473 3739 696 3803 Semper
723 3739 865 3791 enim
905 3746 1062 3807 auget
1115 3747 1415 3790 assentator
1442 3735 1515 3788 .id
1547 3737 1685 3802 quod
1718 3738 1762 3790 is

194 3803 266 3856 ad
330 3805 484 3871 cujus
535 3809 862 3861 voluntatem
919 3803 1111 3861 dicitur
1149 3808 1263 3859 vult
1315 3819 1435 3860 esse
1487 3821 1757 3873 magnum.

192 3873 557 3939 Quamobrem
582 3891 880 3945 quanquam
917 3878 1013 3932 ista
1048 3877 1235 3931 blanda
1265 3877 1466 3929 vanitas
1495 3875 1634 3942 apud
1665 3890 1760 3928 eos

193 3945 376 3997 valeat
405 3946 493 4012 qui
525 3947 622 4013 ipsi
651 3947 881 4001 illectaiit
901 3957 954 4004 et
977 3949 1216 4010 invitant,
1246 3956 1420 4001 tamen
1446 3945 1604 3998 etiam
1635 3959 1758 4012 gra-

190 4013 373 4086 viores
418 4017 907 4086 constantioresque
926 4016 1254 4086 admouendi
1299 4017 1546 4086 sunt.‘ut
1580 4015 1758 4086 anim-

193 4083 482 4136 advertant
510 4100 576 4138 ue
604 4086 791 4138 callida
825 4083 1189 4150 'aSsebtatione
1229 4084 1523 4148 capiantur.
1562 4083 1759 4150 Aperte

193 4152 343 4204 enim
375 4153 678 4205 adulantem
712 4169 876 4221 nemo
899 4151 1006 4221 non
1025 4153 1182 4216 videt,
1209 4155 1305 4206 nisi
1336 4153 1422 4221 qui
1472 4151 1756 4207 admodum

189 4230 278 4273 est
305 4233 519 4275 excors.
551 4221 786 4276 Callidus
828 4220 915 4278 ille
964 4220 1024 4278 et
1052 4224 1288 4276 occultus
1317 4220 1576 4285 adulator,
1609 4237 1673 4273 ne
1699 4237 1758 4276 se

187 4289 449 4354 insinuet,
475 4291 715 4346 studiose
744 4293 1040 4346 cavendum
1061 4300 1172 4356 est;
1205 4307 1301 4345 nec
1348 4293 1489 4346 enim
1535 4291 1758 4346 faciliter

185 4361 514 4424 agnoscitur,
535 4362 728 4428 quippe
743 4362 830 4429 qui
853 4362 1011 4416 etiam
1041 4361 1365 4416 assentando
1395 4375 1536 4430 sape
1563 4362 1754 4416 adver-

185 4437 361 4494 setur,
400 4438 456 4484 et
503 4431 709 4498 litigare
762 4445 821 4484 se
868 4433 1123 4485 simulans
1171 4431 1459 4496 blanditur,
1489 4440 1646 4499 atque
1687 4432 1752 4486 ad

184 4505 494 4572 estremoto
521 4500 611 4572 det
641 4515 849 4572 manus,
880 4501 1121 4572 vincique
1150 4516 1208 4555 se
1240 4503 1483 4569 patiatur,
1508 4510 1564 4555 ut
1591 4504 1634 4556 is
1658 4503 1746 4570 qui

875 393 1282 476 SENTENTMZ
1322 417 1752 476 PlllLOSOPﬂIC

1873 419 1962 474 EX
2002 420 2336 477 CICERONE
2373 422 2768 478 ευιιιῑςτεε.

196 535 335 587 ra'io
358 541 412 586 et
454 530 746 600 diligentia,
788 529 1017 598 primum
1064 539 1123 583 ut
1163 527 1385 584 monitio
1430 527 1741 592 acerbitate,
1779 527 1820 587 Α

1785 1869 1836 1930 Β

1789 3205 1838 3273 C

3293 426 3387 481 107
3403 426 3443 476 i1

2065 551 2143 605 Ex
2177 551 2249 606 Μ.
2283 551 2341 606 τ.
2375 553 2633 607 Ciceronis
2657 553 2786 606 libro
2829 554 2892 607 de
2923 553 3211 610 Senectute.

1918 664 2193 736 Nunquam
2222 667 2350 720 satis
2377 667 2532 733 digne
2573 667 2774 722 laudari
2819 666 3148 735 philosophia
3196 670 3414 736 poterit,

1848 736 1932 788 cui
1957 735 2042 801 qui
2075 745 2268 799 pareat,
2316 753 2476 790 omne
2524 746 2731 804 tempus
2784 738 2954 794 :rtatis
3011 754 3117 790 sua:
3162 735 3276 791 sine
3308 754 3422 790 mo-

1849 804 1996 858 lestia
2028 805 2191 876 possit
2221 808 2431 876 degere.
2467 807 2663 872 Quibus
2693 808 2833 860 enim
2884 808 3010 860 nihil
3062 820 3140 860 est
3189 808 3239 860 in
3287 810 3416 872 ipsis

1847 875 2057 953 OpiSﬁtl
2106 875 2240 929 bene
2289 879 2542 945 beateque
2592 878 2900 944 vivendum,
2957 877 3036 932 bis
3088 879 3260 931 omnis
3289 887 3419 931 :ctas

1847 959 2021 1014 gravis
2043 954 2143 997 est.

1918 1014 2014 1080 Qui
2042 1025 2216 1068 autem
2247 1016 2418 1068 omnia
2449 1017 2583 1069 bona
2616 1033 2642 1071 a
2674 1017 2863 1085 seipsis
2909 1025 3115 1082 petunt,
3168 1018 3230 1070 iis
3282 1018 3412 1071 nihil

1852 1095 2023 1150 potest
2053 1086 2244 1136 malum
2276 1085 2462 1148 videri,
2489 1086 2626 1154 quod
2659 1097 2860 1139 naltirze
2884 1088 3172 1141 necessitas
3200 1088 3410 1143 afferat.

1849 1155 1964 1218 Quo
1995 1154 2043 1204 in
2077 1170 2268 1218 genere
2313 1157 2548 1220 inprimis
2578 1167 2659 1210 est
2715 1171 2981 1220 senectus,
3015 1173 3170 1222 quani
3217 1168 3269 1209 ut
3301 1160 3415 1210 adi-

1852 1224 2115 1293 piscaiitni-
2136 1240 2321 1278 omnes
2351 1234 2556 1289 optant,
2583 1228 2824 1279 eamdem
2857 1238 3108 1280 accusant
3138 1229 3404 1293 adeptam.

1850 1292 2015 1344 Tanta
2046 1303 2126 1344 est
2173 1294 2540 1350 inconstantia.
2588 1298 2807 1348 stultitia
2860 1307 3017 1360 atque
3050 1292 3406 1363 perverSitas!

1851 1363 2075 1434 Ubrcpei
2090 1377 2119 1414 e
2136 1364 2469 1434 ιμιίςιειηιξειη]
2484 1366 2706 1428 aiunt,et
2722 1367 3043 1429 (δίιὶυς‹ιιι.ιηι
3062 1370 3407 1434 putavissent.

1925 1433 2082 1484 l‘ares
2109 1447 2226 1485 cum
2257 1433 2469 1501 p'irihus
2492 1437 2653 1489 veteri
2688 1437 2966 1504 proverbio
3006 1433 3257 1492 faeillime
3280 1451 3412 1492 con-

1851 1513 2138 1570 gregantur

1926 1571 2176 1624 Modcriti
2205 1573 2345 1624 enim
2377 1581 2431 1626 et
2454 1589 2556 1627 non
2588 1575 2853 1639 difficiles,
2887 1589 2984 1630 nec
3018 1575 3294 1632 inhumani
3325 1592 3414 1633 se-

1855 1657 1950 1696 nes
1982 1643 2303 1695 tolerabilem
2326 1653 2486 1708 agunt
2507 1655 2859 1705 senectutem.

1927 1711 2299 1778 linportituitas
2329 1724 2503 1767 autem
2559 1725 2612 1768 et
2666 1716 3022 1770 inhumanitas
3072 1721 3217 1773 omni
3269 1720 3413 1775 attuli

1859 1785 2077 1836 molesta
2101 1790 2202 1833 est.

1934 1851 2155 1917 l’ropter
2182 1867 2310 1919 opes
2330 1862 2384 1908 et
2412 1854 2614 1916 copiam
2660 1865 2713 1910 et
2741 1859 3047 1924 dignitatem
3079 1857 3410 1912 tolerabilio-

1865 1935 1973 2000 rem
2004 1933 2326 2000 senectutem
2361 1925 2544 2000 videri,
2595 1927 2741 1981 aiunt
2781 1931 3037 1983 nonnulli.
3071 1928 3250 1996 Neque
3272 1930 3414 1982 enim

1863 1993 1914 2068 iri
1943 2004 2146 2068 summa
2167 1993 2347 2068 inopia
2379 1995 2507 2068 levis
2541 2011 2658 2050 esse
2703 2010 2949 2053 senectus
2977 1993 3180 2068 potest,
3203 2013 3299 2051 nec
3329 2014 3415 2053 sa-

1863 2059 2024 2128 pienti
2055 2059 2288 2128 quidem,
2334 2077 2433 2117 nec
2485 2065 2747 2132 insipienti
2801 2059 3046 2123 senectus
3099 2059 3164 2121 inv
3207 2083 3414 2122 summa

1863 2144 2070 2197 quoque
2093 2132 2239 2194 capia
2267 2146 2368 2203 non
2391 2135 2583 2200 gravis.
2608 2137 2892 2203 Aptissima
2915 2143 3134 2191 omnino
3163 2152 3266 2189 non
3293 2146 3421 2190 sunt

1863 2212 2013 2273 arma
2063 2201 2366 2273 seueetiitis,
2415 2213 2554 2256 artes
2602 2201 2844 2271 scilicet,
2903 2208 3420 2273 exercitationesque

1864 2270 2150 2342 virtutum,
2187 2285 2302 2342 qua:
2334 2272 2383 2324 in
2419 2275 2560 2326 omni
2587 2285 2742 2329 aetate
2771 2279 2945 2342 cuiue,
2979 2293 3096 2331 cum
3148 2277 3236 2331 ditt
3283 2270 3420 2329 inul-

1863 2346 2080 2410 tumque
2107 2340 2323 2406 vixeris,
2346 2343 2596 2398 mirilicos
2617 2346 2846 2401 alterunt
2873 2340 3090 2410 fructus,
3119 2363 3220 2399 non
3246 2348 3416 2400 solum

1815 2423 1820 2428 '
1865 2409 1985 2482 quia
2011 2423 2273 2482 nunquam
2305 2411 2574 2479 deserunt,
2605 2431 2670 2468 ne
2701 2418 2750 2469 in
2782 2427 3022 2470 extremo
3046 2409 3257 2482 quidem
3289 2426 3426 2468 zela-

1865 2479 1930 2529 tis
1964 2486 2198 2559 tempore
2249 2479 2570 2559 (quanquam
2627 2483 2683 2559 id_
2733 2487 2945 2559 quidem
2977 2479 3265 2539 maximum
3290 2490 3419 2559 est),

1864 2560 2044 2600 verum
2069 2554 2227 2599 etiam
2250 2563 2281 2614 q
2306 2554 2369 2601 iia
2396 2554 2716 2606 conscientia
2748 2555 2878 2608 bene
2919 2566 3047 2609 acta:
3079 2559 3198 2608 vitae
3227 2558 3421 2608 multo.

1865 2630 2088 2690 rumque
2115 2616 2496 2671 beneﬁciorum
2523 2623 2818 2677 recordatio
2843 2626 3225 2690 jucundissima
3253 2635 3358 2679 est.

1936 2686 2048 2760 Non
2079 2700 2266 2740 omnes
2299 2701 2514 2755 possunt
2536 2704 2654 2746 esse
2684 2686 2960 2758 Scipiones
2992 2704 3081 2749 aut
3108 2696 3338 2760 Maximi,
3366 2703 3426 2749 ct

1870 2755 2080 2833 urbium
2102 2767 2516 2825 espugnatores,
2539 2771 2594 2814 ut
2610 2755 2882 2827 pedestres
2901 2767 3182 2820 navalesve
3203 2755 3423 2833 pugnas,

1869 2835 1936 2906 ut_
1954 2827 2088 2880 bella
2119 2841 2149 2906 ιι
2179 2841 2238 2880 se
2264 2838 2428 2896 gesta,
2464 2838 2520 2884 ut
2563 2834 2858 2906 triumphos
2904 2839 3088 2889 record
3117 2827 3294 2886 nisi:
3330 2827 3424 2906 Est

1866 2900 2234 2975 eiiamquiete
2279 2909 2332 2975 et
2379 2914 2506 2967 pure
2559 2900 2734 2969 atque
2767 2905 3041 2975 eleganter
3065 2919 3194 2975 actin
3225 2904 3419 2975 aetatis,

1866 2963 2166 3044 placida-ac
2193 2964 2324 3018 levis
2364 2963 2882 3044 senectusfqualem'
2915 2974 3217 3041 accepimus
3251 2963 3422 3026 Plato;

1866 3040 1969 3097 nis,
2017 3040 2103 3103 qui
2126 3049 2235 3106 uno
2264 3043 2317 3106 et
2345 3040 2703 3106 octuagesimo
2749 3058 2888 3096 anno
2917 3040 3154 3098 scribens
3186 3055 3423 3097 moi-tuus

1866 3113 1982 3182 8⁸ξὶ
2016 3103 2531 3182 quillemilsocratis,
2556 3110 2644 3176 qni
2674 3126 2795 3165 eum
2827 3114 3016 3168 librum
3045 3116 3130 3182 qui
3163 3115 3420 3165 Panathe-

1871 3175 2053 3252 naicus
2082 3174 2606 3252 inscribiturquarto
2635 3190 2688 3234 et
2731 3174 3074 3252 nonagesimo
3123 3197 3259 3235 anno
3285 3184 3421 3235 scri-

1869 3245 2038 3324 psisse
2064 3244 2276 3324 diciiur,
2306 3244 2539 3324 vixitque
2583 3244 2996 3324 quinque-inﬂuat
3027 3261 3229 3320 postea.
3258 3252 3419 3320 Cujus

1864 3313 2116 3392 magister
2170 3313 2706 3386 Leontinus—GOrgias
2729 3313 2940 3374 centum
2970 3313 3253 3388 et'septeiu
3276 3313 3421 3375 cuin-

1863 3384 2244 3460 plevitannOe,
2285 3398 2455 3460 neque
2501 3384 2728 3455 unquam
2777 3393 2828 3442 in
2877 3392 3052 3445 studio
3110 3384 3208 3444 suo
3261 3402 3421 3460 atque

1827 3510 1834 3518 ,
1861 3465 2024 3530 opere
2043 3454 2292 3530 cessavit.
2321 3455 2418 3530 Qui
2448 3454 2753 3530 cuin_ex__eo
2781 3473 3128 3526 quaereretur,
3180 3477 3273 3515 cur
3301 3454 3420 3514 tan.

1862 3519 1952 3574 diu
1984 3522 2111 3574 velit
2133 3536 2253 3576 esse
2280 3521 2332 3574 in
2365 3523 2516 3601 vita_:
2550 3525 2689 3601 Nihil
2722 3519 2911 3595 habeo,
2939 3519 3126 3601 inquit,
3158 3533 3298 3601 quod
3329 3546 3417 3583 ac-

1860 3603 2041 3670 cusem
2073 3601 2417 3670 senectutem.
2453 3593 2772 3670 Preciarum
2813 3593 3147 3668 responsum,
3178 3593 3233 3654 'et
3259 3599 3417 3653 docto

1862 3660 2078 3738 homine
2097 3660 2336 3738 dignum.
2367 3661 2472 3718 Sua
2504 3667 2799 3738 enim‘vitia
2842 3660 3168 3738 insipientes,
3191 3679 3244 3722 et
3264 3675 3414 3723 suam

1861 3731 2149 3811 culpamiu
2179 3741 2506 3811 senectutem
2533 3734 2830 3811 conferunt.
2869 3731 3067 3791 Ennius
3109 3737 3218 3805 jam
3246 3752 3413 3792 annos

1863 3815 1962 3852 uit
2006 3809 2181 3864 natus,
2206 3801 2277 3853 ita
2325 3801 2527 3855 ferebat
2573 3804 2681 3860 duo
2723 3821 2842 3876 quae
2884 3801 3134 3876 putantur
3182 3810 3414 3862 maxima

1860 3881 2046 3948 onera,
2079 3877 2438 3948 paupertatem
2464 3880 2517 3926 et
2542 3886 2894 3946 senectutem,
2943 3888 2999 3933 ut
3039 3880 3116 3934 eis
3146 3894 3279 3948 peue
3314 3880 3411 3932 de-

1859 3937 2040 3990 lectari
2063 3936 2346 3992 videretur.

1926 4006 2136 4086 Etenim
2190 4022 2310 4063 cum
2357 4010 2683 4080 complector
2733 4018 2933 4082 animo,
2977 4026 3202 4086 quatuor
3227 4030 3412 4070 causas

1859 4090 2088 4144 reperio,
2115 4091 2208 4153 cur
2235 4090 2494 4153 senectus
2524 4088 2715 4137 misera
2747 4087 2984 4140 videatur
3015 4105 3026 4138 :
3062 4100 3241 4149 unam,
3266 4087 3409 4153 quod

1858 4153 2050 4226 avocet
2069 4162 2097 4198 a
2121 4147 2545 4226 rebusgerendis
2561 4168 2580 4226 ;‘
2606 4155 2847 4219 alteram,
2878 4157 3016 4224 quod
3041 4147 3237 4222 corpus
3257 4147 3414 4208 iaciat

1859 4217 2151 4293 inﬁrmius;
2181 4223 2411 4293 tertiam,
2441 4223 2582 4282 quod
2617 4226 2791 4291 privet
2823 4217 2936 4280 l'er'e
2957 4217 3230 4290 omnibus;
3255 4240 3413 4293 quar-

1858 4291 2155 4362 tam,_quod
2186 4287 2325 4342 haud
2358 4293 2538 4362 procul
2569 4287 2702 4348 absit
2729 4310 2759 4348 a
2788 4309 2979 4350 morte.
3013 4299 3056 4349 Δ
3103 4287 3284 4348 rebus"
3307 4308 3410 4362 ge-

1858 4357 2036 4409 rendis
2064 4370 2313 4430 senectus
2328 4360 2616 4426 abstrahit;
2644 4379 2671 4415 a
2705 4365 2926 4430 quibus?
2961 4370 3038 4418 An
3061 4365 3141 4416 his
3168 4379 3286 4430 qua:
3310 4357 3409 4430 ge-

1858 4438 2045 4480 runtur
2093 4429 2152 4503 iii
2189 4427 2466 4496 juventute
2487 4437 2542 4503 et
2576 4427 2819 4503 _vir_ibus?
2845 4435 3012 4487 Nullze
3033 4439 3107 4488 ’ne
3137 4427 3294 4503 igitur
3319 4427 3407 4486 res

1859 4509 1983 4550 sunt
2024 4499 2220 4570 seniles
2252 4513 2385 4570 qua:
2437 4500 2516 4552 vel
2568 4499 2796 4570 inlirniis
2849 4499 3182 4570 corporibus,
3228 4505 3405 4556 animo

183 4549 491 4641 ίηαείιεςξίί
512 4549 855 4638 iniussa
880 4549 1752 4640 έίᾱέέιῖιῖιῖ.ῇιῑῑιίῖιῐεῑιῑῑιίξρῑιῖέ
1784 4549 1833 4610 υ
1860 4549 2041 4618 tamen
2067 4549 2533 4641 iustissima}?
2563 4549 3182 4641 siiiii"‘i.«1u6€'a'iiéiiiii
3225 4549 3404 4640 iiiiiii

182 4651 347 4711 quain
379 4639 566 4694 illudi?
590 4641 728 4708 quod
759 4655 826 4696 ne
847 4643 1070 4706 accidat,
1101 4643 1267 4711 magis
1292 4641 1581 4695 cavendum
1611 4639 1710 4711 est.

270 4707 445 4761 Virtus
491 4722 544 4763 et
572 4707 818 4764 conciliat
865 4711 1145 4778 amicitias,
1189 4707 1242 4764 et
1275 4720 1572 4764 conservat.
1606 4710 1660 4762 In
1687 4724 1750 4762 ea

180 4786 268 4829 eat
317 4791 462 4831 enim
510 4793 689 4830 rerum
744 4787 798 4830 et
820 4793 1024 4832 morum
1067 4780 1456 4842 convenientia,
1497 4778 1549 4830 in
1576 4792 1638 4831 ea
1667 4787 1751 4832 est

177 4843 470 4909 stabilitas,
502 4846 553 4898 in
585 4861 644 4898 ea
675 4847 996 4910 constantia,
1039 4862 1158 4912 qua:
1196 4862 1316 4899 cum
1365 4861 1425 4899 se
1459 4849 1650 4900 extulit
1695 4856 1750 4900 et

178 4914 422 4967 ostendit
457 4929 612 4984 suum
659 4915 854 4981 lumen,
886 4926 940 4970 et
983 4917 1119 4969 idem
1144 4915 1426 4982 aspexitet
1453 4919 1666 4984 agnovit
1693 4917 1745 4971 in

177 4985 312 5056 alio,
338 4985 402 5035 ad
429 4983 478 5036 id
502 5000 560 5038 se
585 4985 852 5050 admovet,
882 4985 1221 5053 vicissimque
1242 4984 1434 5053 accipit
1458 4983 1586 5041 illud
1607 4989 1744 5056 quod

178 5054 234 5106 in
262 5053 434 5106 altero
457 5062 561 5118 est,
592 5070 659 5108 ex
688 5069 792 5121 quo
820 5056 1118 5110 exardescit
1139 5056 1253 5109 sive
1287 5069 1458 5120 amor,
1484 5057 1595 5111 sive
1616 5053 1746 5112 auii-

175 5125 330 5177 citia.
369 5122 658 5192 Utrumque
679 5125 818 5177 enim
845 5125 913 5178 ab
941 5125 1166 5179 amando
1192 5125 1389 5178 dictum
1419 5136 1521 5180 est.
1553 5130 1746 5182 Amare

173 5195 323 5246 enim
355 5194 484 5267 nihil
514 5195 784 5267 aliudest,
840 5195 939 5246 nisi
967 5210 1087 5267 eum
1119 5195 1288 5267 ipsum
1331 5196 1552 5264 diligere
1587 5213 1743 5267 quem

173 5275 351 5326 ainas,
377 5264 513 5317 nulla
567 5264 787 5318 utilitate
833 5264 1054 5330 quaesita
1087 5279 1100 5316 :
1131 5265 1226 5318 hac
1253 5279 1351 5318 nos
1379 5264 1745 5322 adolescentes

176 5330 554 5387 benevolentia
585 5331 1073 5404 seuesidileximus,
1106 5333 1219 5385 haec
1245 5333 1408 5404 etiam
1432 5337 1600 5404 magis
1623 5336 1740 5389 elo-

172 5409 271 5470 cet
294 5405 430 5454 inter
457 5405 714 5470 aquales.
739 5403 844 5458 Sed
871 5404 1119 5468 quoniam
1150 5414 1235 5470 res
1259 5400 1502 5456 humana:
1524 5400 1742 5470 iragiles

171 5468 499 5540 caducaeque
526 5468 671 5537 sunt,
711 5485 926 5540 semper
978 5473 1154 5524 omnia
1210 5468 1389 5524 btevia
1448 5468 1740 5527 tolerabilia

169 5552 294 5610 esse
322 5538 536 5605 debent,
568 5541 777 5597 etiamsi
802 5538 986 5610 magna
1017 5542 1142 5594 sint.

243 5607 353 5663 Vos
376 5619 558 5664 autem
585 5612 790 5675 hortor,
818 5622 875 5665 ut
894 5607 963 5664 ita
993 5613 1241 5665 virtutem
1266 5608 1469 5671 locetis,
1504 5609 1618 5664 sine
1638 5627 1740 5678 qua

167 5679 401 5734 amicitia
430 5695 548 5734 esse
580 5695 684 5736 non
711 5691 908 5750 petest,
933 5690 990 5735 ut
1015 5694 1080 5735 ea
1121 5694 1363 5747 excepta,
1393 5681 1521 5735 nihil
1548 5682 1739 5735 amici-

165 5753 234 5802 tia
260 5749 615 5817 praatiibilius
642 5725 852 5815 puietis.
885 5725 952 5805 Et
1003 5751 1114 5804 lizen
1161 5725 1418 5792 οηνῖιρὶτῖνιι
1443 5750 1512 5795 do
1538 5751 1571 5795 ,ε
1591 5752 1740 5804 "tici-

160 5821 258 5886 tia,
290 5824 525 5889 sequitur
556 5823 622 5874 dt:
651 5823 950 5875 Senectute.

1852 4648 1911 4713 re
1938 4637 2166 4712 gerenda
2196 4650 2409 4713 cessare
2430 4637 2993 4713 senectutein'negant.
3020 4637 3229 4697 Similes
3244 4637 3398 4707 sunt,

1851 4709 1909 4755 ut
1936 4709 1979 4784 si
2008 4704 2094 4772 qui
2121 4706 2535 4784 gubernatorem
2563 4709 2623 4784 in,
2649 4704 2945 4783 navigan'do
2982 4713 3113 4784 nihil
3142 4727 3299 4778 agere
3320 4704 3402 4764 di;

1847 4781 1991 4853 cant,
2022 4788 2138 4853 cuiu
2167 4775 2255 4827 alii
2279 4777 2448 4853 malos
2461 4775 2850 4853 scandiuitjlzi
2881 4797 2974 4848 per
3002 4780 3144 4834 l'ores
3161 4775 3402 4845 cursent,

1847 4844 1934 4894 alii
1964 4844 2222 4897 sentinam
2251 4849 2595 4912 exhauriant;
2631 4844 2740 4902 ille'
2762 4844 2962 4914 autem,
2997 4866 3156 4904 manu
3193 4852 3401 4905 clavum

1849 4918 2055 4989 ieuens,
2081 4916 2265 4968 sedeat
2294 4920 2503 4989 quietus
2532 4917 2585 4969 in
2613 4923 2790 4989 puppi.
2837 4920 2950 4974 Non
3008 4920 3132 4974 facit
3170 4935 3234 4975 ea
3285 4936 3405 4988 qua:

1842 4986 2084 5048 juvenes,
2116 4994 2170 5036 at
2200 4999 2324 5037 vero
2351 4986 2515 5038 multa
2537 4988 2736 5054 majora
2769 4997 2826 5043 et
2861 4989 3080 5044 meliora
3109 4992 3250 5044 facit.
3285 4986 3401 5044 Non

1849 5053 2068 5116 viribus,
2093 5062 2186 5105 aut
2212 5055 2509 5128 velocitate,
2535 5053 2635 5109 aut
2677 5060 2950 5113 celeritate
2998 5056 3284 5128 corporum
3315 5076 3403 5113 res

1847 5135 2051 5200 magna;
2064 5132 2350 5200 geruntur,
2382 5126 2473 5200 sed
2505 5129 2750 5200 consilio,
2803 5126 3140 5192 auctoritate,
3184 5139 3402 5181 senten-

1848 5195 1939 5252 tia,
1966 5195 2156 5258 quibus
2172 5206 2292 5267 _nou
2323 5198 2481 5248 modo
2510 5211 2616 5250 non
2661 5199 2861 5265 orbari,
2889 5200 2983 5252 sed
3021 5201 3179 5252 etiam
3218 5203 3401 5267 augeri

1844 5271 2088 5314 senectus
2108 5261 2260 5315 solet.

1913 5329 2044 5406 Nam
2090 5343 2268 5406 manet
2323 5337 2576 5406 memoria
2621 5335 2857 5398 senibus.
2909 5336 3066 5391 modo
3097 5346 3406 5406 permaneat

1845 5399 2075 5474 studium
2099 5410 2154 5455 et
2182 5401 2463 5458 industria.
2493 5405 2743 5459 Memoria
2783 5407 2926 5462 enim
2980 5399 3255 5476 minuitur,
3296 5408 3401 5461 nisi

1841 5483 1957 5522 eain
1983 5483 2258 5527 exerceas.

1912 5537 2082 5594 Nemo
2099 5552 2183 5597 est
2211 5549 2317 5615 tam
2339 5555 2526 5615 senex,
2558 5541 2647 5611 qui
2676 5558 2736 5600 se
2763 5560 2960 5602 annum
2999 5562 3102 5602 non
3156 5555 3301 5614 putet
3325 5547 3402 5615 vi-

1843 5622 2181 5681 vereposse;
2211 5611 2305 5665 sed
2335 5609 2471 5664 idem
2501 5615 2550 5664 iu
2577 5609 2661 5667 his
2714 5618 3004 5681 elaborant,
3059 5609 3177 5681 quia
3221 5612 3402 5669 sciunt

1843 5679 2059 5754 omnino
2082 5681 2212 5754 nihil
2241 5683 2306 5732 ad
2332 5694 2392 5733 se
2433 5683 2720 5749 pertinere.
2767 5687 2961 5740 Serunt
2991 5679 3243 5754 arbores,
3273 5701 3395 5754 quae

1842 5749 1998 5827 alteri
2025 5752 2221 5827 saeculo
2246 5755 2483 5827 prosunt,
2509 5763 2566 5806 ut
2597 5755 2666 5808 ait
2699 5755 2903 5827 Statius
2935 5770 3110 5827 noster
3143 5753 3193 5810 in
3217 5749 3398 5827 Scite-

1846 5818 2048 5885 phebis.
2103 5817 2347 5889 Edepol,
2393 5831 2639 5879 senectus
2665 5826 2708 5881 si
2752 5823 2882 5881 nihil
2915 5826 3052 5883 aliud
3105 5825 3394 5898 quidquam
