3868 6256
135 415 278 468 1077

772 397 1173 469 εεΝτεΝτιΑι]
1213 405 1723 465 ῐιίηωδοιηιιωε
1764 406 1848 460 ex
1892 403 2230 460 CICERONI-1
2270 402 2672 458 COLLEC'LE.

3250 399 3384 454 1978

133 524 267 577 llrc
292 522 433 577 enim
466 519 581 586 ipsa
605 529 728 576 sunt
755 521 1308 590 honorabilioramua:
1334 517 1584 590 videntur
1610 517 1689 590 _le-
1717 519 1761 575 Α
1793 516 1977 590 eadem
2008 517 2203 590 optime
2234 530 2357 590 que
2396 516 2697 581 composuit
2738 524 2919 590 natura
2953 512 3373 590 d.§StIln\'ll,_:!;|lll

134 595 224 644 via
271 601 433 660 atque
455 591 778 657 communia,
808 586 1030 655 scilicet,
1080 586 1318 660 salutari,
1352 588 1549 655 appeti,
1591 586 1687 660 de:

133 662 285 723 cedi,
315 655 541 729 assurgi.
575 655 790 724 deduci,
818 662 1019 721 reduci.
1052 658 1278 721 consuli,
1322 673 1438 726 que
1468 666 1521 708 ct
1561 655 1695 729 apud

138 745 243 783 nos
272 742 324 783 et
369 730 421 783 in
469 726 585 782 aliis
614 731 941 793 civitatibus,
991 738 1048 782 ut
1094 742 1318 797 quaeque
1369 741 1453 779 res
1499 726 1698 794 optime

138 811 347 868 morata
379 808 479 859 est,
514 798 582 851 ita
610 798 1013 868 diligentissime
1037 799 1402 868 observantur.

212 866 274 920 In
305 866 475 934 fragili
505 864 731 935 corpore
756 869 935 921 odiosa
961 868 1133 921 omnis
1164 864 1385 918 oﬂensio
1410 873 1512 919 est.

211 937 285 990 Ut
309 939 449 989 enim
483 951 583 990 non
612 952 771 990 omne
792 939 991 1004 vinum,
1018 938 1099 991 sic
1128 951 1230 989 non
1260 935 1433 989 omnis
1454 944 1582 987 tetas
1606 949 1700 987 na-

142 1017 282 1059 tura
316 1015 575 1059 vetustate
602 1007 887 1059 coacescit.
1127 1062 1135 1069 _

213 1075 450 1128 Avaritia
482 1076 665 1129 senilis
692 1076 815 1144 quid
863 1076 960 1129 sibi
994 1074 1118 1127 vellt
1159 1088 1261 1126 non
1294 1072 1548 1140 intelligo.
1599 1072 1700 1144 Po-

136 1154 252 1198 test
278 1145 420 1199 enim
456 1143 739 1212 quidquam
772 1159 907 1200 esse
954 1144 1231 1197 absurdius
1272 1157 1429 1210 quam
1458 1156 1563 1209 quo
1594 1143 1697 1193 mi-

138 1228 247 1267 tius
278 1214 373 1266 via:
404 1222 583 1273 restat.
618 1228 683 1267 eo
713 1216 829 1279 plus
859 1214 1035 1266 viatici
1068 1213 1342 1280 querere?
1371 1214 1567 1276 Quarta
1612 1225 1693 1262 re—

137 1293 251 1337 stat
278 1298 455 1343 causa,
484 1297 601 1349 qua:
630 1284 859 1335 maxime
889 1298 1084 1350 angere
1109 1292 1266 1347 atque
1289 1281 1567 1333 sollicitam
1600 1280 1697 1332 ha-

140 1356 277 1406 bere
309 1360 542 1404 nostram
587 1360 796 1405 :etatem
825 1352 1054 1412 videtur.
1090 1352 1524 1418 appropinquatio
1554 1364 1697 1402 tuor—

141 1422 233 1480 tis.
267 1436 383 1489 qua:
412 1436 437 1470 a
468 1429 739 1475 senectute
769 1436 873 1474 non
902 1430 1075 1489 patest
1106 1424 1258 1489 longe
1279 1420 1486 1472 abesse.

216 1486 562 1544 O'miserum
611 1504 816 1554 senem,
848 1486 935 1557 qui
987 1486 1215 1542 mortem
1262 1486 1702 1541 contemnendam

139 1575 267 1614 esse
299 1561 346 1612 in
376 1570 479 1611 tam
511 1559 665 1627 longa
695 1568 851 1613 aetate
891 1575 993 1613 non
1027 1560 1233 1620 viderit,
1266 1572 1381 1624 quae
1412 1565 1503 1609 aut
1551 1558 1703 1625 plane

143 1629 464 1696 negligenda
493 1626 685 1697 est,’si
728 1630 1021 1697 exstinguit
1067 1630 1281 1682 omnino
1320 1626 1574 1697 animum,
1619 1636 1706 1679 aut

141 1695 312 1751 etiam
341 1696 571 1763 Optanda
605 1699 773 1753 multo
803 1695 986 1766 magis,
1022 1699 1065 1751 si
1097 1699 1271 1763 aliquo
1300 1710 1419 1749 eum
1464 1695 1701 1766 deducit,

141 1767 235 1820 ubi
278 1766 348 1820 sit
380 1768 585 1821 futurus
636 1765 1074 1835 aeternus.’Atqui
1124 1776 1267 1820 certe
1309 1766 1522 1819 tertium
1572 1765 1701 1817 nihil

1805 587 1981 639 omnis
2012 582 2397 655 conglutinatio
2423 600 2608 640 recens
2627 600 2785 651 πει-ρ,
2812 585 3102 655 inveterata
3121 582 3373 655 facillime

1800 652 2140 710 dissolvitur:
2167 656 2239 708 Ita
2274 658 2327 707 iit
2360 663 2414 707 ut
2437 656 2591 709 facile
2624 656 2748 706 illud
2776 656 2931 705 breve
2965 654 3086 705 vita:
3110 652 3370 716 reliquum

1802 740 1899 779 nec
1929 727 2084 781 avide
2114 724 2467 791 appetendum
2498 724 2739 788 senibus,
2774 738 2867 775 nec.
2893 724 3006 774 sine
3033 738 3191 773 causa
3217 721 3375 774 diffe-

1802 796 2022 847 rendum
2054 799 2150 859 sit;
2182 804 2431 858 vetatque
2466 796 2791 863 Pythazoras
2826 792 3027 863 injusin
3078 792 3373 863 imperato-

1802 865 1893 925 ris,
1925 865 2023 918 hoc
2052 881 2153 930 eat,
2190 864 2302 929 Dei,
2342 864 2407 917 de
2440 861 2687 932 praisidio
2736 872 2789 916 et
2819 862 3049 915 statione
3092 861 3213 914 vita:
3262 863 3374 913 dis-

1801 935 2016 987 cedere.

1873 1003 2085 1057 Solonis
2107 1004 2319 1071 quidem
2353 1002 2606 1068 sapien'is
2646 1003 2911 1068 eulogium
2942 1010 3022 1053 est
3054 1014 3159 1067 quo
3189 1014 3246 1052 se
3280 1015 3373 1071 ne-

1802 1081 1890 1137 gat
1917 1073 2051 1126 velle
2079 1070 2227 1125 suam
2255 1082 2479 1142 mortem
2504 1073 2689 1125 dolore
2720 1074 3009 1142 amicorum
3043 1081 3094 1123 et
3122 1069 3375 1123 lamentis

1804 1156 2012 1195 vacare.
2056 1143 2159 1196 Sed
2205 1139 2346 1195 haud
2384 1142 2518 1209 scio,
2551 1157 2617 1194 an
2651 1139 2843 1193 melius
2875 1141 3075 1193 Ennius
3112 1156 3126 1192 :

1927 1252 2083 1300 Nemo
2100 1266 2177 1300 me
2202 1252 2424 1310 larrymis
2445 1251 2645 1299 decoret
2667 1263 2827 1310 nepte
2854 1251 3022 1299 funera
3047 1252 3189 1308 fletu,

1932 1313 2071 1363 Faxit
2091 1327 2177 1361 cur
2201 1312 2345 1362 volito
2374 1316 2508 1360 vivus
2531 1326 2618 1371 per
2642 1326 2727 1362 ora
2747 1314 2925 1360 virum.

1807 1417 1923 1469 Non
1951 1426 2133 1470 censet
2162 1416 2444 1483 lugendam
2476 1429 2597 1469 esse
2628 1422 2880 1479 mortem,
2912 1428 3066 1483 quam
3096 1415 3378 1479 immorta-

1808 1487 1929 1539 litas
1958 1497 2345 1552 consequatur.

1881 1557 1992 1620 Hoc
2040 1556 2462 1623 prmueditatum
2514 1555 2581 1607 ab
2609 1554 2965 1607 adolescentia
3012 1553 3171 1609 debet
3216 1571 3337 1610 esse
3364 1596 3377 1621 ,

1810 1636 2034 1680 nionem
2069 1634 2123 1677 ut
2166 1626 2514 1692 negligemus,
2548 1628 2663 1678 sine
2706 1640 2804 1686 qua
2833 1624 3175 1678 meditatione
3226 1636 3369 1678 trau-

1809 1698 1979 1763 quillo
2026 1710 2145 1748 esse
2188 1697 2365 1746 animo
2416 1710 2572 1747 nemo
2604 1703 2798 1759 potest.
2850 1693 3178 1747 Moriendum
3230 1697 3372 1748 enim

1809 1776 2015 1819 eertum
2048 1775 2148 1827 est,
2195 1774 2247 1818 et
2296 1767 2553 1817 incertum
2590 1780 2653 1816 an
2706 1765 2803 1815 hoc
2838 1766 2952 1830 ipsi
2998 1766 3102 1817 die.
3153 1765 3371 1819 Mortem

144 1837 383 1890 inveniri
414 1844 609 1903 potest.
642 1836 777 1903 Quid
807 1838 963 1909 igitur
993 1834 1228 1900 timeam,
1258 1836 1299 1889 si
1318 1844 1422 1909 aut
1471 1849 1574 1888 non
1595 1835 1706 1909 _mi:
1736 1849 1780 1909 Β
1814 1836 1972 1909 igitur
1998 1835 2141 1909 horis
2168 1834 2390 1902 singulis
2415 1836 2808 1909 imponileanem
2840 1843 3102 1897 metuens,
3139 1836 3256 1903 quis
3284 1850 3375 1902 po-

141 1922 236 1960 Ser
280 1916 397 1974 post
443 1915 692 1971 mortem,
739 1914 831 1959 aut
869 1908 1054 1961 beatus
1103 1909 1261 1960 etiam
1313 1904 1516 1958 futurus
1565 1905 1703 1958 sim?

143 1976 458 2043 Quanquam
511 1975 629 2043 quis
678 1986 888 2032 esttam
952 1978 1171 2038 stultus,
1222 1984 1326 2027 tam
1376 1977 1456 2027 sui
1514 1975 1702 2038 ﬁdens,

142 2046 393 2111 quamvis
423 2043 756 2113 adolescens,
786 2046 870 2099 cui
897 2045 965 2098 sit
993 2046 1325 2113 exploratum
1348 2058 1405 2097 se
1429 2044 1491 2096 ad
1519 2058 1707 2110 vespe-

145 2129 267 2167 rum
294 2128 413 2168 esse
440 2114 736 2179 victurum;
765 2114 888 2182 quin
915 2116 1074 2168 etiam
1107 2124 1237 2167 artas
1268 2114 1354 2167 illa
1386 2115 1552 2164 multo
1591 2114 1709 2180 plu-

146 2197 238 2236 res
288 2198 441 2251 quam
491 2193 674 2237 nostra
721 2186 907 2239 mortis
953 2198 1109 2239 casus
1150 2184 1325 2237 habet.
1380 2182 1605 2235 Faciius
1656 2183 1707 2235 in

146 2254 366 2306 morbos
410 2253 648 2307 incidunt
693 2254 1080 2316 adolescentes,
1135 2255 1345 2321 gravius
1402 2263 1704 2321 regi-omit,

148 2324 359 2377 tristius
388 2333 664 2378 curantur.
712 2324 891 2392 Itaque
937 2324 1183 2392 perpauci
1212 2324 1426 2376 veniunt
1454 2322 1518 2373 ad
1551 2336 1707 2375 sene-

145 2394 375 2457 ctiitem,
404 2392 544 2457 quod
571 2393 859 2456 accideret,
890 2393 935 2446 si
967 2394 1156 2457 melius
1182 2402 1234 2444 et
1280 2392 1597 2458 prudentius
1627 2392 1706 2444 vi-

144 2472 359 2514 verent.
391 2460 537 2515 Mens
582 2463 722 2515 enim
756 2470 807 2513 et
842 2462 975 2513 ratio
1018 2472 1069 2514 et
1099 2462 1373 2514 consilium
1410 2460 1460 2512 in
1491 2460 1739 2514 senibus

146 2541 252 2584 est.
288 2531 441 2583 Omni
472 2532 643 2598 inquit
682 2530 862 2593 Scipio
891 2533 1032 2583 aetati
1063 2541 1286 2583 mortem
1316 2544 1435 2584 esse
1463 2544 1705 2581 commu-

146 2616 296 2653 nem.
332 2602 398 2663 At
440 2611 615 2669 sperat
659 2601 968 2653 adulescens
1015 2601 1106 2653 diu
1154 2614 1213 2654 se
1256 2599 1663 2653 essevicturum
1692 2641 1705 2664 ,

144 2670 292 2737 quod
347 2684 565 2737 sperare
608 2669 750 2724 idem
798 2682 964 2723 senex
1019 2684 1123 2723 non
1160 2680 1353 2736 potest,
1402 2670 1710 2735 insipienter

144 2748 352 2805 sperat.
399 2739 535 2803 Quid
565 2741 707 2792 cnim
749 2739 964 2791 stultius
992 2754 1149 2807 quam
1190 2739 1388 2792 incerta
1421 2753 1514 2806 pro
1544 2738 1709 2791 certis

144 2809 373 2872 habere,
391 2807 518 2860 falsa
536 2822 632 2875 pro
650 2808 822 2862 veris?
840 2812 1076 2862 Atsenex
1094 2823 1159 2861 ne
1172 2808 1382 2875 quidem
1400 2808 1553 2861 habet
1570 2807 1709 2875 quod

142 2888 350 2943 sperat.
384 2880 450 2929 At
478 2887 562 2932 est
593 2892 658 2930 eo
687 2878 906 2931 meliore
933 2878 1256 2941 conditione,
1288 2892 1443 2945 quam
1494 2878 1708 2930 adoles-

143 2960 301 3009 cens,
333 2961 453 3016 cum
485 2947 534 3001 il
566 2946 707 3016 quod
754 2947 841 3000 ille
884 2954 1063 3012 sperat
1106 2948 1175 3000 sit
1218 2957 1570 3007 consecutus;
1620 2946 1712 3000 ille

143 3018 263 3069 vult
290 3016 381 3069 diu
404 3015 603 3080 vivere,
634 3018 716 3070 hic
742 3018 833 3069 diu
857 3016 1006 3069 vixit.

143 3018 263 3069 vult
290 3016 381 3069 diu
404 3016 603 3080 vivere,
634 3018 716 3070 hic
742 3018 833 3069 diu
857 3016 1006 3069 vixit.
1039 3018 1369 3085 Quanquam,
1402 3031 1435 3069 ο
1463 3016 1533 3069 dii
1564 3016 1707 3081 boni,

143 3087 275 3154 quid
305 3097 388 3138 est
418 3086 470 3139 in
500 3088 601 3137 vita
635 3085 863 3140 hominis
888 3086 1002 3139 diu?
1470 3152 1477 3154 ξ
1657 3152 1666 3154 _

378 3157 590 3244 quidem
618 3157 1052 3244 tte-c‘diulurn‘tm‘t
1079 3154 1364 3244 q'tidquam
1390 3152 1706 3244 videtnr-niti
1736 3182 1782 3244 α

146 3237 255 3290 quo
273 3233 356 3277 est
374 3225 584 3293 aliquod
610 3235 927 3280 extremum.
943 3226 1077 3279 Cum
1099 3225 1238 3279 enim
1265 3226 1313 3278 id
1340 3224 1571 3285 advenit,
1597 3233 1706 3275 tum

148 3296 278 3346 illud
310 3292 725 3361 quodpneterit
778 3295 1003 3358 efﬂuxit,
1038 3305 1240 3347 tantum
1275 3303 1513 3348 remanet
1544 3306 1709 3360 quan-

150 3372 263 3414 tuni
319 3364 517 3418 virtute
565 3373 619 3416 et
670 3363 965 3418 benefactis
1014 3375 1335 3417 consecutus
1384 3365 1482 3415 sis.
1555 3362 1707 3415 Home

148 3433 365 3498 quidem
396 3433 593 3486 cedunt
621 3443 675 3486 et
701 3432 814 3485 dies
845 3445 897 3487 et
926 3446 1137 3486 menses
1165 3441 1216 3484 et
1245 3431 1390 3489 anni,
1429 3445 1525 3484 nec
1568 3445 1707 3496 pra:-

151 3502 368 3555 teritnm
401 3514 611 3570 tempus
642 3516 868 3571 unquam
897 3502 1199 3555 revertitur.
1233 3503 1337 3555 Nec
1368 3502 1490 3571 quid
1517 3513 1709 3571 sequa-

152 3582 239 3623 tur
259 3572 384 3624 sciri
420 3582 610 3639 potest.
640 3570 789 3639 Quod
824 3572 1015 3637 cuique
1041 3572 1294 3638 temporis
1322 3572 1386 3623 ad
1422 3570 1704 3622 vivendum

150 3641 328 3707 datur,
360 3655 425 3693 eo
452 3643 610 3694 debet
637 3657 753 3695 esse
780 3651 1080 3695 contentus.

225 3709 392 3762 Breve
444 3711 585 3763 enim
638 3721 843 3775 tempus
890 3712 1061 3761 astatis
1112 3709 1237 3761 satis
1270 3708 1482 3777 longum
1514 3716 1596 3762 est
1642 3709 1704 3761 ad

153 3779 289 3832 bene
339 3780 667 3845 honesteque
715 3779 1032 3843 vivendum;
1082 3778 1162 3830 sin
1214 3779 1537 3844 processeris
1588 3780 1705 3829 lon-

150 3850 294 3912 gius,
328 3862 430 3901 non
478 3848 644 3914 magis
684 3848 965 3901 dolendum
1014 3862 1169 3911 quam
1214 3848 1459 3913 agricola:
1503 3848 1703 3909 dolent,

154 3916 423 3985 prmterita
456 3920 601 3970 verni
633 3918 883 3984 temporis
914 3921 1195 3979 suavitate,
1228 3928 1464 3970 aastatem
1496 3927 1705 3968 autum-

150 4000 388 4053 numque
416 3987 647 4041 venisse.
696 3987 798 4041 Ver
828 3988 967 4039 enim
1003 3996 1247 4054 tanquam
1292 3988 1701 4039 adolescentiam

149 4056 417 4125 signiﬁcat
445 4057 783 4125 ostenditque
815 4054 1019 4125 fructus
1057 4056 1284 4109 futurus.
1340 4056 1557 4123 lie-liqua
1605 4069 1703 4105 au-

150 4124 260 4178 tem
314 4134 551 4191 tempora
590 4124 925 4177 demetendis
971 4126 1223 4179 fructibus
1265 4133 1320 4177 et
1351 4125 1703 4192 percipiendis

149 4193 548 4246 accommodata
594 4204 738 4245 sunt.
787 4192 1007 4246 Fructus
1054 4204 1228 4247 autem
1274 4196 1559 4247 senectutis
1623 4204 1704 4247 est

146 4272 278 4315 ante
320 4270 589 4330 partorum
637 4262 897 4315 bonorum
922 4263 1072 4329 cupia
1110 4274 1163 4316 et
1209 4263 1482 4317 memoria.
1514 4264 1702 4316 Omnia

149 4338 281 4386 vero
301 4346 421 4400 qua
444 4332 734 4385 secundum
766 4342 1003 4385 naturam
1040 4336 1189 4398 liunt,
1221 4344 1343 4386 sunt
1385 4333 1623 4387 habenda
1651 4335 1703 4387 in

148 4402 326 4455 bonis.
381 4401 517 4465 Quid
568 4412 652 4454 est
699 4412 875 4455 autem
930 4412 1034 4455 tam
1084 4404 1370 4457 secundum
1418 4415 1700 4469 naturam,

147 4485 309 4541 quam
340 4469 559 4541 senibus
586 4471 795 4524 emori?
824 4472 973 4537 Quod
1019 4472 1157 4526 idem
1187 4473 1449 4541 contingit
1494 4474 1701 4541 adoles-

99 4540 105 4549 '
146 4518 394 4594 gentibus
444 4539 760 4593 adversante
802 4518 867 4595 ac
905 4552 1227 4607 repugnante
1270 4518 1473 4594 uatifra.
1521 4518 1698 4607 lisque
1730 4518 1779 4575 Ῐ)

146 4609 520 4662 adolescentes
557 4610 692 4662 mori
734 4610 862 4663 mihi
906 4611 983 4663 sic
1014 4612 1275 4673 videntur,
1305 4623 1359 4663 ut
1403 4625 1522 4664 cum
1550 4624 1701 4677 aqua:

149 4678 493 4731 multitudine
540 4677 767 4729 flamma:
812 4680 891 4733 vis
936 4684 1267 4747 opprimitur.
1312 4682 1481 4734 Senes
1524 4689 1700 4732 autem

146 4747 230 4800 sic
282 4758 402 4799 eum
450 4760 544 4799 sua
593 4756 801 4813 sponte,
836 4750 976 4802 nulla
1034 4754 1078 4801 vi
1130 4752 1393 4815 adhibita,
1448 4764 1701 4802 consum-

148 4826 280 4886 plus
298 4814 434 4886 ignis
459 4816 841 4885 exstinguitur.
872 4816 935 4869 Et
964 4820 1112 4886 quasi
1146 4834 1299 4885 paina
1327 4834 1389 4871 ex
1426 4819 1703 4870 arboribus

146 4883 316 4939 cruda
350 4884 395 4936 si
444 4886 572 4948 sint,
605 4883 663 4939 vi
685 4883 1002 4949 avelluntur,
1053 4887 1095 4939 si
1129 4883 1333 4938 matura
1363 4896 1416 4939 et
1457 4888 1700 4951 decocta,

145 4952 428 5018 decidunt,
458 4958 535 5007 sic
566 4955 727 5009 vitam
758 4956 1003 5009 adolesce
1027 4959 1185 5008 nibus
1216 4958 1293 5008 vis
1322 4958 1515 5016 aulert,
1562 4956 1703 5007 seni-

146 5024 251 5077 bus
284 5023 588 5089 maturitas,
617 5038 734 5090 qua
758 5025 866 5094 jam
898 5026 1021 5077 mihi
1053 5035 1155 5077 tam
1183 5026 1411 5092 jucunda
1448 5035 1551 5087 est,
1597 5036 1704 5094 quo

148 5095 374 5162 prapius
420 5093 486 5147 ad
527 5092 773 5146 mortem
806 5092 1073 5162 accedam,
1107 5097 1253 5160 quisi
1298 5106 1491 5147 terram
1536 5093 1702 5147 videri

146 5158 354 5227 videar,
387 5172 442 5217 et
469 5162 755 5228 aliquando
785 5158 841 5231 id
863 5175 1071 5230 portum
1096 5158 1157 5216 ex
1187 5166 1341 5231 longa
1367 5164 1703 5230 navigatione

147 5216 433 5287 venturus.
452 5216 756 5295 Senectutis
796 5216 974 5287 autem
1003 5216 1379 5287 nulluscerutus
1407 5216 1701 5285 estvtermié

146 5314 291 5363 nua.
338 5310 589 5371 recteque
640 5303 691 5356 in
736 5315 798 5355 ea
848 5302 1059 5371 vivitur,
1112 5304 1283 5371 quoad
1325 5303 1496 5355 minus
1528 5300 1701 5353 cilicii

147 5368 373 5437 exsequi
422 5368 594 5438 poscis
633 5381 689 5425 et
737 5370 893 5436 tueri,
936 5380 990 5423 et
1035 5368 1148 5427 tuto
1194 5383 1417 5425 mortem
1462 5377 1702 5423 contem-

146 5453 303 5505 nere,
356 5451 422 5493 ex
472 5453 580 5507 quo
627 5441 687 5493 iit
715 5449 773 5494 ut
816 5440 1105 5494 animosior
1150 5442 1309 5496 etiam
1337 5442 1408 5496 sit
1454 5448 1705 5495 senectus

145 5508 692 5583 quamadolesecntia
716 5518 771 5583 et
788 5509 1001 5583 fortior.
1195 5557 1200 5563 .

220 5578 331 5635 Sed
359 5576 683 5649 vivendiest
711 5578 833 5635 linis
858 5580 1114 5649 optimus,
1143 5592 1267 5633 cum
1284 5578 1495 5649 integra
1522 5588 1717 5636 mente

142 5660 419 5716 cenisque
444 5646 690 5702 sensibus
717 5662 855 5715 opus
875 5646 988 5717 ipsa
1016 5665 1170 5705 suum
1196 5648 1381 5703 eadem
1409 5646 1534 5717 igua:
1566 5664 1699 5703 con-

182 5717 427 5773 lutiuavit
473 5728 660 5771 natura
706 5717 983 5785 dissolvit;
1014 5727 1301 5775 ut'navem
1334 5728 1390 5774 et
1417 5718 1700 5774 editicium

182 5736 427 5773 unum";
473 5736 660 5771 natura
706 5736 983 5785 GIBIOIVII;
1014 5736 1070 5774 ιιι
1113 5736 1301 5775 navem
1334 5736 1390 5774 οι
1417 5736 1700 5774 reuinctum

139 5736 401 5845 facillime
430 5788 571 5845 idem
600 5787 844 5858 destruit,
870 5790 959 5859 qui
986 5792 1311 5857 construxit,
1325 5789 1401 5846 sic
1430 5788 1717 5846 hominem.

1811 1906 1932 1959 terit
1955 1905 2131 1956 animo
2163 1918 2352 1957 securo
2376 1904 2711 1957 consistere?

1882 1974 2018 2027 Dum
2064 1988 2247 2027 sumus
2297 1974 2486 2027 inclusi
2525 1976 2576 2025 in
2619 1974 2698 2027 his
2743 1974 3085 2041 compagibus
3114 1976 3378 2041 corporis,

1808 2058 2029 2098 munere
2057 2045 2284 2107 quodam
2316 2044 2653 2097 necessitatis
2684 2054 2735 2096 et
2783 2044 2929 2111 gravi
2958 2059 3117 2106 opere
3162 2044 3378 2111 peritiu—

1809 2117 1999 2183 giniur.
2038 2113 2129 2165 Est
2154 2116 2298 2165 enim
2327 2112 2561 2167 cmlestis
2589 2114 2798 2183 animus
2826 2128 2891 2167 ex
2920 2114 3180 2166 altissimo
3210 2117 3377 2167 domi-

1807 2182 1931 2235 cilio
1962 2187 2244 2247 depresstts
2287 2193 2339 2235 et
2368 2183 2521 2250 quasi
2569 2182 2844 2235 demersus
2884 2184 2932 2234 in
2977 2192 3197 2245 terram,
3231 2184 3375 2236 oliti-

1812 2267 1941 2305 nens
1965 2252 2158 2304 divina:
2184 2260 2389 2305 natura:
2414 2252 2586 2304 locum
2612 2252 3001 2319 aeternitatique
3023 2256 3371 2307 contrarium.

1808 2323 1912 2376 Sed
1945 2322 2106 2375 credo
2148 2320 2276 2375 deos
2308 2321 2633 2375 immortales
2662 2322 2918 2388 sparsisse
2946 2324 3149 2374 animos
3182 2324 3230 2387 in
3255 2338 3376 2375 cors

1812 2407 1937 2458 pora
1972 2392 2222 2454 humana,
2260 2400 2314 2444 ut
2338 2400 2519 2445 essent
2540 2393 2626 2459 qui
2656 2401 2823 2445 terras
2849 2400 3143 2453 tuerentur,
3177 2394 3378 2460 quique

1809 2462 2105 2515 cmlestium
2131 2462 2374 2515 ordinem
2404 2460 2827 2528 contemplantes
2862 2462 3196 2514 imitarentur
3230 2478 3376 2524 eun,

1812 2542 1932 2582 Vetas
1964 2534 2122 2581 modo
2148 2540 2307 2595 atque
2333 2529 2654 2584 constantia.
2684 2529 2788 2583 Nec
2814 2546 2899 2583 me
2932 2533 3065 2583 ratio
3091 2531 3295 2597 impulit
3320 2546 3377 2584 ut

1808 2600 1878 2653 ita
1910 2600 2209 2661 crederem,
2241 2601 2334 2654 sed
2365 2600 2653 2663 disputatio
2694 2603 2851 2653 etiam
2886 2608 2938 2652 ct
2972 2601 3256 2652 auctoritas
3285 2616 3379 2653 ve-

1812 2678 1984 2739 terum
2012 2680 2065 2722 et
2110 2670 2370 2724 nobilium
2402 2670 2950 2739 philosowiorumnet
2983 2671 3033 2722 iu
3069 2672 3250 2736 primis
3278 2669 3377 2739 Py-

1812 2738 2069 2806 thagorae,
2098 2740 2184 2862 Ἑιί
2214 2714 2559 2793 θίυηίἷθτεει
2584 2714 2761 2792 triente
2785 2714 2963 2792 divlna
2992 2714 3252 2792 delibatos
3278 2714 3374 2793 ﬂlJDS

1812 2808 2015 2861 animos
2046 2809 2108 2862 ha
2153 2824 2244 2862 ere
2268 2809 2673 2862 demonstravit.
2706 2810 2969 2862 Prmterea
3002 2809 3257 2862 Socratis.
3284 2812 3373 2862 uni

1810 2808 2015 2861 animos
2046 2808 2244 2863 habere
2268 2809 2673 2863 demonstravit.
2706 2810 2969 2862 Prmterea
3002 2809 3257 2875 Socratis,
3284 2812 3373 2875 qui

1810 2891 2059 2946 supremo
2091 2879 2211 2933 vita
2235 2878 2321 2932 die
2347 2879 2415 2932 de
2458 2880 2583 2930 imm
2606 2878 2853 2931 irtalitate
2883 2877 3177 2931 animorum
3202 2878 3374 2931 disse-

1813 2948 1934 2999 ruit.
1970 2948 2115 3019 Quidj
2139 2949 2340 3019 multa?
2369 2947 2458 3019 Sic
2483 2948 2718 3019 persuasi
2747 2949 2896 3010 mihi,
2924 2950 2999 2999 sic
3032 2949 3225 3019 sentio,
3250 2961 3369 3000 cum

1812 3023 1957 3068 tanta
1985 3016 2271 3071 celebritas
2301 3018 2601 3071 animorum
2635 3018 2725 3078 sit,
2763 3028 2902 3071 tanta
2935 3017 3187 3070 memoria
3238 3032 3370 3083 pra:-

1812 3087 2111 3153 teritorum,
2145 3086 2550 3154 futurorumque
2582 3086 2883 3154 prudentia,
2918 3097 2994 3139 tot
3022 3097 3184 3149 artes,
3214 3095 3373 3140 tanta:

1813 3156 2073 3222 scientiae,
2099 3156 2439 3222 totinventa,
2479 3172 2583 3209 non
2613 3172 2768 3223 poSse
2811 3171 2926 3210 eam
2973 3165 3212 3209 naturam
3255 3171 3373 3223 qua:

1817 3238 1903 3277 res
1936 3234 2113 3280 tantas
2157 3228 2458 3281 c0utineret
2497 3241 2617 3279 esse
2666 3227 2964 3280 mortalem.
3015 3225 3163 3277 Plato
3208 3226 3371 3279 etiam

1810 3304 1993 3347 noster
2023 3296 2162 3363 apud
2198 3296 2601 3362 Xequhontem
2632 3297 2861 3350 moriens
2912 3294 3025 3361 licet:
3050 3294 3186 3347 dixit
3216 3311 3227 3346 :
3276 3294 3412 3362 No~_

1809 3364 1899 3416 lite
1931 3367 2203 3431 arbitrari,
2236 3382 2268 3420 ο
2315 3365 2443 3419 mihi
2487 3365 2790 3417 charissimi
2841 3365 2954 3425 lilii,
2988 3379 3108 3417 cum
3153 3378 3181 3414 a
3226 3364 3379 3417 vobis

1808 3432 2134 3498 discessero,
2162 3450 2532 3499 mexnusquam
2568 3444 2657 3487 aut
2688 3436 2889 3487 nullum
2922 3434 3055 3486 fore.
3101 3432 3209 3486 Nec
3233 3434 3376 3486 enim

1808 3502 1932 3554 dum
1958 3518 2101 3556 eram
2127 3500 2427 3569 vobiscum,
2460 3519 2579 3557 eum
2606 3504 2865 3557 videbatis
2892 3506 3124 3557 animum
3158 3503 3249 3570 qui
3278 3505 3373 3555 hos

1806 3578 1954 3625 artus
1998 3573 2236 3641 regebat,
2263 3574 2356 3627 sed
2384 3588 2504 3628 esse
2535 3590 2655 3626 eum
2703 3574 2753 3627 in
2787 3574 2889 3627 hoc
2918 3588 3141 3641 corpore
3170 3587 3237 3626 ex
3291 3572 3373 3624 his

1808 3644 1965 3693 rebus
1993 3658 2125 3709 quas
2168 3644 2419 3711 gerebam
2466 3644 2877 3712 intelligebatis;
2918 3642 3375 3712 eumdemgigitur

1808 3726 1926 3763 esse
1955 3710 2237 3777 creditote,
2280 3715 2446 3770 etiam
2487 3715 2529 3766 si
2563 3710 2761 3766 nullum
2796 3714 3063 3766 videbitis.
3110 3710 3233 3764 Mihi
3260 3710 3376 3779 qui-

1808 3782 1926 3832 deni
1975 3784 2282 3846 persuaderi
2332 3798 2598 3850 nunquam
2655 3791 2860 3849 poterat
2894 3784 3100 3833 animos
3146 3781 3273 3833 dum
3321 3781 3373 3833 in

1805 3854 2119 3916 corporibus
2165 3860 2347 3904 essent
2393 3853 2707 3904 mortalibus
2735 3851 2935 3914 vivere,
2982 3866 3103 3903 cum
3133 3851 3374 3903 exissent

1806 3932 1869 3971 ev
1926 3922 2022 3979 eis,
2076 3922 2229 3972 mori.
2276 3919 2384 3974 Nec
2433 3936 2559 3973 vero
2606 3936 2726 3974 eum
2775 3922 3011 3973 animum
3068 3933 3188 3972 esse
3246 3919 3381 3971 insi-v

1810 3988 2077 4058 pientem,
2150 4004 2271 4043 cum
2326 4006 2391 4043 ex
2456 3988 2731 4058 insipienti
2778 4005 3003 4057 corpore
3068 3989 3367 4050 evasisset,

1804 4056 1900 4108 sed
1931 4072 2054 4111 cum
2076 4058 2399 4115 admistione
2424 4056 2666 4127 corporis
2689 4056 2964 4121 liberatus,
3001 4072 3162 4126 petrus
3207 4066 3258 4109 et
3292 4058 3369 4108 in-

1807 4134 2083 4191 tegercssc
2098 4131 2371 4195 ccepisset,
2393 4141 2515 4181 tunc
2536 4144 2655 4182 esse
2679 4130 2992 4195 sapientem.
3023 4132 3191 4192 Atque
3213 4127 3369 4179 etiam

1805 4210 1927 4248 cum
1975 4211 2161 4251 natura
2192 4198 2419 4250 hominis
2450 4207 2622 4250 morte
2670 4198 3007 4259 dissolvitur,
3055 4207 3367 4249 cmteraruin

1807 4280 1984 4318 rerum
2014 4267 2350 4331 perstricuum
2384 4278 2465 4337 cst
2487 4283 2591 4335 quo
2612 4269 2729 4337 (sic)
2758 4284 2930 4335 neque
2947 4264 3370 4321 discedant...“-

1806 4345 1934 4387 euut
1961 4351 2098 4387 enim
2128 4336 2249 4390 illuc
2270 4336 2445 4390 omnia
2480 4339 2617 4391 unde
2638 4348 2753 4389 orta
2782 4346 2923 4389 sunt.
2944 4338 3165 4390 Animus
3192 4344 3365 4386 autem

1807 4406 1973 4466 solus,
2006 4420 2101 4459 nec
2122 4420 2240 4460 cum
2263 4408 2433 4470 adest,
2462 4423 2558 4461 nec
2589 4422 2705 4459 cuin
2734 4407 3230 4472 discedi_t.apparet.
3251 4402 3366 4454 .latn

1808 4488 1934 4525 vero
1970 4476 2157 4529 videtis
2206 4477 2334 4528 nihil
2379 4491 2497 4531 esse
2545 4486 2714 4527 morte
2757 4476 2985 4528 similitn
3017 4489 3173 4543 quam
3199 4485 3362 4543 Asom-

1808 4557 1955 4601 num,
2007 4553 2164 4612 atque
2193 4546 2569 4599 dormientium
2610 4544 2772 4595 animi
2822 4541 3049 4601 maxime
3095 4541 3367 4595 declarant

1808 4612 2136 4666 divinitatem
2169 4630 2318 4666 suam
2352 4632 2363 4665 :
2408 4626 2474 4668 ex
2504 4628 2611 4681 quo
2658 4612 2966 4683 intelligitur
3000 4614 3153 4667 facile
3177 4613 3363 4678 quales

1807 4682 1967 4735 futuri
1995 4685 2119 4745 sint,
2148 4698 2265 4736 cum
2309 4698 2366 4736 sc
2409 4686 2565 4751 plane
2588 4685 2814 4737 vinculis
2840 4682 3121 4749 corporum
3156 4684 3357 4733 relaxa-

1808 4752 1999 4805 verint.
2029 4752 2141 4803 Non
2164 4754 2305 4805 enim
2339 4755 2489 4807 multi
2515 4764 2829 4823 praestantes
2852 4755 2971 4811 viri.
2998 4766 3131 4820 quos
3173 4763 3360 4823 nume-

1807 4833 1929 4873 rare
1956 4837 2059 4872 non
2087 4832 2166 4874 est
2189 4838 2430 4887 necesse,
2458 4817 2599 4878 tanta
2626 4830 2806 4874 essent
2827 4817 3030 4884 conati,
3056 4834 3174 4888 qua:
3195 4817 3258 4870 ad
3280 4832 3365 4886 po-

1805 4890 2062 4961 steritatis
2122 4895 2432 4947 memoriam
2479 4894 2845 4961 pertinerent,
2895 4892 2997 4945 nisi
3038 4890 3367 4961 iudicassent

1806 4960 2016 5029 animos
2043 4961 2369 5014 immortales
2400 4960 2517 5028 post
2557 4961 2865 5014 defuncmm
2898 4976 3091 5029 corpus
3112 4960 3365 5029 existere.

1806 5028 1992 5082 Nonne
2014 5029 2203 5083 mebus
2226 5033 2393 5083 multo
2424 5031 2613 5084 fuisset
2638 5033 2867 5084 Otiosum
2910 5028 3121 5084 tetatem
3146 5038 3198 5081 et
3222 5028 3369 5094 quie-

1807 5107 1913 5151 tam
1944 5099 2058 5149 sine
2086 5099 2193 5150 ullo
2228 5100 2405 5153 labore
2448 5100 2681 5154 maximi
2718 5110 2771 5153 et
2801 5103 3146 5154 contentione
3193 5096 3367 5148 tradu-

1806 5167 1966 5221 cere?
1992 5165 2141 5231 Quod
2167 5170 2381 5235 quidem
2415 5171 2519 5224 nisi
2547 5173 2616 5225 ita
2641 5184 2701 5225 se
2727 5171 2949 5224 haberet
2979 5179 3035 5222 ut
3062 5166 3227 5219 animi
3275 5166 3375 5217 im-

1807 5237 2058 5307 mortales
2073 5234 2274 5301 essent,
2299 5254 2402 5293 nOn
2426 5242 2613 5307 Optimi
2632 5241 2897 5307 cujusque
2912 5240 3122 5307 animus
3143 5234 3378 5307 maxime

1807 5306 1869 5385 ad
1898 5304 2315 5385 immortalitatis
2342 5304 2566 5379 gloriam
2600 5304 2881 5385 niteretur.
2911 5306 3089 5385 Quid?
3118 5305 3258 5385 quod
3290 5317 3373 5356 sa-

1808 5375 2187 5449 pientissimus,
2221 5375 2444 5449 quietius
2494 5379 2801 5449 aequissimo
2833 5448 2837 5449 ί
2866 5380 3048 5449 animo
3100 5376 3369 5449 moritur,

1806 5444 2155 5502 stultissimus
2179 5444 2509 5515 iniquissimo
2530 5444 2772 5500 l‘Nonne
2795 5448 3006 5501 videtur
3032 5446 3191 5501 vobis
3210 5444 3369 5515 isgqui

1808 5515 1945 5587 1⁵³υὲ
1971 5516 2245 5587 ςετιιίιιοι
2271 5511 2506 5587 Ἰοηείιιε
2551 5516 2898 5587 videt,nossc
2941 5530 3001 5570 se
3042 5514 3108 5587 ad
3150 5511 3372 5587 meliora

1810 5583 2097 5657 proficisci,
2130 5585 2219 5657 ille
2249 5583 2426 5642 autem
2450 5589 2601 5657 cujus
2629 5583 2871 5657 obtusior
2900 5588 2973 5638 sit
2991 5586 3137 5638 acies
3160 5594 3265 5635 non
3294 5583 3375 5657 vi:

1807 5648 1979 5707 dere?
2005 5648 2120 5708 Non
2159 5655 2287 5707 libet
2327 5660 2469 5711 enim
2514 5648 2637 5710 inibi
2685 5655 2970 5723 deplorare
3001 5658 3186 5716 vitam,
3227 5648 3368 5718 quod

1810 5723 1961 5777 multi
1993 5724 2185 5794 indocti
2212 5737 2356 5794 smpe
2396 5726 2666 5791 fecerunt;
2700 5738 2870 5794 neque
2914 5738 3002 5778 me
3028 5724 3229 5777 vixisse
3255 5731 3375 5787 pm-i

1810 5794 1963 5863 nitet,
2008 5792 2257 5863 quoniam
2291 5792 2359 5852 ita
2406 5798 2535 5867 vixi,
2584 5805 2641 5851 ut
2684 5809 2789 5850 non
2831 5792 3030 5849 frustra
3056 5806 3141 5847 me
3179 5800 3388 5847 natum.
