3868 6256
156 379 302 435 1081

809 377 1213 432 δεΝτεΝτιιε
1252 377 1767 434 Ριιιιοεοιηιιειε
1810 377 1911 431 ΕΧι
1940 377 2276 433 CICERONE
2314 376 2720 436 εοιιεοτιε.

3271 389 3294 442 1
3308 389 3411 442 083

150 497 456 548 metiuntur
482 493 726 545 homines
754 491 1058 544 divitiarum
1089 490 1327 560 modum.
1385 491 1568 544 Filiam
1601 491 1719 557 quis
1748 491 1797 550 Α
1827 499 2100 556 permanet
2131 491 2470 558 incorruptus
2494 535 2508 556 ,
2557 507 2746 560 suique
2787 493 2974 546 similis
3001 537 3016 558 ,
3069 511 3290 550 necesse
3322 509 3405 555 est

151 567 344 628 habet,
396 565 620 631 pecunia
664 576 799 628 Opus
843 570 942 614 est.
996 561 1155 631 Duas,
1185 559 1486 627 ntajnre;si
1511 563 1710 628 plures,

151 635 366 699 uiajnre
403 630 586 684 etiam.
615 698 620 699 γ
655 634 721 683 At
748 632 790 683 si
825 632 904 696 (ut
926 631 1094 696 aiunt)
1138 630 1300 682 Danai
1333 631 1711 694 quinquaginta

151 698 274 755 sunt
304 702 424 755 lilia:
467 698 658 761 alicui,
710 707 790 751 tot
826 699 977 752 dotes
1012 713 1252 765 magnam
1281 710 1524 766 qu.eruut
1557 715 1716 761 neeu-

147 787 327 823 ‘uiam.
373 771 636 833 Quantum
682 769 821 822 enim
863 769 1104 833 cuiquam
1144 782 1279 828 opus
1305 780 1383 820 est
1409 809 1424 828 ,
1457 770 1521 819 ad
1553 769 1601 820 id
1627 785 1716 821 ac-

150 842 551 902 commodatur,
597 848 652 890 ut
696 849 818 890 ante
854 837 1002 897 dixi,
1035 837 1334 889 divitiarum
1367 839 1571 890 modus.
1615 840 1712 902 Qui

153 911 328 976 igitur
357 924 461 961 non
493 909 626 960 filias
652 908 853 971 plures,
895 908 986 958 sed
1018 906 1428 960 innumerabiles
1458 909 1715 971 cupidita-
1761 958 1766 962 .

153 990 245 1033 tes
275 980 451 1037 habet.
482 993 599 1042 qum
624 978 769 1030 brevi
803 987 1040 1038 tempore
1061 989 1276 1041 magnas
1304 977 1484 1040 copias
1513 977 1717 1029 exhau-

155 1049 274 1100 rire
306 1049 541 1116 possint,
575 1048 712 1100 hunc
740 1061 838 1114 ego
860 1045 1128 1116 quomodo
1167 1046 1442 1116 appellabo
1473 1046 1712 1116 divitem,

153 1133 286 1171 cum
307 1113 429 1187 ipse
458 1130 616 1184 egere
655 1131 713 1170 se
739 1113 963 1187 sentiat?
1011 1113 1216 1166 Eten’m
1239 1114 1569 1187 ‘divitiarum
1601 1114 1715 1166 frti-

153 1199 285 1240 Cttls
315 1183 365 1240 in
394 1183 544 1249 copia
578 1195 698 1246 cst,
750 1185 954 1248 copiam
998 1196 1170 1234 autem
1220 1183 1456 1235 declarat
1500 1187 1716 1237 satietas

154 1271 379 1318 rerum,
413 1266 572 1324 atque
609 1254 949 1324 abundantia.
1008 1255 1135 1316 Quis
1161 1252 1630 1324 igi:ur_(siquidein
1660 1262 1715 1305 ut

153 1327 390 1393 quisque
435 1321 589 1393 quod
621 1323 829 1388 plurimi
875 1323 944 1374 sit
986 1324 1289 1393 possideat,
1323 1321 1391 1374 ita
1422 1324 1714 1393 ditissimus

155 1390 234 1447 sit
287 1390 600 1460 habendus)
648 1393 851 1444 dubitet
898 1393 1147 1459 quoniam
1178 1392 1227 1442 in
1275 1393 1466 1445 virtute
1513 1391 1711 1444 divitia!

155 1466 298 1524 sint.
328 1464 574 1529 quoniam
605 1464 742 1514 nulla
791 1463 1080 1526 pussessio,
1121 1461 1262 1512 nulla
1295 1461 1372 1513 vis
1403 1463 1516 1514 auri
1546 1470 1600 1514 et
1625 1477 1716 1514 ar-

159 1533 313 1602 genti
349 1533 510 1592 pluris
535 1547 689 1597 quant
724 1531 884 1582 virtus
913 1530 1222 1602 fﬂSlianltda
1245 1540 1347 1602 est.
1396 1598 1406 1602 _
1693 1573 1707 1591 ,

233 1601 283 1656 Ο
311 1603 380 1654 dii
406 1603 749 1662 ἰηιιιιοτιειΙιις,
775 1613 878 1650 non
922 1599 1220 1666 intelligunt
1268 1598 1510 1652 homines
1559 1613 1715 1663 quam

161 1686 418 1738 maguum
450 1671 666 1737 vectigal
699 1671 766 1721 sit
795 1666 1298 1736 parcitnonialUter
1329 1669 1485 1733 igitur
1511 1679 1591 1722 est
1631 1670 1716 1723 di-

160 1741 295 1806 tior,
328 1741 410 1793 cui
435 1740 606 1804 deeSt,
633 1754 696 1791 an
720 1741 804 1791 cui
832 1748 1066 1803 superat,
1089 1738 1180 1805 qui
1203 1747 1324 1805 eget
1346 1752 1409 1788 an
1433 1739 1519 1805 qui
1551 1739 1720 1790 abun-

1825 560 1895 612 ita
1928 560 2148 624 feratur,
2198 571 2255 613 ut
2305 572 2551 628 penetret
2592 572 2645 617 et
2676 563 2877 616 dividat
2904 581 3061 618 omne
3101 569 3297 622 caelum
3327 587 3341 620 :
3372 585 3402 623 a

1819 644 1925 703 quo
1952 629 2385 703 quidemanimo
2432 632 2760 699 philosophia
2787 673 2800 694 ,
2839 643 3087 703 tanquam
3135 635 3204 688 ab
3234 640 3403 692 oculis

1815 699 2104 770 caliginem
2133 699 2387 764 dispulit,
2437 711 2493 753 ut
2517 704 2694 754 omnia
2725 718 2914 769 supera
2940 699 2958 760 ,⁷
2979 705 3166 764 infera,
3208 708 3399 770 prima,

1816 768 1988 818 niedia
2015 809 2028 832 ,
2058 768 2243 820 ultima
2269 770 2593 825 videremus.
2650 768 2874 824 Prorsus
2915 775 3029 826 haec
3055 768 3238 827 divina
3273 768 3399 830 mihi

1818 838 2022 889 videtur
2055 839 2154 901 vis,
2185 854 2300 904 qua:
2332 849 2409 892 tot
2435 855 2520 893 res
2549 841 2769 905 efficiat,
2802 852 2855 894 et
2881 852 3084 896 tantas.

1887 907 2147 978 Ngecgvero
2194 912 2330 961 Deus
2379 911 2491 976 ipse
2536 913 2622 976 qui
2658 911 2976 976 intelligitur
3006 927 3034 963 a
3069 914 3247 978 nobis,
3284 916 3388 968 alio

1817 976 1976 1048 modo
2004 976 2222 1040 intelligi
2250 988 2462 1044 potest,
2523 982 2619 1032 nisi
2666 994 2815 1032 mens
2856 983 3024 1033 soluta
3057 976 3299 1048 quaedam
3331 992 3387 1037 et

1818 1045 1985 1097 libera
2015 1049 2387 1113 segregatione
2419 1051 2485 1101 ab
2511 1051 2654 1102 omni
2677 1053 3021 1103 caneretinne
3051 1045 3286 1106 mortali.

1887 1115 2152 1177 Socrates,
2184 1132 2304 1170 cum
2335 1135 2466 1182 pene
2497 1121 2546 1171 in
2575 1135 2731 1172 manu
2758 1117 2867 1185 jam
2901 1119 3229 1174 mortiferum
3261 1122 3388 1174 illud

1817 1193 2020 1260 teneret
2053 1186 2318 1260 poculum,
2348 1190 2641 1260 locutusita
2673 1201 2782 1251 est,
2818 1199 2875 1240 ut
2917 1206 3020 1241 non
3069 1190 3131 1240 ad
3169 1203 3390 1260 llLOt‘lelll

1817 1256 1977 1317 trudi,
2012 1270 2194 1307 verum
2221 1256 2271 1306 in
2298 1258 2486 1310 crelum
2515 1259 2782 1310 videretur
2809 1260 3122 1311 ascendere.
3152 1256 3389 1312 Ita'cuim

1817 1325 2064 1376 censebat
2089 1363 2103 1383 ,
2135 1325 2312 1388 itaque
2335 1328 2582 1379 disseruit
2612 1328 2742 1379 duas
2765 1344 2880 1379 esse
2905 1329 3018 1380 vias
3043 1330 3386 1392 duplicesque

1817 1407 2005 1464 Cursus
2051 1394 2343 1464 animarum
2399 1411 2625 1460 rurpore
2670 1398 3067 1449 exectlentium.
3124 1398 3256 1450 Nam
3299 1400 3389 1464 qui

1817 1477 1874 1513 sc
1903 1461 2145 1513 humanis
2173 1464 2313 1514 vitiis
2343 1465 2799 1517 contaminassent
2821 1509 2835 1528 ,
2868 1473 2922 1517 et
2951 1481 3010 1519 se
3040 1477 3180 1517 tctos
3206 1461 3385 1519 libidi-

1819 1531 1975 1583 nibus
2019 1531 2326 1601 dedissent,
2359 1536 2551 1601 quibus
2581 1536 2761 1586 caecati
2797 1535 2876 1586 vel
2904 1534 3216 1588 domesticis
3244 1537 3383 1591 vitiis

1819 1611 1978 1665 atque
2027 1599 2238 1667 ﬂagitiis
2280 1617 2337 1654 se
2378 1599 2836 1670 inquinavissent,
2906 1604 2988 1656 vel
3038 1605 3086 1655 in
3121 1606 3391 1666 republica

1823 1669 2068 1722 violanda
2101 1671 2312 1724 fraudes
2364 1669 2713 1738 inetpiabiles
2760 1674 3167 1739 concepissent,
3202 1673 3268 1725 iis
3298 1676 3393 1727 de-

1819 1739 1962 1790 vium
1987 1739 2253 1805 quoddam
2287 1741 2384 1794 iter
2406 1756 2526 1795 esse
2547 1742 2811 1794 seclusum
2849 1757 2875 1792 a
2900 1743 3128 1795 concilio
3146 1743 3391 1797 deorum.

158 1810 278 1873 dat,
309 1811 390 1862 cui
423 1809 688 1872 poSSes-io
733 1823 838 1886 quo
888 1807 1055 1886 major
1082 1817 1173 1886 est
1198 1845 1212 1869 ,
1262 1821 1326 1859 eo
1357 1807 1472 1885 plus
1499 1806 1718 1886 requirit
1749 1830 1795 1886 Β
1823 1808 1922 1886 ριιὶ
1950 1818 2142 1886 autem
2192 1824 2251 1886 se
2277 1811 2513 1886 integros
2540 1821 2820 1886 castosque
2844 1813 3233 1886 servavissent,
3263 1815 3392 1879 qui-

157 1881 228 1930 ad
257 1895 318 1931 se
341 1879 613 1937 tuendam,
648 1894 712 1928 an
742 1877 828 1942 qui
855 1878 964 1929 suis
993 1876 1195 1928 viribus
1219 1889 1278 1927 se
1307 1876 1572 1928 sustinet?
1604 1877 1718 1928 Non

157 1948 515 2000 aestimatione
541 1960 732 2000 census
754 1989 766 2004 ,
797 1959 980 1998 verum
1010 1947 1146 1997 victu
1175 1952 1336 2007 atque
1360 1946 1504 1996 cultu
1534 1946 1720 1998 termi-

160 2028 326 2068 natur
359 2017 592 2082 peruniae
626 2017 830 2065 modus.
889 2014 999 2065 Non
1029 2028 1149 2068 eSse
1175 2015 1424 2078 cupidum
1458 2016 1716 2080 pecuniae,

162 2101 275 2138 nun
317 2101 434 2138 e~se
481 2095 717 2137 tenacem
766 2083 1070 2143 veCtigalis,
1119 2093 1428 2134 contentum
1459 2099 1585 2135 vero
1614 2085 1725 2138 suis

157 2169 288 2208 “se
334 2156 527 2214 rebus,
586 2155 832 2205 maximae
877 2165 998 2203 sunt
1047 2153 1464 2220 certissima‘que
1505 2148 1736 2208 divitiaﬁ

161 2224 377 2276 Etenim
402 2226 444 2276 si
465 2223 548 2275 isti
573 2222 749 2274 callidi
777 2237 950 2275 rerum
968 2224 1320 2273 testimatnres
1337 2233 1482 2284 prata
1506 2231 1728 2277 ctareas

159 2294 423 2360 quasdam
455 2291 624 2359 magni
658 2293 943 2355 aestimant,
978 2291 1113 2355 quod
1145 2291 1190 2341 ei
1221 2289 1402 2356 generi
1435 2293 1728 2355 possessio-

160 2377 295 2412 num
342 2361 556 2413 minimc
604 2360 752 2426 quasi
806 2362 984 2412 noceri
1030 2361 1225 2425 pussit,
1276 2373 1432 2425 quam
1462 2371 1542 2410 est
1586 2360 1728 2413 testi-

161 2431 354 2481 manila
387 2431 572 2492 virtus,
602 2445 718 2495 qum
752 2445 845 2480 nec
871 2427 1001 2494 eripi
1044 2442 1140 2480 nec
1171 2427 1362 2494 surripi
1393 2437 1583 2492 potest,
1631 2444 1724 2482 ne.

158 2515 270 2566 que
304 2501 572 2567 nau'ragio
601 2514 771 2564 neque
804 2498 1051 2550 incendio
1081 2496 1359 2559 amittitur,
1395 2512 1491 2549 nec
1530 2510 1729 2565 tempe-

159 2579 360 2620 statum
398 2583 494 2622 nee
543 2579 836 2634 temporum
885 2567 1280 2634 perturbuione
1325 2577 1575 2629 mutatur,
1629 2583 1726 2636 qua

164 2639 379 2704 prtediti
410 2638 496 2702 qui
527 2647 671 2696 sunt,
717 2636 813 2688 soli
844 2648 964 2688 sunt
1005 2637 1228 2696 divites,
1257 2636 1355 2687 soli
1385 2637 1526 2704 enim
1561 2635 1730 2702 possi-

162 2703 299 2758 dent
326 2721 411 2758 res
443 2718 492 2756 et
521 2705 819 2756 fructuosas
846 2716 899 2758 et
926 2708 1280 2764 sempiternas
1305 2741 1320 2764 ,
1350 2703 1554 2768 solique
1584 2705 1726 2773 quod

162 2783 251 2826 Cal.
284 2773 551 2839 proprium
597 2774 920 2833 divitiarum,
969 2773 1206 2824 contenti
1236 2782 1361 2823 sunt
1388 2776 1547 2825 rebus
1572 2777 1722 2838 suis;

163 2844 302 2895 satis
326 2857 444 2896 esse
475 2850 660 2907 putant
691 2842 828 2909 quod
857 2852 938 2895 est
968 2881 983 2905 ,
1033 2842 1158 2894 nihil
1191 2850 1462 2906 appetunt,
1496 2844 1637 2895 nulla
1672 2859 1728 2897 re

163 2921 363 2976 egent,
407 2912 536 2963 nihil
583 2911 682 2964 sibi
723 2912 908 2965 decase
953 2911 1229 2973 sentiunt,
1278 2911 1404 2962 nihil
1431 2914 1726 2978 requirunt.

166 2980 396 3048 lmprobi
424 2991 600 3033 autem
631 2989 683 3033 et
707 2981 849 3034 avari
879 2983 1127 3047 quoniam
1162 2980 1388 3032 incertas
1418 2989 1575 3046 atque
1603 2996 1729 3034 casu

166 3053 367 3116 positas
410 3052 773 3116 possessiones
826 3049 1064 3112 habent,
1099 3057 1154 3101 et
1204 3049 1322 3114 plus
1367 3063 1580 3114 semper
1630 3064 1724 3116 ap-

164 3128 374 3187 petunt,
408 3135 503 3171 nec
528 3134 711 3171 eorum
742 3120 1020 3183 quisquam
1045 3118 1217 3187 adhuc
1238 3116 1481 3187 inventus
1511 3121 1609 3178 est,
1643 3119 1726 3170 cui

165 3186 309 3254 quod
333 3187 492 3240 habet
516 3188 650 3240 satis
672 3195 782 3249 est;
830 3202 935 3238 non
965 3186 1124 3238 modo
1148 3202 1250 3236 non
1275 3186 1472 3247 capiusi
1504 3201 1566 3239 ac
1593 3189 1731 3240 divi-

167 3264 246 3307 tes
273 3295 288 3314 ,
337 3257 426 3308 sed
458 3255 614 3308 etiam
649 3257 835 3318 inopes
864 3269 927 3308 ac
955 3270 1217 3322 pauperes
1246 3254 1545 3307 :cstimandi
1587 3269 1731 3312 sinit.

164 3324 235 3378 Et
265 3324 381 3379 haec
410 3326 475 3377 de
505 3325 796 3380 Paradosis
819 3364 836 3387 .
882 3327 1120 3393 sequitur
1149 3339 1290 3378 nunc
1335 3324 1403 3377 de
1424 3326 1734 3392 qumstioni-

164 3395 266 3447 bus
294 3394 626 3447 Tusculanis.

164 3395 266 3448 bus
294 3395 626 3448 Tusculanis.

235 3543 322 3602 Es
345 3546 509 3616 primo
530 3545 662 3600 libre
687 3532 1092 3668 Tuugridnarum
1119 3546 1454 3616 quastionum
1483 3544 1562 3600 Μ.
1591 3545 1658 3600 Τ.

848 3631 1112 3668 sacratus“

848 3631 1083 3669 8681⁸0111³.
1098 3641 1112 3676 ,’

236 3745 419 3804 Facile
458 3752 545 3801 est
588 3745 804 3802 vincere
847 3762 953 3800 non
994 3754 1372 3814 repugnantes.
1429 3746 1603 3802 Bonos
1633 3747 1730 3803 alit

160 3825 328 3886 artes,
377 3829 668 3880 omnesque
698 3817 1034 3870 incendimur
1051 3815 1115 3886 ad
1144 3817 1316 3870 studia
1338 3816 1506 3883 gloria
1531 3819 1724 3886 laudis,

156 3884 445 3954 iacentque
475 3901 536 3940 ea
564 3900 778 3954 semper
804 3901 921 3951 quae
947 3885 1085 3952 apud
1117 3900 1249 3951 quos
1282 3886 1668 3953 improbantur.

158 4022 226 4077 m
243 3955 484 4034 Hominis
528 3965 610 4010 est
657 3956 1099 4024 intemperantis,
1143 3955 1410 4007 abutentis
1449 3963 1504 4007 et
1543 3955 1650 4009 otio
1674 3965 1729 4011 et

229 4033 375 4077 teris.

205 4025 375 4077 tteris.

235 4091 567 4146 Moriendum
597 4103 681 4146 est
707 4092 975 4147 omnibus.
1026 4092 1156 4158 Quae
1185 4091 1327 4145 enim
1350 4092 1505 4147 nobis
1537 4093 1588 4146 in
1621 4093 1722 4148 vita

159 4169 342 4230 potest
370 4176 488 4231 esse
518 4163 816 4228 iucunditas
841 4203 856 4224 ,
899 4177 1017 4214 cum
1047 4162 1159 4214 dies
1190 4173 1240 4213 et
1265 4164 1449 4214 noctes
1478 4164 1722 4231 cogitan-

155 4232 404 4302 dum_sit
444 4230 815 4302 jamjamesse
857 4231 1233 4302 moriendum?
1282 4230 1583 4302 Antiquitas
1618 4248 1724 4302 quo

158 4299 379 4368 proidus
429 4299 610 4355 aberat
650 4301 716 4353 ab
745 4309 863 4353 ortu
893 4311 943 4352 et
975 4301 1150 4353 divina
1182 4301 1455 4369 progenie,
1491 4304 1592 4355 hoc
1612 4299 1718 4358 me-

155 4371 270 4437 lius
287 4384 347 4422 ea
375 4370 599 4423 fortasse
627 4385 744 4437 quae
767 4378 920 4422 erant
945 4385 1069 4422 vera
1091 4370 1363 4422 cernebat.

231 4436 381 4492 Nulla
411 4453 540 4505 gens
567 4436 672 4489 tam
712 4437 820 4490 fera
849 4476 863 4500 ,
911 4452 1068 4491 nemo
1097 4438 1369 4491 hominum
1395 4445 1499 4490 tam
1531 4439 1714 4495 imma-

1826 1878 1924 1928 bus
1949 1877 2133 1930 inisset
2164 1879 2378 1930 minima
2416 1894 2536 1932 cum
2585 1879 2902 1945 corporibus
2932 1882 3202 1946 contagio,
3245 1877 3394 1933 sese-

1825 1960 1926 2011 que
1947 1947 2013 1996 ab
2045 1946 2128 1999 his
2151 1960 2364 2014 semper
2395 1957 2761 2010 revocasseut,
2795 1958 3084 2015 essentque
3118 1952 3167 2000 in
3198 1964 3391 2013 corpo-

1824 2014 1972 2068 ribus
2018 2017 2260 2068 humanis
2301 2019 2458 2070 vitam
2516 2017 2705 2069 imitati
2752 2014 3013 2081 deorum,
3069 2019 3150 2070 his
3174 2020 3240 2071 ad
3274 2022 3394 2073 illos

1827 2099 1855 2135 a
1884 2084 2077 2150 quibus
2106 2097 2285 2137 essent
2316 2090 2560 2154 profecti,
2591 2086 2817 2139 reditum
2851 2088 3005 2140 facile
3039 2100 3246 2154 patere.

1879 2154 2027 2220 ,Catn
2053 2165 2226 2207 autem
2268 2156 2344 2209 sic
2383 2158 2513 2208 abiit
2558 2172 2588 2210 e
2629 2163 2730 2207 vita
2753 2200 2767 2220 ,
2803 2165 2859 2209 ut
2887 2172 3100 2209 causam
3133 2157 3393 2210 moriendi

1829 2235 2040 2275 nactum
2066 2237 2125 2277 se
2152 2239 2269 2277 esse
2294 2226 2566 2290 gauderet.
2621 2223 2748 2278 Tota
2779 2229 2920 2279 enim
2955 2227 3388 2292 philosophorum

1827 2294 1933 2342 vita
1963 2296 2340 2347 commentatio
2371 2296 2554 2350 mortis
2578 2307 2680 2349 est.
2709 2295 2837 2349 Nam
2860 2296 2984 2364 quid
3015 2297 3158 2348 aliud
3192 2298 3397 2357 agimus

1826 2377 1944 2413 cum
1970 2376 1998 2413 a
2031 2364 2322 2427 voluptate,
2349 2365 2396 2415 id
2420 2375 2501 2418 est
2521 2381 2547 2416 a
2566 2381 2813 2433 corpore,
2837 2382 2956 2419 cum
2985 2381 3013 2418 a
3041 2381 3098 2418 re
3121 2365 3392 2429 familiari,

1827 2445 1944 2495 qua!
1973 2440 2056 2482 est
2085 2433 2322 2502 ministra
2354 2443 2408 2486 et
2446 2434 2639 2486 famula
2670 2438 2934 2502 corporis,
2967 2450 3084 2488 cum
3115 2452 3141 2486 a
3177 2439 3388 2498 repnb.,

1827 2513 1945 2552 Cum
1962 2517 1985 2548 a
2006 2500 2214 2571 negotio
2228 2505 2369 2554 omni
2390 2517 2700 2555 revocamus
2712 2500 2971 2564 animum,
2989 2504 3134 2571 quid,
3154 2506 3390 2569 inquam,

1831 2580 1939 2620 tum
1970 2570 2174 2635 agimus
2195 2610 2211 2634 ,
2258 2572 2358 2623 nisi
2405 2574 2641 2625 animum
2689 2576 2753 2624 ad
2785 2570 3018 2640 scipuim
3049 2575 3392 2638 advocemus,

1827 2651 2011 2709 secum
2046 2653 2163 2690 rsse
2185 2640 2424 2706 cogimus
2447 2682 2460 2702 ,
2487 2645 2826 2709 maximeque
2858 2658 2885 2694 a
2919 2657 3142 2709 corpore
3183 2645 3396 2695 seduli

1828 2707 1983 2758 mus?
2006 2722 2289 2780 secernere
2316 2720 2491 2765 autem
2518 2726 2545 2761 a
2569 2707 2795 2773 corpore
2817 2707 3077 2772 animum,
3113 2726 3209 2764 nec
3241 2714 3396 2780 quid-

1827 2790 1982 2841 quam
2015 2788 2096 2828 est
2126 2777 2288 2837 aliud.
2324 2780 2421 2832 nisi
2447 2782 2610 2833 cm0ri
2639 2781 2862 2834 discere.
2911 2783 3088 2847 Quare
3115 2783 3214 2835 hoc
3242 2777 3392 2835 com-

1829 2855 2162 2918 mentemur,
2200 2848 2324 2900 mihi
2357 2851 2551 2914 crede,
2581 2851 3060 2918 disjungamusque
3093 2865 3190 2904 nos
3218 2867 3246 2903 a
3277 2867 3400 2904 cor-

1832 2916 2044 2978 poribus
2070 2955 2083 2972 .
2136 2916 2185 2967 id
2215 2927 2296 2970 est
2323 2958 2338 2978 .
2386 2916 2798 2972 consuescamus
2839 2916 2993 2971 mori.
3046 2921 3152 2972 lluc
3177 2931 3230 2971 et
3260 2924 3386 2973 dunt

1828 2984 2026 3034 erimus
2073 2984 2122 3034 in
2176 2988 2332 3038 terris
2356 3026 2373 3047 ,
2424 2990 2528 3040 erit
2578 2989 2652 3040 illi
2679 2991 2882 3041 cmlesti
2917 2992 3036 3040 vitae
3064 2990 3240 3040 simile
3263 2993 3305 3051 ,'
3331 2999 3387 3042 et

1828 3067 1948 3122 cum
1983 3052 2104 3104 illuc
2131 3067 2194 3105 es
2225 3053 2305 3106 his
2338 3054 2558 3110 vinculis
2585 3058 2766 3110 emissi
2795 3058 3045 3122 ferentur,
3076 3061 3247 3110 minus
3285 3071 3395 3109 tar-

1831 3120 2044 3192 dabitur
2072 3137 2257 3192 cursus
2285 3125 2606 3178 animorum.
2638 3126 2751 3189 Quo
2777 3142 2895 3180 cum
2927 3120 3248 3192 venerimus,
3284 3138 3392 3181 lunt

1836 3188 2063 3265 denique
2094 3191 2354 3265 vivemus.
2421 3193 2550 3247 Nam
2585 3188 2696 3247 huic
2732 3196 2947 3265 quidem
2981 3199 3084 3250 vita
3116 3188 3258 3250 mors
3290 3211 3394 3262 est,

1835 3273 1993 3328 quam
2024 3261 2292 3314 lamentari
2328 3277 2530 3329 posses,
2561 3266 2605 3316 si
2632 3261 2843 3319 liberet.

1906 3330 2329 3401 Tantacharitas
2370 3347 2448 3385 est
2496 3336 2676 3401 patria:
2702 3376 2716 3397 ,
2750 3347 2802 3388 ut
2831 3351 2948 3387 earn
2976 3351 3080 3387 non
3105 3350 3264 3387 sensu
3297 3353 3391 3388 no-

1834 3407 1968 3458 stro,
1992 3397 2084 3471 sed
2112 3401 2281 3450 salute
2329 3397 2821 3464 ipsius-metiamur.
2862 3405 3041 3471 Itaque
3076 3421 3178 3456 non
3209 3409 3382 3458 deter-

1818 3475 1912 3518 «ret
1933 3469 2224 3546 sapientem
2275 3483 2446 3533 mors,
2509 3486 2625 3538 qua:
2691 3480 2906 3546 propter
2955 3469 3188 3546 incertos
3231 3490 3388 3528 Casus

1831 3535 2066 3599 quotidie
2119 3535 2391 3600 imminet,
2440 3549 2494 3592 et
2522 3535 2735 3608 propter
2768 3535 3080 3595 brevitatem
3107 3544 3223 3595 vita:
3251 3562 3384 3598 nuti-

1830 3617 1990 3672 quam
2015 3614 2187 3676 potest
2214 3608 2368 3674 longe
2391 3609 2594 3674 _abesse
2620 3649 2632 3670 .
2665 3613 2948 3676 quominus
2979 3617 3030 3664 in
3063 3630 3218 3665 mum:
3250 3625 3386 3667 tem-

1831 3687 1928 3750 pus
1956 3674 2176 3740 reipuhl.
2211 3682 2428 3750 suisque
2457 3674 2719 3744 consulat,
2742 3691 2795 3733 et
2823 3686 3184 3746 posteritatem
3217 3685 3384 3750 ipsam

1828 3743 1980 3810 cujus
2022 3758 2237 3799 sensum
2278 3743 2553 3804 habiturus
2599 3743 2712 3804 non
2747 3743 2838 3814 sit,
2870 3752 2935 3804 ad
2966 3766 3024 3805 se
3052 3763 3191 3818 putet
3223 3743 3387 3821 perti-

1827 3826 1977 3866 nere.
2309 3826 2318 3833 ’

1897 3881 2092 3935 Natura
2131 3884 2208 3936 sic
2246 3898 2304 3938 se
2351 3884 2548 3950 habet,
2598 3895 2654 3938 ut
2702 3888 2971 3952 quomodo
2994 3888 3201 3942 initium
3231 3892 3386 3944 nobis

1825 3953 2063 4004 omnium
2092 3967 2268 4024 rerum
2297 3965 2446 4006 ortus
2471 3967 2650 4008 noster
2669 3957 2842 4019 all'crt,
2869 3958 2947 4010 sic
2970 3960 3172 4012 exitum
3203 3976 3345 4012 mors
3369 3978 3384 4024 ;

1826 4035 1943 4088 qua:
1989 4030 2046 4072 ut
2093 4022 2223 4074 nihil
2267 4024 2519 4096 pertinuit
2553 4025 2617 4096 ad
2651 4041 2747 4079 nos
2773 4035 2896 4080 ante
2922 4041 3123 4096 ortum,
3151 4032 3231 4081 sic
3254 4022 3385 4082 nihil

1826 4101 1943 4158 post
1969 4099 2192 4142 mortem
2217 4093 2281 4144 ad
2311 4108 2406 4146 nos
2434 4095 2740 4160 pertinebit.

1899 4162 2025 4225 Quae
2055 4176 2182 4234 vero
2204 4170 2333 4214 tetas
2357 4162 2510 4228 longa
2539 4172 2640 4226 est,
2670 4173 2761 4217 aut
2791 4164 2916 4234 quid
2939 4167 3161 4220 omnino
3185 4168 3385 4221 homini

1826 4230 2074 4298 longum?
2122 4230 2310 4285 Nonne
2360 4233 2516 4284 modo
2563 4249 2775 4300 pueros,
2810 4230 2986 4289 'modo
3015 4238 3384 4290 adtileSCt‘JllCS

1824 4301 1876 4354 in
1899 4315 2055 4352 cursu
2085 4315 2114 4352 a
2147 4312 2294 4372 tergo
2326 4303 2606 4369 insequens
2626 4343 2641 4367 ,
2674 4320 2770 4358 nec
2799 4308 3109 4372 opinantes,
3135 4319 3377 4359 assecuta
3441 4323 3458 4334 ὀ

1822 4379 1906 4423 est
1927 4370 2210 4423 senectus?
2252 4372 2355 4426 Sed
2401 4373 2522 4438 quia
2571 4374 2697 4425 nihil
2746 4370 2883 4426 ultra
2931 4379 3186 4429 habemus
3214 4417 3228 4437 ,
3274 4376 3375 4428 hoc

1824 4441 2035 4506 longum
2057 4439 2280 4492 dicimus
2301 4481 2316 4503 ,
2364 4443 2541 4493 omnia
2578 4443 2675 4494 ista
2707 4446 2926 4509 perinde
2957 4453 3013 4496 ut
3041 4448 3230 4510 cuique
3260 4446 3383 4497 data

159 4506 300 4579 nis,
330 4493 506 4579 cuius
526 4517 756 4560 mentem
804 4493 923 4579 non»
958 4507 1203 4579 imbuerit
1244 4508 1463 4579 deorum
1505 4493 1705 4576 opinio.
1743 4493 1790 4550 ο
1813 4493 1957 4571 sani,
1987 4523 2082 4575 pro
2106 4520 2215 4561 rata
2245 4493 2391 4574 parte
2415 4511 2516 4562 vita
2544 4493 3014 4579 longa'aiitibrevis
3036 4493 3303 4566 dictionis.

155 4577 302 4630 Multi
331 4577 398 4629 de
436 4576 536 4630 diis
585 4591 740 4643 prava
790 4577 1046 4629 sentiunt.
1078 4575 1145 4630 ’ld
1173 4577 1314 4631 enim
1346 4575 1707 4633 vitioso'more

155 4644 298 4698 efﬁci
323 4647 480 4701 solet.
518 4645 716 4700 Omnes
751 4661 854 4698 non
902 4659 1023 4700 esse
1065 4648 1168 4706 vim
1215 4659 1267 4699 et
1297 4657 1536 4699 naturam
1568 4651 1708 4701 divi-

157 4730 282 4767 nam
303 4715 658 4778 arbitrantur;
692 4730 789 4768 nec
812 4730 937 4768 vero
969 4715 1018 4769 id
1049 4716 1276 4768 colluvio
1303 4716 1576 4768 hominum
1619 4728 1711 4772 aut

154 4797 452 4836 corisensus
479 4781 642 4834 eflicit
669 4824 684 4845 ,
715 4798 818 4835 non
851 4783 1102 4835 institutis
1123 4785 1301 4850 opinio
1322 4793 1404 4836 est
1425 4786 1709 4838 confirma-

156 4863 233 4913 ta,
258 4866 360 4904 non
397 4851 617 4916 legibus.
677 4852 832 4906 Omni
865 4863 1038 4905 autem
1090 4852 1142 4904 iu
1186 4867 1244 4905 re
1288 4866 1555 4906 consensu
1595 4868 1710 4908 om-

154 4921 302 4975 nium
329 4921 559 4986 gentimn
591 4921 673 4974 les
702 4929 903 4974 natura:
935 4921 1158 4987 putanda
1190 4929 1290 4974 est.

230 4989 360 5055 ριιω
386 4998 470 5043 est
495 4991 685 5043 melior
716 4993 765 5041 in
791 4991 1061 5042 hominum
1089 5003 1284 5057 genere
1313 4997 1521 5055 natura,
1552 5007 1708 5058 quam

153 5074 343 5112 eorum
370 5065 456 5124 qui
486 5073 545 5112 se
573 5071 725 5112 natos
751 5059 815 5111 ad
848 5060 1087 5112 homines
1113 5059 1394 5127 juvandns,
1441 5064 1707 5126 tutandos,

152 5129 941 5199 conservandosgarbitrantur1
979 5129 1124 5181 Abiit
1163 5131 1228 5180 ad
1274 5129 1402 5199 deos
1431 5129 1706 5199 Hercules,

153 5213 425 5261 nunquam
470 5197 686 5251 abiisset
731 5195 870 5261 nisi,
919 5210 1041 5251 cum
1076 5201 1228 5251 inter
1274 5198 1516 5254 homines
1542 5195 1706 5265 esset,

151 5281 272 5319 eam
297 5267 396 5317 sibi
420 5268 554 5318 viam
583 5265 914 5320 munivisset.
1172 5285 1174 5288 ν

224 5335 393 5404 Nemo
435 5350 662 5402 unquam
705 5335 821 5388 sine
867 5349 1054 5404 magna
1098 5347 1193 5403 spe
1219 5335 1709 5392 immortalitatisse

150 5402 342 5458 oﬂeret
366 5402 457 5468 pro
485 5407 649 5471 patria
676 5404 740 5456 ad
771 5402 1018 5457 mortem.

228 5473 396 5543 “agni
421 5483 600 5526 autent
619 5481 709 5543 est
735 5473 958 5541 ingenii,
992 5485 1242 5528 revocare
1271 5483 1506 5543 tuentem
1534 5491 1563 5528 a
1585 5488 1708 5530 sen-

148 5541 402 5603 sibusJet
421 5541 792 5609 cogitationem
822 5544 1206 5596 consuetudine
1233 5542 1517 5599 abducere.

219 5610 388 5680 Quam
418 5613 640 5680 quisque
669 5610 808 5664 norit
827 5621 1016 5680 artem,
1049 5613 1102 5667 in
1136 5613 1234 5665 hac
1257 5625 1315 5665 se
1338 5619 1605 5667 exerceat.

219 5677 466 5733 Nihilest
509 5677 689 5734 animo
720 5679 953 5732 velocius
977 5677 1170 5743 ,nulla
1210 5688 1292 5733 est
1314 5682 1559 5735 celeritas
1587 5697 1707 5748 qua:

146 5749 319 5816 pinsit
375 5764 495 5804 cum
554 5750 712 5806 animi
766 5748 1044 5807 celeritate
1109 5750 1464 5818 contendere;
1513 5751 1624 5822 qui,
1657 5751 1704 5807 si

1884 4600 1938 4653 Si
1970 4600 2324 4680 exspectando
2368 4610 2420 4681 et
2447 4603 2798 4682 desiderando
2829 4603 3122 4682 pendemus
3179 4603 3372 4657 animis

1810 4677 1866 4722 et
1894 4671 2192 4742 cruciamur
2211 4683 2262 4724 et
2285 4672 2545 4740 angimur,
2579 4675 2708 4736 proh
2733 4673 2802 4724 dii
2832 4671 3184 4736 immortales,
3213 4689 3370 4742 quam

1811 4738 2114 4811 Optabiliter
2159 4743 2284 4793 illud
2342 4738 2444 4811 iier
2497 4743 2782 4793 iracundum
2836 4756 2957 4794 esse
3006 4743 3166 4794 debet
3201 4738 3243 4808 ,τ
3274 4757 3383 4811 quo

1807 4809 2056 4863 confecto
2101 4811 2241 4862 nulla
2298 4810 2498 4876 reliqua
2539 4825 2666 4864 cura
2696 4849 2713 4875 ,
2771 4811 2913 4864 nulla
2957 4813 3260 4866 sollicitudo
3294 4809 3384 4869 ιιι

1812 4878 2019 4934 futural

1883 4967 1994 5021 Non
2036 4965 2406 5021 miserabiliter
2455 4968 2534 5021 vir
2561 4967 2734 5023 clarus
2781 4973 3056 5027 emoritur.
3107 4971 3214 5025 Nec
3239 4970 3386 5023 enim

1813 5051 2040 5103 unquam
2070 5046 2209 5088 nono
2230 5039 2512 5105 quidquam
2539 5043 2660 5092 mali
2684 5046 2900 5096 evenire
2923 5052 3113 5109 potest,
3142 5056 3238 5092 nec
3265 5042 3391 5092 vivo

1813 5121 1909 5158 nec
1939 5114 2168 5170 mortuo,
2211 5121 2308 5159 nec
2349 5123 2576 5176 unquam
2607 5111 2723 5176 ejus
2773 5126 2908 5165 resa
2954 5113 3056 5164 diis
3103 5114 3381 5162 immorta-

1809 5176 1946 5227 libus
1994 5176 2344 5242 negligentur.
2391 5179 2498 5231 Nos
2551 5187 2729 5233 autem
2784 5189 3079 5244 teneamus,
3134 5189 3189 5230 ut
3246 5178 3379 5233 nihil

1809 5257 2124 5297 censeamus
2167 5260 2287 5298 esse
2316 5249 2533 5308 malum,
2592 5249 2729 5314 quod
2761 5250 2829 5301 sit
2879 5264 2905 5299 a
2956 5261 3140 5300 natura
3189 5251 3371 5304 :latuin

1807 5315 2053 5366 omnibus
2103 5317 2564 5384 intelligamusqne
2607 5319 2652 5371 si
2697 5332 2844 5370 mors
2893 5319 3088 5370 malum
3138 5319 3226 5383 sit,
3257 5332 3379 5372 esse

1809 5384 2007 5437 malum
2039 5384 2440 5451 setnpiternuin.
2493 5386 2621 5438 Nam
2667 5387 2789 5437 vita:
2819 5387 3027 5439 miserm
3056 5401 3202 5440 mors
3257 5389 3378 5439 tlnis

1808 5468 1928 5506 esse
1957 5453 2184 5507 videtur.
2217 5453 2359 5508 Mors
2406 5455 2451 5507 si
2483 5467 2564 5507 est
2593 5454 2812 5521 misera,
2867 5455 2987 5512 linis
3030 5456 3209 5510 nullus
3252 5469 3374 5509 esse

1881 5531 2002 5576 test.

1808 5538 2193 5659 mmrnquam
2220 5606 2411 5645 sensus
2439 5590 2654 5658 abierit,
2704 5601 2882 5648 tamen
2910 5595 3134 5649 summis
3164 5603 3216 5646 et
3244 5605 3370 5655 pro-

1810 5661 1938 5729 priis
1967 5662 2121 5714 bonis
2165 5661 2333 5734 laudis
2362 5670 2416 5713 et
2438 5662 2642 5731 gloriae,
2684 5666 2927 5734 quamvis
2968 5679 3074 5718 non
3113 5663 3376 5727 sentiant,

1809 5734 2000 5785 tnortui
2030 5744 2135 5785 non
2164 5731 2439 5787 carebunt.
