3868 6256
498 356 640 411 1035

1028 358 1230 414 ΒΕΒΑΕ
1273 359 1715 416 \‘ENERABILIS
1751 361 1899 416 OPP.
1944 360 2116 416 PARS
2156 360 2194 413 l.
2229 362 2415 418 SEC'I‘.
2460 362 2524 418 ll.
2548 390 2618 404 —
2654 363 2856 420 DUBIA
2895 364 2980 419 ΕΤ
3020 364 3289 421 SPURlA.

3603 367 3725 423 103'.

567 470 677 521 Non
698 468 837 522 enim
880 475 984 521 tam
1008 472 1266 542 cumulus
1318 470 1574 524 honorum
1618 470 1885 540 iucundus
1943 487 2062 527 esse
2094 474 2142 531 Α
2169 471 2267 523 νὶτὶ
2302 472 2544 526 Volumus
2595 486 2734 537 esse,
2768 473 3016 542 quoniam
3070 490 3097 526 a
3128 475 3263 531 viris
3311 475 3484 530 virtus
3541 491 3723 533 nOmen

493 546 693 605 potest,
727 552 880 604 quam
915 539 1136 591 molesta
1183 540 1457 593 discessio.

566 608 815 659 Homines
846 617 1067 660 mortem
1103 608 1185 660 vel
1211 620 1396 673 optare
1421 610 1698 676 incipiant,
1754 611 1837 662 vel
1871 610 2061 665 limere

491 677 768 729 desistant.
785 676 914 727 Nam
939 680 982 729 si
1002 693 1062 730 su
1088 694 1239 729 uinus
1257 679 1342 730 ille
1364 678 1477 731 dies
1499 696 1601 732 non
1622 680 2058 741 exstinctionem,

463 747 582 797 ’sed
615 748 1089 799 commutationem
1123 747 1276 799 afl'ert
1303 747 1428 811 loci,
1455 750 1579 817 quid
1608 750 1893 814 optabilius
1923 750 1945 801 ?
1978 752 2061 802 sin

487 825 662 867 autem
690 816 898 880 perimit
919 828 969 866 et
1004 818 1144 869 delet
1174 818 1410 878 omnino,
1435 820 1557 883 quid
1589 821 1781 871 melius
1812 834 1970 885 quam
2005 820 2055 871 in

490 886 675 936 mediis
714 886 833 935 vita:
886 886 1156 936 laboribus
1186 886 1603 950 obdormiscere,
1657 899 1710 940 et
1753 892 1819 940 ita
1853 904 2062 941 conve-

488 956 665 1005 niente
709 968 916 1005 sommo
966 957 1233 1022 consnpiri
1285 960 1629 1023 sempiterno.
1674 959 1820 1021 Quod
1874 960 1916 1010 si
1950 959 2059 1022 fiat,

486 1026 674 1075 nu-lior
700 1034 783 1077 est
816 1024 970 1078 Ennii
997 1040 1153 1092 quam
1185 1025 1396 1080 Solonis
1424 1029 1618 1082 oratio.
1652 1029 1745 1080 llic
1772 1030 1915 1079 enim
1950 1042 2049 1080 no-

486 1106 597 1144 Slel'
626 1109 641 1146 Ζ
858 1120 861 1121 ⁷

752 1197 831 1232 me
852 1182 1074 1244 lucrytnis
1093 1184 1507 1249 decoretunquit)
1522 1200 1613 1237 nec
1636 1188 1803 1238 funera
1828 1191 1971 1251 ﬂetu,

654 1282 662 1289 .
685 1260 697 1291 I
727 1283 737 1291 .

620 1251 737 1293 IXll.

556 1346 623 1395 At
670 1358 795 1396 vero
823 1343 908 1399 ille
954 1350 1170 1414 sapiens
1206 1365 1216 1397 :

576 1435 705 1500 giers
727 1448 835 1485 mea
858 1450 919 1483 ne
944 1445 1109 1500 careat
1126 1440 1368 1500 lacrymis,
1396 1438 1664 1500 linquamus
1684 1442 1851 1489 amicis

577 1496 856 1555 Mterorem,
882 1506 932 1545 ut
953 1496 1409 1547 celebrentfuue‘ra
1437 1496 1543 1547 cum
1570 1504 1778 1560 gemitu.

553 1578 654 1631 No<
682 1594 808 1632 vero
830 1582 871 1633 si
895 1582 1016 1647 quid
1035 1582 1137 1635 tale
1152 1583 1428 1647 acciderit,
1448 1594 1500 1635 ut
1522 1599 1549 1635 a
1570 1584 1675 1637 Deo
1692 1584 2053 1638 denuntiatum

484 1649 743 1710 videatur,
786 1658 841 1701 ut
870 1665 1172 1705 exeamuse
1204 1651 1306 1704 vita
1338 1654 1464 1713 lzeti,
1506 1663 1558 1704 et
1586 1665 1802 1719 agentes
1856 1656 2055 1719 gratias

481 1732 790 1781 pareamus,
822 1722 1099 1788 emittique
1119 1735 1216 1773 nos
1247 1736 1275 1773 e
1303 1723 1541 1774 custodia
1566 1732 1621 1775 et
1642 1722 1802 1775 levari
1829 1726 2055 1781 vinculis

2167 552 2242 593 CSI
2280 551 2533 595 mutilata.

2237 610 2380 663 Nihil
2404 612 2561 679 habet
2601 620 2782 686 natura
2815 616 3189 686 prtestantius,
3222 614 3354 686 nihil
3389 615 3532 682 quod
3570 619 3723 686 magis

2158 689 2397 745 expetat,
2430 696 2583 749 quam
2613 683 2968 745 honestatem,
2998 700 3153 751 quam
3181 683 3418 748 laudem,
3466 701 3627 752 quam
3655 683 3720 741 di-

2167 752 2446 815 gnitatem,
2479 765 2636 817 quam
2666 751 2845 802 decus.

2237 818 2341 871 Nos
2374 819 2415 871 si
2442 835 2532 885 pes
2559 820 2847 882 condoluit,
2876 822 2917 871 si
2942 819 3095 887 deus,
3127 822 3221 874 sed
3248 823 3329 876 fac
3359 830 3530 875 totum
3552 825 3721 879 dolere

2165 900 2381 960 corpus,
2420 890 2557 941 ferre
2606 906 2707 939 non
2765 904 3060 953 possumus.
3114 892 3307 956 Opinio
3358 904 3439 944 est
3490 898 3719 960 quadarn

2164 957 2465 1029 effeminata
2496 974 2555 1009 ac
2579 960 2730 1013 levis.
2760 974 2853 1010 nec
2877 960 2927 1010 in
2954 960 3138 1013 dolore
3166 962 3332 1023 magis
3360 957 3519 1029 quani
3543 967 3719 1017 eadem

2165 1026 2215 1099 in
2251 1028 2534 1099 voluptate.
2568 1029 2681 1099 lloc
2708 1032 2847 1099 enim
2877 1032 3105 1081 maxime
3134 1031 3181 1081 in
3214 1026 3400 1083 dolore
3431 1042 3511 1083 est
3542 1038 3715 1099 prmi-

2163 1096 2415 1167 dendum,
2468 1112 2533 1150 ne
2563 1097 2685 1161 quid
2728 1098 2954 1160 abjeCte,
2988 1114 3053 1151 ne
3084 1099 3207 1165 quid
3252 1101 3455 1163 timide,
3507 1096 3573 1154 ne
3608 1106 3716 1167 quid

2166 1166 2371 1235 ignave,
2404 1182 2467 1218 ne
2495 1168 2618 1233 quid
2662 1167 2935 1219 serviliter
2978 1170 3414 1235 muliebriterque
3444 1166 3713 1225 faciamus.

2166 1234 2513 1308 Ingemiscere
2543 1252 2920 1308 nonnunquam
2955 1242 3069 1290 viro
3096 1234 3413 1308 concessum
3443 1250 3549 1303 est,
3574 1244 3716 1308 idque

2162 1318 2305 1377 raro,
2332 1304 2561 1371 ejulatus
2594 1322 2659 1360 ne
2692 1306 2895 1358 mulieri
2924 1308 3155 1373 quidem.
3188 1307 3296 1361 Nec
3324 1324 3451 1361 vero
3497 1304 3713 1377 unquam

2164 1372 2459 1439 ingemiscu
2486 1376 2563 1427 vir
2596 1377 2743 1427 fortis
2773 1390 2833 1427 ac
2878 1372 3114 1443 sapiens,
3150 1378 3247 1428 nisi
3284 1378 3422 1430 forte
3449 1387 3509 1430 ut
3552 1372 3711 1432 interi-

2162 1443 2249 1493 dat
2278 1459 2336 1496 se
2383 1447 2445 1495 ad
2498 1445 2825 1505 firmitatem,
2875 1456 2926 1496 ut
2960 1447 3011 1497 in
3044 1447 3216 1499 stadio
3246 1461 3497 1500 cursores
3541 1452 3711 1502 excla-

2163 1524 2307 1564 niaut
2352 1530 2510 1579 quam
2562 1504 3079 1580 inrisitneipossunt.
3136 1514 3356 1568 Faciunt
3412 1517 3552 1569 idem
3596 1534 3705 1572 cum

2160 1595 2476 1652 exercemur
2514 1584 2748 1635 athletae.
2784 1584 2993 1652 l’ugiles
3025 1599 3150 1636 vero
3190 1587 3349 1637 etiam
3385 1602 3504 1639 cum
3530 1588 3711 1641 feriunt

2160 1651 2521 1704 adversarium
2577 1654 2628 1705 in
2673 1651 2934 1719 iactandis
2988 1654 3277 1716 CLBSilbllS,
3343 1657 3705 1721 ingemiscant,

2161 1734 2264 1771 non
2296 1722 2435 1788 quod
2480 1722 2690 1774 doleant
2717 1722 2895 1773 animo
2937 1737 3001 1774 ne
3040 1726 3411 1787 soccumbant,
3461 1726 3553 1777 scd
3596 1731 3705 1790 quia

478 1788 816 1871 arbitremur,
842 1798 1009 1867 utaut
1059 1790 1110 1842 in
1151 1802 1404 1843 aeternam
1432 1803 1487 1870 et
1542 1792 1697 1857 plane
1727 1792 2044 1871 iu_nustram
2079 1813 2124 1871 Β
2162 1790 2521 1871 profundenda
2554 1807 2678 1870 voce
2707 1806 2864 1871 orque
2893 1806 3082 1857 corpus
3132 1794 3445 1871 intenditur,
3478 1788 3709 1871 venitque

478 1858 691 1910 domum
748 1860 1116 1930 remigremus,
1161 1870 1253 1912 aut
1304 1862 1446 1912 omni
1486 1875 1643 1913 sensu
1700 1864 2046 1930 molestiaque

478 1940 775 1979 cui-eamus.
805 1929 899 1981 Sin
940 1940 1115 1981 autem
1148 1930 1275 1980 nihil
1305 1931 1728 1992 denuntiabitur,
1779 1948 1844 1984 eo
1875 1943 2045 1987 tamen

477 1996 644 2048 simus
673 1998 851 2048 animo
872 2042 886 2061 ,
914 2007 970 2051 ut
1002 2000 1150 2052 illum
1184 1998 1487 2052 horribilem
1529 2000 1673 2053 diem
1728 2002 1845 2053 aliis
1893 2004 2048 2056 nobis

480 2062 709 2139 faustum
744 2076 1010 2139 putemus,
1046 2069 1280 2139 nihilque
1310 2070 1360 2120 in
1394 2070 1545 2121 malis
1577 2070 1852 2132 ducamus,
1905 2073 2043 2139 quod

479 2134 549 2185 sit
579 2134 656 2207 vel
707 2150 736 2187 a
791 2135 893 2188 diis
926 2135 1335 2207 immortalibus
1391 2141 1533 2192 vela
1587 2149 1775 2192 natura
1830 2134 2049 2207 parente

479 2204 715 2256 omnium
764 2206 1132 2258 constitutum.
1186 2206 1301 2259 Non
1352 2209 1498 2261 enim
1548 2218 1748 2265 temere
1800 2204 1898 2261 nec
1942 2211 2050 2264 for-

481 2272 611 2324 Inito
640 2273 760 2325 facti
790 2284 844 2326 et
870 2276 1032 2326 creati
1062 2290 1264 2328 sumus.
1304 2276 1517 2329 Portum
1552 2278 1727 2339 itaque
1774 2281 1925 2333 nobis
1958 2297 2048 2346 pa-

485 2352 654 2415 ratum
694 2346 1087 2415 et_profugium
1123 2355 1386 2410 putemus,
1420 2363 1527 2413 quo
1554 2350 1751 2400 utinam
1775 2350 1905 2403 velis
1933 2366 2049 2415 pas-

476 2410 551 2487 sis
597 2412 815 2479 pervehi
848 2413 1033 2487 liceat._
1082 2415 1138 2468 Si
1177 2417 1319 2468 enim
1365 2410 1671 2469 reflantibus
1715 2420 1883 2470 ventis
1928 2410 2051 2487 reji-

477 2483 700 2545 ciemur,
734 2492 908 2536 tamen
938 2484 1125 2545 eodem
1150 2486 1517 2551 pautotardius
1541 2487 1833 2539 referamur
1860 2483 2049 2542 neces-

477 2564 537 2600 se
563 2559 664 2604 est.
686 2552 838 2632 Quod
860 2565 1037 2621 autem
1064 2556 1311 2608 omnibus
1337 2570 1555 2610 necesse
1576 2568 1679 2623 est,
1705 2557 1753 2609 id
1788 2573 1853 2611 ne
1884 2564 2049 2613 mise-

479 2635 491 2669 ι
508 2634 593 2673 um
626 2635 713 2674 unt
739 2636 859 2674 esse
892 2632 1083 2689 potest.

545 2693 777 2757 Agamus
808 2706 868 2744 ea
901 2693 1258 2757 potissimum,
1306 2708 1423 2761 quae
1474 2695 1791 2750 levationem
1819 2697 2053 2751 habeant

476 2761 869 2832 afgritndinum,
902 2763 1262 2832 formidinum,
1297 2764 1666 2830 cupiditatum,
1698 2770 1784 2832 qui
1818 2769 1869 2819 in
1900 2769 2044 2820 omni

477 2829 811 2897 philosophia
832 2840 916 2885 est
945 2831 1147 2886 fructus
1173 2834 1491 2885 uberrimus.

475 2979 558 3034 Es
585 2981 713 3036 libro
742 2984 960 3036 secunda
990 2982 1396 3107 Tmarii-auarum
1424 2987 1755 3053 questionum
1789 2987 1863 3041 Μ.
1903 2990 2045 3043 Tull.

1171 3072 1405 3107 iceroms.
1788 3070 1793 3071 '

426 3066 427 3069 ‘
1126 3066 1405 3108 Liceroms.
1788 3070 1793 3071 ⁷

547 3184 772 3255 Difficile
802 3195 884 3240 est
931 3188 1073 3239 enim
1125 3188 1177 3239 iu
1229 3187 1565 3254 philoSOphia
1617 3203 1779 3253 pauca
1830 3205 1951 3243 esse
1999 3189 2051 3245 ei

476 3268 618 3318 nota,
676 3258 758 3309 cui
793 3274 897 3309 non
928 3258 1035 3308 sint
1074 3268 1167 3309 aut
1229 3258 1479 3323 pleraque
1528 3270 1613 3308 aut
1669 3259 1867 3309 omnia.
1920 3261 2048 3311 Nam

474 3340 574 3379 nec
625 3341 787 3391 pauca
844 3328 942 3381 uisi
1002 3341 1033 3380 e
1080 3328 1262 3380 multis
1314 3324 1437 3392 eligi
1497 3338 1735 3391 possunt,
1799 3343 1897 3380 nec
1960 3330 2047 3392 qui

478 3411 641 3461 pauca
674 3398 931 3466 percepit,
958 3411 1062 3450 non
1088 3397 1227 3450 idem
1261 3398 1461 3464 reliqua
1491 3398 1677 3450 eodem
1709 3400 1884 3451 studio
1914 3414 2046 3464 per-

471 3475 739 3529 sequetur.

547 3534 674 3585 Nam
705 3536 796 3602 qui
841 3535 891 3587 id
921 3536 1062 3600 quod
1096 3536 1248 3587 vitari
1279 3549 1383 3586 non
1431 3544 1605 3603 potest
1651 3536 1859 3599 metuit,
1896 3536 1939 3589 is
1970 3536 2051 3589 vi-

478 3618 603 3655 Vere
630 3608 809 3657 animo
852 3608 1033 3673 quieto
1066 3606 1212 3657 nullo
1248 3605 1407 3656 modo
1450 3615 1646 3671 potest.
1689 3605 1793 3667 seu
1822 3610 1908 3671 qui
1944 3622 2048 3659 non

479 3673 637 3725 modo
661 3676 782 3741 quia
818 3690 1038 3728 necesse
1065 3686 1144 3726 est
1178 3676 1338 3739 mori,
1372 3690 1557 3727 verum
1611 3674 1769 3727 etiarn
1817 3677 1937 3736 quia
1972 3679 2049 3726 ni-

480 3742 553 3795 hil
586 3744 746 3797 habet
777 3761 921 3798 mors
961 3746 1100 3811 quod
1150 3749 1219 3796 sit
1272 3743 1621 3801 horrendum,
1669 3753 1891 3795 mortem
1944 3760 2045 3797 non

478 3812 649 3871 timet,
698 3830 943 3881 magnum
981 3816 1024 3867 is
1054 3815 1153 3867 sibi
1188 3814 1494 3881 praesidium
1543 3813 1608 3864 ad
1642 3816 1849 3866 beatam
1885 3814 2046 3865 vitam

475 3892 769 3945 comparat.

546 3950 777 4020 Effectus
804 3953 1124 4020 eloquentiae
1148 3962 1231 4005 est
1255 3953 1581 4006 audientium
1611 3952 1947 4020 approbatio.

551 4018 727 4075 Efticit
750 4022 851 4076 hoc
879 4018 1238 4090 philosophia,
1283 4022 1508 4086 scilicet,
1544 4018 1783 4075 medetur
1812 4025 2046 4086 animus,

479 4090 663 4144 inanes
694 4090 1081 4146 sollicitudines
1114 4092 1368 4151 detrahit,
1413 4090 1787 4155 cupiditatibus
1834 4092 2046 4159 liberat,

483 4160 626 4225 pellit
650 4162 889 4223 timores,
923 4165 1087 4214 fortes
1114 4163 1254 4214 enim
1306 4176 1409 4216 non
1460 4161 1614 4212 modo
1647 4159 1855 4213 fortuna
1900 4162 2051 4229 adju-

460 4238 588 4292 vat,
626 4240 679 4280 ut
708 4238 789 4283 est
820 4230 873 4282 in
905 4230 1072 4282 veteri
1106 4230 1410 4297 proverbio,
1440 4230 1531 4283 sed
1565 4232 1732 4282 multo
1763 4232 1928 4296 magis
1963 4246 2041 4283 ra-

480 4300 575 4363 tio,
610 4313 727 4364 qua:
772 4298 1085 4367 quihusdam
1127 4299 1277 4368 quasi
1310 4300 1588 4367 prameptis
1620 4301 1903 4353 conﬁrmat
1944 4301 2050 4353 vim

477 4368 816 4423 fortitudinis.

548 4439 678 4491 Nam
708 4450 911 4508 utager
931 4439 1175 4505 quamvis
1206 4437 1396 4492 fertilis
1425 4438 1541 4491 sine
1568 4438 1772 4489 cultura
1804 4438 2043 4491 fructuo-

475 4522 566 4559 sus
596 4521 715 4561 esse
743 4525 845 4561 nou
880 4519 1073 4575 potest,
1102 4513 1179 4563 sic
1220 4509 1337 4562 sine
1379 4509 1617 4560 doctrina
1648 4510 1874 4559 animus.
1908 4508 2029 4560 Cul~

479 4586 592 4627 tura
622 4588 799 4631 autem
832 4580 992 4629 animi
1021 4580 1355 4645 philosophia
1388 4590 1489 4642 εει,
1522 4580 1635 4629 haec
1660 4579 1891 4629 extrahit
1916 4593 2038 4645 vera

480 4646 756 4711 radicitus,
788 4656 843 4701 et
884 4658 1149 4716 praeparat
1192 4652 1399 4702 animos
1429 4649 1494 4699 ad
1536 4656 1648 4698 sata
1680 4649 2039 4712 suscipienda,

478 4730 647 4781 eaque
676 4719 888 4769 mandat
916 4718 1019 4780 his,
1049 4726 1103 4769 et
1131 4726 1187 4769 ut
1213 4718 1285 4769 ita
1313 4720 1509 4781 dicam,
1539 4717 1689 4783 serit,
1718 4732 1834 4784 quae
1861 4718 2040 4773 adulta

481 4785 687 4837 fructus
710 4786 1009 4839 uberrimos
1043 4789 1235 4840 ferant.

553 4852 870 4908 Firmandus
900 4864 983 4908 est
1010 4860 1219 4908 animus
1250 4855 1315 4907 ad
1352 4854 1588 4907 dolorem
1624 4852 1925 4909 ferendum.

553 4924 681 4979 Sine
734 4926 1007 4991 prudentia
1056 4942 1125 4979 ne
1158 4924 1379 4994 intelligi
1426 4924 1639 4992 quidem
1698 4926 1803 4978 ulla
1854 4927 2041 4989 virtus,

478 4995 673 5047 nodum
703 5008 822 5046 esse
854 5003 1048 5059 potest.

550 5065 927 5131 Temperantia
972 5077 1077 5115 non
1108 5063 1247 5119 sinet
1297 5074 1348 5119 te
1376 5062 1662 5133 quidquam
1696 5063 2045 5117 immoderate

478 5133 670 5187 facere.

552 5203 891 5256 Consuetudo
915 5200 1057 5254 enim
1087 5200 1345 5270 laborum,
1374 5202 1773 5270 perpessionem
1798 5200 2041 5253 dolorum

480 5270 639 5325 cilicii
669 5273 982 5326 faciliorem.
1011 5270 1144 5324 Nam
1194 5269 1336 5323 ferre
1380 5269 1645 5333 laborem,
1697 5282 2043 5324 contemnere

484 5344 673 5395 \ulnus
718 5342 1048 5394 consuetudo
1076 5342 1254 5393 docet.
1301 5339 1713 5393 Consuetudinis
1744 5342 1884 5393 enim
1928 5352 2071 5392 mar

482 5427 581 5477 ειη
612 5412 690 5464 vis
710 5420 812 5465 est.
843 5413 942 5475 Qui
969 5410 1107 5463 bene
1138 5408 1359 5463 instituti
1383 5419 1530 5473 sunt,
1566 5410 1808 5476 accipere
1837 5410 2044 5476 plagam

483 5484 687 5534 malunt
724 5494 885 5547 quam
920 5481 1144 5546 turpiter
1182 5481 1369 5532 vitare.
1679 5484 1686 5489 ’

553 5546 835 5616 Appellata
863 5559 944 5601 est
970 5562 1000 5598 a
1034 5551 1146 5616 viro
1180 5551 1383 5612 virtus;
1417 5547 1514 5601 viri
1541 5558 1719 5601 autem
1772 5546 2042 5615 pr0prium

484 5615 711 5674 riu-sime
757 5629 841 5672 est
870 5615 1146 5679 fortitudo,
1192 5618 1345 5685 cujus
1392 5632 1611 5670 munera
1656 5623 1781 5671 sunt
1811 5618 2043 5669 maxima

481 5691 607 5751 duo,
647 5688 873 5754 scilicet,
921 5686 1109 5739 mortis
1150 5685 1453 5754 dolorisque
1492 5688 1840 5753 coiitetnptio.
1882 5686 2044 5754 Utcne

482 5759 606 5813 dum
634 5767 719 5811 est
748 5759 906 5826 igitur
934 5757 999 5809 iis
1040 5758 1082 5809 si
1117 5754 1325 5809 virtutis
1356 5753 1652 5828 compotes,
1679 5756 1761 5809 vel
1792 5758 1966 5825 potius
1997 5753 2041 5809 si

2154 1860 2303 1927 plaga
2351 1862 2731 1913 vehementior.
2783 1862 2913 1913 Cum
2968 1873 3143 1913 autem
3202 1863 3331 1914 nihil
3387 1860 3713 1917 imminuatur

2148 1927 2370 1989 doloris,
2401 1946 2496 1983 cur
2518 1932 2707 1983 frustra
2732 1939 2909 1998 turpes
2936 1944 3055 1984 esse
3082 1930 3367 1985 volumus?
3399 1932 3532 1997 Quid
3561 1936 3708 1986 etiam

2148 2009 2232 2050 est
2264 1998 2385 2051 ﬂetu
2418 2001 2657 2053 muliebri
2692 2003 2805 2053 viro
2836 2001 3079 2065 turpius?

2220 2068 2375 2137 Saepe
2404 2069 2543 2122 enim
2578 2070 2726 2122 multi
2769 2070 2855 2136 qui
2886 2081 2975 2121 aut
3006 2078 3219 2136 propter
3248 2070 3491 2123 victoria:
3523 2072 3712 2139 cupidi.

2150 2146 2336 2203 tatem,
2380 2150 2470 2191 aut
2502 2150 2714 2205 prepter
2741 2139 2925 2206 gloria:
2952 2154 3207 2200 amorem,
3236 2150 3329 2190 aut
3365 2141 3522 2192 etiam
3552 2153 3605 2193 ut
3629 2144 3706 2207 jus

2149 2221 2305 2260 suum
2359 2218 2411 2263 et
2469 2210 2766 2261 libertatem
2820 2216 3079 2270 tenerent,
3136 2212 3357 2260 vulnera
3406 2223 3719 2275 exceperunt

2153 2275 2382 2342 fortiter,
2413 2288 2465 2330 et
2496 2281 2758 2340 tulerunt;
2810 2278 2969 2331 iidem
3003 2279 3198 2331 omissa
3232 2281 3595 2339 contentione.
3627 2284 3713 2331 do-

2153 2345 2322 2400 lorem
2356 2350 2523 2400 morbi
2557 2348 2696 2401 ferre
2737 2363 2838 2400 non
2889 2362 3124 2412 pussuni.
3173 2349 3359 2410 Neque
3387 2348 3527 2401 enim
3573 2350 3706 2401 illum

2150 2432 2306 2483 quem
2342 2416 2495 2470 facile
2529 2418 2775 2481 tulerant,
2806 2417 3012 2469 ratione
3041 2430 3127 2469 aut
3169 2417 3432 2483 sapientia
3476 2419 3705 2481 tulerant,

2150 2486 2241 2538 sed
2271 2488 2447 2538 studio
2478 2490 2649 2551 potius
2680 2495 2733 2538 et
2760 2487 2944 2555 gloria.
2975 2488 3029 2540 Si
3060 2491 3231 2539 omnia
3278 2486 3522 2552 fugienda
3550 2490 3705 2553 turpi-

2154 2556 2352 2609 tudinis
2385 2556 2841 2623 adtpisceudaaque
2892 2557 3182 2608 honestatis
3230 2561 3391 2607 causa
3443 2557 3705 2618 faciamus,

2154 2641 2257 2676 non
2293 2628 2450 2677 modo
2480 2628 2722 2677 stimulos
2752 2626 2973 2690 doloris,
3021 2629 3113 2679 sed
3154 2626 3313 2680 etiam
3367 2626 3579 2679 fulmina
3613 2626 3707 2678 for-

2153 2703 2293 2748 tuna:
2322 2705 2745 2748 contemnamus.

2156 2807 2238 2861 Ea:
2267 2808 2394 2862 fibra
2426 2809 2569 2860 tertio
2619 2807 3021 2861 Tusculanarum
3067 2810 3401 2875 questionum
3451 2808 3525 2861 ll.
3574 2808 3705 2862 Τιιι.

2798 2877 3071 2931 Ciceronis.

2224 2972 2358 3027 Sunt
2387 2972 2527 3024 enim
2562 2969 2785 3037 ingeniis
2833 2969 3027 3020 nostris
3076 2967 3278 3020 semina
3333 2969 3507 3022 innata
3552 2971 3707 3021 virtu-

2155 3051 2287 3105 tum,
2335 3054 2453 3108 qum
2492 3040 2534 3092 si
2567 3038 2869 3091 adolescere
2901 3039 3102 3101 liceret,
3138 3038 3247 3101 ipsa
3295 3054 3393 3091 nos
3422 3041 3484 3091 ad
3513 3042 3708 3092 [reatum

2159 3113 2318 3163 vitam
2356 3107 2547 3163 natura
2602 3107 2933 3174 perduceret.
2987 3108 3135 3160 Nunc
3163 3117 3343 3159 autem
3385 3110 3536 3160 simul
3563 3120 3707 3172 atque

2158 3181 2286 3234 editi
2319 3182 2368 3233 in
2407 3184 2578 3232 lucem
2619 3187 2673 3230 et
2700 3182 2927 3242 suscepti
2960 3191 3164 3238 sumus,
3200 3178 3251 3229 in
3298 3179 3442 3230 omni
3472 3180 3707 3230 continuo

2160 3252 2441 3316 pravitate,
2472 3258 2523 3299 et
2562 3248 2612 3297 in
2648 3261 2851 3298 summa
2880 3245 3188 3311 upiuiomim
3221 3250 3565 3314 perversitate
3597 3262 3704 3300 ver-

2153 3334 2350 3379 samur,
2395 3329 2445 3370 ut
2480 3333 2611 3384 pene
2644 3331 2760 3369 eum
2797 3317 2929 3368 lacte
2959 3316 3179 3367 nutricis
3221 3332 3459 3372 errorem
3505 3320 3703 3369 suxisse

2155 3388 2459 3450 videamur;
2490 3402 2608 3439 cum
2642 3400 2766 3436 vero
2810 3385 3115 3451 parentibus
3146 3384 3359 3442 redditi,
3391 3388 3579 3437 deinde
3606 3401 3703 3437 nia-

2149 3458 2326 3524 gistris
2359 3456 2531 3509 traditi
2564 3471 2769 3514 sumus,
2807 3464 2912 3503 tum
2956 3455 3025 3504 ita
3068 3453 3226 3504 variis
3259 3454 3541 3505 itubuimur
3567 3468 3701 3507 erro-

2152 3529 2318 3588 ribus,
2352 3536 2409 3578 ut
2443 3526 2658 3576 vanitati
2692 3525 2883 3577 veritas
2942 3533 2993 3575 et
3018 3524 3253 3590 opinioni
3279 3527 3598 3576 confirmata:
3622 3538 3699 3575 ua-

2101 3604 2103 3607 '
2154 3605 2265 3648 tura
2300 3597 2410 3662 ipsa
2442 3595 2615 3647 cedat.

2224 3661 2443 3716 Animus
2481 3678 2640 3731 aeger,
2675 3671 2729 3713 ut
2759 3661 2829 3712 ait
2854 3661 3074 3726 Ennius,
3104 3675 3320 3726 semper
3344 3672 3503 3725 errat,
3537 3674 3697 3728 neque

2151 3734 2259 3800 pati
2294 3748 2465 3799 neque
2497 3733 2695 3798 perpeti
2729 3741 2928 3795 potest;
2960 3745 3151 3797 cupere
3196 3746 3461 3800 nunquam
3492 3732 3695 3791 desiuit,

2151 3798 2391 3868 profecto
2417 3801 2577 3853 animi
2610 3802 2867 3852 medicina
2898 3807 2979 3851 est
3011 3800 3370 3865 philosOphia.
3401 3798 3514 3851 Non
3538 3808 3697 3851 autem

2150 3888 2336 3925 tnnnes
2361 3870 2448 3939 qui
2488 3885 2672 3923 curare
2703 3871 2839 3935 passi
2873 3882 2930 3921 se
2950 3882 3091 3931 sunt,
3123 3869 3379 3921 continuo
3400 3869 3560 3920 etiam
3584 3881 3701 3919 con-

2151 3946 2452 4003 valescunt;
2500 3939 2663 3991 animi
2717 3948 2891 3989 autem
2943 3939 3027 4003 qui
3082 3952 3139 3989 se
3188 3939 3366 3988 sanari
3409 3939 3697 4001 voluerunt,

2150 4014 2535 4080 praeceptisque
2590 4018 2863 4076 parentum
2909 4008 3174 4080 paruerint
3225 4007 3563 4080 sapic-nium,
3596 4006 3700 4057 sine

2152 4074 2255 4132 ulla
2283 4074 2608 4133 dubitatione
2636 4087 2907 4129 sanantur.
2934 4074 2999 4127 Et
3018 4076 3113 4127 nisi
3144 4088 3367 4127 sanatus
3390 4076 3455 4126 sit
3480 4075 3695 4135 animus.

2150 4153 2289 4215 quod
2315 4146 2790 4215 sure-philosophia
2823 4145 2934 4198 fieri
2962 4160 3065 4198 non
3097 4152 3300 4213 potest,
3325 4144 3441 4197 fluis
3470 4143 3696 4197 miseria-

2150 4233 2267 4289 rum
2302 4221 2473 4271 nullus
2502 4226 2602 4289 est.
2828 4285 2839 4289 _
2968 4282 2981 4289 _
3184 4282 3193 4289 _
3428 4282 3438 4289 ,
3538 4281 3549 4289 .
3662 4280 3670 4289 .

2221 4288 2403 4341 Munus
2436 4286 2594 4339 animi
2624 4292 2723 4345 est,
2744 4285 2947 4336 ratione
2968 4282 3101 4335 bene
3124 4282 3195 4333 uti
3219 4298 3233 4344 ;
3257 4290 3312 4335 et
3329 4281 3580 4348 sapientis
3599 4281 3695 4333 ani.

2153 4373 2269 4410 mus
2299 4360 2364 4410 ita
2384 4371 2593 4424 semper
2622 4354 2839 4406 affectus
2860 4363 2962 4414 est,
2985 4362 3039 4403 ut
3063 4353 3267 4424 ratione
3294 4353 3498 4424 Optime
3520 4358 3693 4404 utatur.

2225 4427 2480 4481 Videntur
2506 4421 2643 4478 enim
2674 4427 2849 4475 omnia
2879 4422 3150 4487 repentina
3196 4421 3467 4487 graviora.

2220 4495 2610 4549 l’razmeditatio
2676 4493 2969 4545 futurormn
3034 4494 3297 4543 malorum
3360 4490 3491 4544 lenit
3534 4503 3697 4543 eorm

2148 4564 2455 4626 adventum,
2484 4578 2605 4630 qua!
2632 4563 2896 4613 venientia
2935 4561 3088 4625 longe
3113 4569 3239 4611 ante
3272 4559 3497 4630 videris.

2218 4626 2583 4701 Anaxagoram
2614 4632 2785 4701 ferunt
2816 4630 3051 4701 nuntiata
3099 4638 3271 4701 morte
3326 4627 3420 4678 lilii
3468 4626 3695 4701 dixisse:

2146 4696 2522 4758 Stiebam'me
2550 4700 2793 4766 genuisse
2842 4698 3140 4748 mortalem.
3176 4697 3309 4760 Quae
3338 4710 3441 4748 vox
3481 4696 3699 4750 declarat

2146 4776 2212 4828 iis
2243 4789 2360 4827 esse
2388 4774 2500 4825 hate
2530 4771 2737 4829 acerba,
2770 4782 2795 4818 a
2827 4768 3145 4833 quilmsuon
3179 4771 3395 4818 inerant
3434 4770 3672 4830 cogitata.

2221 4845 2357 4911 Ergo
2388 4844 2435 4894 id
2484 4842 2693 4911 quidem
2736 4853 2844 4911 non
2885 4836 3123 4911 dubium,
3187 4850 3317 4911 quin
3366 4838 3551 4911 _o_m_nia
3599 4846 3699 4911 qua

2148 4902 2568 4979 malavputentiir
2596 4906 3015 4980 sintimprovisa
3057 4903 3330 4980 graviora.
3364 4902 3585 4980 Multum
3610 4902 3700 4956 its-

2147 4998 2249 5049 que
2275 4972 2491 5045 possunt
2522 4977 2751 5049 provisio
2778 4977 2937 5049 animi
2962 4978 3015 5023 et
3040 4972 3363 5049 prasparatio
3387 4972 3453 5024 ad
3476 4975 3698 5049 mitiqu

2147 5040 2563 5101 dunt-dolorem.
2596 5045 2733 5095 Nihil
2785 5043 2922 5094 enim
2963 5052 3041 5091 est
3093 5040 3235 5106 quod
3300 5052 3410 5093 tam
3463 5040 3702 5093 obtundat

2147 5123 2425 5185 elevetque
2448 5112 2832 5181 aegritudinem,
2865 5120 3307 5185 quamperpetua
3354 5112 3407 5160 in
3440 5112 3585 5185 omnii
3610 5108 3698 5161 vita

2148 5179 2416 5257 cogitatio,
2446 5179 2572 5237 nihil
2604 5198 2721 5257 esse
2741 5182 2887 5257 quod
2929 5180 3169 5231 accidere
3193 5194 3301 5229 non
3333 5179 3528 5257 possit,
3557 5189 3700 5246 quam

2147 5248 2421 5312 [ineditatio
2468 5248 2781 5307 conditionis
2816 5253 3077 5309 humanas,
3112 5261 3273 5313 quam
3310 5248 3545 5300 vitale:
3565 5260 3700 5300 coul-

2149 5328 2508 5392 mentatioque
2540 5322 2781 5388 parendi,
2811 5334 2927 5384 quae
2953 5318 3182 5392 nonuhoc
3212 5314 3396 5392 aﬂ'et't,
3423 5329 3483 5371 ut
3508 5324 3702 5392 ρωρα

2148 5384 2487 5455 intueamur,
2519 5384 2607 5442 sed
2642 5402 2695 5441 ut
2728 5404 3014 5453 nunquam.
3048 5384 3227 5450 Neque
3257 5388 3410 5438 enim
3433 5388 3700 5455 quiret-tl

2151 5477 2412 5530 naturam,
2470 5454 2553 5527 qui
2589 5461 2709 5511 vita:
2763 5457 3091 5515 varietatem,
3141 5455 3232 5521 qui
3292 5454 3701 5530 imbecillitatem

2148 5535 2353 5603 generis
2400 5522 2616 5603 humani
2662 5530 2879 5592 cogitat,
2932 5535 3119 5603 niteret
3148 5538 3273 5603 cum
3333 5524 3456 5576 haec

2146 5592 2239 5659 sed
2268 5604 2472 5656 facilius
2518 5600 2639 5658 fert,
2684 5609 2803 5647 cum
2837 5593 3027 5645 accidit
3070 5592 3210 5661 quod
3262 5607 3431 5661 posse
3476 5592 3704 5661 acciti-ﬁ

2261 5648 2777 5739 eogii'a—iierii—l'qua
2820 5648 3223 5739 cogi‘tatio'una
3263 5648 3516 5719 inuti-au
3558 5648 3705 5717 ’ἂν
3751 5658 3755 5660 ν

2148 5748 2275 5799 stias
2303 5732 2487 5798 eomes
2516 5743 2760 5793 extenuat
2790 5744 2841 5786 et
2869 5732 3040 5787 diluit.
