3868 6256
142 350 285 407 1085

809 350 1215 418 SENTENTIA:
1256 350 1768 409 PlilLOSOPlllCE
1809 352 1899 406 EX
1939 350 2273 406 CICERONE
2311 351 2704 407 COLLECTxE.

3263 359 3398 415 1036

217 469 353 535 Quid
386 477 468 523 est
493 478 585 521 aut
608 482 832 535 nequius
853 478 941 519 aut
967 468 1174 533 turpius
1191 468 1493 521 effeminato
1523 469 1669 521 viro?
1733 474 1775 527 Α
1809 468 1917 520 lute
1964 467 2146 519 beatos
2176 468 2358 527 el‘licit,
2391 466 2637 533 idemque
2682 467 2977 520 concitatus
3003 479 3057 520 et
3088 469 3390 527 abstractus

221 541 462 594 Ilostinm
521 539 831 605 repentinus
894 539 1147 591 adventus
1202 539 1369 605 magis
1418 538 1705 603 aliquando

144 612 458 671 enuturhat,
484 623 641 673 quam
662 616 1015 670 exspectatus,
1044 616 1098 659 et
1121 610 1282 659 maris
1308 611 1479 660 subita
1509 616 1710 675 tempe-

143 692 283 743 stas,
311 693 466 743 quam
496 685 619 729 ante
651 678 871 741 praevisa
902 688 1060 729 terret
1092 678 1395 742 navigantes
1422 678 1707 729 vehemen-

149 751 277 813 tius,
310 758 362 801 et
391 747 652 811 ejusmodi
683 755 807 798 sunt
846 746 1111 811 pleraque.
1139 747 1240 798 Sed
1280 762 1397 799 cum
1429 747 1708 813 diligenter

146 834 253 872 nec
282 818 617 885 opinatorqu
661 826 897 867 naturam
927 816 1249 879 consideres,
1281 816 1406 867 nihil
1449 817 1588 868 aliud
1622 831 1705 869 re-

146 884 453 957 periesnisi
483 884 696 957 quidem
728 886 902 937 omnia
940 889 1111 957 subita
1145 886 1306 937 videri
1336 885 1557 957 majora.

220 958 434 1012 Sensim
473 956 612 1009 enim
644 964 699 1008 et
736 954 1050 1020 pedetentim
1098 962 1150 1005 et
1189 954 1528 1021 progrediens
1558 965 1704 1008 exte-

148 1040 282 1081 nuat
325 1027 495 1086 dolor,
548 1038 653 1077 non
708 1040 813 1091 quo
842 1024 950 1091 ipsa
1000 1037 1083 1077 res
1124 1023 1385 1075 immutari
1418 1026 1585 1077 soleat
1614 1034 1705 1076 aut

150 1099 342 1165 possit.
375 1096 469 1149 sed
494 1093 545 1147 id
587 1093 727 1161 quod
756 1096 891 1165 ratio
932 1092 1206 1165 debuerat,
1251 1108 1379 1148 usus
1405 1093 1558 1147 docet
1608 1096 1706 1147 mi-

148 1163 280 1220 nora
311 1179 451 1232 esse,
480 1178 595 1229 qua
623 1164 727 1215 sint
748 1164 856 1214 visa
891 1163 1105 1229 majora.

219 1234 573 1290 Tolerabilius
625 1232 757 1285 feret
802 1232 1213 1296 inconnnodum,
1263 1232 1350 1299 qui
1397 1232 1705 1301 cognoverit

147 1320 373 1359 necesse
409 1316 527 1356 esse
554 1302 754 1355 homini
797 1302 903 1354 tale
932 1303 1053 1369 quid
1082 1303 1349 1355 accidere.

222 1377 296 1428 Ea
320 1373 462 1427 enim
494 1372 609 1440 lege
647 1372 755 1424 nati
783 1386 984 1440 sumus,
1016 1381 1070 1422 ut
1097 1385 1253 1425 nemo
1297 1372 1347 1423 itt
1392 1382 1701 1438 perpetuum

151 1460 277 1499 esse
306 1451 484 1510 posset
520 1439 709 1506 expers
746 1441 889 1493 mali.
934 1439 1063 1493 Nam
1110 1442 1348 1495 mortalis
1392 1455 1549 1493 nemo
1598 1449 1681 1493 est

143 1529 310 1583 quem
340 1526 443 1565 non
483 1510 693 1583 attingit
722 1510 871 1564 dolor
909 1512 1248 1583 morbosque.

219 1585 350 1637 Acta
383 1591 509 1635 artas
535 1578 754 1634 honeste
786 1595 845 1633 ac
872 1581 1143 1649 splendide
1171 1590 1367 1631 tantam
1398 1578 1547 1631 alTert
1572 1594 1700 1631 con-

144 1654 469 1706 solationem
502 1661 557 1704 ut
594 1665 686 1704 eos
716 1651 804 1717 qui
833 1651 900 1703 ita
947 1650 1195 1711 vixerint,
1228 1661 1317 1701 aut
1347 1664 1451 1701 non
1480 1650 1705 1718 attingat

144 1723 430 1791 aegritudo,
462 1730 552 1773 aut
587 1721 775 1774 leviter
815 1729 1009 1787 pungat
1045 1720 1209 1791 animi
1233 1721 1405 1772 dolor.

220 1794 419 1846 Pueros
446 1806 572 1845 vero
600 1800 651 1843 et
679 1800 875 1844 matres
902 1802 954 1844 et
984 1790 1215 1857 magistri
1245 1790 1404 1842 etiam
1441 1788 1701 1857 castigare

149 1864 354 1924 solent,
401 1876 498 1913 nec
532 1860 707 1913 verbis
730 1861 921 1923 solum,
966 1862 1056 1911 sed
1096 1863 1255 1912 etiam
1301 1859 1626 1923 verberibus,
1660 1859 1703 1911 si

149 1934 279 2000 quid
306 1936 356 1983 in
399 1931 694 1983 domestico
746 1932 882 1983 luctu
926 1930 1143 1983 hilarius
1184 1929 1251 1982 ab
1303 1929 1367 1983 iis
1398 1929 1592 1981 factum
1624 1939 1706 1982 cst

140 2013 234 2055 aut
260 2003 477 2063 dictum,
510 2002 715 2066 plorare
747 2009 959 2068 cogunt.

215 2071 616 2138 Theophrastus
646 2068 875 2124 moriens
905 2084 1180 2123 accusasse
1210 2077 1451 2121 naturam
1480 2068 1691 2132 dicitur,
1740 2128 1741 2131 η

136 2143 282 2209 quod
313 2139 485 2194 cervis
506 2149 561 2193 et
580 2140 881 2193 cornicibus
905 2142 1063 2193 vitam
1105 2141 1434 2200 diuturnam,
1478 2155 1701 2205 quorum

139 2213 195 2264 id
224 2212 354 2264 nihil
407 2210 729 2272 interesset;
775 2210 1076 2263 hominibus
1114 2225 1336 2277 quorum
1368 2212 1597 2261 maxime
1626 2209 1705 2262 in-

139 2281 440 2342 terfuisset,
474 2290 578 2331 tam
608 2281 852 2347 exiguam
881 2280 1038 2333 vitam
1084 2280 1338 2332 dedisset.
1396 2280 1630 2343 Quorum
1660 2281 1703 2332 si

133 2362 272 2403 aetas
312 2349 570 2418 potuisset
610 2363 729 2402 esse
774 2350 1127 2416 longinquior,
1162 2353 1393 2400 futurum
1428 2348 1595 2418 fuisse
1642 2359 1699 2402 ut

134 2417 389 2474 omnibus
415 2420 662 2483 perlectis
692 2419 913 2482 artibus,
944 2426 1087 2480 omni
1129 2418 1387 2480 doctrina,
1429 2417 1700 2471 hominum

134 2491 247 2543 vita
291 2489 614 2543 erudiretur.
658 2489 983 2556 Querebatur
1010 2491 1165 2557 igitur
1196 2502 1253 2541 se
1286 2497 1429 2552 tunc,
1458 2504 1580 2541 cum
1615 2490 1700 2541 illa

133 2578 158 2611 τ
174 2561 321 2613 iiiere
348 2575 453 2625 ciet
470 2560 599 2613 isset
627 2559 911 2629 exstingui.

215 2629 537 2681 Praeclarum
572 2629 697 2682 illud
729 2641 827 2693 cst,
856 2638 910 2683 et
937 2630 979 2684 si
1012 2630 1226 2697 quaeris,
1260 2639 1463 2682 rectum
1489 2644 1700 2697 quoque

131 2709 192 2753 et
223 2713 433 2761 verum,
461 2707 517 2749 nt
546 2713 637 2752 eos
666 2701 753 2765 qui
795 2700 944 2752 nobis
966 2700 1260 2751 charissimi
1289 2714 1405 2751 esse
1442 2700 1696 2765 debeant,

136 2784 299 2836 atque
346 2784 409 2821 ac
449 2770 804 2833 nosmetipsts
836 2783 1107 2822 amemus:
1159 2780 1209 2819 at
1259 2784 1383 2821 vero
1428 2771 1542 2835 plus
1589 2772 1700 2824 lieri

132 2843 285 2892 nullo
317 2847 471 2906 pacto
498 2846 688 2906 potesL
721 2839 793 2891 Ne
812 2839 1096 2904 Optandum
1125 2841 1337 2905 quidem
1368 2851 1449 2891 est
1483 2841 1532 2891 in
1567 2842 1702 2892 ami-

128 2911 259 2962 citia
293 2918 349 2963 ut
378 2923 463 2963 me
488 2909 584 2977 ille
613 2910 729 2977 plus
755 2924 908 2975 quam
936 2924 993 2964 se
1017 2918 1174 2973 amet,
1206 2918 1259 2961 et
1288 2923 1385 2976 ego
1417 2909 1558 2961 illum
1585 2913 1699 2975 plus

126 2994 294 3046 quam
342 2993 447 3031 me.
484 2976 816 3033 Perturbatio
856 2983 993 3032 enim
1027 2982 1170 3044 vit-a3,
1221 2982 1262 3031 si
1306 2978 1374 3031 ita
1412 2982 1501 3039 sit,
1541 2990 1699 3047 atque

126 3049 438 3102 ol'tic.orum
464 3051 699 3102 omnium
730 3062 1104 3118 consequetur.

207 3119 304 3172 Eat
352 3118 492 3211 ﬁtilla
537 3120 802 3197 prOptiunt
854 3121 1088 3175 stultitia:
1136 3118 1359 3174 aliorum
1410 3120 1531 3172 vitia
1579 3134 1697 3173 cer-
1727 3148 1773 3211 ο

129 3204 287 3252 nere,
319 3188 556 3241 oblivisci
585 3203 824 3242 suorum.

209 3260 337 3313 lla‘c
356 3259 527 3310 utticia
552 3268 679 3311 sunt
700 3259 1105 3323 consolantium,
1134 3260 1316 3313 tollere
1339 3259 1706 3325 a~grituilinem

129 3329 400 3389 funditus,
432 3337 520 3381 aut
550 3331 760 3393 sedare,
791 3340 879 3381 aut
901 3332 1179 3381 detrahere
1203 3344 1357 3395 quam
1393 3332 1701 3394 plnrnnum,

129 3414 226 3451 aut
256 3399 613 3468 supprimere,
641 3414 740 3452 nec
768 3402 866 3467 pati
897 3414 1109 3453 uiauare
1134 3400 1361 3465 longius,
1391 3411 1479 3449 aut
1512 3402 1573 3447 ait
1602 3401 1704 3449 alta

131 3471 439 3523 traducere.
475 3470 803 3524 Sumendum
831 3483 1035 3534 tempus
1063 3479 1145 3522 est
1176 3483 1279 3521 n0u
1310 3468 1485 3520 minus
1511 3468 1560 3519 in
1593 3469 1708 3520 ani-

128 3552 346 3591 marum
375 3541 576 3592 morbis
613 3556 771 3606 quam
800 3541 850 3593 in
878 3555 1177 3607 corporum.

202 3608 342 3671 Quid
374 3618 550 3678 autem
584 3610 916 3678 praeclarum,
950 3628 1052 3661 non
1083 3610 1222 3661 idem
1256 3607 1530 3662 arduum?
1580 3608 1703 3663 llaec

126 3693 194 3732 ex
228 3678 391 3730 tertio
415 3677 599 3747 Tusc.,
628 3688 919 3747 sequuntur
945 3695 1007 3732 ex
1036 3690 1243 3747 quarto.

128 3814 218 3873 Es
245 3810 377 3871 libro
404 3824 583 3885 quarto
614 3814 1017 3943 Tusculanarum
1051 3817 1402 3884 Quaestionum
1442 3817 1519 3873 Μ.
1558 3816 1703 3873 Tull.

827 3904 1058 3943 icerants.

827 3904 1058 3943 ιειτοηιι.

202 4022 277 4078 Ut
306 4023 443 4077 bona
484 4034 671 4079 natura
697 4024 1015 4092 appetimus,
1046 4026 1124 4079 sic
1148 4038 1178 4078 a
1210 4024 1365 4078 malis
1393 4031 1582 4077 natura
1616 4023 1709 4078 de-

127 4094 419 4147 clinamus.
464 4094 715 4149 Omnium
763 4094 1210 4161 perturbationum
1270 4105 1455 4147 natura
1506 4094 1705 4148 fontem

126 4177 254 4217 esse
294 4162 479 4217 dicunt
522 4164 1007 4233 intemperantiam,
1041 4180 1157 4233 qua:
1204 4175 1287 4218 est
1317 4180 1347 4218 a
1374 4173 1486 4218 tota
1530 4175 1707 4219 mente

127 4242 184 4285 et
214 4240 364 4304 recta
396 4234 603 4287 ratione
628 4232 876 4289 defectio.
925 4232 1529 4304 Nam’quemadmodum
1562 4246 1707 4289 tem-

130 4303 380 4369 perantia
412 4304 566 4358 sedat
593 4306 946 4374 appetitiones
974 4321 1178 4372 omnes,
1222 4315 1277 4361 et
1308 4308 1470 4362 el'ticit
1514 4316 1569 4359 ut
1596 4310 1707 4362 inec

128 4381 296 4445 recte
324 4375 521 4427 rationi
554 4386 795 4442 pareant,
834 4388 1214 4445 consumatque
1250 4378 1583 4431 considerata
1611 4376 1704 4444 ju-

128 4443 521 4516 diciaAmeutis,
549 4448 625 4516 sic
655 4445 776 4499 huic
815 4446 1025 4499 inimica
1054 4443 1454 4516 intemperantia
1485 4443 1697 4503 Omnem

127 4513 296 4567 animi
343 4524 542 4569 statum
591 4515 902 4581 inﬂammat,
940 4513 1238 4584 conturbat,
1272 4519 1469 4572 incitat.
1520 4518 1697 4586 Itaque

127 4595 178 4636 et
221 4586 572 4657 aegritudines
601 4598 655 4640 et
696 4599 867 4641 metus
894 4596 947 4641 et
994 4590 1210 4656 reliqum
1265 4590 1693 4657 perturbationes

127 4670 322 4708 omnes
347 4656 637 4725 gignuntur
662 4673 725 4711 ex
763 4673 846 4710 ea.

196 4726 468 4776 Omnibus
498 4729 637 4777 enim
671 4741 893 4791 quorum
933 4742 1079 4779 mens
1110 4727 1361 4780 abhorret
1391 4743 1418 4778 a
1465 4729 1691 4793 ratione,

127 4805 353 4863 semper
391 4796 582 4860 aliquis
622 4796 743 4847 aliis
788 4797 960 4857 dolor,
1004 4797 1120 4847 aliis
1168 4806 1339 4851 terror
1394 4802 1689 4863 impendet.

129 4863 306 4914 Homo
337 4862 473 4932 frugi
500 4863 676 4917 omnia
711 4874 853 4918 recte
884 4865 1025 4918 facit.

165 4933 353 5012 .Quid
388 4938 532 4987 enim
564 4932 808 5012 videatur
837 4937 885 5012 ei
918 4950 1162 5012 magnum
1206 4952 1259 4989 tn
1298 4936 1459 5012 rebus
1505 4937 1692 5012 huma-

127 5002 229 5071 nis,
264 5002 354 5057 cui
388 5004 661 5057 aeternitas
708 5007 883 5059 bmuis
928 5002 1194 5074 tutiusque
1242 5009 1422 5061 mundi
1458 5022 1580 5062 nuta
1623 5010 1695 5062 sit

129 5075 463 5143 magnitudo.
494 5074 625 5129 Nam
656 5075 782 5141 qdid
810 5076 976 5127 autin
1020 5079 1207 5130 studiis
1235 5081 1480 5132 humanis
1522 5090 1612 5132 aut
1639 5081 1689 5132 in

129 5154 234 5195 tam
275 5159 468 5214 exigua
518 5144 775 5199 brevitate
803 5146 921 5217 vita
977 5161 1222 5217 magnum
1266 5150 1492 5217 sapienti
1525 5153 1690 5205 videri

131 5223 327 5279 potest,
354 5217 445 5282 qui
476 5232 687 5281 semper
736 5216 915 5269 animo
961 5216 1038 5267 sic
1074 5219 1323 5282 excubat,
1365 5234 1418 5272 ut
1466 5224 1511 5274 ei
1562 5222 1690 5273 nihil

130 5284 484 5357 improvisum
512 5288 755 5357 accidere
780 5286 967 5355 possit,
1010 5284 1139 5339 nihil
1182 5288 1533 5357 inopinatum,
1563 5292 1689 5345 nihil

130 5355 350 5406 omnino
391 5356 630 5424 novum?
674 5365 833 5424 atque
882 5358 1019 5409 idem
1070 5357 1382 5411 acerrimam
1416 5362 1466 5412 in
1506 5355 1693 5416 omnes

134 5435 310 5486 partes
336 5423 508 5479 aciem
550 5423 798 5492 intendit,
848 5436 902 5481 ut
931 5442 1141 5494 semper
1171 5429 1347 5481 videat
1374 5432 1557 5485 sedem
1590 5433 1690 5485 sibi

130 5506 190 5545 ac
228 5494 407 5547 locum
448 5494 568 5549 sine
613 5497 881 5562 molestia,
922 5506 1079 5563 atque
1127 5512 1325 5566 angore
1368 5501 1599 5566 vivendi,
1636 5510 1693 5553 ut

132 5576 502 5638 quemcunque
536 5578 725 5638 casum
756 5567 963 5638 fortuna
994 5570 1283 5632 invexerit,
1320 5571 1461 5625 hunc
1488 5583 1610 5638 apte
1638 5584 1691 5628 et

133 5634 308 5709 quiete
336 5632 494 5709 lerat,
524 5634 676 5709 Quod
722 5637 765 5689 si
796 5636 973 5700 faciet,
1026 5656 1129 5693 non
1159 5644 1469 5709 mgiitudine
1517 5632 1688 5697 solum

134 5704 356 5775 vacabit,
402 5705 496 5757 sed
547 5707 709 5760 etiam
762 5704 1248 5775 perturbationibus
1292 5714 1536 5766 omnibus
1570 5714 1689 5766 rcli-

137 5775 266 5838 Quis.
298 5773 391 5830 llis
418 5784 594 5831 autem
627 5773 818 5833 vacans
861 5778 1066 5833 animus
1092 5781 1323 5850 perfecte
1355 5795 1511 5853 atque
1534 5786 1688 5839 absu-

1810 540 1876 588 ab
1914 539 2114 601 integra
2146 546 2396 601 certaque
2421 538 2647 596 ratione,
2681 552 2783 588 non
2812 539 3165 592 constantiam
3209 545 3381 597 solum

1813 609 2031 669 amittit,
2067 623 2247 658 verum
2288 610 2443 658 etiam
2484 606 2787 659 sanitatem.

1885 676 2173 742 lmpuuitas
2197 686 2534 741 peccatorum
2554 677 2671 727 data
2702 676 2907 728 videtur
2932 677 3011 729 eis
3041 679 3128 745 qui
3151 688 3202 730 et
3230 681 3384 745 igno-

1810 747 2026 797 miniam
2061 755 2113 798 et
2144 745 2411 797 infamiam
2448 747 2761 798 feruntsioe
2788 746 2996 810 dolore,
3031 750 3261 802 morderi
3296 763 3380 804 est

1809 818 2000 869 melius
2049 815 2395 867 conscientia.

1881 887 1933 938 In
1956 886 2199 937 omnibus
2219 888 2323 937 lere
2350 887 2505 937 rebus
2528 884 2947 939 mediocritatem
2971 898 3090 939 esse
3111 888 3371 954 optimam

1806 955 2132 1009 existimant.

1878 1024 2059 1091 Neque
2088 1032 2169 1075 est
2213 1023 2355 1076 enim
2387 1024 2491 1076 ulla
2554 1023 2825 1088 fortitudo,
2878 1038 2994 1092 qua:
3043 1023 3265 1077 rationis
3298 1036 3381 1079 est

1804 1106 2021 1158 expers.
2050 1094 2465 1146 Contemnendm
2494 1104 2615 1147 sunt
2642 1095 2884 1146 humanae
2921 1108 3022 1156 res,
3056 1096 3372 1162 negligenda

1804 1179 1949 1217 mors
1992 1173 2092 1227 est,
2150 1164 2391 1228 patibiles
2436 1173 2489 1217 et
2540 1163 2748 1215 labores
2797 1173 2851 1217 et
2878 1164 3090 1216 dolores
3124 1168 3361 1229 putandi.

1809 1234 1931 1286 llmc
1982 1248 2100 1285 cum
2140 1235 2423 1285 constituta
2477 1234 2582 1285 sint
2624 1232 2831 1299 judicio
2887 1243 3044 1298 atque
3102 1237 3369 1287 constanti

1804 1306 2101 1365 sententia,
2149 1314 2324 1355 tamen
2364 1310 2447 1356 est
2494 1304 2714 1356 robusta
2744 1302 2832 1356 illa
2880 1312 2931 1357 et
2960 1302 3165 1354 stabilis
3214 1304 3367 1356 loru-

1806 1374 1953 1426 tudo.
2278 1410 2284 1415 ~

1878 1442 2013 1496 Utile
2039 1450 2122 1496 est
2150 1442 2293 1497 enim
2321 1440 2395 1495 uti
2430 1441 2779 1503 motuaniini,
2810 1443 2899 1510 qui
2926 1444 2994 1495 uti
3028 1444 3235 1499 ratione
3265 1460 3370 1497 non

1804 1524 1994 1581 potest.

1876 1582 1985 1634 Non
2009 1582 2149 1635 enim
2176 1584 2446 1644 suscipere
2496 1580 2595 1647 ipsi
2622 1580 2963 1649 aagritudmes
2993 1595 3206 1649 propter
3229 1584 3364 1638 alios

1802 1652 2077 1714 debemus,
2108 1654 2198 1705 sed
2228 1654 2360 1703 alios
2387 1654 2429 1703 si
2465 1666 2745 1717 possumus
2787 1653 2965 1704 levare
2996 1654 3331 1717 aegritudine.

1882 1722 2127 1773 Adhibita
2178 1728 2312 1773 ratio
2354 1722 2524 1775 cernit
2559 1722 2683 1788 quid
2710 1726 2969 1788 optimum
3002 1724 3092 1787 sit,
3126 1726 3367 1791 neglecta

1808 1792 1990 1844 multis
2018 1791 2317 1855 implicatur
2342 1791 2636 1843 erroribus.

1881 1861 1973 1913 Est
1999 1872 2174 1912 autem
2210 1862 2350 1912 utilis
2375 1859 2441 1911 ad
2473 1858 2893 1923 persuadendum
2926 1872 2987 1911 ea
3017 1875 3134 1928 qua:
3163 1860 3376 1915 accide-

1807 1940 1929 1983 runt
1976 1930 2100 1983 ferri
2147 1939 2201 1983 et
2231 1944 2387 1997 posse
2430 1937 2483 1983 et
2510 1939 2789 1999 oportere,
2822 1930 3152 1984 enumeratio
3182 1947 3369 1985 eorum

1804 2003 1890 2069 qtti
1917 2001 2176 2053 tulerunt.

1875 2072 1988 2125 Sint
2024 2086 2151 2122 sane
2197 2073 2293 2123 ista
2323 2071 2461 2124 bona
2492 2084 2611 2136 qua
2655 2078 2927 2135 putantur,
2958 2070 3204 2131 honores,
3235 2070 3373 2124 divi-

1805 2141 1915 2202 tiae,
1949 2141 2245 2207 voluptates
2276 2152 2609 2207 ceteraque;
2664 2148 2839 2193 tamen
2887 2140 2937 2191 in
2979 2140 3058 2191 eis
3091 2141 3218 2206 ipsis
3269 2156 3365 2207 po-

1807 2210 2002 2264 tiendis
2033 2212 2313 2262 exsultans
2339 2210 2681 2279 gestiensque
2716 2208 2891 2261 laetitia
2942 2209 3107 2273 turpis
3149 2221 3251 2262 est.
3306 2210 3374 2265 Ut

1803 2285 1847 2334 si
1881 2282 2103 2334 irriitere
2130 2295 2445 2341 concessum
2473 2281 2563 2342 sit,
2597 2284 2926 2344 vituperetur
2951 2288 3125 2332 tamen
3153 2281 3369 2333 cachin-

1806 2352 1969 2403 nztliO.
2004 2350 2201 2403 Eodem
2246 2352 2387 2403 enim
2422 2350 2544 2403 vitio
2569 2362 2649 2404 est
2682 2350 2871 2403 eﬂusio
2901 2351 3064 2401 animi
3096 2350 3145 2401 iu
3175 2350 3379 2416 |.i-titia,

1802 2437 1909 2489 quo
1941 2420 2209 2471 inldolore
2236 2419 2533 2472 contractio
2552 2459 2567 2482 ,
2608 2421 2903 2485 eademque
2929 2420 3141 2489 levitate
3167 2420 3372 2480 cupidi-

1805 2488 1889 2541 tas
1920 2497 1999 2541 cst
2032 2489 2081 2539 iit
2124 2489 2440 2555 appetendo,
2467 2504 2570 2556 qua
2614 2489 2794 2542 lzetitia
2838 2494 2889 2540 lu
2922 2488 3165 2539 fruendo.
3216 2491 3275 2540 Et
3325 2497 3380 2541 ut

1804 2562 1960 2611 nimis
2008 2557 2190 2611 altlit-ti
2242 2559 2506 2621 molestia,
2538 2560 2619 2611 sic
2651 2560 2811 2611 animi
2850 2557 2975 2612 elati
3028 2557 3205 2609 lzetitia
3249 2557 3373 2625 jure

1798 2630 2101 2697 judicantur
2132 2629 2293 2683 leves.
2329 2632 2393 2681 Et
2443 2640 2496 2681 ut
2544 2642 2726 2693 turpes
2756 2637 2878 2681 sunt
2907 2628 2994 2693 qui
3041 2628 3270 2679 eﬂerunt
3314 2643 3373 2679 se

1803 2702 2005 2762 lzetitia,
2044 2707 2154 2751 tum
2180 2716 2297 2752 cum
2336 2700 2578 2751 lruuntur
2611 2700 2851 2753 venereis
2882 2698 3267 2762 voluptatibus,
3298 2698 3374 2751 sic

1805 2769 2053 2835 ﬂagitiosv'
2088 2771 2175 2835 qui
2209 2786 2299 2823 eas
2358 2770 2688 2823 inllammato
2735 2770 2915 2821 animo
2968 2771 3370 2832 concupiscunt.

1805 2841 1928 2893 llaec
1954 2854 2014 2892 ex
2041 2851 2231 2909 quarto
2250 2883 2264 2905 ,
2316 2848 2611 2909 sequuntur
2644 2856 2783 2895 nunc
2813 2855 2878 2894 ex
2906 2837 3088 2905 quinto
3112 2848 3163 2891 et
3186 2838 3374 2888 ultimo

1805 2912 1963 2964 libro.

1961 2999 2044 3054 Ex
2099 3001 2228 3054 libro
2267 3001 2440 3069 quinto
2483 3000 2891 3054 Tusculanarum
2930 2997 3007 3053 Μ.
3054 2997 3195 3053 Tull.

2457 3069 2735 3125 Ciceronis.

1884 3186 2130 3239 Omnium
2174 3186 2422 3240 vitiorum
2456 3194 2902 3252 peccatorumque
2932 3192 3230 3238 nostrorum
3262 3197 3381 3246 om-

1812 3258 1894 3312 nis
1924 3274 1951 3309 a
1981 3260 2311 3325 philosophia
2345 3258 2570 3324 petenda
2605 3257 2869 3309 correctio
2897 3264 2998 3317 est,
3026 3253 3178 3319 cujus
3210 3253 3260 3304 in
3290 3254 3374 3303 si-

1811 3345 1935 3380 num
1968 3344 2086 3380 cum
2126 3344 2152 3377 a
2186 3328 2369 3393 primis
2400 3329 2725 3391 temporibus
2758 3326 2927 3376 aetatis
2959 3331 3153 3375 nostrae
3186 3326 3374 3373 volun-

1812 3401 1933 3449 tatis
1964 3400 2305 3462 studiumque
2337 3397 2704 3461 compulisset,
2752 3396 2833 3447 his
2881 3394 3209 3461 gravissimis
3238 3394 3377 3445 casi-

1758 3510 1764 3517 .
1810 3467 1906 3519 bus
1937 3467 1989 3519 in
2021 3467 2266 3519 eumdem
2303 3476 2511 3528 portum
2540 3480 2602 3518 ex
2630 3481 2734 3532 quo
2764 3478 2974 3517 eramus
3005 3463 3226 3531 egres~i.
3260 3477 3373 3512 ma-

1808 3551 1905 3603 gnn
1932 3536 2113 3605 jactati
2142 3545 2457 3604 tempestate
2484 3534 2839 3604 confugimus.
2888 3536 2932 3587 υ
2975 3536 3090 3586 vitae
3142 3532 3376 3605 philoso-

1813 3602 2089 3671 phia'dutt,
2124 3625 2155 3660 ο
2190 3602 2401 3659 virtutis
2424 3602 2759 3678 indagatrix,
2810 3602 3373 3678 ettpultrixque‘vitio-

1810 3691 1925 3730 rum
1953 3678 1965 3730 !
2014 3670 2149 3743 Quid
2183 3693 2284 3731 non
2317 3676 2473 3730 modo
2506 3670 2620 3738 nos,
2659 3678 2750 3729 sed
2799 3672 3015 3727 omnino
3049 3670 3373 3743 vitaghomi-

1811 3761 1938 3819 num
1980 3741 2096 3801 sine
2125 3759 2176 3802 te
2217 3761 2335 3801 esse
2367 3747 2661 3819 potuisset?
2709 3746 2786 3797 Tu
2818 3744 2973 3819 urbes
3004 3741 3274 3809 peperisti,
3323 3750 3376 3819 tu

1810 3817 2094 3883 dissipatos
2143 3814 2388 3870 homines
2438 3818 2489 3869 in
2537 3817 2845 3868 societatem
2878 3814 3007 3883 vitte
3043 3814 3371 3883 convocasti,

1811 3895 1865 3938 tu
1892 3881 1985 3941 eos
2016 3890 2156 3939 inter
2200 3903 2259 3940 se
2289 3887 2460 3952 primo
2504 3884 2807 3947 domiciliis,
2855 3882 3047 3936 deinde
3091 3881 3373 3948 conjugiis,

1812 3965 1921 4009 tum
1953 3958 2244 4009 litterarum
2291 3964 2345 4009 et
2384 3970 2571 4009 vocum
2619 3954 2999 4009 communione
3025 3953 3284 4019 junxisti;
3317 3962 3372 4003 tu

1811 4026 2074 4080 inventrix
2119 4028 2321 4093 legum;
2354 4033 2411 4079 tu
2443 4026 2693 4095 magistra
2739 4040 2948 4079 morum
2992 4032 3045 4078 et
3073 4023 3369 4095 disciplina».

1810 4098 1970 4150 luisti.
2019 4098 2096 4150 Ad
2141 4092 2192 4151 te
2239 4092 2593 4161 confugimus,
2626 4111 2654 4148 a
2701 4104 2753 4150 te
2790 4110 2944 4163 opem
2979 4095 3227 4163 petimus,
3276 4092 3371 4145 tibi

1810 4183 1927 4232 nos,
1960 4179 2016 4221 ut
2037 4178 2210 4227 antea,
2244 4182 2433 4237 magna
2460 4166 2723 4236 exparte,
2756 4165 2834 4220 sic
2863 4180 3006 4218 nunc
3047 4164 3253 4237 penitus
3288 4172 3372 4214 to-

1810 4245 1999 4308 tosque
2048 4236 2467 4293 trailimus.’Est
2495 4248 2672 4292 autem
2706 4252 2843 4291 unus
2886 4238 2999 4291 dies
3048 4236 3180 4308 bene
3232 4242 3286 4284 et
3312 4246 3375 4283 ex

1810 4306 2088 4378 praeceptis
2132 4310 2237 4362 tuis
2268 4319 2437 4376 actus,
2489 4325 2624 4379 pene
2671 4310 2765 4363 toti
2798 4306 3177 4362 immortalitati
3220 4311 3369 4355 ante-

1812 4381 2107 4447 ponendus.
2140 4380 2304 4448 Cujus
2334 4380 2490 4449 igitur
2521 4381 2693 4448 potius
2736 4380 2927 4446 Opibus
2958 4388 3167 4449 utamur
3198 4387 3369 4440 'quam

1812 4452 1935 4512 tuis,
1961 4467 2077 4519 qua:
2102 4462 2156 4505 et
2186 4447 2305 4503 vita:
2336 4447 2766 4521 tranquillitatem
2799 4450 2985 4518 largita
3012 4447 3273 4521 nobisges,
3318 4452 3375 4521 et

1806 4518 2062 4575 terrorem
2088 4523 2275 4575 mortis
2302 4518 2581 4575 sustulisti.
2606 4520 2744 4573 Cave
2770 4521 2910 4573 enim
2946 4528 3098 4585 putes
3129 4518 3292 4570 ullam
3321 4518 3371 4565 in

1803 4593 2130 4658 philosophia
2155 4607 2337 4645 vocem
2365 4594 2611 4645 emissam
2643 4590 2950 4651 clariorem,
2984 4591 3219 4641 ulluinvte
3246 4598 3369 4637 esse

1799 4664 2152 4727 philusotihite
2203 4663 2519 4729 promissum
2552 4662 2769 4715 uberius
2817 4671 2908 4713 aut
2958 4660 3154 4731 majus.
3215 4668 3372 4731 quam

1796 4732 1910 4851 hunc
1954 4747 2051 4784 Vox
2096 4742 2197 4794 est,
2234 4733 2480 4786 virtutem
2509 4734 2638 4784 satis
2688 4746 2843 4800 posse
2872 4731 2937 4783 ad
2987 4730 3141 4783 beate
3194 4730 3379 4776 'Wen-

1836 4817 1941 4851 Illn.

1836 4817 1941 4851 Illn.

1869 4871 2040 4924 Motus
2093 4872 2377 4925 turbulenti
2420 4871 2841 4941 jactationesque
2889 4874 3187 4927 animorum
3247 4866 3380 4941 inlli-

1797 4949 1916 4991 tatae
1949 4950 2001 4993 et
2026 4946 2221 5008 impetu
2253 4939 2644 4997 inconsiderato
2673 4939 2828 4998 elata:
2850 4946 3107 4997 rationem
3131 4939 3371 4995 omnium

1795 5014 2129 5078 repellentes,
2180 5014 2300 5065 vita:
2350 5014 2516 5067 beata:
2566 5016 2763 5067 nullam
2794 5029 2995 5081 partem
3048 5018 3376 5069 relinltlmnl.

1795 5083 1921 5145 Quis
1950 5086 2089 5135 enim
2125 5092 2317 5149 potest,
2340 5094 2561 5137 mortem
2581 5095 2672 5138 aut
2691 5085 2926 5139 dolorem
2953 5096 3222 5141 metuenti.
3245 5093 3378 5140 ιιιιυ·

1795 5167 1909 5223 rum
1940 5154 2165 5206 alterum
2212 5170 2423 5222 semper
2448 5156 2616 5219 adest,
2652 5158 2879 5209 alterum
2910 5173 3120 5223 semper
3156 5164 3377 5211 Impell-

1793 5222 1903 5295 det,
1936 5237 2053 5276 esse
2084 5241 2187 5277 non
2221 5227 2414 5281 miser?
2442 5226 2590 5295 Quod
2622 5230 2663 5277 si
2690 5228 2852 5289 idem,
2888 5222 3037 5295 quoit
3060 5229 3378 5295 plermmllle

1794 5294 1871 5355 lit,
1922 5308 2302 5362 paupertatem,
2359 5294 2731 5361 ignominiam,
2792 5291 3067 5349 infamiam
3109 5296 3283 5353 timet,
3336 5291 3380 5340 si

1792 5364 2141 5435 debilitatem,
2189 5366 2503 5426 caecitatem,
2538 5367 2581 5417 si
2612 5368 2841 5434 denique
2882 5370 3019 5435 quod
3054 5380 3167 5420 nodi
3199 5364 3381 5428 singu-

1794 5434 1857 5507 lis
1889 5436 2209 5507 hominibus,
2242 5440 2334 5488 sed
2381 5435 2684 5501 potentibus
2730 5438 2957 5503 populis,
2989 5438 3141 5507 stupe
3170 5442 3375 5507 coutin-

1791 5506 1883 5570 git,
1940 5505 2280 5567 servitutem,
2333 5514 2505 5571 potest
2560 5520 2620 5559 ea
2670 5511 2863 5560 timens
2916 5523 3038 5562 esse
3072 5505 3375 5569 'Apiisquam

1794 5574 2016 5626 beatus?
2059 5575 2193 5637 Quid
2220 5575 2307 5640 qui
2342 5589 2446 5626 non
2480 5576 2638 5630 modo
2678 5591 2739 5630 ea
2784 5580 2951 5632 futura
2986 5582 3162 5635 tim‘wl,
3192 5586 3374 5623 Vcl‘ll'“

1789 5642 2084 5716 etiaml'ert
2122 5647 2455 5716 sustinetque
2499 5650 2816 5712 prasentia?
2857 5652 2993 5705 adde
3040 5645 3239 5716 opodelll
3292 5656 3387 5692 ρκ’

1788 5714 1926 5785 sitia,
1959 5715 2148 5777 luctus,
2177 5714 2453 5781 orbitates,
2483 5720 2571 5785 qui
2602 5723 2760 5771 rebus
2806 5724 2885 5775 his
2913 5714 3126 5779 fractus
3169 5718 3352 5775 :Bltl'llll

1792 5784 1912 5840 dtne
1943 5785 2101 5839 etiam
2134 5786 2367 5853 eliditur,
2414 5784 2585 5857 potest
2636 5792 2843 5847 tandem
2877 5808 2997 5849 ese
3064 5804 3165 5845 non
3202 5801 3391 5839 uuscr-
