3868 6256
483 404 616 459 1087

941 403 1146 458 uenit“.
1189 373 1639 458 VENEltABILlS
1679 395 1828 452 OPP.
1874 395 2043 450 PARS

2189 393 2381 448 SECT.
2445 392 2484 445 Ι.
2527 423 2597 434 --
2636 390 2836 446 DUBIA
2880 390 2964 444 ΕΤ
3004 388 3271 445 SPURIA.

3607 387 3744 443 1:183

480 519 645 573 rimus
667 518 692 570 ?
717 516 850 582 Quid
881 532 1010 569 vero
1040 517 1184 568 illum
1217 533 1369 584 quem
1421 517 1721 570 libidinibus
1753 513 2043 566 inflamma-

2162 506 2406 584 pinatum‘
2433 513 2532 584 aut
2576 519 2770 584 noviiin
2811 503 3068 584 ac.id_i~se
3111 504 3398 584 videatur“;
3432 502 3615 552 omnia

481 601 590 642 tum
621 598 667 638 et
699 588 955 639 furentem
987 586 1250 648 videmus,
1280 587 1453 639 omnia
1500 587 1682 650 rapide
1711 593 2045 651 appetentem

481 675 599 710 cum
633 657 929 720 inexplebili
980 657 1283 718 cupiditate,
1327 671 1533 722 quoque
1563 656 1866 708 aflluentius
1894 652 2013 704 vtilu
2035 683 2049 692 ε

483 738 652 793 ptates
709 727 941 792 undique
995 725 1232 786 hauriat,
1290 742 1354 779 en
1411 726 1619 788 gravius
1675 725 2049 793 πτιιειιιίιιξιιιιφ

481 791 770 856 sitim-tein,
820 791 994 847 nonne
1045 807 1198 854 recte,
1233 797 1585 847 miserrimum
1633 795 1874 847 dixeris?
1913 791 2048 855 Quid

479 868 649 916 elatus
700 866 787 916 ille
837 867 1068 924 levitate,
1130 866 1375 926 inanique
1427 866 1600 916 laetitia
1652 865 1945 920 exsultans,
1995 874 2050 913 et

482 946 682 987 temo-re
727 935 981 997 gestiens,
1035 949 1207 985 nonne
1238 944 1383 987 tanto
1427 935 1692 995 lltlst’rlnr,
1722 941 1918 998 quanto
1949 930 2048 982 sibi

487 1005 691 1054 videtur
723 1004 959 1054 beatior?
994 1004 1150 1067 Ergo,
1197 1015 1249 1055 ut
1291 1005 1337 1054 hi
1370 1004 1571 1063 miseri,
1622 1005 1699 1056 sic
1747 1016 1928 1054 contra
1974 1000 2047 1052 illi

484 1075 642 1134 beati,
692 1089 822 1136 quis
873 1074 998 1123 nulli
1034 1087 1205 1126 metus
1255 1083 1472 1134 tertent,
1505 1073 1660 1135 nulla:
1685 1071 2049 1129 ‘zeizritudines

480 1145 732 1204 exedunt,
769 1143 922 1195 nulla:
953 1143 1194 1196 libidines
1223 1145 1460 1203 incitant,
1517 1144 1670 1194 nulla?
1713 1141 1886 1191 futiles
1919 1140 2048 1192 laeti-

483 1214 937 1272 tizl-exsnltantes,
974 1212 1233 1279 languidis
1283 1212 1634 1279 liquefaciunt
1668 1210 2046 1275 voluptatibus.

480 1282 630 1346 Quod
671 1283 713 1332 si
746 1291 825 1332 est
877 1283 962 1348 qui
1025 1286 1128 1334 vim
1183 1286 1427 1342 [οι-ωηεν,
1462 1281 1547 1340 nui
1580 1281 1752 1332 omnia
1795 1284 2044 1343 humana,

479 1367 598 1418 qua:
626 1355 816 1417 cuique
859 1351 1100 1405 accidere
1149 1363 1385 1416 possunt,
1433 1352 1724 1404 tolerabilia
1769 1350 1949 1412 ducat,
1982 1365 2045 1402 ex

480 1435 585 1484 quo
615 1437 710 1473 nec
752 1425 909 1473 timor
933 1437 1075 1484 eum,
1125 1438 1223 1475 nec
1262 1437 1425 1483 angor
1452 1435 1480 1472 a
1508 1423 1691 1489 tingat,
1728 1422 1972 1485 idemque
2002 1420 2045 1472 si

482 1491 609 1542 nihil
650 1492 1008 1554 concupiscet.
1041 1493 1082 1543 si
1118 1493 1257 1544 nulla
1289 1491 1540 1544 efferatur
1585 1492 1743 1544 animi
1777 1491 1917 1541 inani
1954 1505 2047 1542 vo-

482 1561 701 1626 luptate,
734 1563 856 1627 quid
889 1571 969 1613 est
997 1576 1090 1612 cur
1119 1563 1303 1614 beatus
1333 1577 1432 1612 non
1465 1562 1572 1613 sit?
1624 1563 1682 1614 lit
1716 1561 1757 1614 si
1790 1561 1903 1613 haec
1945 1562 2049 1613 vir-

483 1639 594 1682 tute
621 1631 946 1695 efficiuntur,
977 1633 1100 1698 qttid
1140 1641 1222 1686 est
1262 1648 1358 1686 cur
1390 1633 1552 1685 iirtus
1583 1633 1693 1700 ipsa
1741 1646 1834 1699 per
1860 1643 1919 1684 se
1943 1646 2045 1684 non

478 1700 675 1753 elliciat
706 1701 924 1755 beatos?

549 1769 730 1837 Neque
757 1771 899 1824 enim
933 1770 1088 1823 finem
1121 1788 1388 1838 nt‘nquam
1419 1770 1613 1825 invenit
1648 1771 1827 1822 libido.

2150 591 2301 626 suum
2334 575 2608 626 arbitrium
2643 575 2860 633 referre,
2891 575 2998 626 suis
3027 586 3166 625 stare
3189 572 3405 639 jtnliciis
3430 586 3444 632 ;
3473 587 3582 636 quo
3606 573 3734 634 quid

2149 645 2209 693 sit
2247 644 2468 696 beatius.
2505 645 2628 694 mibi
2662 656 2804 696 certe
2833 644 2882 694 in
2916 653 3142 697 mentem
3174 643 3355 696 venire
3391 657 3498 691 non
3539 653 3734 704 potest.

2148 713 2223 765 Ne
2247 725 2423 766 tuente
2444 713 2654 779 quidem
2681 715 2752 765 uti
2779 728 3076 779 possumus,
3103 714 3264 763 mttltu
3289 713 3410 764 cibo
3432 721 3482 762 et
3518 712 3734 776 potione

2151 783 2336 847 repleti
2395 799 2492 837 nec
2520 799 2748 851 unquam
2779 782 2904 834 mihi
2936 783 3126 850 placuit
3158 782 3238 834 bis
3270 781 3324 835 in
3355 781 3446 834 die
3487 794 3732 832 Saturum

2151 854 2286 904 lieri.

2218 921 2493 986 Quomodo
2541 919 2773 989 jucunda
2825 921 2926 972 vita
2967 935 3086 974 esse
3137 929 3332 988 potest,
3364 935 3392 970 a
3437 934 3543 988 qua
3597 918 3736 971 absit

2151 991 2448 1058 prudentia,
2479 993 2615 1042 absit
2647 991 2978 1044 moderatio?

2226 1061 2345 1112 Dies
2373 1062 2600 1122 deficiet,
2633 1060 2675 1112 si
2707 1062 2858 1113 velim
2907 1057 3231 1127 paupertatis
3273 1072 3486 1110 causam
3540 1057 3734 1112 dt-feno

2150 1128 2305 1193 dere;
2337 1144 2514 1195 aperta
2545 1129 2686 1183 enim
2735 1146 2818 1183 res
2849 1140 2949 1194 est,
2982 1139 3034 1183 et
3061 1129 3300 1200 quotidie
3342 1143 3440 1200 nos
3481 1129 3598 1190 ipsa
3631 1146 3698 1179 na

2151 1207 2262 1250 tum
2289 1202 2554 1258 admonet,
2579 1214 2733 1267 quam
2760 1200 2957 1266 paucis,
2980 1197 3135 1263 quam
3161 1199 3334 1260 parvis
3364 1197 3523 1250 rebus
3547 1207 3728 1262 egeat,

2149 1284 2373 1334 quamve
2417 1271 2627 1322 vilibus.
2663 1269 2796 1322 Nutu
2828 1270 2984 1335 igitur
3013 1268 3332 1332 ignobilitas,
3365 1276 3457 1318 aut
3502 1267 3728 1318 humili-

2151 1346 2250 1397 tas.
2283 1343 2561 1414 autetiam
2599 1341 2867 1414 populare
2913 1339 3139 1414 olfensio
3169 1337 3462 1414 sapientem
3510 1337 3730 1414 beatum

2149 1421 2266 1460 esse
2295 1409 2627 1472 prohibebit?
2651 1406 2764 1460 vide
2790 1423 2854 1461 ne
2878 1409 2992 1472 plus
3017 1409 3408 1461 commendatio
3435 1407 3485 1457 in
3513 1406 3734 1472 Vulgus.

2148 1492 2198 1529 et
2235 1478 2344 1530 inec
2373 1495 2488 1542 qua:
2516 1479 2777 1546 expetitur
2816 1478 3005 1547 gloria,
3037 1475 3294 1531 molestia:
3346 1475 3542 1529 habeat
3571 1491 3734 1546 quam

2150 1547 2451 1610 Voluptatis.

2221 1621 2300 1669 An
2332 1618 2572 1669 tibicines
2601 1616 2760 1682 hique
2788 1617 2877 1684 qui
2917 1615 3106 1668 liilibus
3154 1624 3404 1678 utuntur,
3449 1628 3568 1674 suo,
3623 1627 3732 1666 no

2151 1687 2503 1739 multitudinis
2533 1686 2773 1745 arbtrio.
2818 1694 3012 1740 cantus
3048 1699 3400 1752 numerosque
3443 1685 3734 1735 moderan-

2152 1758 2282 1808 tur?
2316 1756 2402 1808 Vir
2433 1758 2641 1822 sapiens
2688 1759 2850 1811 multo
2892 1756 3093 1821 majore
3143 1764 3259 1808 arte
3310 1754 3584 1822 prmditus,
3624 1769 3730 1806 non

550 1823 714 1893 Aetite
736 1823 1054 1904 disputantis
1083 1823 1332 1905 illiidr'st,
1362 1823 1467 1894 non
1489 1823 1610 1907 quid
1639 1841 1862 1910 quisque
1887 1840 2046 1908 dicat,
2081 1846 2126 1905 Β
2153 1825 2642 1910 (Ιυξάγεστίδείλιηῃη
2675 1827 2761 1888 sit,
2802 1825 2892 1879 sed
2923 1825 3047 1910 quid
3090 1824 3214 1877 Vel“
3242 1823 3728 1910 νυιευξευῃιῖτιῖις

475 1910 568 1962 sed
601 1912 722 1977 quid
746 1914 932 1972 cuique
960 1913 1239 1965 dicendum
1271 1913 1356 1974 sit,
1390 1913 1590 1965 videre.

547 1979 803 2032 Omnibus
859 1984 1000 2034 enim
1059 1982 1340 2034 virtutibus
1401 1981 1684 2035 instructos
1713 1993 1766 2036 et
1808 1993 2043 2047 ornatos,

478 2057 590 2105 ιυπ.
616 2060 901 2114 sapientes,
938 2060 1043 2102 tuin
1072 2053 1213 2104 viros
1242 2053 1404 2104 bonos
1429 2054 1676 2105 dicimus.

552 2119 666 2194 Non
692 2137 752 2172 ex
780 2121 998 2194 singulis
1028 2124 1240 2175 vocibus
1274 2121 1571 2187 philosophi
1595 2124 1867 2191 spectandi
1898 2137 2045 2194 sunt,

477 2191 570 2244 sed
599 2206 661 2242 ex
688 2191 1036 2259 perpetuitate
1056 2201 1215 2258 atque
1245 2196 1564 2246 constantia.

552 2260 679 2330 item
719 2263 857 2313 enim
887 2264 1076 2327 opinor
1102 2262 1328 2330 spectari
1356 2271 1624 2330 Oportcre,
1657 2278 1762 2315 non
1792 2266 1971 2318 verba.

550 2329 678 2382 Nam
705 2332 787 2381 cui
820 2332 932 2382 viro
981 2348 1042 2384 ex
1075 2329 1250 2398 seipso
1280 2329 1403 2396 apta
1453 2342 1576 2384 sunt
1604 2333 1800 2396 omnia,
1832 2348 1951 2398 quze
1979 2334 2046 2388 ad

476 2399 629 2454 beate
675 2399 951 2452 vivendum
987 2403 1182 2466 ferunt,
1234 2417 1330 2454 nec
1377 2413 1631 2469 suSpensa
1688 2403 1909 2456 aliorum
1958 2416 2046 2456 aut

479 2469 618 2523 bono
649 2483 772 2522 Casu
805 2481 891 2522 aut
918 2473 1184 2525 contrario
1216 2473 1444 2540 pendi-re
1474 2488 1536 2524 ex
1568 2474 1783 2526 alti-rius
1815 2476 2041 2539 eventis,

476 2551 529 2594 et
549 2555 728 2594 eirare
756 2550 1036 2608 coguntur,
1081 2541 1204 2594 huic
1243 2543 1442 2605 optime
1485 2543 1691 2594 vivendi
1725 2545 1859 2595 ratio
1900 2558 2046 2598 com—

478 2622 655 2675 parata
683 2621 782 2661 est.
815 2611 994 2676 Neque
1033 2613 1175 2665 enim
1220 2612 1484 2665 laetabitur
1516 2628 1742 2679 unquam
1775 2628 1870 2666 nec
1913 2629 2047 2668 mte-

478 2679 613 2756 rehit
641 2680 815 2758 nimis,
843 2681 931 2747 qui
973 2697 1182 2750 semper
1211 2682 1262 2735 in
1313 2682 1488 2750 seipso
1515 2698 1726 2736 onmem
1773 2698 1921 2751 spem
1963 2699 2047 2738 re-

479 2758 622 2817 ponit
645 2762 745 2800 Stll.

549 2817 819 2871 llumaiius
857 2819 1063 2873 animus
1092 2819 1372 2885 decerptus
1416 2834 1481 2873 ex
1511 2829 1687 2872 mente
1717 2819 1892 2874 divina
1923 2837 2043 2875 cum

473 2886 581 2940 alio
615 2888 781 2948 nullo,
831 2887 927 2940 nisi
955 2904 1075 2941 cum
1105 2887 1218 2954 ipso
1248 2890 1377 2956 Deo,
1419 2891 1461 2941 si
1516 2891 1614 2942 hoc
1663 2889 1740 2941 fas
1770 2902 1849 2943 est
1879 2892 2041 2955 dii-tu,

473 2958 768 3027 comparari
800 2968 994 3027 potest.
1048 2958 1141 3012 llic
1195 2959 1354 3026 igitur
1397 2961 1439 3012 si
1495 2970 1576 3012 est
1622 2959 1883 3026 excultus,
1915 2963 2045 3018 etsi

474 3025 588 3093 ejus
619 3029 755 3098 acies
786 3025 964 3083 curata
998 3029 1066 3083 ita
1095 3038 1196 3095 est,
1224 3025 1383 3090 utne
1410 3043 1701 3083 crearetur
1750 3025 2042 3098 erroribus,

476 3100 533 3148 lit
560 3096 786 3160 perlecta
812 3114 980 3160 mens,
1009 3101 1056 3152 id
1081 3110 1184 3161 est.
1213 3102 1449 3153 ahsolua
1480 3103 1633 3160 ratio.
1658 3118 1773 3167 qua»
1801 3103 1936 3154 idem
1960 3096 2044 3157 est

2224 1897 2445 1963 llljlll'iits
2491 1897 2711 1949 fortuna:
2753 1911 2880 1964 quas
2932 1894 3070 1948 ferre
3109 1910 3363 1961 nequeas.
3404 1892 3732 1964 diﬂiigientlo

2154 1962 2443 2032 relinquas.
2493 1966 2556 2019 Et
2603 1969 2712 2019 haec
2757 1962 3015 2018 sut‘liciant
3057 1979 3122 2017 ex
3176 1965 3568 2030 Quastiouibus
3621 1962 3734 2015 Tu-

2153 2037 2382 2092 scolanis
2414 2036 2573 2088 Marci
2605 2036 2758 2088 Tullii
2787 2035 3082 2088 Ciceronis.

2246 2147 2327 2201 Ea:
2351 2148 2478 2200 libro
2507 2158 2646 2200 sexto
2676 2149 2738 2200 de
2771 2144 3047 2214 Republica
3078 2141 3152 2195 Μ.
3180 2142 3320 2196 Tull.
3350 2142 3629 2196 Ciceronis.

2223 2257 2309 2312 Fit
2340 2260 2481 2312 enim
2511 2274 2653 2326 smpe
2695 2256 2802 2312 fere
2848 2266 2905 2310 ut
2946 2256 3292 2325 cogitationes
3334 2270 3720 2325 sermo-tesque

2152 2332 2315 2382 nostri
2365 2330 2568 2395 pariant
2596 2327 2790 2395 aliquid
2841 2330 2890 2381 in
2942 2342 3148 2390 somno,
3181 2329 3336 2394 quale
3389 2328 3456 2380 de
3490 2327 3720 2380 Homero

2149 2400 2335 2453 scribit
2366 2400 2579 2460 Ennius,
2613 2400 2678 2453 de
2725 2413 2830 2467 quo
2878 2398 3124 2452 videlicet
3165 2397 3466 2466 saepissime
3499 2398 3726 2467 vigilans

2152 2472 2353 2523 solebat
2378 2473 2610 2536 cogitare
2640 2479 2691 2522 et
2724 2470 2884 2534 loqui.

2220 2535 2475 2592 Omnibus
2497 2540 2584 2603 qui
2637 2540 2855 2604 patriam
2908 2537 3361 2598 conservaverint,
3405 2535 3726 2602 adjuverint,

2148 2610 2412 2668 auxerint.
2445 2622 2648 2662 certum
2689 2623 2810 2662 esse
2840 2611 2888 2659 in
2921 2609 3057 2660 ctelo
3083 2606 3361 2660 delinitiim
3413 2607 3604 2668 locum,
3638 2607 3726 2659 ubi

2149 2678 2288 2733 beati
2317 2680 2643 2744 sempiterno
2669 2693 2782 2730 inito
2837 2676 3102 2738 fruantur;
3155 2677 3288 2728 nihil
3337 2683 3422 2728 est
3466 2677 3606 2729 enim
3654 2678 3725 2729 illi

2150 2750 2368 2816 principi
2404 2749 2530 2814 Deo,
2562 2752 2645 2812 qui
2671 2762 2881 2801 omnem
2923 2747 3178 2799 mundum
3220 2747 3375 2816 regit,
3403 2748 3543 2813 quod
3591 2749 3720 2812 qui-

2148 2814 2269 2869 dem
2309 2819 2358 2870 in
2393 2820 2546 2871 terris
2583 2820 2670 2870 ﬁat
2698 2818 2983 2884 acceptius,
3014 2817 3167 2884 quam
3198 2814 3421 2868 concilia
3449 2824 3726 2879 coetusque

2150 2886 2419 2939 hominum
2473 2887 2593 2953 jure
2647 2889 2850 2946 sociati,
2902 2903 3020 2954 qua:
3073 2888 3312 2954 civitates
3368 2885 3721 2947 appellantur,

2149 2957 2336 3010 hanno
2380 2967 2618 3012 rectores
2663 2966 2717 3012 et
2756 2953 3158 3010 conservatores
3211 2953 3334 3007 hinc
3363 2954 3584 3022 profecti
3621 2955 3726 3008 huc

2148 3039 2507 3082 revertentur.

2218 3098 2279 3152 Hi
2312 3101 2491 3151 vivunt
2520 3099 2606 3164 qui
2642 3112 2672 3151 e
2710 3111 2990 3163 corporum
3016 3095 3239 3149 vinculis
3279 3104 3526 3164 tanquam
3552 3108 3583 3147 e
3611 3108 3725 3147 car-

473 3169 612 3233 quod
646 3167 829 3244 virtus.
869 3168 994 3220 Etsi
1027 3183 1185 3221 Omne
1226 3170 1436 3244 beatum
1467 3181 1548 3223 est
1582 3163 1832 3222 ciii'nihil
1868 3173 2039 3244 deest,
2073 3183 2116 3244 ρ
2149 3183 2272 3221 cere
2296 3163 2660 3233 evolaverunt,
2695 3177 2868 3221 vestra
2912 3180 3041 3220 vero
3081 3167 3170 3234 qui
3199 3163 3391 3218 dicitur
3422 3165 3550 3232 vita,
3582 3177 3722 3217 mors

475 3247 526 3289 et
550 3239 688 3304 quod
724 3240 773 3289 in
825 3252 924 3289 suo
952 3253 1147 3305 getieie
1197 3243 1462 3305 expletum
1509 3249 1666 3303 atque
1715 3243 2040 3294 cumulatum

474 3319 576 3368 est,
606 3308 654 3358 id
675 3307 842 3360 virtus
863 3319 943 3360 cst
973 3309 1266 3377 proprium,
1293 3319 1434 3362 certe
1456 3322 1640 3362 omnes
1671 3310 1878 3362 Virtutis
1907 3325 2045 3364 cum-

474 3385 626 3442 potes
657 3378 824 3429 beatae
852 3390 995 3431 sunt.

547 3444 682 3508 Quid
721 3449 860 3500 enim
887 3449 1038 3501 deest
1086 3449 1150 3501 ad
1197 3450 1330 3502 bene
1377 3448 1633 3513 beateque
1680 3448 1963 3503 vivo-udum
1993 3450 2041 3505 ei

473 3513 562 3586 qui
592 3514 823 3586 confidit
857 3519 967 3569 suis
1011 3519 1183 3582 bonis,
1229 3530 1319 3570 aut
1347 3518 1436 3586 qtti
1467 3517 1675 3581 diflidit,
1713 3519 1896 3572 beatus
1924 3535 2046 3575 eSse
2093 3574 2099 3579 _

471 3584 593 3648 quis
623 3585 832 3648 potest?
866 3586 1114 3638 Volumus
1145 3590 1285 3640 euitn
1337 3584 1455 3638 etuti
1484 3590 1570 3652 qui
1625 3590 1809 3640 beatus
1839 3591 1925 3647 sit.
1960 3602 2045 3642 tu-

475 3664 585 3705 tum
615 3668 754 3713 esse,
799 3655 1279 3719 inexpugnabilem,
1325 3664 1529 3720 septum
1563 3667 1719 3723 atque
1759 3658 2042 3722 munitum,

473 3738 578 3776 non
614 3734 666 3776 ut
698 3739 862 3791 parvo
888 3734 1030 3778 metu
1064 3728 1314 3791 pra-ditus
1343 3726 1430 3783 sit.
1460 3724 1552 3777 sed
1583 3736 1635 3775 ut
1668 3725 1831 3780 nullo.

543 3793 654 3848 Non
687 3803 808 3846 sttltl
847 3797 978 3848 bona
1009 3797 1231 3849 dicenda
1285 3811 1384 3848 nec
1430 3794 1690 3856 habenda,
1738 3796 1927 3862 quibus
1955 3795 2048 3849 ab-

470 3864 756 3917 undantem
787 3865 908 3918 licet
947 3881 1067 3920 esse
1112 3866 1487 3919 miserrimum.
1537 3864 1616 3916 An
1665 3865 1874 3918 dubitas
1919 3867 2046 3934 quin

471 3945 728 4001 praestans
756 3937 1074 4000 valetudine,
1108 3937 1324 4003 viribus,
1375 3937 1564 3996 forma,
1609 3937 1883 3989 acerrimis
1911 3938 2048 3990 inte.

468 4004 818 4069 gerriiiiisque
844 4007 1110 4070 sensibus,
1141 4009 1276 4059 adde
1304 4009 1486 4071 etiam,
1515 4007 1557 4059 si
1593 4008 1737 4068 libet,
1768 4008 2048 4074 pernicita-

470 4085 574 4125 tem
619 4088 666 4125 et
700 4075 1051 4138 velocitatem,
1109 4078 1174 4128 da
1222 4079 1456 4138 divitias,
1511 4079 1758 4136 honores,
1802 4077 2044 4141 imperia,

468 4156 618 4221 opes,
657 4144 920 4221 gloriani,_
956 4148 998 4221 si
1022 4145 1190 4221 fuerit
1221 4149 1264 4221 is
1305 4148 1404 4221 qui
1440 4148 1764 4221 haecAliabet,
1798 4147 2045 4221 injustus,

471 4217 849 4284 iiitetiiperans,
887 4217 1120 4277 timidus,
1173 4219 1346 4269 hebeti
1398 4217 1608 4284 ingenio
1653 4224 1811 4284 atque
1879 4219 2042 4283 nullo,

471 4281 810 4339 dtithabisue
842 4295 897 4337 tu
926 4299 1048 4337 eum
1080 4286 1436 4337 miserrimum
1458 4281 1690 4337 dicere?
1730 4281 1739 4284 ⁷
1906 4299 1910 4304 ’

545 4351 634 4422 Sic
688 4354 932 4420 princeps
981 4355 1066 4408 ille
1114 4355 1460 4422 philusophiie
1510 4355 1827 4416 disserebat,
1878 4355 2048 4420 qualis

468 4421 723 4488 cujusqtc
745 4423 962 4478 eﬂ'ectus
990 4436 1151 4488 esset,
1183 4421 1339 4476 taletn
1370 4439 1488 4477 esse
1538 4423 1834 4485 hotniuetn;
1876 4426 2046 4489 qualis

468 4502 643 4548 autem
681 4509 829 4546 riomo
861 4498 970 4559 ipse
999 4507 1162 4556 esset,
1199 4502 1355 4547 ta?em
1402 4509 1523 4546 esse
1563 4492 1678 4560 ejus
1708 4496 1998 4544 orationem
2029 4509 2042 4555 ;

468 4560 699 4616 oratiori
727 4573 900 4616 autent
933 4564 1065 4618 faeta
1097 4567 1388 4627 simillima,
1436 4563 1587 4617 factis
1636 4565 1758 4613 vita.
1811 4563 2044 4615 Affectus

467 4641 643 4684 autem
671 4635 829 4685 animi
867 4635 916 4686 in
969 4637 1108 4687 bono
1157 4636 1268 4686 viro
1316 4635 1608 4694 laudabilis,
1643 4643 1694 4686 et
1737 4634 1842 4683 vita
1890 4633 2047 4698 igitur

469 4702 751 4773 laudabilis
800 4705 920 4759 boni
971 4706 1065 4758 viri
1092 4717 1143 4758 et
1172 4706 1400 4773 honesti,
1455 4720 1521 4758 ex
1549 4703 1737 4772 quibus
1786 4704 2044 4756 bonorum

467 4771 654 4827 beatui
713 4775 867 4827 vitam
900 4790 1018 4828 esse
1045 4771 1405 4829 concluditur.

543 4841 630 4896 Vir
660 4854 1005 4909 temperatus,
1038 4856 1307 4904 constans.
1336 4845 1451 4898 sine
1481 4855 1648 4910 metu,
1679 4844 1795 4897 sine
1833 4844 2046 4910 atgritu-

466 4911 612 4977 dine,
634 4927 754 4967 sine
772 4915 1048 4968 alacritate
1073 4916 1200 4974 ulla.
1223 4916 1341 4968 sine
1368 4914 1604 4976 libidine,
1627 4929 1802 4968 nonne
1827 4913 2045 4967 beatus?

467 4982 624 5034 Beata
656 4984 766 5037 vita
798 4983 1098 5048 laudabilis,
1128 4998 1224 5037 nec
1253 4985 1538 5050 quidquam
1568 4988 1683 5039 sine
1709 4986 1902 5038 virtute
1935 4985 2046 5037 lano

465 5051 656 5121 dabitu-
682 5055 851 5121 Βατία
885 5055 1042 5121 igitur
1073 5055 1141 5106 ita
1171 5053 1276 5104 vita
1308 5054 1500 5106 virtute
1523 5053 1821 5107 conﬁcitur.

499 5118 754 5197 ⁸Ειρηίτη
790 5132 846 5174 ut
867 5118 1248 5178 sttiltiti:i.etsi
1277 5122 1474 5197 adepta
1506 5131 1589 5176 est
1613 5124 1759 5190 quod
1789 5122 2042 5197 concup‘i.

460 5192 877 5261 vit.nui_iv1uam
911 5206 970 5246 se
999 5200 1181 5245 tamen
1207 5192 1344 5245 satis
1374 5201 1730 5246 consecutam
1761 5202 1938 5260 putat,
1971 5192 2052 5248 Sic

460 5257 745 5324 sapietttia'
769 5277 990 5331 semper
1028 5279 1095 5318 eo
1129 5272 1385 5318 contenta
1417 5270 1522 5319 est.
1557 5261 1702 5330 quod
1739 5257 1919 5328 adest,
1949 5278 2051 5316 ne-

458 5342 564 5393 (1⁸³8
597 5343 722 5380 eum
781 5350 1023 5402 unquam
1062 5337 1147 5388 sui
1184 5333 1439 5402 paenitet.
1479 5331 1570 5387 Sic
1610 5348 1670 5387 se
1706 5338 1794 5388 res
1833 5332 2044 5386 habet:

459 5407 509 5449 le
547 5406 660 5454 illa.
687 5415 782 5460 me
813 5406 1088 5460 delectant
1123 5419 1264 5458 mea.
1966 5423 1977 5439 τ

528 5468 828 5550 thttqtlam
863 5486 1115 5530 naturam
1146 5490 1263 5529 mos
1292 5474 1486 5541 vincit,
1517 5482 1600 5528 est
1625 5472 1772 5528 enim
1813 5486 1876 5526 ea
1905 5485 2052 5528 scm-

455 5553 554 5605 pcr
596 5550 826 5601 lltVlCl.a_
2014 5575 2023 5583 .

524 5608 812 5689 δέ’,Ρίςηῑὶιξ
831 5625 914 5671 est
934 5615 1081 5689 enim
1111 5615 1576 5689 pr_oprium,inih_i_l
1595 5613 1748 5689 quod
1776 5612 2014 5683 pmniter

452 5681 624 5756 Pus-ii}
655 5678 864 5756 ἴδει-τε,
890 5687 1025 5740 nihil
1060 5678 1325 5746 invitum;
1353 5678 1664 5756 splendide.
1691 5678 2037 5756 constanter,

454 5751 719 5824 graviter,
748 5750 987 5824 hoipeste
1019 5758 1226 5817 omnia,
1260 5750 1397 5808 nihil
1431 5757 1501 5809 ita
1533 5767 1854 5824 exspecmre
1887 5751 2046 5824 quasi

451 5828 604 5872 ccrto
630 5819 915 5892 futurutlu,
933 5825 1072 5879 nihil
1093 5840 1217 5880 cum
1241 5826 1522 5894 accidcrit,
1541 5819 1824 5890 admirari,
1845 5819 2044 5881 ut'iuos

2075 4529 2123 4585 D

2148 3246 2251 3291 85'.

2215 3304 2324 3357 Nisi
2366 3305 2507 3359 enim
2557 3305 2716 3368 Deus,
2748 3307 2793 3359 is
2839 3305 2987 3374 cujus
3035 3305 3132 3358 hoc
3163 3307 3415 3373 templum
3447 3314 3529 3357 est
3568 3317 3721 3356 omne

2147 3377 2283 3442 quod
2327 3378 2609 3442 conSpicis,
2665 3377 2778 3430 istis
2817 3385 2868 3431 te
2903 3377 3140 3443 corporis
3181 3376 3436 3428 custodiis
3466 3375 3720 3426 liberave-

2149 3446 2239 3510 rit,
2275 3447 2378 3500 huc
2409 3447 2498 3499 tibi
2527 3448 2699 3499 aditus
2731 3457 2909 3513 patere
2939 3462 3043 3500 non
3073 3453 3262 3511 putest.
3299 3443 3551 3495 Homines
3580 3457 3718 3496 enim

2147 3527 2271 3568 sunt
2301 3519 2397 3570 hac
2428 3519 2540 3584 lege
2579 3517 2838 3585 generati,
2871 3517 2955 3582 qui
2987 3525 3262 3568 tuerentur
3304 3514 3452 3566 illum
3483 3514 3717 3585 globum,

2148 3600 2302 3647 quem
2337 3588 2385 3639 in
2419 3583 2518 3639 hoc
2567 3583 2762 3654 templo
2794 3587 3021 3639 medium
3061 3585 3208 3636 vides
3252 3598 3372 3651 qua:
3427 3594 3565 3654 terra
3596 3583 3724 3634 dici-

2151 3663 2254 3718 tur,
2300 3656 2486 3722 hisque
2536 3652 2745 3711 animus
2793 3657 2948 3710 datos
2997 3663 3078 3709 est
3125 3670 3188 3708 ea
3241 3654 3344 3706 illis
3381 3652 3723 3716 sempiternis

2152 3722 2376 3789 ignibus,
2408 3740 2526 3788 quin
2563 3729 2741 3779 sidera
2771 3737 2825 3780 et
2867 3727 3047 3781 stellas
3076 3725 3298 3789 vocatis,
3330 3737 3452 3790 qua:
3483 3722 3724 3775 rotundae

2149 3799 2202 3844 et
2230 3792 2478 3860 globosae,
2513 3792 2703 3845 divinis
2740 3797 2987 3847 animatae
3016 3795 3300 3853 mentibus,
3341 3794 3576 3844 circulos
3604 3804 3723 3860 suos

2152 3857 2413 3928 orbesque
2462 3861 2752 3915 conllt‘iunt
2793 3864 3084 3916 celeritate’
3114 3862 3367 3929 mirabili.
3415 3861 3596 3929 Quare
3637 3857 3725 3912 tibi

2151 3930 2300 3984 Publi
2331 3941 2382 3984 et
2414 3931 2515 4000 piis
2556 3932 2802 3985 omnibus
2831 3930 3136 3984 retinendus
3165 3928 3382 4000 animus
3404 3939 3486 3981 est
3533 3928 3590 3982 in
3633 3943 3724 4000 cu-

2149 4002 2317 4054 stodia
2343 3997 2603 4068 corporis,
2636 4015 2734 4055 nec
2763 4000 2963 4069 injussu
2987 4002 3102 4069 ejus
3123 4014 3152 4050 a
3181 4012 3290 4067 quo
3334 3999 3424 4052 ille
3453 4008 3535 4052 est
3578 3997 3725 4053 nobis

2150 4071 2324 4135 datus,
2368 4087 2432 4125 ex
2482 4070 2711 4125 hominis
2740 4072 2842 4125 vita
2889 4069 3220 4138 migrandum
3268 4077 3372 4132 est,
3418 4084 3484 4122 ne
3534 4081 3724 4122 munus

2152 4142 2440 4195 humanum
2494 4145 2814 4210 assignatum
2859 4154 2888 4195 Ι
2940 4141 3048 4194 Deo
3101 4139 3373 4208 defugisse
3416 4139 3720 4194 videamini.

2152 4213 2252 4264 Sed
2293 4211 2872 4287 sic,Scipii.,jiis_iitiam
2901 4211 3036 4273 cole,
3066 4220 3123 4287 et
3153 4212 3404 4287 pietatem
3453 4224 3575 4287 qua
3610 4224 3723 4287 cui

2151 4297 2337 4347 magna
2382 4297 2432 4334 iii
2483 4279 2884 4350 parentibuset
2931 4279 3257 4350 propinquis,
3303 4286 3416 4330 tum
3466 4279 3517 4332 iu
3559 4282 3724 4350 patria

2151 4350 2377 4401 maxima
2407 4359 2507 4410 est,
2539 4363 2599 4400 ea
2634 4349 2735 4400 vita
2764 4349 2844 4398 via
2876 4357 2957 4400 est
2995 4347 3044 4398 in
3071 4361 3290 4399 emtum.

2223 4418 2346 4470 llzec
2376 4418 2610 4471 cmlestla
2651 4432 2862 4483 semper
2898 4424 3159 4482 spectato,
3203 4415 3294 4467 illa
3339 4416 3573 4471 humana
3605 4433 3726 4473 con.

2154 4489 2392 4540 temnito.
2423 4488 2499 4540 Tu
2530 4489 2672 4540 cnim
2719 4500 2875 4556 quam
2921 4485 3284 4538 celebritatem
3337 4489 3609 4556 sermonis
3635 4489 3726 4542 llo-

2153 4558 2347 4610 minum
2376 4597 2389 4618 ,
2439 4569 2528 4608 aut
2580 4554 2748 4618 quani
2789 4561 3140 4623 expetendam
3189 4554 3448 4623 consequi
3502 4557 3720 4621 gloria-

2150 4637 2319 4693 potes,
2355 4627 2500 4679 vides
2534 4626 2754 4679 habitari
2786 4622 2919 4678 raris
2943 4637 2995 4675 et
3032 4624 3270 4690 angustis
3299 4622 3350 4673 in
3394 4623 3546 4687 locis,
3593 4639 3654 4679 et
3677 4627 3722 4679 in

2148 4698 2274 4761 ip~is
2302 4696 2447 4764 quasi
2477 4697 2716 4760 maculis,
2751 4694 2835 4748 ubi
2884 4694 3170 4758 habitatur,
3202 4701 3379 4745 vastas
3411 4696 3722 4764 solitudines

2148 4763 2468 4835 iuterjectas,
2503 4768 2702 4831 hosque
2744 4765 2835 4834 qui
2879 4766 3114 4821 incolunt
3141 4778 3248 4818 non
3296 4763 3459 4835 modo
3489 4764 3720 4820 interru-

2150 4833 2376 4903 ptos'ita
2417 4851 2560 4897 esse.
2590 4848 2648 4889 ut
2675 4833 2802 4889 nihil
2849 4837 2986 4889 inter
3024 4837 3167 4902 ipsos
3219 4836 3290 4893 ab
3337 4833 3458 4886 aliis
3496 4835 3562 4888 ad
3595 4837 3724 4892 alios

2145 4921 2365 4960 manere
2399 4909 2595 4973 possit;
2636 4908 2727 4960 sed
2774 4907 2961 4973 partim
2989 4906 3256 4974 obliquos,
3306 4907 3502 4970 partim
3552 4916 3727 4959 trans-

2148 4991 2347 5039 versos,
2375 4981 2563 5045 partim
2593 4990 2777 5030 omnes
2802 4975 3061 5030 adversos
3090 4975 3437 5045 starevobis,
3474 4977 3725 5043 aquibus

2144 5044 2387 5115 spectare
2413 5044 2632 5115 gloriam
2659 5055 2802 5098 certe
2830 5047 3029 5099 nullam
3061 5044 3306 5115 potestis.

2217 5115 2331 5169 Non
2361 5109 2514 5167 modo
2544 5129 2648 5169 non
2696 5126 2968 5178 aternam,
3014 5109 3110 5168 scd
3161 5127 3230 5167 ne
3268 5113 3580 5165 diuturnam
3615 5109 3727 5180 qui-

2145 5186 2265 5241 dem
2291 5185 2510 5252 gloriam
2541 5186 2748 5252 assequi
2781 5198 3083 5252 possumus.

2219 5247 2377 5323 lgiiur
2406 5254 2510 5307 alte
2540 5247 2795 5321 spectare
2818 5255 2862 5306 si
2903 5254 3068 5317 voles,
3092 5259 3254 5318 atque
3279 5247 3420 5302 hanc
3461 5247 3658 5323 sedeat
3677 5257 3725 5308 et

2145 5322 2397 5378 :eternam
2450 5323 2666 5376 domum
2721 5323 3002 5384 contueri,
3049 5334 3224 5388 neque
3279 5331 3332 5373 te
3389 5322 3724 5376 semianima

2149 5394 2288 5461 vulgi
2318 5393 2552 5454 dcderis,
2584 5407 2679 5445 nec
2708 5394 2758 5443 in
2785 5391 3020 5461 praemiis
3041 5389 3286 5461 humanis
3305 5403 3458 5456 spem
3486 5395 3728 5458 posueris

2146 5459 2322 5517 rerum
2351 5473 2580 5526 tuarum,
2610 5463 2720 5514 suis
2762 5469 2813 5513 te
2855 5459 3120 5511 illecebris
3148 5469 3362 5528 oportet
3409 5461 3526 5527 ips:
3557 5465 3724 5520 vim

2149 5532 2322 5585 trahat
2349 5533 2412 5584 ad
2445 5546 2626 5586 verum
2656 5530 2838 5583 decus.
2870 5528 3021 5592 Quod
3071 5528 3140 5584 de
3184 5538 3236 5584 te
3270 5530 3360 5583 alii
3415 5531 3725 5599 loquantur.

2145 5600 2244 5668 ipsi
2274 5602 2508 5665 videant,
2551 5599 2644 5654 sed
2689 5600 2969 5668 loquentur
3008 5607 3205 5654 tamen.
3234 5600 3433 5654 Sermo
3457 5601 3624 5657 enim
3649 5601 3727 5658 ilo

2146 5666 2320 5723 omnis
2339 5681 2393 5724 et
2421 5668 2674 5737 angustiis
2703 5666 2927 5735 cingitur
2949 5668 3030 5724 his
3049 5671 3352 5738 regionum,
3385 5685 3530 5738 quas
3559 5673 3724 5728 vides.

2146 5738 2257 5792 Nec
2281 5753 2508 5806 unquam
2532 5738 2599 5792 de
2630 5738 2736 5792 ullo
2760 5738 3006 5806 perennis
3029 5739 3146 5805 fuit,
3173 5740 3722 5802 obruiturjioniull

2152 5809 2387 5875 interitu,
2419 5808 2683 5864 oblivione
2714 5811 3031 5880 posteritatis
3059 5807 3442 5880 exstinguitur.
