3868 6256
543 403 673 460 1091
1006 400 1204 457 ωιῡῶ
1254 401 1696 457 \‘ENERADILIS
1732 399 1882 457 OPP.
1923 400 2070 455 PAR!

2222 402 2414 456 SEC‘I‘.
2457 400 2517 455 ll.
2561 430 2629 443 -
2670 400 2869 456 DUBIA
2914 400 2997 455 ET
3036 400 3307 456 SPUBIA.
3639 401 3738 455 {092

538 519 632 571 scd
673 527 725 571 et
756 518 966 571 utiliora
1008 530 1163 580 quam
1206 514 1444 582 qnmdam
1483 513 1700 565 Catonis
1732 515 1891 566 verba
1918 552 1933 575 ,
1984 528 2105 577 qua:
2135 517 2179 574 Α
2207 527 2327 565 esse
2386 513 2546 565 velint
2602 528 2699 579 pro
2756 520 2894 565 nono
2947 513 3377 582 instruenoorum
3441 510 3737 577 parvulorum

540 598 767 650 utraque
793 601 976 638 omnes
1008 601 1142 648 pene
1170 580 1401 651 magistri
1430 585 1607 650 legere
1636 582 1813 634 solent
1841 582 1902 632 ad
1935 584 2102 645 prima
2209 584 2352 634 exitu
2378 622 2393 644 ,
2446 583 2690 634 studeant
2740 585 2895 635 etiam
2935 581 3125 645 aliquid
3160 594 3258 647 pro
3296 580 3443 651 bene
3483 593 3656 651 eorum
3682 584 3737 633 iu.

544 672 825 719 [ittetnt'tttn
875 659 1183 706 documenta
1211 693 1225 715 ,
1260 649 1379 721 non
1430 649 1769 704 attendentes
1808 651 1947 719 quod
2000 660 2104 702 tam
2212 654 2395 721 troitu,
2421 653 2691 717 sciantque
2721 654 2841 719 quia
2871 649 3594 721 difficillimum7est77bomini
3624 666 3739 721 rece-

544 718 772 789 parvulis
802 741 958 791 quam
991 724 1284 775 senioribus
1314 718 1510 791 Christi
1554 722 1795 773 lidelibus
1826 718 1974 791 sacra
2016 735 2107 785 po-
2210 720 2337 771 drre
2363 736 2393 771 a
2424 722 2582 781 malo,
2612 718 2749 787 quod
2777 734 2871 773 usu
2899 719 3300 791 comprehendit
3330 718 3607 791 diuturno.
3636 720 3739 771 Prs-

543 787 645 846 tius
671 787 1054 859 qnamgcnttlta
1078 793 1372 844 rudimenta
1398 790 1639 855 primitus
1660 793 1762 842 sint
1786 790 2106 852 exhibenda,
2214 799 2353 841 terea
2383 791 2753 841 attendendum
2779 801 2878 850 est,
2902 792 3017 853 quia
3040 803 3157 840 cum
3193 787 3333 859 Deus
3359 788 3739 859 nrospicitsaprr

541 872 597 913 nt
632 856 790 915 intris
820 856 1147 925 aitquutenus
1188 862 1458 923 instructi,
1500 868 1674 926 postea
1715 860 1996 911 saeculares
2029 866 2112 910 ιιι-ο
2214 860 2346 925 ﬁlios
2377 861 2635 909 hominum
2686 870 2736 909 ut
2759 861 2921 911 ridear
2946 860 2986 909 si
3008 867 3078 909 est
3104 856 3390 925 intelligens
3412 868 3506 907 aut
3529 858 3741 923 requirens

545 942 688 982 teras
732 934 826 983 arti
877 931 1235 999 gratumatii-a:
1282 944 1543 997 congruas
1591 930 1831 980 securius
1878 929 2106 980 discam.
2220 929 2402 987 Deum,
2434 928 2781 999 cernitetiam
2813 944 2940 999 qute
2968 936 3036 978 st
3082 941 3206 978 cura
3248 927 3330 978 vel
3363 926 3591 999 intentio
3615 930 3741 993 magi.

543 1000 673 1052 Nam
704 1003 821 1052 licet
844 994 1043 1065 namili
1074 1002 1245 1051 minus
1268 994 1489 1065 capaces
1510 1000 1617 1051 sint
1641 998 1948 1050 discernere
1975 1000 2113 1049 inter
2220 1006 2450 1048 strorum
2480 998 2531 1049 iit
2559 999 2790 1049 doctrina
2814 996 3214 1062 discipulorum,
3244 1006 3423 1047 utrum
3448 1011 3543 1047 eos
3564 996 3742 1047 docemt
3816 994 3817 1007 ‘

544 1069 738 1121 bonum
767 1080 819 1122 et
842 1064 1053 1131 malum,
1081 1069 1282 1120 facilius
1310 1064 1483 1120 tamen
1511 1079 1563 1139 et
1592 1068 1824 1119 tenacius
1846 1068 1921 1119 eis
1946 1067 2111 1139 inlim:
2222 1082 2315 1132 pro
2346 1070 2635 1139 appetenda
2662 1066 2826 1133 gloria
2854 1067 3109 1139 saeculari,
3134 1081 3199 1115 an
3225 1080 3321 1139 pro
3343 1065 3624 1139 Spirituali.
3647 1064 3739 1119 H1:
3816 1118 3817 1123 η

545 1152 664 1191 rere
691 1141 826 1192 solet
854 1139 1047 1191 malutn
1080 1154 1234 1205 quam
1267 1141 1487 1190 bonum.
1521 1136 1749 1205 Ideoque
1774 1139 1859 1203 qui
1889 1135 2112 1190 studiosi
2224 1150 2319 1187 vos
2346 1136 2610 1201 ιιιδςίιουιί,
2643 1144 2938 1203 pariterque
2967 1134 3141 1187 notate
3170 1134 3439 1201 magistri.

1562 1383 2765 1540 PBOVERBIA.
2834 1306 2843 1311 ⁷

1311 1641 1353 1693 Α
2308 1618 2537 1693 7Alterius
2567 1617 2773 1670 virtutis
2798 1631 2899 1683 Ope
2927 1617 3089 1693 virtus
3113 1618 3316 1693 indiget
3344 1622 3546 1693 omnis.

1260 1750 1271 1759 7
1312 1689 1352 1693 --
1470 1749 1484 1760 7
1591 1748 1625 1760 .7
1728 1748 1741 1759 7
1786 1748 1798 1760 7
1949 1749 1961 1760 7
1994 1748 2014 1760 7
2078 1748 2109 1760 77
2228 1756 2258 1760 77
2300 1690 2489 1760 A7mare
2517 1699 2655 1740 recta
2684 1702 2786 1741 non
2817 1690 3031 1755 poteris,
3075 1689 3175 1741 nisi
3216 1704 3313 1757 pro
3356 1690 3571 1743 Christo
3608 1691 3745 1747 humi-
3816 1728 3817 1760 ζ

621 1751 951 1819 Adjutnrium
986 1759 1221 1804 nostrum
1260 1750 1311 1801 iu
1344 1749 1557 1803 nomine
1591 1748 1835 1810 Domini,
1876 1749 1963 1817 qui
1993 1748 2116 1802 fecit
2227 1756 2389 1813 lictis.
2817 1748 2831 1755 ⁷
3015 1748 3028 1754 ⁷
3216 1748 3231 1757 “
3816 1752 3817 1807 ξ

548 1824 737 1897 caelum
766 1834 818 1875 et
848 1832 1062 1897 terram.
1452 1890 1462 1897 7
1900 1894 1908 1897 7
2026 1888 2038 1897 7
2082 1888 2114 1897 77
2299 1827 2374 1881 Ad
2408 1826 2755 1897 humilitatem
2787 1841 2889 1879 non
2919 1834 3065 1897 potes
3097 1826 3377 1894 pervenire
3403 1869 3419 1893 ,
3461 1830 3558 1884 nisi
3588 1846 3738 1894 magna

622 1890 827 1962 Allevat
861 1892 1110 1945 Dominus
1149 1905 1334 1945 omnes
1377 1890 1463 1959 qui
1494 1897 1767 1942 -corruuut
1796 1928 1809 1952 ,
1861 1894 1917 1941 et
1963 1888 2121 1956 erigit
2158 1931 2198 1962 η
2230 1898 2500 1962 utriusque
2533 1896 2759 1949 hominis
2786 1888 3120 1951 contritione.

622 1931 827 1944 .....,....
862 1931 1110 1945 "om".-.
1150 1931 1334 1945 ν.....ν..
1417 1931 1463 1941 ...
1514 1931 1767 1942 ...η---.η
1796 1931 1809 1952 .
1864 1931 1916 1941 ν-
1966 1931 2037 1941 ν..
2083 1931 2121 1941 --
2231 1931 2500 1949 unum”...
2786 1931 3120 1951 ιυυι..ι.ν..υ.

548 1974 733 2040 onnies
760 1961 952 2040 el7i7sos._
1364 1931 1408 2040 ,Ἰ
1491 2028 1503 2038 7
1549 2029 1561 2040 7
1640 2027 1668 2040 ν
1708 2028 1716 2036 7
1762 2029 1791 2040 77
1942 2035 1952 2040 7
2016 1931 2072 2038 7°
2152 1931 2199 1989 Β
2294 1931 2469 2040 Ar_dt'ta
2503 1964 2631 2018 fides
2661 1966 2907 2040 robustos
2932 1966 3093 2033 exigit
3114 1980 3309 2040 annos.

622 2029 773 2102 Apud
810 2031 1085 2083 Dominum
1119 2043 1334 2097 gressus
1364 2028 1592 2081 hominis
1622 2027 1881 2094 dirigitur,
1905 2035 1960 2080 et
1981 2028 2117 2081 viam
2296 2034 2528 2087 Aﬂ'ectus
2557 2037 2733 2087 carnis
2765 2036 2861 2087 nisi
2895 2027 3084 2088 mentis
3105 2034 3227 2101 jure
3255 2036 3560 2102 demantur,
3599 2053 3748 2090 unum-

548 2097 665 2172 ejns
695 2098 852 2172 vn7le_t.
932 2169 939 2172 7
1164 2168 1174 2172 7
1273 2168 1282 2172 _
1401 2167 1432 2172 77
1698 2166 1710 2172 7
1961 2166 1973 2172 _
2222 2118 2483 2172 quemque
2514 2105 2781 2157 hominem
2810 2103 3011 2172 ducunt
3039 2097 3506 2166 ad7i-erdititurciii.

624 2166 772 2239 Apud
796 2168 1074 2221 Dominum
1107 2167 1493 2232 misericordia,
1517 2174 1571 2220 et
1594 2166 1807 2233 eopiosa
1836 2166 1975 2232 apud
1998 2180 2119 2218 eum
2239 2166 2256 2172 ⁷
2294 2166 2472 2226 Ardua
2500 2186 2583 2224 res
2611 2174 2827 2224 nimium
2861 2171 3100 2225 famulari
3132 2183 3249 2239 post
3279 2172 3624 2227 dominatum.

550 2236 865 2309 redemptio.
931 2306 960 2309 77
1084 2307 1113 2309 77
1769 2303 1781 2309 _
1866 2303 1879 2309 7

2293 2245 2332 2295 Α
2370 2241 2591 2294 Domino
2618 2256 2805 2296 cuncta
2836 2244 2968 2295 bona
2996 2236 3368 2294 sunt'omniuo
3403 2250 3639 2309 petenda.

624 2306 1019 2371 Appreliendite
1066 2307 1400 2373 disciplinam
1429 2345 1444 2364 .
1496 2318 1562 2357 ne
1608 2303 1819 2371 quando
1866 2303 2121 2357 irascatur
2293 2310 2445 2363 Actio
2478 2310 2727 2362 virtutum
2756 2321 2961 2363 consul
2991 2311 3245 2375 perfectio
3275 2303 3506 2364 morum.

555 2372 829 2449 Dominus,
858 2387 910 2427 et
942 2375 1166 2437 pereatis
1181 2379 1257 2449 7de
1292 2378 1371 2427 via
1400 2375 1564 2449 iusta.
1642 2442 1652 2449 7
1756 2442 1769 2449 7
1838 2444 1847 2449 7
2235 2436 2243 2443 _
2290 2383 2426 2433 Ante
2459 2380 2546 2433 Dei
2573 2382 2771 2432 vultum
2804 2382 2871 2433 nil
2904 2372 3045 2449 pravi
3076 2390 3286 2433 constat
3316 2381 3567 2435 inultum.

620 2444 780 2524 arcta
810 2457 862 2497 et
890 2456 1109 2511 angusta
1146 2446 1224 2496 via
1251 2454 1355 2524 est,
1388 2459 1504 2513 qut!)
1534 2442 1677 2524 ducit
1705 2442 1769 2495 ad
1803 2444 1983 2497 vitam.
2236 2442 2262 2524 7_
2292 2451 2538 2524 Apertius
2568 2459 2617 2501 et
2635 2451 2833 2524 melius
2861 2442 2952 2518 per
2988 2465 3145 2517 opera
3186 2464 3348 2519 quam
3397 2467 3494 2518 per
3519 2451 3661 2505 verba
3688 2454 3742 2505 itt-

621 2514 810 2565 At.ima
841 2529 956 2581 qua:
989 2515 1309 2579 peccaverit,
1337 2515 1446 2580 ipsa
1476 2514 1754 2565 morietur.
2220 2514 2461 2571 sinuatur
2492 2520 2573 2571 via
2600 2519 2740 2573 vim.

623 2584 809 2658 Anima
834 2584 960 2648 justi
980 2587 1145 2658 sedes
1173 2595 1252 2658 est
1280 2583 1575 2658 sapientize.
2291 2588 2521 2641 Ambitio
2550 2589 2743 2642 multos
2773 2587 3021 2642 mortales
3050 2586 3207 2640 falsos
3240 2587 3357 2641 ﬁeri
3387 2588 3577 2658 coegit.

619 2653 856 2705 Audiens
882 2653 1092 2719 sapiens
1119 2653 1410 2719 sapientior
1438 2653 1558 2703 erit.

622 2721 843 2773 Aversio
874 2696 1211 2786 patrvtilnrun'i
1245 2720 1528 2775 interficiet
1555 2734 1668 2784 eos,
1710 2728 1761 2773 et
1794 2720 2119 2788 prosperitas
2294 2787 2303 2788 7
2974 2696 3013 2749 Β

548 2791 833 2843 stultorum
864 2785 1049 2859 perdet
1078 2793 1215 2843 illus.
1394 2858 1399 2859 7
1798 2785 1806 2787 ⁷
1924 2785 1935 2788 ⁷
2291 2787 2437 2841 Beati
2461 2804 2683 2856 quorum
2717 2788 2952 2843 remissa:
2981 2796 3102 2840 sunt
3132 2785 3464 2855 iniquitates,
3488 2796 3543 2842 et
3565 2800 3741 2856 quorum

618 2858 907 2926 Argentum
934 2862 1159 2913 electum
1188 2861 1362 2926 lingua
1386 2858 1534 2925 justi.
2223 2864 2362 2909 tecta
2391 2869 2514 2910 sunt
2542 2871 2776 2924 peccata.

618 2923 835 2982 Amicus
864 2932 1147 2981 stultorum
1176 2923 1437 2980 efti'ciettir
1464 2926 1676 2979 similis.
2294 2926 2609 2980 Benedictus
2644 2928 2897 2981 Dominus
2929 2926 3070 2979 Deus
3096 2923 3259 2979 Israel
3280 2965 3296 2989 ,
3342 2923 3433 2993 qui
3477 2924 3592 2977 facit
3624 2925 3743 2976 mira-

620 3000 913 3050 Atuhulans
945 3008 1089 3051 recto
1122 2996 1329 3058 itinere,
1360 3007 1412 3049 et
1445 2997 1635 3049 timens
1670 2996 1831 3049 Deum
1853 3035 1867 3057 ,
1893 2995 2119 3063 despici-
2219 2993 2349 3047 bilia
2377 2997 2541 3055 solus,

546 3077 631 3121 tur
658 3069 724 3120 ab
753 3083 816 3121 eo
846 3069 933 3135 qui
968 3067 1149 3120 infami
1179 3068 1415 3134 graditur
1444 3066 1547 3118 via.
1994 3062 2001 3063 7
2084 3133 2093 3135 _
2239 3132 2267 3135 77
2290 3064 2483 3117 Beatus
2509 3065 2594 3131 qui
2626 3064 2873 3135 intelligit
2894 3078 3053 3135 super
3075 3078 3300 3133 egenum
3325 3071 3379 3117 et
3406 3076 3683 3131 pauperem,
3706 3062 3742 3113 in

622 3143 823 3204 Agnum
854 3132 1320 3205 quoctinqueicrit
1349 3137 1520 3205 sequi,
1549 3136 1850 3204 specialiter
1878 3133 2120 3202 congruit
2221 3132 2469 3205 die_mala
2501 3136 2747 3189 liberabit
2773 3132 2891 3188 eum
2922 3133 3079 3186 Deus.

544 3198 885 3273 viiginitatif
1084 3198 1099 3204 ⁷
1429 3198 1443 3205 ⁷
1578 3198 1592 3204 ⁷
1930 3272 1939 3273 7
1986 3198 2054 3273 '7
2156 3263 2191 3273 Α
2298 3202 2491 3257 Beatus
2536 3205 2624 3272 qui
2671 3205 2872 3257 tenebit
2923 3212 2977 3254 et
3026 3202 3215 3256 altidet
3262 3203 3513 3272 parvulos
3551 3214 3659 3255 suos
3697 3198 3743 3253 ad

618 3263 822 3329 Avarus
850 3292 953 3328 non
983 3278 1071 3338 imi
1092 3274 1228 3328 letnr
1258 3273 1474 3341 pecunia
1494 3312 1509 3337 ,
1551 3286 1603 3327 et
1629 3274 1718 3341 qui
1748 3282 1885 3324 amat
1912 3271 2121 3325 divitias
2148 3263 2193 3323 C
2228 3282 2450 3341 petram.
2552 3263 2567 3272 ⁷
2929 3320 2935 3326 ,
3262 3263 3277 3272 ⁷
3386 3285 3390 3287 ‘

550 3344 773 3397 fructum
809 3361 911 3397 non
943 3356 1081 3411 caput
1102 3359 1166 3397 ex
1196 3338 1297 3399 eis.
1648 3338 1660 3341 ⁷
1906 3410 1911 3411 7
2230 3408 2241 3411 7
2299 3338 2520 3394 Brachia
2552 3350 2885 3411 peccatorum
2913 3348 3280 3408 conterentur,
3308 3340 3585 3395 conﬁrmat
3608 3353 3743 3393 autem

620 3416 891 3467 Accedens
920 3418 984 3467 ad
1011 3408 1325 3467 servitutem
1362 3412 1451 3466 Dei
1480 3452 1494 3473 ,
1546 3419 1625 3463 stu
1668 3412 1719 3463 in
1746 3410 1947 3477 iustitia
1978 3421 2031 3463 et
2060 3411 2123 3463 ti-
2225 3408 2397 3479 justus
2431 3408 2586 3464 Deus.

549 3499 698 3536 more
736 3486 929 3537 Christi
955 3524 971 3549 ,
1012 3492 1067 3537 et
1112 3497 1349 3551 praepara
1387 3484 1617 3535 animant
1658 3488 1800 3533 tuam
1845 3482 1910 3532 ad
1955 3491 2126 3532 tenta-
2232 3478 2235 3479 ⁷
2300 3480 2473 3551 Bonus
2502 3488 2682 3551 pastor
2707 3480 2935 3532 animam
2962 3494 3108 3533 suam
3136 3480 3227 3551 dat
3251 3495 3350 3545 pro
3377 3478 3561 3532 ovibus
3582 3478 3692 3551 suis.

546 3556 766 3606 tionem.
958 3548 963 3549 ⁷
1113 3548 1126 3551 ⁷
1226 3548 1238 3551 ⁷
1824 3617 1827 3618 7
1954 3616 1963 3618 7
2085 3615 2094 3618 7
2231 3616 2239 3618 7
2302 3550 2443 3618 Beati
2484 3550 2570 3615 qui
2616 3551 2854 3601 esttriunt
2898 3557 2951 3602 et
2991 3551 3175 3603 sitiunt
3211 3550 3499 3618 justitiam,
3543 3548 3741 3617 quoniam

625 3625 758 3674 Ante
784 3622 988 3675 ruinam
1020 3619 1286 3674 exaltatur
1316 3634 1430 3684 cor,
1470 3628 1525 3674 et
1553 3630 1675 3672 ante
1702 3617 1921 3687 gloriam
1953 3615 2127 3668 humi-
2229 3616 2326 3683 ipsi
2358 3620 2749 3671 saturubuntur.

547 3690 725 3743 liatur.
1706 3683 1727 3687 ⁷
1821 3755 1849 3757 77
1950 3753 1963 3757 _
2004 3752 2049 3757 77
2081 3752 2093 3757 7
2288 3687 2617 3757 Benedictus
2644 3688 2725 3740 vir
2750 3687 2838 3757 qni
2866 3687 3085 3741 conlidit
3122 3688 3173 3741 in
3207 3686 3459 3755 Domino,
3492 3696 3543 3740 et
3564 3683 3740 3739 eritDo-

622 3764 773 3825 Alter
797 3761 1016 3815 alterius
1054 3774 1216 3814 onera
1262 3768 1508 3828 portate,
1552 3766 1605 3811 et
1648 3758 1725 3811 sic
1771 3752 2125 3822 adimpiebitis
2231 3754 2404 3828 minus
2436 3757 2622 3808 tiducia
2650 3752 2783 3828 ejus:
2970 3776 2975 3783 α
3194 3826 3203 3828 7
3448 3752 3492 3828 77
3731 3822 3739 3828 _
3814 3752 3815 3797 ἒ

546 3826 735 3897 legem.
772 3822 773 3825 7
1262 3822 1277 3828 ⁷
1372 3896 1375 3897 7
1426 3896 1431 3897 7
1970 3893 1980 3897 7
2019 3892 2029 3897 7
2301 3824 2490 3877 Beatus
2520 3828 2600 3877 vir
2631 3827 2716 3891 qui
2758 3826 3001 3897 iuventus
3038 3835 3121 3878 est
3162 3826 3279 3879 sine
3326 3827 3568 3889 macula,
3604 3822 3740 3897 etatti
3814 3826 3815 3889 1

546 3892 885 4017 D'7Anitnalis
914 3900 1074 3952 homo
1103 3914 1208 3951 non
1240 3896 1463 3966 percipit
1495 3912 1556 3950 ea
1589 3909 1709 3965 quae
1746 3904 1873 3949 sunt
1904 3892 2123 3959 Spiritus
2228 3902 2350 4013 mist
2376 3909 2561 3973 aurum
2592 3910 2695 3949 non
2725 3895 2976 3958 ambulat,
3009 3909 3105 3950 nec
3132 3898 3369 3964 speravit
3408 3900 3464 3949 in
3496 3893 3683 3963 pecunia
3705 3899 3742 3941 et

592 3982 661 4017 ei.
2284 3977 2511 4016 esaurts.
3508 3994 3519 4011 π

592 3967 661 4019 ei.
1242 3964 1251 3966 ⁷
1392 3964 1399 3965 ⁷
1610 3964 1617 3965 ⁷
2228 3964 2511 4016 thesauris.
3508 3994 3519 4011 π

618 4036 751 4089 Abel
782 4050 901 4089 esse
927 4038 1121 4096 renuit,
1154 4050 1310 4102 quem
1338 4033 1467 4087 Cain
1510 4035 1707 4087 malitia
1748 4047 1854 4087 non
1887 4037 2120 4085 exercet.
2302 4033 2492 4084 Beatus
2522 4032 2682 4103 homo
2730 4031 2816 4098 qui
2863 4044 3075 4099 semper
3118 4044 3201 4085 est
3243 4033 3506 4100 pavidus;
3533 4031 3614 4103 qui
3650 4040 3739 4082 rem

619 4110 783 4159 Amor
816 4106 905 4159 Dei
935 4122 1203 4174 nunquam
1235 4117 1317 4159 est
1344 4104 1569 4157 otiosus.
1725 4171 1734 4174 7
2228 4104 2422 4174 mentis
2450 4110 2532 4153 est
2554 4102 2720 4174 dune,
2748 4110 2965 4174 corruet
2990 4103 3042 4153 in
3075 4104 3293 4174 malum.

574 4218 577 4219 ν
622 4177 891 4241 Alrjiciens
919 4171 1272 4240 disciplinam,
1297 4175 1405 4227 cito
1432 4181 1629 4225 sentiet
1658 4171 1886 4225 ruinam.
2299 4172 2443 4241 isi-ue
2471 4171 2747 4241 Consurgit
2776 4171 3027 4233 diluculo,
3057 4171 3147 4238 qui
3177 4172 3314 4241 bona
3346 4171 3559 4240 quarit.

621 4236 837 4294 Amicus
866 4247 916 4295 in
949 4236 1269 4295 necessitate
1296 4243 1568 4309 probatur.
2297 4240 2494 4293 Bonum
2536 4253 2619 4292 est
2659 4240 2772 4293 viro
2797 4252 2917 4293 cum
2950 4236 3241 4308 portaverit
3285 4236 3476 4308 iugum
3515 4243 3579 4293 ab
3599 4236 3735 4291 adole-

618 4313 783 4364 Amur
807 4313 990 4365 saeculi
1020 4320 1355 4380 contemptus
1385 4321 1466 4363 est
1497 4310 1613 4363 Dei.
2225 4310 2423 4361 scentia
2455 4324 2569 4361 sna.

618 4386 782 4434 Antor
812 4382 990 4434 saeculi
1022 4376 1347 4435 thesaurizat
1377 4381 1555 4431 murti.
1652 4444 1660 4447 7
1940 4444 1949 4447 _
1992 4444 2003 4447 7
2298 4380 2472 4429 Bonus
2500 4387 2583 4430 est
2609 4377 2861 4431 Dominus
2900 4378 3241 4447 sperantibus
3286 4377 3338 4431 in
3390 4393 3514 4432 eum
3536 4418 3551 4441 ,
3592 4376 3737 4428 animi!

620 4454 733 4502 Atia
764 4454 1033 4517 percussio
1062 4460 1147 4505 est
1174 4466 1274 4517 qua
1308 4460 1555 4517 peccator
1576 4444 1796 4516 quilibet
1816 4444 2119 4512 corrigitur,
2225 4448 2481 4514 qumrenti
2512 4448 2679 4500 illum.
2741 4507 2750 4515 ,

546 4518 648 4570 alia
679 4513 778 4585 qua
810 4513 1217 4573 condemnatur.
1308 4513 1324 4517 ⁷
1371 4588 1383 4591 7
1420 4588 1430 4591 7
1594 4513 1607 4516 ⁷
1916 4583 1927 4591 7
1964 4581 1974 4591 _
2248 4513 2251 4514 ⁷
2298 4517 2475 4591 Brevis
2501 4520 2676 4591 omnis
2707 4513 2902 4591 malitia
2934 4530 3094 4591 super
3123 4515 3383 4568 malitiam
3417 4513 3652 4591 mulieris.

621 4583 706 4640 Ad
732 4604 915 4656 magna
944 4591 1133 4656 gaudia
1167 4588 1434 4657 perveniri
1475 4600 1579 4638 non
1611 4592 1789 4652 potest
1812 4624 1827 4650 ,
1877 4583 1977 4635 nisi
2024 4597 2119 4649 per
2153 4635 2199 4657 n
2300 4586 2493 4657 Beatus
2524 4588 2611 4652 qni
2641 4587 3030 4657 liabet7partem
3060 4585 3539 4657 iuresurrectinne
3566 4584 3715 4649 prima.

546 4670 768 4777 ιιιιιὲιιυε
798 4635 1024 4711 latores.
1052 4635 1100 4643 ⁷⁷
1167 4635 1231 4657 ⁷⁷
1368 4635 1385 4642 ⁷
1612 4635 1631 4652 ⁷
1812 4635 1827 4650 ’
2025 4635 2038 4649 ’
2074 4635 2081 4636 ⁷
2147 4635 2199 4694 Ι)
2296 4635 2488 4706 nemo;
2517 4635 3347 4719 c..'..'..i‘.1;r.;tesuriatur;
3367 4635 3614 4722 suam
3646 4661 3733 4702 cunt

670 4730 699 4777 d
734 4738 954 4777 mortem
986 4737 1256 4777 nronerat.
1279 4728 1364 4777 nui
1388 4728 1493 4777 cito
1521 4726 1586 4777 tle
1610 4738 1871 4777 nnunuam
1892 4721 2117 4777 iudicat.
2233 4727 2481 4777 probatus
2515 4725 2691 4777 fuerit.
2717 4724 2941 4777 accipiet
2967 4737 3218 4774 coronant
3248 4724 3394 4775 vitae.

670 4730 699 4777 d
734 4738 954 4781 mortem
986 4737 1256 4794 properat,
1279 4728 1364 4793 qui
1388 4728 1493 4780 cito
1521 4726 1586 4777 tle
1610 4738 1871 4791 quoquam
1891 4721 2117 4789 judicat.
2233 4727 2481 4795 probatus
2515 4725 2691 4787 fuerit,
2717 4724 2941 4795 accipiet
2967 4737 3218 4774 coronant
3248 4724 3394 4795 vitae.
3458 4792 3487 4795 77
3654 4783 3664 4795 7

618 4798 815 4849 Amare
847 4792 1099 4863 filiorum,
1133 4792 1323 4849 timere
1350 4808 1429 4847 est
1458 4811 1751 4848 servorum.
1790 4862 1797 4863 7
1903 4818 1907 4823 ·
2226 4861 2235 4863 7
2296 4794 2437 4845 Bene
2467 4795 2603 4859 loqui
2634 4804 2687 4847 et
2732 4797 2869 4847 male
2901 4794 3078 4847 vivere
3100 4834 3115 4856 ,
3150 4792 3279 4845 nihil
3306 4802 3394 4846 est
3422 4792 3559 4846 aliud
3581 4792 3740 4843 sum

619 4867 772 4930 Apud
808 4869 1046 4918 homines
1084 4861 1178 4918 cur
1220 4881 1289 4919 ex
1325 4866 1541 4928 verbis,
1592 4867 1729 4930 apud
1782 4862 1944 4916 Deum
1992 4873 2119 4913 vero
2224 4861 2396 4933 ipsum
2425 4866 2696 4916 damnare.
2876 4931 2885 4933 7
2946 4930 2956 4933 7
3157 4932 3164 4933 7
3317 4928 3332 4933 _
3530 4928 3544 4933 7
3628 4922 3721 4933 μη
3812 4864 3813 4883 ³

552 4924 710 4985 verba
744 4946 1031 4999 pensantur
1059 4951 1123 4987 ex
1155 4939 1334 4987 corde.
1528 4924 1537 4928 ⁷
1630 4924 1639 4930 ⁷
1962 4999 1966 5000 7
2245 4924 2259 4929 ⁷
2298 4932 2496 4984 Bonum
2527 4933 2851 4999 intellectum
2875 4930 3054 4997 habet,
3080 4932 3168 5000 qui
3192 4928 3337 4999 quod
3361 4940 3510 4985 recte
3530 4924 3738 4994 intenti.

618 5004 767 5070 Aqua
798 5005 949 5055 nobis
977 5006 1029 5055 in
1056 5008 1231 5056 vinum
1263 5003 1507 5064 vertitur,
1542 5002 1753 5069 quando
1782 5015 1928 5053 sacra
1960 4999 2117 5051 liisto-
2225 5001 2363 5053 facit.

547 5072 623 5123 ria
656 5067 705 5122 in
731 5074 1054 5139 spiritualem
1086 5074 1238 5125 nt)th
1266 5067 1661 5140 intelligentiam
1696 5082 2073 5140 commutatur.
2105 5138 2114 5140 7
2301 5068 2617 5140 Beneﬁcium
2646 5072 2731 5137 qui
2762 5070 2891 5123 dare
2922 5071 3109 5131 nescit,
3143 5067 3340 5136 injuste
3373 5069 3527 5137 petit.

578 5210 587 5218 7
620 5132 823 5218 Avarus
872 5141 1080 5218 proprie
1106 5156 1261 5194 causa
1292 5156 1372 5195 est
1412 5132 1641 5195 miserta:
1662 5182 1675 5205 ,
1725 5143 1973 5207 ingerens
2017 5138 2117 5192 sibi
2300 5138 2562 5217 Bonorum
2595 5132 2745 5218 mens
2773 5154 2878 5205 quo
2916 5143 3132 5218 duriora
3173 5132 3270 5205 pro
3301 5132 3531 5194 veritate
3566 5132 3741 5191 ιοκηιι

545 5210 689 5262 sitim
720 5214 971 5264 avaritige.
2227 5223 2293 5262 eo
2319 5210 2517 5262 certius
2548 5210 2860 5262 aeternitatis
2892 5211 3107 5273 praemia
3134 5220 3335 5274 sperat.

620 5281 858 5333 Amicum
890 5296 972 5333 res
999 5280 1246 5333 secundae
1276 5288 1482 5343 parant,
1515 5280 1750 5331 adversa:
1781 5278 2022 5343 probant.
2302 5277 2512 5330 Beatius
2537 5291 2616 5330 est
2647 5282 2773 5331 dare
2802 5294 2959 5345 quam
2988 5280 3252 5344 accipere.

622 5330 1639 5415 7Avarus77nibilrec—te77facit,7nisi
1667 5330 1911 5401 moritur.
1950 5330 1955 5331 ⁷
2299 5348 2498 5399 Bonum
2529 5348 2574 5399 si
2604 5330 2778 5401 facere
2816 5330 3211 5415 nequeas,7itou
3254 5358 3433 5400 tamen
3462 5344 3649 5414 culpes.
3686 5330 3745 5385 ’⁸⁸

618 5422 794 5469 Avari»
816 5431 918 5470 tam
942 5422 1091 5471 deest
1112 5421 1250 5486 quod
1274 5420 1626 5483 itabtet,quant
1648 5418 1785 5482 quod
1806 5430 1910 5469 non
1937 5415 2115 5470 liabet.
2227 5418 2529 5484 prohibeas.
2634 5485 2637 5486 7
2740 5466 2754 5477 ,
2820 5484 2829 5486 7
3028 5484 3035 5486 7
3093 5484 3099 5486 7
3332 5483 3343 5486 7
3669 5475 3678 5484 7

620 5488 852 5537 Araritia
876 5502 1085 5553 semper
1112 5483 1349 5546 odiosus,
1384 5491 1599 5555 largitas
1630 5488 1804 5538 claros
1835 5486 1977 5539 facit.
2100 5551 2112 5555 7
2232 5483 2237 5484 ⁷
2296 5486 2439 5539 Bona
2464 5485 2786 5540 Conscientia
2819 5484 2872 5538 in
2903 5484 3135 5538 tenebris
3155 5483 3501 5553 splendorem
3529 5483 3745 5551 NW"

630 5558 857 5609 Avaritia
886 5551 1202 5610 desideratis
1243 5560 1433 5626 opibus
1463 5551 1568 5610 nou
1607 5555 1985 5623 exstinguitur,
2021 5551 2116 5608 sed
2224 5562 2387 5626 tenet.
2438 5624 2447 5626 _
2600 5624 2609 5626 7
2945 5621 2957 5626 7
3188 5551 3203 5553 ⁷
3237 5622 3253 5626 7
3458 5622 3470 5626 7
3585 5616 3599 5626 7
3700 5610 3709 5626 ξ

549 5634 790 5689 augetur.
1280 5616 1295 5626 ’
1789 5616 1816 5623 ⁷
1969 5616 1980 5619 ⁷
2298 5624 2535 5677 Brevitas
2563 5624 2686 5680 vitae
2715 5621 2990 5694 praesentis
3011 5622 3288 5693 pensanda
3310 5632 3398 5694 est
3422 5622 3493 5677 ab

622 5682 761 5747 Kute
784 5697 1183 5765 conversionem
1232 5695 1683 5765 prteceditturba
1733 5701 2071 5759 peccatorum
2098 5734 2113 5761 ,
2299 5694 2499 5746 Bellum
2528 5682 2787 5764 optimum
2816 5682 3033 5765 agitur;
3077 5706 3204 5749 cum
3247 5692 3479 5764 spiritu
3511 5688 3649 5747 ωτι
3677 5682 3747 5733 ⁸⁸⁸

554 5771 672 5828 post
699 5764 1108 5817 conversionem
1140 5770 1380 5833 sequitur
1412 5764 1565 5819 turba
1594 5766 1969 5817 tentationutn.
2073 5812 2087 5819 ,
2114 5810 2174 5825 _,
2226 5775 2480 5819 versatur.
