3868 6256
144 386 282 439 1093

212 496 443 551 Bellator
474 496 627 549 fortis
657 494 744 565 qui
770 510 829 551 se
860 496 1358 564 poteritsuperare.

210 568 300 620 Bis
326 576 533 636 gratum
566 563 768 632 tribuit,
800 568 890 633 qui
917 568 1054 630 quod
1093 568 1252 618 debet
1282 566 1388 619 cito
1411 563 1602 636 reddit.

214 634 447 690 Blandus
472 637 761 690 mansuetis
791 640 886 697 sis,
912 636 1286 705 districmsque
1317 634 1581 702 superbis.

218 706 393 759 Bestia
422 707 657 759 crudelis
679 718 780 769 eSt,
809 721 901 759 c0r
933 722 1108 772 prava:
1140 708 1397 758 mulieris.

212 775 403 829 Bibere
422 786 476 827 et
500 776 819 828 manducare
843 778 930 828 nul
958 778 969 827 i
998 791 1309 829 concessum
1337 784 1416 828 est
1439 772 1503 825 ad
1539 775 1713 834 gulam

130 846 481 911 explendam,
513 847 605 897 sed
634 847 697 897 ad
729 848 918 897 famem
948 847 1198 913 sitimque
1225 845 1669 908 restringeudam.

213 915 393 967 Bonus
440 931 545 968 non
576 925 687 979 est,
738 930 893 983 quem
935 918 1191 970 malorum
1245 915 1561 982 improbitas
1614 928 1716 965 non

135 985 410 1051 probavit.

916 1078 958 1132 C

208 1189 456 1244 Charitas
502 1207 606 1245 non
650 1200 729 1244 est
778 1192 845 1245 ab
892 1191 997 1243 ullo
1042 1187 1427 1257 extorquenda,
1460 1188 1549 1241 sed
1592 1201 1711 1239 cum

132 1260 415 1315 baneliciis
454 1262 801 1329 exquirenda.

212 1330 463 1383 Charitas
495 1334 698 1392 patiens
724 1343 824 1391 est,
856 1331 1079 1399 benigna
1111 1338 1214 1384 est.

207 1400 457 1454 Charitas
486 1403 658 1469 operit
689 1400 1077 1453 multitudinem
1113 1408 1465 1466 peccatorum.

206 1471 416 1523 Charus
447 1485 601 1523 nemo
629 1486 756 1524 suos
784 1471 823 1522 C
850 1471 999 1523 .risto
1032 1484 1339 1537 praeponere
1380 1469 1561 1519 dvltet.

206 1541 345 1594 Caeli
376 1550 623 1592 enarrant
660 1542 879 1609 gloriam
913 1540 1025 1603 Dei,
1053 1552 1101 1593 et
1133 1554 1292 1608 opera
1322 1553 1572 1590 manuum
1602 1537 1720 1605 ejus

132 1612 422 1663 annuntiat
459 1610 874 1664 ﬁrmamentum.

205 1680 348 1732 Cum
378 1682 550 1741 electo
575 1683 775 1736 elecuis
804 1680 945 1741 eris,
978 1687 1031 1730 et
1067 1694 1185 1732 cum
1218 1692 1471 1746 perverso
1503 1691 1720 1745 perver-

129 1747 291 1802 teris.

1354 380 1890 439 PROVERNDREM
1932 379 2154 435 LIBER.

1748 502 1793 553 Α
1890 491 2083 543 Custos
2106 490 2364 543 castitatis
2390 498 2474 546 est
2504 489 2675 544 virtus
2705 490 3047 546 humilitatis.

3269 384 3406 439 1091

1896 560 2015 613 Cito
2043 563 2091 612 iu
2124 560 2344 613 crimina
2376 559 2577 630 majora
2609 564 2831 629 corruit,
2865 564 2951 632 qui
3001 578 3159 631 parva
3202 580 3297 633 pro
3327 571 3405 625 ni-

1825 630 1934 683 hilo
1961 632 2123 682 ducit.

1895 702 2063 775 Caput
2092 709 2173 753 est
2204 700 2505 765 discordim,
2536 716 2653 769 quas
2681 715 2747 754 ex
2778 704 3152 765 communibus
3194 709 3407 775 propria

1823 774 1998 823 studet
2026 769 2220 823 facere.

1894 840 2226 892 Comini-mia
2261 855 2363 892 non
2395 841 2658 907 corporis,
2682 840 2775 895 sed
2807 842 2970 894 animi
2995 854 3075 895 est
3109 846 3296 898 virtus.

1894 910 2130 962 Consulit)
2157 925 2289 974 opus
2320 920 2399 961 est
2431 910 2588 962 facto.

1890 979 2183 1033 Concordia
2215 993 2389 1045 parva:
2437 995 2523 1033 res
2561 988 2829 1045 crescunt,
2861 980 3126 1035 discordia
3157 987 3398 1039 innxium

1824 1050 2148 1103 dilabuntur.

1895 1120 2180 1172 Commoda
2209 1134 2432 1185 qumque
2458 1134 2575 1171 cum
2607 1120 2888 1179 habentur,
2923 1136 3083 1182 parva
3121 1123 3365 1177 videntur
3391 1142 3400 1185 ;

1824 1204 1946 1241 cum
1980 1206 2100 1240 vero
2133 1189 2416 1251 defuerint,
2448 1199 2704 1257 apparent
2734 1200 2926 1256 quinta
2960 1190 3188 1244 fuerunt.

1895 1258 2080 1331 Carnis
2129 1261 2396 1323 virginitas
2446 1261 2685 1331 quamvis
2731 1262 2795 1313 sit
2846 1263 3029 1313 cmlica
3076 1264 3266 1331 virtus,
3303 1280 3405 1317 non

1826 1329 2044 1395 prode~t
2068 1331 2312 1393 cuiquam
2345 1331 2460 1381 sine
2499 1330 2690 1380 mentis
2720 1330 3047 1397 virginitate.

1895 1400 2231 1451 Consuetudo
2264 1400 2395 1449 mala
2430 1400 2513 1449 vix
2550 1408 2639 1451 aut
2672 1416 2938 1463 nunquam
2971 1412 3275 1465 superatur.

1896 1469 2099 1521 (Imlum
2136 1484 2237 1519 non
2273 1472 2509 1520 annuum
2542 1480 2765 1533 mutant,
2802 1470 2892 1536 qui
2925 1482 3074 1524 trans
3107 1487 3253 1524 mare
3281 1487 3405 1524 cur-

1826 1548 1967 1589 τυηι.

1898 1609 2102 1662 Crescit
2132 1621 2281 1661 amor
2321 1607 2542 1673 nummi,
2575 1616 2830 1676 quantum
2882 1612 2993 1677 ipsa
3049 1611 3271 1677 pecunia
3301 1626 3414 1665 cre-

1824 1688 1945 1730 SCIl.
2730 1706 2733 1707 ν

1896 1746 2094 1819 Confer
2115 1763 2269 1816 opem
2296 1750 2504 1802 miseris
2528 1762 2897 1816 quamcunque
2922 1750 3091 1813 vales,
3115 1761 3167 1802 et
3201 1751 3403 1819 egenis.

208 1817 323 1896 Cor
350 1819 637 1896 contritum
671 1828 723 1872 et
755 1818 1087 1896 lumtiliatum
1131 1818 1270 1871 Deus
1301 1832 1405 1896 non
1433 1816 1714 1896 despiciet.
1754 1840 1795 1896 Β
1897 1816 2057 1896 Copia
2094 1819 2346 1896 virtutum
2379 1828 2589 1896 constat
2615 1833 2809 1883 corpus
2844 1821 3200 1896 veltit_uuum.

206 1888 527 1942 Considerat
556 1901 802 1957 peccator
828 1889 1053 1955 justum,
1095 1898 1149 1940 et
1173 1888 1363 1955 quierit
1398 1886 1720 1939 mortilicare

128 1971 285 2011 eum.

206 2026 361 2079 Calix
391 2028 440 2080 in
472 2042 630 2079 manu
667 2027 875 2080 Domini
902 2028 1004 2078 vini
1040 2027 1169 2080 meri
1205 2024 1392 2091 plenus
1425 2023 1605 2077 mislo.

206 2095 551 2150 Conﬁteniini
601 2097 824 2149 Domino
870 2097 1122 2162 quoniam
1171 2097 1357 2159 bonus,
1390 2095 1638 2163 quoniam
1674 2095 1725 2147 in

129 2170 398 2220 seculuni
433 2167 797 2219 misericordia
824 2166 960 2235 ejus.

130 2234 351 2357 uocum
376 2237 589 2290 dederit
610 2237 836 2290 dilectus
857 2232 972 2289 Suis
994 2250 1263 2299 somnum,
1291 2249 1417 2290 ecce
1444 2234 1569 2287 1ιιϊι
1591 2232 1728 2288 ditas

220 2322 373 2357 llllnl.
1270 2336 1274 2340 -

220 2322 373 2357 1111111.
1270 2336 1274 2340 ’

205 2373 454 2427 Custodit
487 2379 625 2429 Deus
664 2386 853 2428 omnes
884 2376 1167 2444 diligentes
1196 2389 1276 2438 se,
1306 2387 1356 2427 ei
1385 2389 1571 2426 omnes
1607 2389 1729 2441 pec-

130 2454 357 2497 eatores
382 2446 674 2509 disperdet.

206 2512 349 2567 Cutu
379 2516 506 2568 facis
552 2516 975 2586 eleemosynam,
1002 2512 1442 2567 nesciatsinistra
1488 2526 1570 2565 tua
1604 2513 1726 2582 quid

131 2582 305 2635 faciat
333 2586 517 2637 dextra
550 2595 658 2637 tua.

205 2653 423 2706 Caelum
451 2665 503 2706 et
536 2666 672 2709 terra
706 2655 1033 2720 transibunt,
1080 2654 1241 2706 verba
1287 2661 1465 2705 autem
1502 2653 1591 2705 Dei
1625 2669 1727 2707 non

125 2724 465 2775 transiliunt.

204 2789 401 2846 Circus
427 2793 469 2845 si
499 2806 642 2846 circo
671 2792 918 2847 ducatum
953 2792 1205 2861 prtebeat,
1238 2792 1398 2845 ambo
1440 2792 1490 2845 iii
1521 2792 1729 2847 foveam

120 2866 358 2915 cadum.
1394 2880 1397 2883 ’

200 2931 477 2999 Cogitatio
529 2930 746 2986 humani
796 2932 974 2987 cordis
1024 2946 1191 3001 prona
1238 2942 1318 2986 est
1349 2934 1398 2986 in
1440 2932 1636 2985 malum
1664 2932 1731 2985 ab

126 3000 501 3054 adolescentia
528 3016 647 3055 sua.

205 3068 436 3140 Curatio
461 3085 675 3124 cessare
708 3072 830 3125 facit
873 3079 1087 3140 peccata
1124 3071 1371 3123 maxima.

203 3139 348 3193 Cum
380 3142 677 3205 placuerint
706 3142 928 3195 Detuino
958 3142 1057 3193 vim
1090 3141 1340 3205 hominis,
1367 3139 1561 3193 inimici
1592 3154 1724 3210 quo-

123 3222 240 3278 que
269 3209 387 3275 ejus
417 3223 795 3265 convertentur
823 3213 885 3265 ad
919 3226 1125 3279 parem.

200 3279 573 3349 Cogitationes
601 3282 863 3346 justorum
889 3282 1107 3349 judicia.

120 3347 321 3474 nl:Idor
350 3346 489 3417 regis
518 3349 571 3401 iu
598 3364 755 3402 manu
786 3346 904 3416 Dei,
929 3352 1225 3417 ubicunque
1254 3349 1482 3403 voluerit
1510 3348 1728 3403 inclinat

198 3486 509 3543 Considera
541 3502 699 3553 opera
734 3488 848 3550 Dei,
882 3488 1023 3557 quod
1066 3504 1228 3544 nemo
1269 3489 1435 3557 possit
1462 3502 1583 3541 eum
1611 3501 1729 3541 cor—
1761 3514 1769 3523 ·

120 3558 337 3628 rigere,
370 3574 529 3625 quem
560 3560 645 3612 ille
676 3559 1000 3626 despexerit.

199 3628 456 3749 Circulos
504 3642 698 3682 aureus
744 3630 797 3681 in
839 3630 1055 3682 naribus
1101 3628 1233 3693 suis,
1266 3626 1460 3681 mulier
1508 3627 1729 3695 pulchra

234 3708 386 3748 aina.

273 3708 288 3747 t
337 3712 386 3746 ε.

119 3704 181 3837 ἐκ
197 3704 330 3820 ἑτί
346 3764 576 3818 hominis
604 3766 838 3837 disponit
866 3767 1004 3820 viam
1037 3782 1213 3837 suam,
1256 3767 1348 3822 sed
1398 3766 1607 3822 Domini
1648 3777 1731 3821 est

117 3834 370 3904 dirigere
398 3850 615 3904 gressus
642 3836 780 3906 ejus.
1080 3890 1086 3896 ,

162 3906 317 4027 bCilir
360 3907 690 3985 sapientium
724 3906 811 3960 ubi
855 3906 1066 3963 triSIitia
1107 3917 1209 3973 est,
1235 3914 1290 3961 et
1325 3922 1417 3962 cor
1442 3905 1728 3959 stultorum

202 3991 216 4027 ι
279 3984 472 4027 multa.

120 3991 216 4029 unt
254 3991 472 4027 multa.

135 4112 169 4120 ι
194 4044 317 4120 Cor
346 4044 491 4112 quod
524 4044 680 4120 novit
704 4046 1109 4120 amaritudinem
1141 4047 1333 4098 anima:
1356 4059 1489 4111 suae,
1521 4044 1573 4097 iu
1603 4059 1730 4114 gau-

114 4112 213 4165 dio
242 4112 372 4179 ejus
403 4128 507 4163 non
541 4112 853 4166 miscebitur
881 4127 1187 4168 estraneus.

191 4181 539 4251 Convertere
567 4183 634 4234 ad
667 4182 968 4250 Dominum,
1002 4195 1056 4237 et
1086 4185 1328 4251 relinque
1370 4196 1587 4251 peccata
1619 4196 1728 4240 tua.

182 4250 336 4303 Cani
368 4260 495 4305 sunt
518 4266 711 4307 sensus
739 4255 993 4321 hominis,
1034 4266 1089 4309 et
1130 4250 1258 4309 tetas
1304 4250 1596 4311 senectutis
1626 4260 1728 4309 vita

116 4320 504 4374 immaculata.

192 4388 301 4460 Cui
328 4390 568 4460 Amulium
600 4392 781 4457 datur,
810 4393 1036 4445 multttm
1058 4393 1126 4445 ab
1151 4407 1214 4446 eo
1242 4394 1491 4460 exigitur.

148 4456 599 4539 .Confort‘amini
649 4463 703 4514 in
755 4456 1021 4529 Domino,
1072 4473 1126 4516 et
1168 4464 1219 4514 in
1272 4456 1505 4529 polentia
1557 4461 1727 4519 virtus

110 4543 262 4597 ejus.

187 4597 383 4654 Corde
426 4601 667 4656 creditur
706 4601 773 4656 ad
799 4601 1076 4672 justitiam,
1110 4617 1204 4658 ore
1247 4612 1420 4657 autem
1461 4602 1728 4659 confessio

113 4669 175 4723 ﬁt
204 4675 278 4724 ad
309 4672 566 4725 salutem.
800 4669 813 4672 ⁷
1584 4676 1585 4679 “

174 4739 341 4793 Caro
392 4740 727 4808 concupiscit
771 4742 1029 4797 adversus
1071 4742 1339 4811 spiritum,
1372 4743 1589 4809 spiritus
1628 4756 1726 4796 au-

111 4818 225 4862 tem
255 4811 331 4861 ad
342 4823 532 4862 versus
560 4824 799 4863 carnem.

181 4879 418 4945 Corpus
468 4880 613 4946 quod
657 4878 1020 4946 corrumpitur
1072 4888 1322 4948 aggravat
1363 4880 1614 4941 animam,
1668 4891 1727 4936 et

108 4949 388 5017 deprimit
413 4963 632 5002 sensum
662 4952 825 5017 multa
851 4957 1191 5017 cogitantem.

186 5006 576 5092 "Corrumpunt
607 5006 783 5092 mores
816 5006 985 5074 bonos
1010 5018 1270 5085 colloquia
1306 5018 1463 5071 mala.

184 5076 555 5143 Conﬁiemini
610 5076 923 5142 altei'utrum
976 5076 1188 5158 peccata
1238 5099 1433 5155 vestra,
1484 5099 1535 5143 et
1572 5097 1723 5144 orate

106 5174 209 5227 pro
240 5162 490 5213 invicem
522 5170 580 5213 ut
610 5160 911 5212 salvemiui.

180 5229 327 5282 Cum
360 5229 507 5284 Deus
536 5230 716 5282 omnia
752 5229 927 5281 facere
955 5229 1140 5294 possit,
1164 5230 1360 5282 malum
1391 5238 1568 5285 tamen
1597 5229 1721 5300 quia

110 5298 249 5352 nihil
278 5308 399 5363 est,
429 5302 607 5354 facere
641 5316 744 5353 non
775 5306 969 5366 potest.

180 5367 441 5422 Credens
478 5371 644 5422 Deum
673 5372 851 5423 omnia
882 5381 1036 5436 posse
1065 5378 1337 5435 praetare,
1369 5372 1530 5438 petita
1562 5370 1722 5426 citius

109 5451 364 5491 meretur
396 5440 670 5493 obtinere.

180 5509 394 5562 Contra
443 5507 616 5561 Deum
667 5519 949 5563 consulum
998 5522 1095 5562 nec
1135 5521 1381 5578 magnum
1424 5523 1523 5564 nec
1559 5512 1721 5565 mini-

180 5650 374 5721 Causa
395 5660 533 5721 quas
555 5661 663 5699 non
694 5646 1040 5721 prtevidetur,
1082 5662 1187 5704 non
1232 5648 1489 5719 permittit
1533 5664 1722 5721 quem-

109 5732 272 5789 quam
303 5716 375 5770 ad
406 5717 632 5769 meliora
662 5719 945 5789 prolicere.

179 5789 454 5843 Coactum
485 5788 767 5842 servitium
801 5787 943 5843 Deus
970 5801 1076 5842 non
1105 5790 1317 5859 quarit.

1898 1887 2111 1939 Crimen
2145 1885 2347 1955 mquale
2374 1890 2735 1954 committunt,
2764 1897 2818 1941 et
2847 1890 2889 1941 is
2919 1890 3008 1954 qui
3043 1891 3199 1943 alicui
3233 1890 3417 1944 detra-

1830 1955 1924 2013 hit.
1963 1964 2015 2008 et
2044 1958 2130 2024 qui
2160 1959 2525 2013 detrahentem
2557 1959 2784 2011 libenter
2814 1963 2979 2013 audit.

1898 2025 2029 2077 Cutn
2061 2028 2243 2081 dolore
2273 2030 2629 2082 abscindenda
2660 2038 2804 2090 sunt,
2831 2044 2951 2095 qua}
3002 2029 3189 2082 leviter
3228 2032 3407 2085 sanari

1830 2110 1934 2147 non
1966 2108 2206 2161 possunt.

1901 2168 2065 2231 Cujus
2094 2168 2318 2235 quisque
2347 2167 2470 2220 facit
2497 2180 2681 2234 opera,
2712 2166 2827 2233 ejus
2859 2178 3080 2221 vocatur
3114 2169 3270 2222 titius.

1899 2235 1993 2287 Cui
2024 2250 2231 2303 gratuiti
2266 2239 2334 2290 sit
2365 2239 2536 2290 vocari
2578 2237 2715 2289 lilius
2763 2237 2878 2301 Dei,
2918 2250 3202 2292 veneretur
3249 2239 3412 2292 Deum

1832 2315 1885 2357 ut
1914 2315 2133 2368 patient.
2166 2308 2360 2360 faciens
2385 2310 2499 2373 ejus
2524 2310 2867 2372 voluntatem.

1901 2374 2193 2440 Captivitas
2238 2387 2318 2430 est
2365 2380 2614 2443 maxima,
2666 2377 2754 2430 ubi
2800 2378 2992 2431 animze
3038 2381 3264 2447 captiva:
3315 2380 3414 2433 du-

1831 2455 2043 2501 CIIIIUH',

1901 2513 2110 2592 Cadens
2142 2525 2353 2580 apertos
2376 2517 2557 2592 oculos
2588 2515 2765 2577 habet,
2790 2516 2876 2592 qui
2910 2527 3053 2570 recte
3085 2518 3298 2585 quidem
3332 2520 3409 2572 lo-

1832 2585 1920 2651 qui
1951 2585 2071 2647 scit,
2098 2592 2190 2638 sed
2222 2598 2365 2640 recte
2394 2588 2569 2639 vivere
2598 2589 2911 2639 contemnit.

1902 2654 2135 2725 Cupiens
2179 2671 2468 2723 agnoscere
2510 2665 2703 2721 quanta
2736 2657 2824 2709 Dei
2856 2657 3021 2725 gratia
3061 2656 3129 2709 sit
3159 2657 3297 2711 circa
3330 2673 3414 2725 se,

1834 2723 2080 2795 inspiciat
2108 2726 2241 2778 alios
2264 2745 2276 2786 ς
2302 2736 2356 2779 et
2378 2726 2803 2795 qttantiisrunque
2832 2723 2945 2792 plus
2979 2728 3175 2780 habere
3204 2743 3261 2780 se
3290 2723 3415 2785 seu;

1833 2796 1962 2865 serit
1982 2793 2043 2865 in
2071 2798 2346 2859 sospitate,
2373 2793 2454 2851 vel
2486 2797 2851 2863 intelligentia,
2881 2799 2961 2850 vel
2997 2802 3046 2849 in
3078 2797 3416 2865 possessione

1833 2864 2057 2984 alicujus
2102 2866 2198 2929 rei,
2246 2868 2405 2920 tantis
2454 2868 2586 2921 sciat
2624 2882 2682 2922 se
2719 2880 2840 2921 esse
2884 2864 3129 2921 ditiorem
3165 2872 3212 2920 in
3244 2872 3413 2938 gratia

1880 2948 1947 2984 ei.

1880 2948 1947 2984 ΘΙ.

1904 3000 2211 3073 Communis
2251 3004 2468 3059 morbus
2494 3007 2848 3059 communiter
2877 3016 2957 3059 est
2988 3007 3303 3073 abigendos.

1904 3068 2121 3143 Corrige
2150 3084 2200 3126 te
2235 3076 2484 3141 primum,
2512 3075 2597 3143 qui
2630 3090 2803 3130 rector
2833 3077 2907 3129 sis
2934 3068 3180 3129 altorum.

1930 3142 1941 3155 \

1753 3176 1799 3239 Ο
1904 3143 2243 3223 Conveniens
2270 3146 2391 3211 quid
2417 3149 2484 3199 sit
2515 3146 2841 3213 perpendere
2864 3149 3110 3200 convenit
3135 3147 3303 3203 omni.

1900 3212 2231 3264 C‘omnatitur
2259 3215 2384 3264 nulli
2417 3217 2504 3264 nui
2534 3232 2636 3264 non
2666 3218 2764 3264 sibi
2794 3220 2895 3264 scit
2926 3219 3191 3264 misereri-

1943 3211 2231 3281 ‘ompatitur
2259 3215 2384 3269 nulli
2417 3211 2636 3283 qui‘non
2666 3218 2764 3269 sibi
2794 3220 2895 3270 scit
2926 3219 3191 3271 misereri.

1900 3281 2033 3335 Cum
2066 3292 2224 3353 caput
2248 3281 2490 3354 aegrotat,
2518 3300 2716 3356 corpus
2744 3287 2901 3340 simul
2928 3302 3086 3342 omne
3112 3290 3339 3344 laborat.

2599 3419 2641 3472 D

1903 3547 2157 3603 Dominus
2181 3547 2248 3604 de
2290 3550 2428 3604 caelo
2455 3552 2708 3619 prospicit
2750 3566 2911 3619 super
2942 3551 3076 3606 filios
3106 3553 3405 3620 hominum,

1832 3628 1887 3671 ut
1909 3621 2093 3690 videat
2130 3621 2173 3672 si
2207 3631 2289 3675 est
2318 3622 2616 3690 intelligens
2643 3633 2731 3675 aut
2760 3626 3035 3687 requirens-
3070 3624 3285 3677 Deum-

1907 3689 2160 3743 Dominus
2191 3689 2702 3759 interrogat’justum
2734 3702 2786 3744 et
2819 3692 3075 3757 impium;
3110 3696 3197 3760 qui
3228 3704 3411 3753 autem

1831 3758 2001 3829 diligit
2030 3761 2382 3829 iniquitatem,
2402 3758 2527 3818 edit
2550 3764 2778 3813 animam
2809 3775 2978 3813 suam.

1906 3828 2159 3947 Dominus
2206 3831 2353 3882 dabit
2405 3835 2624 3883 verbum
2680 3831 3169 3898 evangelizantibus
3216 3834 3410 3888 virtute

1906 3906 2023 3947 ita.

1831 3906 2023 3949 multa.

1906 3965 2159 4019 Dominus
2189 3967 2442 4039 virtutem
2476 3969 2671 4039 populo
2701 3985 2799 4025 suo
2828 3970 2993 4027 dabit.
3040 3972 3294 4028 Dominus
3323 3976 3411 4027 bc-

1832 4040 2027 4108 nedicit
2054 4038 2246 4104 populo
2274 4053 2372 4093 suo
2404 4042 2452 4093 in
2484 4038 2629 4108 pace.
3002 4044 3005 4049 ’

1906 4106 2161 4161 Dotuinus
2180 4109 2281 4163 scit
2299 4106 2648 4177 cogitationes
2672 4109 2968 4173 hominum,
2988 4111 3238 4179 quoniam
3266 4129 3413 4167 value

1831 4191 1973 4231 sunt.

1907 4245 2083 4322 Dulcis
2109 4256 2161 4297 et
2209 4257 2405 4322 rectus
2432 4246 2706 4322 Dominus,
2737 4261 2956 4319 propter
2986 4249 3088 4306 hoc
3118 4251 3287 4322 legem
3314 4253 3413 4307 da-

1831 4315 1908 4369 bit
1938 4318 2367 4383 delinquentibus
2396 4320 2447 4371 in
2480 4318 2587 4371 via.

1905 4387 2041 4457 Deus
2066 4385 2226 4454 judex
2251 4387 2447 4457 justus,
2476 4389 2627 4442 furtis
2651 4399 2704 4443 et
2736 4390 2963 4457 patiens.

1904 4454 2159 4527 Dominus
2190 4454 2441 4512 virtutum
2471 4460 2585 4527 ipse
2610 4470 2692 4513 est
2722 4454 2811 4512 rex
2842 4461 3045 4526 glorim.

1758 4523 1811 4582 Β
1905 4526 2043 4579 Deus
2072 4529 2354 4582 manifeste
2384 4523 2581 4589 veniet,
2613 4538 2667 4580 ct
2698 4532 2798 4579 non
2830 4523 3026 4581 silebit.

1907 4596 2105 4650 Divites
2131 4608 2388 4665 eguerunt
2416 4608 2471 4652 et
2501 4601 2821 4657 esurierunt,
2870 4599 3202 4667 iuquirentcs
3230 4612 3410 4657 autem

1834 4665 2112 4720 Dominum
2154 4683 2256 4720 non
2283 4668 2585 4737 minuentur
2608 4667 2751 4720 01111ιί
2785 4668 2941 4721 bono.

1828 4806 1878 4859 ά.
1904 4737 2176 4816 Delectari:
2206 4737 2257 4789 iit
2287 4738 2529 4801 Domino,
2563 4748 2616 4789 et
2646 4738 2795 4791 dabit
2838 4738 2930 4791 tibi
2977 4740 3259 4809 petitiones
3286 4756 3410 4798 cor-

1866 4823 1910 4859 is
1940 4818 2035 4858 tot.

1866 4823 1910 4859 IS
1940 4818 2035 4858 lUl.

1904 4877 2114 4929 Declina
2145 4891 2170 4926 a
2206 4875 2362 4933 malo.
2391 4884 2445 4930 el
2477 4876 2556 4931 fac
2585 4876 2802 4931 bonum.

1903 4948 2031 4999 Date
2061 4957 2111 4997 et
2141 4946 2355 4999 dabitur
2384 4949 2551 5000 vultis.

1900 5016 2181 5080 Dimittite,
2218 5028 2271 5069 et
2296 5016 2590 5072 dimittetur
2618 5020 2806 5073 vobis.

1900 5086 2041 5137 Deus
2073 5101 2175 5137 non
2207 5096 2289 5140 Bal
2318 5100 2668 5156 mortuorum,
2701 5092 2795 5145 sed
2825 5092 3138 5146 viventium.

1906 5156 2105 5227 Dignus
2136 5167 2217 5208 est
2246 5172 2520 5227 Operarius
2549 5162 2797 5214 mercede
2827 5177 2942 5216 sua.

1901 5226 2095 5293 Diliges
2130 5227 2406 5279 Domitium
2434 5228 2599 5280 Deum
2633 5242 2777 5282 tuum
2800 5246 2863 5282 ex
2888 5240 2997 5283 toto
3019 5230 3179 5285 corde
3210 5240 3318 5297 tuo,
3356 5244 3411 5288 ct

1824 5314 1889 5353 ex
1904 5305 2026 5373 tota
2055 5297 2228 5373 anima
2262 5308 2365 5360 tua,
2394 5308 2451 5373 et
2482 5302 2791 5373 proximum
2812 5311 2956 5373 tuum
2989 5302 3127 5355 sicut
3157 5304 3404 5373 leipSuIIi.

1899 5368 2043 5439 Deus
2075 5368 2242 5418 tidelis
2274 5379 2327 5418 et
2356 5367 2556 5439 absque
2588 5370 2691 5422 ulla
2725 5372 3023 5439 iniquitate.

1824 5436 2153 5565 blDominus
2185 5450 2473 5504 pauperem
2514 5437 2640 5495 facit
2682 5449 2736 5495 et
2778 5436 2932 5509 ditat,
2964 5441 3209 5497 humiliat
3239 5452 3291 5496 et
3318 5458 3404 5495 su-

1885 5521 1984 5559 ima
2015 5542 2026 5554 .

1885 5521 2026 5559 lmﬂl.

1896 5573 2151 5697 Duxi:qu
2182 5579 2486 5651 mortiﬁcat,
2522 5582 2771 5649 viviﬁcat,
2802 5582 3018 5638 deducit
3065 5581 3133 5636 ad
3182 5579 3403 5646 inferos,
3470 5634 3471 5637 η

1900 5662 1959 5697 re
2110 5684 2126 5697 .

1823 5661 1878 5707 et
1900 5660 2126 5701 reuucu.

1863 5716 2237 5841 hicmalitus,
2269 5733 2324 5779 et
2352 5725 2600 5783 mandata
2629 5725 2746 5790 eius
2774 5724 3019 5789 observa,
3049 5725 3149 5778 hoc
3178 5732 3259 5778 cst
3285 5736 3405 5781 om-

1863 5807 1907 5841 lS
1951 5804 1968 5841 1
2097 5823 2113 5839 ο
3372 5807 3379 5815 -

1825 5807 1907 5845 1118
1934 5803 2113 5841 nomo.
3372 5807 3379 5815 '
