3868 6256
482 384 539 432 lt}
554 376 611 431 J9

944 376 1146 430 BEDAZ
1193 373 1647 431 VENERABILIS
1686 372 1835 429 OPP.
1878 371 2056 429 PARS

2233 368 2370 427 ECT.
2413 369 2475 427 ll.
2517 398 2585 411 —
2627 370 2835 429 DUBIA
2878 370 2964 426 ΕΤ
3004 370 3274 430 ερυιιιιι.

3625 377 3727 433 ιιῡο

539 493 591 544 In
629 506 883 546 mentum
917 502 1117 545 interna
1150 492 1252 544 erit
1289 490 1484 558 justus,
1519 487 1588 542 ab
1616 487 1892 542 auditione
1924 484 2061 539 mala
2094 488 2145 547 Α
2172 482 2378 558 volunt,
2405 483 2503 558 ipsi
2538 497 2667 539 vero
2696 482 2832 558 alios
2868 482 3094 558 tolerare
3123 493 3375 558 renuunt.

432 596 436 601 -
468 578 574 616 non
609 564 838 619 timebit.

547 636 602 689 In
637 633 893 701 patientia
924 639 1098 685 vestra
1128 631 1471 695 possidebitis
1502 627 1711 681 animas
1743 633 1974 680 vestias.

490 762 499 767 ,
546 697 743 772 Impius
781 718 902 756 cum
955 704 1004 755 iit
1059 702 1383 770 profundunt
1443 710 1784 770 peccatorum
1836 697 2068 761 venerit,

470 785 737 830 COIIlCIIIfIl
760 780 799 825 ι.

549 848 601 899 In
627 842 940 896 inalevolam
970 842 1198 894 animam
1227 856 1332 894 non
1378 839 1623 894 introibit
1648 838 1938 907 sapientia,
1969 852 2071 893 nec

474 914 739 970 habitabit
769 913 818 966 in
850 927 1078 977 corpore
1104 912 1318 965 subdito
1346 911 1599 979 peccatis.

542 984 749 1040 Invidia
783 982 978 1038 diaboli
1013 999 1158 1035 ntors
1190 982 1411 1035 intravit
1448 982 1499 1033 in
1528 982 1713 1033 orbem
1741 988 2031 1033 terrarum.

546 1054 790 1110 Infernus
823 1065 875 1107 et
906 1052 1134 1119 perditio
1165 1066 1345 1105 eorum
1376 1052 1631 1116 Domino,
1665 1059 1870 1119 quanto
1900 1049 2069 1119 magis

475 1126 636 1181 mnia
672 1127 902 1177 liliorum
932 1122 1226 1175 hominum.

549 1197 689 1251 Inter
718 1197 979 1263 superbos
1006 1208 1218 1259 semper
1246 1191 1418 1261 jurgia
1448 1201 1593 1256 sunt,
1625 1189 1716 1259 qui
1747 1200 1925 1244 autem
1948 1204 2073 1245 cun-

475 1280 560 1321 eta
593 1275 755 1333 agunt
781 1265 1323 1332 consilio,.reguntur
1354 1265 1638 1330 sapientia.

549 1337 605 1390 In
628 1331 876 1389 omnibus
907 1331 1159 1403 operibus
1194 1333 1291 1387 tuis
1340 1347 1641 1387 memorare
1671 1331 1986 1395 novissima,
2019 1340 2073 1386 et

474 1406 526 1460 in
558 1414 815 1461 :etcrnum
849 1420 951 1459 noo
986 1405 1249 1471 peccabis.

551 1478 607 1530 In
642 1478 743 1529 line
775 1477 1007 1529 hominis
1037 1475 1323 1528 denudatio
1354 1488 1575 1542 operum
1607 1471 1750 1541 ejus.

548 1549 605 1601 lit
638 1548 723 1601 die
754 1547 1018 1601 benorum
1048 1560 1115 1599 ne
1148 1548 1431 1597 immemor
1458 1542 1533 1598 sis
1566 1545 1852 1597 malorum.

494 1621 500 1626 ’
551 1617 762 1671 Initium
795 1619 969 1669 omnis
1003 1618 1203 1683 peccati
1236 1615 1505 1683 superbia.

556 1689 609 1740 In
639 1687 922 1741 desideriis
954 1696 1037 1738 est
1065 1686 1241 1738 omnis
1271 1690 1497 1739 otiosus.

551 1757 604 1811 In
640 1757 975 1824 multiloquio
1006 1770 1111 1810 non
1140 1756 1314 1811 deerit
1343 1765 1639 1824 peccatum.

554 1831 608 1882 ln
647 1828 794 1909 omni
838 1822 956 1881 loco
993 1828 1133 1879 oeuli
1169 1822 1380 1881 Domitii
1420 1823 1859 1894 contemplantur
1901 1822 2071 1879 bonos
2109 1850 2151 1909 Β

475 1908 527 1951 et
557 1903 745 1952 malos.

552 1970 607 2022 ltt
659 1968 909 2022 omnibus
957 1966 1312 2021 exbibeamus
1370 1965 1740 2035 nosmetipsos
1791 1965 1929 2020 sicut
1979 1965 2072 2021 Dei

479 2052 770 2093 IIIIIIISII'O“.

558 2111 628 2170 In,
650 2110 751 2162 hnc
783 2107 900 2177 ipso
931 2118 1114 2175 peccat
1155 2107 1336 2173 homo,
1371 2105 1515 2177 quod
1548 2118 1775 2176 peccare
1816 2106 1993 2173 vellet,
2027 2105 2072 2161 si

479 2181 649 2234 inulte
680 2184 958 2244 potuisset.

554 2250 757 2303 Inlcnla
797 2250 1119 2317 supplicatio
1146 2248 1383 2302 dormire
1422 2262 1517 2301 cor
1545 2246 1802 2301 mundum
1835 2254 1997 2301 vetat.

558 2316 1006 2374 Inviicandnscst
1038 2320 1177 2371 Dens
1204 2319 1424 2387 jugiter,
1460 2328 1517 2370 ut
1546 2318 1874 2371 voluntatem
1914 2316 2074 2371 simul

484 2400 539 2444 et
588 2390 893 2445 facoltatem
937 2390 1074 2441 bene
1104 2390 1296 2457 agendi
1338 2389 1490 2441 nobis
1518 2398 1772 2452 praestare
1799 2387 2067 2457 dignetur.

558 2460 680 2515 Ideo
713 2474 901 2513 omnes
957 2460 1239 2512 diabolica:
1288 2459 1615 2529 teqtationis
1646 2459 1920 2512 molestias
1965 2459 2071 2527 pati

487 2533 872 2597 permittimur,
898 2541 952 2583 ut
980 2530 1229 2583 omnibus
1260 2529 1479 2589 easdem
1513 2528 1790 2583 molestias
1824 2529 2072 2597 patienti-

484 2603 583 2657 bus
613 2604 843 2668 eotnpati
876 2608 931 2655 et
956 2600 1247 2654 condolere
1275 2599 1531 2652 sciamus.

558 2672 659 2724 lter
707 2671 921 2738 longum
954 2682 1175 2737 agentes
1219 2670 1413 2739 majori
1444 2669 1778 2739 providentia
1835 2668 2075 2739 indigent

480 2755 643 2811 quam
678 2755 845 2810 prOpe
880 2742 1298 2811 proﬁciscentes.

552 2812 622 2865 Ita
652 2808 705 2865 ei
732 2812 977 2864 monachi
1005 2811 1200 2879 jugiter
1237 2810 1346 2862 Deo
1374 2810 1675 2880 servientes
1711 2808 1882 2880 magis
1912 2815 2074 2877 egent

479 2882 747 2949 provideri
776 2896 934 2950 quam
963 2878 1147 2935 caeteri
1180 2882 1347 2933 libere
1374 2878 1635 2934 viventes.

551 2952 762 3005 Inlinito
794 2948 961 3006 labori
992 2952 1174 3005 linitus
1201 2959 1647 3022 quantuscunque
1671 2950 1741 3005 sit
1767 2948 2072 3020 comparari

480 3032 683 3084 neqmt.
1302 3054 1307 3059 ·

553 3091 843 3145 Iiivisihilia
898 3090 991 3145 Dei
1029 3106 1125 3160 per
1164 3105 1226 3144 ea
1267 3104 1388 3159 quae
1436 3090 1576 3145 facta
1622 3100 1747 3146 sunt
1800 3091 2072 3146 intellecta

481 3160 908 3229 conspiciuntur.
1148 3167 1153 3172 ’
1750 3213 1753 3216 .

547 3232 756 3287 Inlirma
790 3231 971 3286 mundi
1000 3232 1161 3300 elegit
1187 3231 1334 3285 Deus
1365 3238 1422 3285 ut
1450 3229 1741 3285 confundat
1773 3231 1951 3285 fortia.

548 3303 755 3356 Initium
784 3304 1044 3357 bonorum
1078 3301 1344 3357 cciifessio
1375 3310 1458 3356 est
1494 3301 1780 3357 malorum.

551 3373 819 3426 Incassum
850 3388 976 3428 caro
1006 3373 1279 3443 alﬂigitur,
1312 3372 1355 3428 si
1385 3387 1538 3428 mens
1564 3370 1928 3441 voluptatibus
1960 3386 2067 3427 non

478 3444 790 3498 reluctatur.
1122 3458 1125 3461 ·
1202 3456 1208 3460 ⁴

552 3513 857 3567 Innocentia
892 3527 1017 3567 vera
1048 3522 1149 3576 est,
1183 3529 1299 3584 que
1330 3530 1427 3569 nec
1457 3515 1558 3569 sibi
1598 3529 1702 3569 nec
1732 3513 1854 3568 aliis
1887 3526 2063 3571 nocet.

557 3584 847 3638 Iracundus
874 3598 994 3636 cum
1024 3585 1181 3637 irasci
1213 3584 1457 3650 desierit,
1490 3596 1616 3638 tunc
1645 3584 1866 3638 sibimet
1892 3588 2067 3640 maxi—

482 3670 573 3710 me
606 3655 872 3707 irascitur.

549 3725 839 3778 Iracundus
870 3722 1081 3779 etiamsi
1124 3734 1393 3778 mortuum
1425 3725 1670 3789 suscitet,
1707 3722 1839 3778 nulli
1872 3722 2065 3791 placet.

551 3792 879 3865 Infeliciores
941 3808 1094 3865 sunt,
1132 3796 1254 3848 mali
1312 3811 1430 3849 cuin
1487 3795 1665 3863 cupita
1723 3793 2065 3865 perfecerint,

479 3878 641 3936 quam
670 3864 712 3936 si
741 3878 799 3936 ea
834 3878 950 3927 qua:
980 3864 1202 3931 cupiunt
1222 3866 1461 3936 implere
1494 3881 1598 3919 non
1632 3864 1875 3933 posSent.

539 3932 883 4016 .Itifeliciores
922 3944 1046 3985 sunt
1083 3936 1173 4001 qui
1214 3934 1436 3999 faciunt,
1467 3932 1758 4005 quam’qtii
1798 3936 2071 4004 patiuntur

480 4019 755 4060 ηιιυηοιη.

647 4022 675 4055 2
738 4042 755 4058 ο

533 4022 1177 4144 ⁵ίὲῗὶέῃεθηευρὶερσιξηιὶει)
1214 4074 1445 4129 carnalis
1494 4082 1695 4143 quanto
1735 4073 1938 4129 diutius
1978 4087 2069 4126 ar-

479 4148 608 4216 dere
640 4146 984 4213 pertnittitur,
1018 4155 1163 4199 tanto
1193 4144 1462 4199 dillieilius
1492 4146 1869 4216 exstinguitur.

554 4215 800 4283 Ingratus
827 4231 963 4266 unus
994 4216 1177 4267 multis
1202 4217 1411 4271 miseris
1444 4225 1622 4269 nocet.

557 4286 701 4351 lnopt
732 4283 1049 4336 beneﬁcium
1085 4286 1165 4336 bis
1191 4286 1299 4348 dat,
1332 4287 1419 4353 qui
1449 4288 1539 4339 dat
1568 4286 1847 4341 celeriter.

553 4354 749 4420 Inepia:
780 4368 963 4420 parva,
996 4353 1236 4406 avaritia:
1256 4353 1448 4407 desunt
1476 4358 1677 4409 omnia.
1856 4400 1861 4405 .

554 4426 805 4479 Inimicos
850 4423 1071 4494 diligere
1112 4436 1277 4493 grave
1319 4425 1532 4492 quidem
1578 4433 1663 4477 est
1715 4435 2065 4494 praeceptum,

483 4497 578 4552 sed
606 4494 807 4565 grande
837 4498 1132 4563 pra-mium.

553 4562 883 4635 lniprovidus
914 4567 1068 4620 miles
1099 4565 1290 4619 l'ortem
1322 4577 1381 4619 se
1407 4564 1458 4617 in
1488 4577 1617 4632 pace
1638 4562 1921 4633 gloriatur.

553 4634 662 4691 Illis
707 4637 1049 4690 dimittuntur
1096 4636 1358 4702 minima,
1430 4635 1521 4704 qui
1568 4636 1771 4705 majora
1821 4634 2070 4690 districto

482 4715 739 4762 l'everunt
764 4718 997 4774 peccata.
1454 4765 1464 4776 ,

554 4778 610 4846 In
643 4778 793 4829 malis
822 4792 1042 4846 sperare
1084 4777 1246 4842 bona,
1276 4792 1433 4832 nemo
1459 4777 1561 4832 nisi
1609 4778 1869 4832 innocens
1897 4776 2057 4831 solet.

554 4845 609 4918 In
642 4848 826 4918 multis
858 4845 1067 4918 frustra
1119 4848 1354 4912 laborat,
1404 4852 1494 4918 qui
1540 4862 1634 4903 sua
1674 4849 1845 4918 magis
1890 4864 2048 4917 quam

483 4933 545 4973 se
585 4916 758 4984 ipsum
790 4914 900 4970 Deo
929 4917 1121 4972 oll‘crre
1147 4918 1346 4971 studet.

555 4987 611 5041 In
644 5002 835 5039 vanum
866 4987 1089 5051 laborat,
1115 4988 1203 5053 qui
1232 5002 1431 5043 czecum
1466 4988 1714 5044 honorat.

554 5057 807 5130 Injnriam
854 5070 1097 5130 magnam
1139 5056 1380 5130 Creatori
1428 5058 1572 5128 facit,
1618 5061 1706 5130 qui
1757 5070 2061 5117 creaturam

490 5130 649 5184 ullam
684 5127 960 5199 plusquam
992 5127 1142 5179 illum
1174 5126 1366 5199 diligit.

554 5197 783 5268 Imperat
810 5210 902 5253 aut
930 5199 1091 5253 servit
1122 5197 1346 5268 collecta
1377 5197 1599 5264 pecunia
1629 5199 1845 5267 cuique.

553 5266 764 5325 Invidus
793 5270 1012 5325 alterius
1038 5266 1320 5324 marcescit
1350 5268 1509 5321 rebus
1539 5266 1757 5336 Opimis.

557 5341 781 5407 Impedit
817 5342 895 5395 ira
927 5344 1163 5398 animum
1197 5352 1263 5395 ne
1292 5340 1461 5408 possit
1495 5352 1717 5392 cernere
1745 5353 1954 5393 verum.

553 5412 715 5478 Impia
764 5427 988 5482 queque
1029 5412 1294 5479 studens,
1347 5412 1534 5477 nequit
1585 5410 1637 5463 in
1686 5408 2067 5464 Christo-lore

502 5485 733 5537 trudens.

485 5502 769 5609 priltilfiilgize
799 5551 1009 5621 plenum
1038 5568 1199 5622 super
1225 5567 1415 5611 omnes
1444 5560 1659 5609 constat
1689 5564 1912 5620 egenus.

551 5624 806 5678 Indurare
834 5623 926 5677 Dei
956 5624 1084 5677 nihil
1110 5621 1253 5679 aliud
1285 5638 1388 5691 est,
1421 5624 1522 5683 nisi
1552 5636 1656 5677 non
1684 5621 1959 5680 misereri.

554 5695 847 5749 Incrassata
874 5708 999 5749 caro
1028 5704 1205 5761 gustat
1231 5696 1471 5752 coalestia
1502 5708 1647 5749 raro.

555 5764 696 5818 Inter
726 5770 909 5834 epulas
937 5766 1152 5819 diflicile
1181 5776 1431 5821 servatur
1461 5768 1703 5824 castitas.

556 5836 754 5889 Iulium
799 5851 933 5905 pene
981 5853 1165 5896 omnes
1207 5853 1264 5895 se
1311 5837 1530 5908 quidem
1583 5838 1653 5894 ab
1695 5838 1814 5896 aliis
1847 5836 2063 5896 tolerati

2097 3196 2143 3258 Ο
2178 3196 2833 3302 "°tf§£‘éi“s};§i'iif§£‘iia
2873 3241 2957 3289 est
2980 3236 3098 3302 Qui:
3126 3233 3273 3288 ducit
3305 3234 3371 3289 ad
3404 3243 3648 3289 mortem.

2173 3444 2262 3513 qui
2292 3442 2343 3497 in
2374 3444 2530 3498 curiis
2552 3453 2656 3513 est.

2173 3599 2291 3637 sum
2325 3584 2597 3639 Christum
2629 3586 2764 3638 facta
2803 3593 2911 3639 est.

2166 5765 2345 5822 debet.

2174 626 2513 692 purgatorius
2545 624 2699 691 ignis.

2231 693 2367 776 olilos
2407 704 2685 765 exspectat
2712 693 2903 763 gloria,
2937 694 3026 763 qui
3058 693 3323 751 laboriosa
3363 708 3558 766 gerunt
3586 709 3726 753 certa-

2173 779 2336 818 mina.

2958 857 2987 913 J

2244 966 2402 1021 Juxta
2431 978 2515 1021 est
2542 968 2800 1021 Dominus
2825 968 2907 1024 his
2937 968 3026 1038 qtti
3058 968 3313 1023 tribulatio
3345 975 3477 1023 sunt
3505 969 3667 1035 corde,
3693 983 3730 1025 et

2174 1037 2403 1092 humiles
2434 1038 2623 1107 spiritu
2658 1040 2905 1092 salvabit.

2227 1107 2396 1189 .Jacta
2425 1123 2587 1177 super
2618 1111 2899 1163 Dominum
2924 1123 3107 1165 curam
3139 1118 3307 1175 luam,
3338 1116 3392 1163 et
3418 1108 3536 1179 ipse
3557 1118 3606 1165 te
3629 1126 3729 1166 etni-

2177 1190 2317 1231 ll‘ICi.

2244 1247 2445 1303 Iudicia
2481 1248 2691 1303 Domini
2721 1263 2844 1303 vera
2872 1248 3160 1318 iustificata
3188 1250 3241 1303 in
3273 1250 3583 1313 semetipsa.

2213 1319 2429 1442 l.Iuittts
2461 1331 2515 1373 ut
2548 1320 2721 1388 palma
2754 1320 2988 1388 ﬂorebit,
3042 1329 3097 1373 ut
3126 1322 3321 1374 cedrus
3354 1320 3543 1374 Libani
3576 1322 3727 1376 multi-

2236 1404 2311 1442 tca
2356 1401 2481 1442 itur.

2177 1401 2481 1458 plicabitur.

2247 1459 2429 1530 Justus
2452 1475 2532 1526 es,
2560 1459 2803 1520 Domine.
2837 1470 2891 1513 et
2922 1472 3126 1515 rectum
3154 1460 3413 1530 judicium
3442 1473 3616 1518 tuum.

2245 1529 2517 1605 Justorum
2550 1533 2735 1605 semita
2768 1531 2918 1605 quasi
2948 1532 3364 1605 lgxsplendens
3395 1536 3652 1604 procedit,
3690 1540 3731 1586 cl

2176 1599 2371 1682 crescit
2406 1617 2573 1682 usque
2602 1601 2669 1681 ad
2704 1599 3183 1682 perfectam-diem.

2247 1671 2512 1726 Iudicium
2538 1672 2880 1742 durissimum
2913 1671 2967 1724 iit
2996 1671 3080 1727 bis
3105 1672 3197 1741 qui
3229 1686 3470 1742 praesunt
3498 1675 3604 1730 liet.

2247 1742 2432 1795 Justus
2457 1757 2518 1793 ex
2554 1741 2657 1794 fide
2689 1742 2833 1793 vivit.

2248 1812 2388 1866 Justi
2421 1812 2735 1886 vocabulum
2766 1826 2870 1865 non
2899 1811 3115 1881 amittit,
3148 1814 3239 1881 qui
3269 1828 3365 1883 per
3395 1816 3731 1886 pmnitentiam

2178 1896 2393 1946 semper
2433 1882 2681 1948 resurgit.

2246 1951 2512 2016 Ji-junium
2563 1967 2668 2003 non
2712 1959 2799 2003 est
2844 1950 3075 2018 perfecta
3108 1952 3295 2021 virtus,
3332 1957 3426 2010 sed
3478 1956 3729 2012 multarum

2176 2022 2431 2075 virttttUtn
2466 2022 2893 2074 fundamentum.
3814 2040 3815 2085 ;

2248 2092 2463 2147 Justitia
2514 2093 2741 2143 humana
2776 2100 2880 2143 tam
2914 2091 3115 2162 fragilis
3144 2101 3249 2159 est,
3280 2104 3340 2147 ιιι
3369 2098 3542 2163 potius
3570 2100 3731 2153 remis-

2175 2164 2329 2217 sione
2372 2171 2710 2231 peccatorum
2754 2172 2982 2227 constet,
3025 2179 3185 2231 quatn
3228 2165 3557 2233 perfectione
3598 2170 3730 2221 virtu-

2177 2242 2311 2286 tum.

2249 2301 2457 2373 .Iugitcr
2500 2301 2887 2358 attendendum
2931 2314 3123 2372 quanta
3156 2303 3253 2359 Dei
3291 2307 3463 2375 gratia
3492 2309 3562 2364 sit
3588 2308 3734 2362 nobis

2175 2388 2315 2429 cum.

2951 2484 2994 2539 L

2246 2598 2481 2655 Laetetur
2507 2613 2601 2653 cor
2631 2600 2987 2668 querentium
3017 2599 3323 2656 Dominum.

2248 2669 2357 2722 Lex
2393 2670 2599 2723 Domini
2631 2670 2992 2730 immaculata.
3035 2683 3357 2725 convertens
3389 2686 3616 2726 animas.

2250 2739 2542 2793 Laetabitur
2582 2740 2761 2810 justus
2810 2744 2862 2794 in
2893 2739 3136 2806 Domino,
3189 2749 3243 2795 et
3291 2744 3530 2809 sperabit
3573 2744 3620 2797 in
3646 2743 3727 2795 Do-

2177 2810 2346 2871 mino.
2374 2820 2428 2864 et
2460 2812 2811 2866 laudabuntur
2837 2825 3025 2865 omnes
3058 2811 3188 2866 recti
3218 2816 3406 2865 corde.

2250 2881 2363 2934 Lux
2392 2892 2507 2933 orta
2540 2890 2623 2935 est
2644 2892 2808 2948 justo,
2842 2894 2897 2934 et
2923 2882 3085 2934 remis
3113 2883 3278 2938 corde
3307 2883 3527 2937 lmtitia.‘

2250 2948 2507 3019 Lapidem
2556 2966 2713 3020 quem
2765 2953 3188 3018 reprobaverunt
3252 2952 3623 3020 aediﬁcantes,
3666 2951 3731 3004 hic

2179 3019 2352 3076 factus
2380 3032 2463 3076 est
2490 3020 2542 3076 in
2569 3019 2729 3090 caput
2751 3022 2953 3089 anguli.

2250 3091 2486 3147 Labores
2515 3104 2766 3146 manuum
2791 3104 2999 3146 tuarum
3035 3091 3157 3161 quia
3180 3091 3552 3157 manducabis,
3575 3093 3732 3147 beatus

2178 3178 2237 3215 es
2264 3174 2318 3217 et
2348 3164 2485 3215 bene
2515 3162 2609 3216 tibi
2642 3164 2764 3216 erit.

2248 491 2378 547 Iunt,
2405 491 2503 549 ipsi
2538 497 2667 539 vero
2696 491 2832 536 alios
2868 491 3094 539 tolerare
3123 493 3375 539 renuunt.

2248 551 2743 636 Inlirtnitascarnis
2772 554 2817 607 si
2844 555 3105 622 patienter
3124 557 3483 623 sustineatur,
3506 564 3587 613 est
3606 572 3724 627 quasi

2250 638 2513 688 rgaiortus
2545 639 2699 691 ignis.

2248 693 2367 747 Illos
2407 704 2685 765 exspectat
2712 693 2903 763 gloria,
2937 694 3026 763 qui
3058 693 3323 751 laboriosa
3363 708 3558 766 gerunt
3586 709 3726 753 certa-

2251 779 2336 817 ua.

2626 834 2633 841 .
2958 857 2987 913 J
3558 863 3568 875 ⁸

2248 966 2402 1021 quta
2431 978 2515 1021 est
2542 968 2800 1021 Dominus
2825 968 2907 1024 his
2937 968 3026 1038 qtti
3058 968 3313 1023 tribulatio
3345 975 3477 1023 sunt
3505 969 3667 1035 corde,
3693 983 3730 1025 et

2251 1038 2403 1092 miles
2434 1038 2623 1107 spiritu
2658 1040 2905 1092 salvabit.

2248 1107 2396 1163 Jacta
2425 1123 2587 1177 super
2618 1111 2899 1163 Dominum
2924 1123 3107 1165 curam
3139 1118 3307 1175 luam,
3338 1116 3392 1163 et
3418 1108 3536 1179 ipse
3557 1118 3606 1165 te
3629 1126 3729 1166 etni-

2248 1190 2445 1303 lliidicia
2481 1248 2691 1303 Domini
2721 1263 2844 1303 vera
2872 1248 3160 1318 iustificata
3188 1250 3241 1303 in
3273 1250 3583 1313 semetipsa.

2248 1319 2429 1442 luitus
2461 1331 2515 1373 ut
2548 1320 2721 1388 palma
2754 1320 2988 1388 ﬂorebit,
3042 1329 3097 1373 ut
3126 1322 3321 1374 cedrus
3354 1320 3543 1374 Libani
3576 1322 3727 1376 multi-

2248 1401 2532 1526 iiist‘t‘tgres,
2560 1459 2803 1520 Domine.
2837 1470 2891 1513 et
2922 1472 3126 1515 rectum
3154 1460 3413 1530 judicium
3442 1473 3616 1518 tuum.

2248 1529 2517 1585 Justorum
2550 1533 2735 1599 semita
2768 1531 2918 1599 quasi
2948 1532 3039 1605 ΔΙιμ
3072 1532 3364 1599 splendens
3395 1536 3652 1604 procedit,
3690 1540 3731 1586 et

2248 1599 2371 1680 escit
2406 1617 2573 1682 usque
2602 1601 2669 1681 ad
2704 1602 2990 1682 perfectam
3006 1602 3194 1682 diem.

2248 1671 2512 1726 Iudicium
2538 1673 2880 1724 durisSImutn
2913 1687 2967 1724 III
2996 1674 3080 1727 bts
3105 1688 3197 1741 qut
3229 1686 3470 1742 praesunt
3498 1675 3604 1730 liet.

2248 1741 2867 1831 l9§l9§f¥-[‘f‘.ﬁ.i“'§‘:_
3156 1828 3180 1831 _
3633 1816 3662 1831 ..
3720 1829 3727 1831 ξ

2244 3300 2443 3356 Luceat
2472 3300 2561 3384 lux
2595 3312 2788 3384 _vestra
2834 3300 3391 3384 corammhomini‘bus,
3446 3300 3501 3357 ot
3550 3305 3737 3357 videant
3812 3300 3818 3384 ί

2175 3386 2338 3445 Opera
2375 3379 2552 3427 vestra
2595 3370 2731 3427 bona
2758 3415 2775 3443 ,
2810 3387 2865 3430 et
2903 3374 3207 3445 gloriﬁcent
3244 3374 3459 3430 Patrem
3503 3383 3734 3433 vestrm".

2246 3516 2352 3567 Lex
2386 3530 2479 3581 per
2524 3512 2742 3583 Moysen
2767 3512 2889 3567 data
2920 3522 3003 3568 est
3029 3511 3200 3583 gratia
3241 3512 3297 3569 et
3326 3523 3527 3569 veritas
3556 3529 3644 3584 per
3666 3512 3736 3569 le-

2246 3655 2509 3709 Levemus
2535 3653 2695 3708 corda
2725 3664 2912 3708 nostra
2937 3666 3059 3708 cum
3089 3652 3339 3711 manibus
3364 3654 3431 3708 ad
3462 3654 3653 3709 Deum.

2248 3724 2356 3776 Leo
2406 3728 2623 3798 rug'ens
2653 3735 2707 3777 et
2748 3738 2934 3798 rursus
2978 3727 3224 3781 esuriens
3271 3730 3525 3798 princeps
3572 3725 3735 3795 inpius

2176 3806 2339 3859 super
2372 3796 2625 3861 populoin
2660 3796 2967 3862 pauperem.

2252 3862 2454 3932 Lingua
2479 3862 2800 3929 sapientium
2834 3872 2993 3917 ornat
3022 3863 3330 3921 scientiam.

2247 3933 2475 4002 Lampas
2513 3941 2818 3999 contempta
2858 3934 2997 4001 apud
3028 3936 3381 4004 cogitationes
3408 3934 3631 3989 divitum
3656 3946 3733 4004 pe-

2184 4016 2295 4057 rata
2326 4014 2407 4056 est
2436 4003 2500 4054 ad
2534 4012 2742 4069 tempus
2772 4011 3054 4059 statutum.

2251 4072 2453 4142 Lingua
2485 4074 2765 4140 placabilis
2793 4072 2993 4141 lignum
3023 4076 3165 4129 vita.
3202 4095 3221 4108 -

2249 4141 2449 4214 Littera
2479 4143 2694 4206 occidit,
2724 4145 2943 4214 spiritus
2980 4156 3158 4201 autem
3186 4146 3444 4202 vivificat.

2251 4212 2455 4268 Laudet
2482 4224 2534 4268 te
2560 4212 2787 4281 alienus,
2814 4224 2869 4270 et
2894 4231 3000 4270 non
3031 4232 3094 4271 os
3123 4226 3294 4272 tuum.

2251 4284 2550 4353 Loquimini
2600 4288 2880 4359 veritatem
2931 4290 3299 4357 unusquisque
3347 4303 3471 4343 cum
3521 4289 3735 4359 proxim
3812 4296 3815 4359 j

2178 4370 2302 4419 suo,
2334 4371 2582 4424 quoniam
2614 4370 2799 4409 sumus
2830 4358 3058 4412 invicem
3090 4360 3353 4413 membra.

2250 4426 2459 4497 Lingua
2480 4428 2524 4479 si
2556 4428 2661 4479 non
2688 4426 3052 4497 restringitur,
3081 4443 3421 4497 nequaquam
3450 4428 3545 4485 ubi
3571 4424 3738 4486 cecidit

2176 4495 2341 4565 jacet,
2370 4496 2463 4550 sed
2494 4509 2703 4565 semper
2730 4496 2797 4565 ad
2828 4496 3092 4565 deteriora
3126 4495 3340 4551 labitur.

2106 4558 2154 4618 D
2176 4558 2193 4565 ⁷
2252 4558 2429 4631 Lupus
2456 4558 2971 4637 adveniensindicat
2993 4580 3101 4633 quo
3125 4568 3310 4621 animo
3334 4566 3560 4637 (ιιιὶιὲδοι
3584 4574 3737 4637 μοι

2249 4703 2489 4759 Lucerna
2514 4703 2759 4772 corporis
2785 4712 2870 4759 est
2892 4705 3101 4772 oculos,
3133 4704 3225 4760 lux
3254 4715 3436 4763 autem
3460 4705 3657 4762 tuentis
3674 4717 3737 4758 sa-

2175 4774 2372 4844 pientia
2399 4776 2713 4844 spiritualis.
3314 4808 3318 4811 η

2246 4847 2524 4917 Lacrymc
2556 4849 2763 4901 veniam
2795 4858 2900 4901 non
2931 4846 3224 4916 postulant,
3262 4845 3359 4904 sed
3389 4860 3686 4906 mere-tu.

2176 4648 2340 4701 super
2363 4637 2537 4704 gregis
2562 4632 2861 4704 custodiam
2889 4637 3088 4688 stabat.

2243 4918 2440 4973 Laudis
2480 4924 2727 4973 humanae
2770 4920 2978 4986 avidus,
3009 4918 3208 4972 divinae
3260 4920 3632 4977 retributionis
3672 4929 3741 4973 re-

2172 4992 2314 5058 spuit
2337 5004 2549 5044 munus.
3562 5018 3573 5021 ς

2240 5058 2417 5114 Labor
2445 5058 2719 5126 improbus
2741 5058 2917 5112 omnia
2950 5060 3138 5115 vincit.

2246 5131 2387 5184 Laeta
2434 5130 2603 5198 magis
2633 5144 2793 5197 quam
2840 5132 3013 5184 tristia
3043 5128 3309 5201 quosdam
3354 5127 3743 5189 hominum

2172 5208 2445 5269 rumpunt.

2243 5266 2418 5341 Labor
2446 5266 2695 5341 assiduus
2724 5268 2970 5327 carnales
3000 5269 3257 5341 deprimit
3284 5276 3474 5329 astu.
3594 5334 3603 5341 Α

2242 5339 2402 5413 Liber
2430 5350 2512 5393 est
2539 5339 2823 5413 dicendus,
2863 5344 2916 5396 in
2947 5339 3291 5413 quantillum
3330 5350 3523 5413 regnat
3551 5340 3747 5413 viiii.

2244 5410 2426 5479 Longo
2469 5424 2567 5464 usu
2590 5411 2930 5487 discendum
2963 5408 3069 5475 cst,
3096 5410 3228 5481 quid
3265 5408 3466 5483 cuique
3676 5416 3745 5468 vel

2172 5488 2349 5536 tacere
2375 5484 2680 5536 conveniat.

2242 5554 2473 5607 Lucrum
2502 5564 2654 5621 turpe
2684 5561 2736 5604 ut
2764 5548 3110 5622 dispendium
3137 5548 3325 5622 fugito.

2242 5624 2398 5679 Levis
2426 5620 2595 5693 atque
2616 5624 2926 5674 inconstans
2954 5620 3085 5693 nihil
3114 5620 3304 5679 avibus
3329 5620 3545 5693 «πίσω.

2240 5695 2387 5773 Licet
2432 5692 2616 5747 multis
2662 5694 2769 5743 vita
2820 5702 2906 5745 tua
2958 5692 3186 5764 placeat,
3234 5695 3329 5752 tib‘

2240 5837 2470 5893 Lucrum
2501 5832 2619 5891 sine
2647 5831 2847 5888 damno
2871 5832 3093 5893 alterius
3124 5833 3241 5892 ﬁeri
3270 5848 3383 5911 non
3414 5836 3626 5911 potest.
