3868 6256
477 365 615 418 i103

932 356 1137 412 lil-ZDzE
1180 354 1629 410 VENERABILIS
1666 353 1818 411 OPP.
1862 353 2040 410 PARS
2080 355 2119 409 1.
2162 351 2356 411 SECT.
2385 355 2447 409 ll.
2478 383 2544 395 —
2575 355 2780 413 DUBIA
2826 357 2911 412 ET
2953 356 3219 415 SPURIA.

3586 364 3705 423 ιιοι

540 476 652 529 Non
696 472 809 546 vult
838 466 973 526 Deus
1004 482 1227 525 mortem
1262 470 1579 541 peccatoris,
1608 470 1704 525 sed
1737 478 1793 525 ut
1823 485 2042 525 conver-
2070 474 2120 532 Α
2222 469 2293 522 Os
2317 469 2816 546 justimeditabitur
2830 472 3167 542 sapient-iam,
3202 482 3257 529 et
3285 472 3471 546 lingua
3504 475 3615 546 ejus
3638 480 3703 535 lo.

470 556 606 601 tatur
634 554 683 597 et
716 545 872 595 vivat.
1296 591 1301 602 ,

540 615 680 667 Nihil
708 614 758 665 in
784 623 918 666 terra
951 610 1006 665 fit
1035 611 1149 664 sine
1180 625 1362 663 causa.

508 744 509 747 η
543 683 697 738 Novit
730 684 980 736 Dominus
1003 683 1089 748 qiti
1119 691 1245 734 sunt
1274 680 1409 747 ejus.

543 755 655 807 Non
684 754 854 806 solum
886 754 958 804 rei
990 762 1114 805 sunt
1142 754 1229 821 qui
1254 751 1453 803 faciunt
1483 749 1643 814 mala,
1679 749 1770 804 sed
1792 749 1880 819 qui
1910 764 2041 803 con-

471 824 704 878 sentiunt
730 823 1061 875 facientibus.

541 893 711 947 Nemo
732 893 1094 953 citronabitur,
1122 889 1218 943 nisi
1250 890 1339 955 qui
1370 889 1604 956 legitime
1632 890 1932 942 certaverit.

544 964 659 1015 Noli
689 962 823 1014 vinci
848 977 875 1013 a
908 962 1069 1024 malo,
1095 961 1189 1013 St‘d
1223 960 1371 1012 vince
1403 962 1453 1013 in
1482 961 1618 1011 bono
1646 960 1862 1011 malum.

543 1033 718 1086 Nolite
760 1031 976 1099 diligere
1002 1031 1278 1094 mundum,
1306 1045 1477 1098 neque
1514 1045 1575 1084 ea
1605 1046 1722 1098 qua:
1766 1031 1815 1083 in
1849 1030 2045 1084 mundo

470 1114 610 1155 sunt.
1771 1131 1779 1141 ο
1940 1130 1963 1147 .

544 1172 715 1225 Nolite
741 1170 917 1225 mirari
940 1172 982 1223 si
1006 1171 1115 1223 odit
1138 1182 1231 1222 vos
1262 1168 1509 1222 mundus.

544 1240 713 1295 Nemo
744 1244 881 1315 quod
932 1256 1081 1315 suum
1112 1250 1195 1293 est
1220 1249 1443 1307 quaerat,
1501 1238 1593 1292 sed
1648 1238 1789 1309 quod
1831 1240 2047 1294 alterius

473 1312 860 1364 tantummodo.

545 1380 659 1433 Non
691 1381 971 1450 diligamus
1005 1381 1167 1435 t'etbo
1198 1394 1368 1448 neque
1416 1378 1615 1447 lingua,
1665 1379 1757 1433 sed
1787 1395 1951 1449 opeLe
1999 1389 2053 1434 et

471 1461 710 1504 veritate.

542 1520 655 1574 Non
685 1529 765 1574 est
796 1536 1141 1588 personarum
1171 1528 1418 1584 acceptor
1450 1518 1624 1588 Deus,
1655 1518 1745 1571 sed
1804 1520 1855 1573 in
1906 1520 2048 1573 omni

473 1600 632 1656 gente
676 1592 763 1658 qui
800 1587 952 1644 timet
991 1590 1184 1654 Dcuin,
1233 1600 1283 1642 et
1327 1600 1577 1657 Operatur
1608 1587 1903 1657 justitiam,
1962 1605 2051 1642 ac-

470 1670 655 1725 ceptus
688 1670 769 1714 est
798 1661 893 1713 illi.

545 1730 682 1783 Nihil
715 1730 969 1785 infelicius
1002 1728 1252 1781 fclic’tate
1286 1728 1638 1795 peccantium.

544 1800 727 1852 Nitens
755 1802 890 1853 cutis
920 1800 1187 1851 sordidum
1220 1800 1548 1851 ili-monstrat
1580 1799 1838 1853 animum.

545 1870 657 1922 Non
681 1881 761 1922 est
782 1885 965 1923 secura
999 1871 1175 1923 lriitia
1208 1868 1257 1919 in
1300 1869 1493 1920 divinis
1518 1870 1719 1936 paginis
1760 1870 1922 1922 multa
1953 1882 2043 1922 co-

474 1954 753 2008 gnoscere,
777 1940 867 1992 sed
896 1939 1100 2007 cognita
1134 1938 1423 1991 custodire.

550 2009 713 2063 Nosse
742 2024 789 2064 ei
822 2024 976 2077 posse
999 2009 1129 2061 bona
1162 2009 1302 2075 prius
1334 2007 1593 2076 incognita
1624 2008 2042 2077 atqtieimpossi-

474 2078 621 2142 ltitia,
650 2079 976 2133 demonstrat
1003 2079 1184 2145 gratius
1215 2091 1459 2145 superna:
1482 2078 1638 2132 dona.

548 2150 627 2201 Nil
652 2160 731 2202 est
754 2161 856 2203 tam
890 2150 1039 2203 facile
1061 2150 1199 2218 quod
1233 2163 1337 2201 non
1371 2150 1456 2200 tiat
1489 2147 1729 2214 difficile,
1774 2148 1818 2203 si
1852 2148 2047 2201 invitus

476 2221 654 2273 facias.

552 2290 716 2342 Neirio
746 2288 795 2341 in
820 2288 975 2341 alium
1005 2286 1304 2356 priusquam
1336 2288 1386 2339 in
1419 2302 1475 2339 se
1499 2289 1667 2355 ipsum
1702 2297 1901 2355 peccat.

547 2357 819 2423 Nunquam
856 2357 989 2410 Deus
1021 2370 1249 2411 mentem
1292 2358 1511 2422 deserit,
1542 2373 1657 2425 qua:
1700 2369 1913 2427 peccata
1952 2374 2043 2411 sua

474 2429 731 2481 veraciter
761 2430 1015 2495 agnoscit.

548 2497 725 2551 Nescit
752 2512 883 2564 pene
913 2499 1036 2564 quid
1070 2497 1219 2551 labor
1243 2497 1329 2557 sit,
1365 2498 1452 2565 qui
1486 2510 1750 2564 nunquam
1783 2496 1920 2551 circa
1941 2499 2040 2565 Spi-

475 2568 691 2621 riluales
719 2568 976 2635 nequitias
1006 2580 1210 2619 certare
1236 2567 1454 2620 studuit.
1730 2622 1737 2627 ,

548 2636 872 2705 Negligcntta
904 2644 956 2690 et
980 2636 1221 2690 otiositas
1251 2638 1520 2690 hominem
1566 2636 1781 2689 trahunt
1820 2635 1884 2690 ad
1917 2636 2047 2692 inte-

474 2707 656 2761 ritum.

550 2775 659 2829 Nisi
688 2775 806 2841 quis
826 2775 877 2828 iit
915 2775 1013 2829 fide
1036 2786 1086 2829 et
1107 2790 1199 2844 spe
1225 2776 1471 2829 fundatus
1495 2775 1754 2841 fuerit,ad
1776 2776 2049 2830 cliaritatis

475 2860 617 2900 verte
649 2846 844 2899 cultum
875 2862 975 2898 non
1008 2846 1263 2899 ascendit.

550 2915 685 2969 Nulli
713 2916 793 2970 vol
825 2919 964 2968 male
984 2917 1062 2968 vel
1089 2919 1222 2969 bene
1250 2914 1506 2982 contingit
1536 2925 1752 2982 propter
1768 2929 1825 2969 se
1851 2916 2046 2982 solum,

482 2984 575 3039 sed
594 2994 649 3038 ut
669 2986 823 3039 simul
847 2986 932 3039 alii
949 2989 1282 3055 corrigantur
1306 2996 1393 3038 aut
1415 2987 1758 3038 consolemur
1774 2985 2044 3047 perillum.

552 3055 794 3124 Nequitia
823 3056 1019 3108 diaboli
1048 3054 1219 3123 qualis
1252 3060 1302 3109 in
1329 3055 1428 3107 Job
1480 3056 1639 3106 fuisse
1691 3054 1899 3122 legitur,
1932 3057 2049 3107 talis

482 3126 535 3179 in
559 3140 743 3179 omnes
762 3126 999 3177 homines
1021 3128 1142 3189 erit,
1171 3127 1213 3178 si
1241 3134 1439 3177 tantum
1467 3125 1817 3189 peitiiittatur.

551 3195 717 3249 Nemo
764 3196 813 3247 in
866 3195 1095 3248 Ecclesia
1124 3197 1351 3264 amplius
1385 3205 1559 3258 nocet,
1599 3210 1753 3261 quam
1790 3193 1879 3263 qui
1932 3209 2049 3262 per-

481 3281 633 3319 verse
663 3280 821 3332 agens
852 3281 1081 3332 regimen
1108 3274 1269 3318 tenet.

554 3334 666 3389 Non
692 3336 971 3386 multitudo
1003 3345 1358 3398 peccatorum,
1389 3333 1480 3387 sed
1512 3334 1753 3401 impietas
1783 3332 2051 3387 hominem

480 3406 623 3460 ducit
651 3407 713 3455 ad
745 3405 1189 3471 destierationem.

552 3474 665 3528 Non
694 3486 772 3526 est
797 3475 846 3526 in
874 3474 1099 3526 hominis
1133 3483 1390 3541 potestate
1415 3473 1515 3526 vita
1549 3474 1707 3527 illius.

552 3544 635 3597 Nil
660 3545 904 3611 cuiquam
936 3545 1158 3608 proderit
1190 3548 1434 3595 mstimari
1455 3555 1688 3610 sanctus,
1707 3559 1824 3597 cum
1843 3557 1943 3596 non
1962 3544 2048 3597 sit.

555 3615 632 3665 Nil
661 3625 805 3679 petas
837 3614 974 3681 quod
1006 3622 1289 3681 negaturus
1316 3627 1392 3665 es.

556 3684 718 3735 Nimis
748 3684 973 3735 dolenda
1008 3686 1366 3747 praesumptio,
1414 3682 1550 3747 quod
1598 3696 1658 3736 ea
1706 3682 1840 3735 mala
1882 3682 2052 3737 facere

486 3762 814 3824 prmsuintntt
846 3753 1152 3824 Christiani,
1187 3768 1303 3824 quin
1325 3760 1669 3804 exsecrantur
1701 3753 1908 3820 pagani.

554 3824 685 3875 Nam
730 3822 1009 3875 Christiani
1046 3823 1135 3874 υνὶ
1176 3822 1255 3873 sui
1286 3832 1692 3889 sanctorumque
1719 3838 1932 3874 suorum
1962 3824 2053 3878 de-

480 3903 693 3945 struunt
735 3893 1092 3956 monasterii,
1141 3893 1323 3959 pagani
1370 3904 1546 3944 autem
1592 3906 1687 3943 sua
1734 3904 2053 3946 venerantur

481 3964 640 4017 idola.

556 4032 665 4084 "inn
692 4032 835 4083 vivas
866 4031 1019 4084 aliter
1051 4031 1099 4083 in
1132 4029 1439 4096 solitudine,
1471 4031 1624 4083 aliter
1654 4032 1707 4085 in
1733 4031 1862 4085 foro.

556 4101 635 4154 Nil
664 4104 799 4155 scire
831 4104 911 4154 vel
940 4116 1147 4162 curare,
1185 4102 1283 4154 huc
1314 4109 1392 4152 est
1427 4112 1692 4153 mortuum
1724 4101 1916 4153 vivere.

551 4172 718 4238 Negat
737 4172 835 4223 sibi
867 4171 997 4239 ipse,
1032 4172 1153 4238 quid
1178 4170 1315 4238 quod
1339 4170 1553 4223 difficile
1579 4180 1659 4222 est
1688 4169 1835 4237 petit.

556 4242 695 4293 Nulli
717 4244 957 4307 imponas
985 4241 1125 4307 quod
1156 4240 1268 4305 ipse
1300 4242 1404 4306 pati
1439 4256 1540 4292 non
1569 4246 1759 4307 possis.

556 4311 718 4364 Nemo
736 4311 1080 4377 periculosius
1094 4319 1275 4377 peccat
1291 4324 1447 4376 quam
1462 4324 1547 4377 qui
1565 4319 1778 4376 peccata
1790 4308 2049 4364 defendit.

558 4384 724 4434 Nemo
758 4381 947 4432 nobilis
969 4381 1068 4432 nisi
1091 4395 1247 4446 quem
1280 4380 1519 4431 nobilitat
1552 4380 1735 4432 viitus.

559 4450 668 4503 Nisi
700 4450 816 4516 quis
840 4451 1079 4500 timorem
1126 4462 1467 4513 amoremque
1496 4447 1585 4501 Dei
1616 4456 1739 4502 ante
1767 4463 1825 4503 se
1856 4448 2054 4518 jugiter

488 4525 670 4588 ponat,
692 4528 802 4570 ε.ιο
827 4519 878 4570 in
906 4517 1117 4588 aliquod
1150 4526 1421 4583 peceatum
1450 4517 1657 4569 labitur.

556 4589 723 4642 Nemo
740 4602 796 4642 se
817 4586 946 4642 satis
977 4588 1150 4640 metiri
1180 4587 1448 4654 praevalet,
1493 4589 1591 4639 nisi
1623 4587 1845 4641 alterum
1875 4589 2049 4643 consi-

484 4661 652 4713 deret.

560 4727 639 4779 Nil
688 4742 930 4794 magnum
975 4735 1057 4780 est
1104 4724 1156 4778 in
1197 4726 1351 4779 rebus
1402 4724 1645 4779 humanis
1695 4723 1794 4780 nisi
1844 4727 2052 4781 animus

484 4811 673 4865 magna
699 4797 1011 4864 despiciens.
1132 4850 1135 4851 ν

560 4870 673 4918 Non
702 4868 860 4919 homo
889 4880 991 4917 non
1022 4879 1206 4917 aurum
1242 4872 1491 4930 poterunt
1532 4866 1656 4917 dare
1679 4879 1899 4933 quasque
1931 4867 2053 4921 bea-

492 4949 623 4996 tum.
650 4936 742 4988 sed
776 4936 968 4987 virtute
1001 4934 1089 4988 Dei
1120 4934 1361 4987 consistit
1388 4935 1488 4988 vita
1523 4936 1679 4988 beati.

472 5070 475 5073 ν
561 5006 643 5059 Nil
672 5014 889 5071 peccant
914 5006 1072 5069 oculi,
1100 5009 1141 5056 si
1174 5018 1323 5056 mens
1357 5006 1476 5057 velit
1503 5004 1582 5057 his
1614 5003 1895 5059 dominari.

557 5075 673 5128 Non
705 5076 891 5141 poterit
919 5073 1020 5125 dici
1049 5088 1205 5141 quam
1236 5074 1395 5126 multa
1427 5074 1497 5126 sit
1521 5088 1606 5126 ars
1637 5073 1856 5129 inimici.

561 5143 643 5197 Nil
668 5145 853 5197 credas
882 5152 1076 5213 actum,
1101 5158 1218 5195 cuni
1263 5144 1546 5212 quidquam
1568 5154 1741 5213 restat
1770 5147 2051 5213 agendum.

560 5213 641 5266 Nil
672 5214 883 5279 prodest
902 5212 1151 5265 didicisse
1178 5212 1399 5277 bonum,
1428 5214 1525 5266 nisi
1556 5212 1744 5268 feceris
1766 5212 1911 5268 illud.

560 5282 639 5336 Ne
662 5280 869 5336 tardare
896 5283 1045 5351 vctis,
1084 5285 1126 5333 si
1154 5296 1310 5349 quem
1331 5293 1646 5338 convertere
1676 5288 1863 5351 possis.

565 5352 680 5405 Non
721 5358 803 5407 est
830 5351 988 5404 multa
1018 5351 1192 5403 sciens
1234 5351 1542 5414 laudandus,
1572 5354 1662 5405 sed
1692 5356 1826 5409 bene
1847 5354 2055 5408 vivens.

564 5422 722 5476 Nisus
748 5422 928 5475 stult0t
946 5434 1027 5471 'im
1059 5433 1151 5487 par
1172 5435 1381 5488 semper
1405 5431 1545 5474 amat
1574 5425 1861 5480 sociorum.

1265 5550 1309 5603 0

566 5680 716 5735 Oculi
749 5683 955 5737 Domini
985 5696 1147 5751 super
1174 5682 1365 5751 justos,
1394 5692 1631 5741 etaures
1661 5685 1776 5757 ejus
1802 5688 1853 5743 in
1880 5700 2065 5758 preces

494 5764 697 5806 comiti.

2150 548 2341 608 quetur
2365 540 2640 606 judicium.

2218 611 2533 686 Ottservabh
2563 620 2805 680 peccator
2825 612 3048 681 justum,
3070 624 3123 669 et
3151 615 3400 670 stridebit
3424 632 3589 686 super
3605 634 3705 674 eum

2148 677 2395 732 dentibus
2422 680 2553 732 suis.

2151 816 2163 827 θ
2219 750 2765 827 Omnia‘quaacunque
2792 752 3245 827 VOIUilADOHIiﬂllS
3278 755 3399 809 fecit
3428 758 3483 811 in
3514 759 3647 813 calo
3665 772 3706 814 et

2149 820 2201 869 iu
2226 828 2391 892 terra,
2420 820 2468 872 iii
2494 821 2625 872 mati
2656 830 2711 892 et
2738 822 2788 873 in
2806 824 3057 892 omnibus
3078 827 3307 892 abyssis.

2217 886 2387 940 Omne
2412 904 2629 956 regnum
2660 890 2710 942 in
2742 891 2919 956 seipse
2949 886 3172 946 divisum
3203 895 3566 949 deso'abitur.

2217 956 2409 1032 Omnis
2433 960 2682 1023 plantalio
2697 976 2850 1029 quam
2871 978 2974 1015 non
3002 963 3256 1030 plautabit
3280 965 3438 1019 Pater
3462 968 3702 1032 caelestis,

2148 1027 2522 1081 cradicabitur.
2716 1027 2727 1029 ἡ
3004 1027 3015 1030 '
3381 1087 3386 1091 .

2219 1096 2405 1171 Omnis
2436 1100 2529 1171 qui
2555 1097 2679 1151 facit
2706 1110 3001 1168 peccatum.
3028 1117 3215 1157 servus
3244 1114 3327 1157 est
3360 1114 3588 1171 peccati.

2220 1166 2403 1242 Omnis
2447 1166 2949 1242 quipetit'accipil,
2979 1180 3033 1225 et
3074 1176 3163 1241 qui
3196 1166 3386 1242 quaerit
3415 1175 3634 1241 invenit,
3662 1185 3707 1229 et

2153 1237 2379 1305 pulsanti
2411 1238 2697 1304 aperietur.

2220 1306 2405 1383 Omnis
2427 1308 2515 1383 qui
2547 1323 2605 1361 se
2637 1309 2833 1362 exaltat
2862 1309 3243 1375 humiliabitur,
3268 1321 3322 1366 et
3352 1313 3440 1383 qui
3476 1330 3535 1369 se
3557 1314 3709 1369 humi-

2153 1376 2244 1428 liat
2274 1378 2611 1430 exaltabitur.

2228 1446 2605 1519 OtllﬂiSAalfllOl'
2627 1462 2741 1514 quae
2771 1464 2872 1500 non
2914 1449 3038 1505 facit
3064 1449 3298 1506 fructum
3330 1452 3552 1519 bonum,
3578 1455 3708 1510 exci~

2153 1515 2307 1567 detur
2336 1524 2386 1567 et
2420 1516 2469 1568 in
2494 1518 2664 1584 ignem
2690 1518 2946 1572 mittetur.

2223 1584 2377 1661 Omni
2407 1586 2621 1661 habenti
2663 1588 2891 1661 dabitur,
2927 1590 2992 1643 ab
3020 1606 3084 1645 eo
3108 1601 3285 1647 autem
3314 1595 3401 1661 qui
3432 1608 3540 1649 non
3574 1595 3710 1648 habet

2153 1665 2205 1707 et
2234 1656 2371 1721 quod
2405 1659 2561 1709 habet
2584 1658 2856 1711 auferetur
2878 1662 2945 1712 ab
2966 1678 3052 1715 eu.

2223 1725 2392 1797 Omne
2423 1738 2694 1791 peccatum
2727 1741 2779 1780 et
2809 1730 3131 1797 bla~pliemia
3171 1733 3471 1787 remittetur
3504 1734 3711 1787 homini-

2082 1816 2123 1873 Β
2155 1794 2273 1873 buls‘,
2298 1795 2521 1873 spiritus
2555 1809 2728 1849 autem
2764 1794 3087 1873 blasphemia
3121 1818 3222 1856 noii
3254 1806 3577 1857 remittetur.

2220 1864 2323 1917 Ora
2354 1880 2382 1916 ε
2406 1882 2469 1917 tte
2504 1865 2618 1932 fuga
2650 1876 2823 1920 vestra
2851 1864 2938 1922 fiat
2970 1869 3142 1924 hieme
3174 1874 3255 1925 vel
3279 1874 3536 1926 Sabbato.

2219 1934 2407 1985 Omnia
2441 1937 2709 1999 possibilia
2743 1950 2865 1991 sunt
2898 1941 3153 1994 credenti.

2153 2082 2168 2125 ι
2220 2004 2644 2125 Οιιὸιιιιεὶιιροιηε
2672 2008 2895 2062 benedic
2928 2009 3112 2076 Deum,
3142 2020 3195 2065 et
3225 2022 3348 2081 pete
3367 2012 3431 2065 ab
3450 2027 3519 2067 eo
3542 2022 3594 2065 ut
3613 2012 3708 2066 vias

2176 2088 2267 2125 u;is
2336 2089 2459 2125 limi]
2493 2112 2503 2124 .

2212 2088 2267 2125 ilS
2295 2088 2503 2125 ιιιιιετιι.

2176 2089 2267 2126 dus
2295 2089 2392 2125 Ultl
2434 2089 2503 2125 τιι.

2219 2142 2374 2263 Oilldfli
2398 2089 2642 2209 1inst/odia
2683 2159 2835 2199 serva
2877 2163 2970 2203 cor
3013 2160 3179 2215 tuum,
3225 2152 3346 2219 quia
3389 2168 3449 2207 ex
3484 2153 3601 2222 ipso
3620 2156 3709 2207 vita

2176 2227 2304 2263 ITOCB
2348 2223 2403 2263 ιι.

2171 2227 2403 2265 trecentt.

2171 2223 2403 2265 tl‘OCCdIl.

2151 2228 2164 2281 I
2219 2286 2377 2358 Omni
2398 2284 2610 2352 negotio
2641 2292 2850 2353 tempus
2873 2297 2971 2353 est,
3004 2298 3057 2342 et
3083 2292 3472 2358 Opportunitas.

2150 2430 2167 2474 ι
2206 2353 2415 2474 bOmnia
2443 2357 2523 2406 tae
2554 2369 2671 2407 cum
2695 2358 2940 2423 consilio,
2982 2367 3035 2413 et
3056 2353 3176 2429 post
3203 2360 3398 2415 factum
3423 2380 3529 2417 non
3560 2363 3711 2434 pani-

2170 2437 2199 2476 e
2244 2437 2307 2474 is.

2219 2492 2403 2545 Omnis
2423 2493 2682 2561 sapientia
2709 2510 2739 2549 a
2770 2496 2995 2552 Domino
3028 2499 3137 2554 Deo
3164 2508 3268 2566 est,
3289 2510 3340 2555 ct
3370 2517 3490 2557 cum
3522 2504 3612 2557 illo
3630 2504 3711 2557 fuit

2147 2574 2375 2625 semper.

2181 2633 2412 2753 l‘Odtium
2460 2632 2685 2687 suscitat
2725 2635 2897 2700 rixas,
2939 2646 2993 2693 et
3032 2639 3281 2693 universa
3322 2640 3515 2696 delicta
3558 2645 3712 2713 operit

2200 2716 2291 2753 tari
2321 2717 2395 2753 as.

2148 2716 2395 2755 Cllal‘tlas.

2221 2771 2406 2848 Omnia
2434 2780 2686 2848 operatur
2715 2790 2848 2829 unus
2878 2786 3033 2846 atque
3060 2778 3198 2830 idem
3223 2781 3461 2848 spiritus,
3488 2784 3709 2837 dividens

2150 2840 2371 2907 singulis
2397 2853 2548 2909 prout
2578 2846 2709 2897 vult.

2222 2913 2389 2985 Otiiite
2414 2914 2764 2985 quodcunque
2809 2916 2975 2969 facitis
3021 2918 3071 2969 in
3114 2919 3276 2971 verbo
3306 2932 3397 2972 aut
3443 2923 3493 2973 iii
3544 2937 3707 2985 opere.

2151 2981 2327 3059 omnia
2358 2983 2409 3057 in
2442 2982 2655 3059 nomine
2686 2987 2886 3037 Domini
2918 2987 3043 3040 Jesu
3068 3027 3080 3050 ,
3126 2994 3325 3057 gratias
3368 2981 3589 3059 agentes
3613 2993 3707 3045 Deo

2152 3056 2205 3102 et
2238 3049 2375 3101 I’atri
2410 3053 2722 3117 peripsum.

2078 3154 2122 3216 Ο
2225 3118 2420 3198 Omnes
2452 3123 2725 3200 unanimes
2758 3125 2805 3176 in
2828 3126 3068 3179 oratione
3098 3138 3290 3193 estote,
3319 3134 3709 3198 conipatientcs.

2156 3188 2497 3239 fraternitatis
2538 3206 2834 3239 amatores-
2882 3198 3250 3239 ttiisnt'imtnh-e
3335 3203 3556 3239 rnndneli
3629 3203 3709 3239 Im.

2177 3203 2199 3238 Γ

2204 3191 2497 3307 alternitatis
2538 3206 2837 3260 amatores,
2882 3191 3287 3267 misericordes,
3335 3191 3591 3265 modesti,
3629 3203 3711 3252 liu-

2212 3272 2323 3307 tes.

2154 3272 2323 3309 mites.

2183 3396 2193 3405 ε
2223 3328 2391 3405 Omne
2420 3332 2675 3405 gaudium
2704 3332 3000 3390 existimate
3047 3353 3168 3390 cum
3206 3340 3257 3393 in
3293 3342 3611 3396 tentationes
3634 3355 3709 3393 ra-

2154 3400 2259 3449 rias
2292 3400 2603 3456 incidentis.
2982 3432 2989 3435 -

2224 3467 2407 3538 Omnis
2440 3473 2523 3536 qui
2556 3472 2663 3523 odit
2688 3471 2899 3526 fratrem
2930 3488 3104 3538 suum,
3137 3478 3404 3533 homicida
3427 3497 3523 3535 esu

2223 3536 2451 3614 Obedire
2475 3551 2680 3607 oportet
2711 3543 2817 3614 Deo
2848 3546 3010 3611 magis
3033 3536 3189 3614 quam
3224 3551 3545 3604 hominibus.

2222 3606 2389 3659 Omne
2416 3606 2594 3663 datum
2617 3612 2899 3688 optimum,
2935 3606 3177 3688 'ct_o'tnne
3205 3618 3405 3673 donum
3437 3624 3710 3688 perfectum

2153 3676 2429 3729 desursum
2461 3690 2565 3742 est,
2597 3676 2924 3735 descendetis
2950 3699 2979 3735 a
3005 3684 3157 3738 Patre
3190 3676 3469 3741 luminum.

2232 3750 2427 3800 Oculus
2454 3764 2559 3801 non
2592 3750 2739 3811 vidit,
2774 3767 2825 3805 et
2856 3768 2998 3806 auris
3026 3769 3127 3807 non
3157 3758 3379 3821 audivit,
3427 3776 3524 3813 nec
3555 3761 3605 3813 in
3631 3775 3711 3813 cur

2159 3814 2386 3937 Bagisin
2460 3822 2698 3874 ascendit
2750 3836 2865 3891 quae
2942 3827 3259 3891 preparavit
3308 3814 3448 3883 Deus
3498 3832 3709 3901 diligen-

2157 3895 2294 3939 ιιυιιδ
2322 3901 2398 3940 88.

2225 3955 2633 4034 O_miiia_munda
2660 3960 2890 4034 mundis,
2936 3962 3293 4032 coinquinatis
3321 3978 3495 4025 autem
3514 3979 3569 4024 et
3604 3968 3709 4023 inﬁ-

2154 4023 2360 4077 delibus
2391 4027 2515 4079 nihil
2535 4042 2610 4081 εει
2634 4023 2911 4084 mundum.

2224 4093 2421 4171 Omnia
2434 4098 2627 4171 licent,
2644 4104 2734 4152 sed
2767 4116 2868 4153 non
2894 4102 3068 4155 omnia
3092 4106 3405 4171 expediunt.

2224 4164 2408 4242 Omnis
2432 4167 2721 4242 infidelium
2751 4171 2853 4223 vita
2886 4164 3282 4239 peccatum'est.

2226 4232 2702 4290 Otiositasinimica
2722 4251 2802 4292 est
2831 4232 3041 4294 animus.

2228 4300 2415 4380 Omnis
2441 4305 2554 4358 dies
2585 4308 2729 4380 velut
2751 4310 2967 4362 ultimus
2997 4314 3304 4368 tractandus
3323 4327 3425 4371 est.
3481 4345 3499 4354 -

2227 4372 2465 4457 Otiosum
2524 4379 2769 4457 verb-um.
2789 4388 2891 4439 est.
2917 4380 3060 4447 quod
3084 4396 3177 4457 aut
3220 4387 3423 4457 ratione
3443 4388 3605 4457 just:
3632 4408 3713 4448 ae-

2156 4446 2447 4516 cessitatis,
2468 4452 2559 4497 aut
2587 4446 2874 4501 intentione
2898 4446 2997 4516 pias
3024 4452 3265 4507 utilitatis
3289 4446 3458 4513 caret:

2224 4512 2544 4592 Obsequium
2574 4519 2794 4592 amicos,
2824 4512 3016 4571 veritas
3042 4522 3219 4575 odium
3246 4528 3404 4592 parit.

2226 4580 2545 4659 Occasiones
2571 4584 2760 4659 deesse
2781 4580 2892 4640 non
2923 4600 3145 4654 possunt
3167 4580 3442 4659 perituris.

2209 4650 2450 4737 EOanino
2476 4662 2639 4737 errat,
2675 4656 2762 4723 qui
2795 4671 2887 4723 per
2917 4650 3099 4726 pacem
3133 4650 3188 4714 εἰ
3215 4666 3379 4718 otium
3422 4682 3483 4721 se
3514 4668 3714 4737 assumi

2154 4721 2477 4787 triumphum
2503 4734 2666 4789 putat.

2223 4790 2602 4877 Oinnisdivina
2650 4795 2920 4861 percussio
2939 4803 3031 4849 aut
3056 4800 3301 4877 purgatio
3330 4812 3412 4857 est
3435 4805 3562 4860 vitae
3590 4821 3717 4877 μηδ

2157 4868 2457 4934 sentis,_aut
2487 4868 2692 4915 initium
2718 4879 2886 4930 pinna:
2910 4869 3203 4934 sequentis.

2228 4929 2475 5001 Oratione
2500 4929 2746 4986 continua
2769 4929 3088 5001 superantur
3117 4940 3266 4993 vitia.

2156 4997 2398 5120 “apere
2423 5001 2608 5056 melius
2631 5019 2785 5072 quam
2820 4997 2989 5058 verbis
3022 5007 3160 5111 Deus
3182 5009 3425 5068 laudatur
3448 5022 3504 5077 es
3535 5017 3720 5086 prati—-

2229 5137 2384 5220 Oculi
2397 5141 2701 5220 petulantes
2730 5141 2909 5196 cordis
2938 5130 3195 5220 lua'uriosi
3220 5159 3373 5220 sunt
3398 5155 3720 5220 proditum.

2228 5201 2459 5289 Occultre
2485 5221 2539 5262 et
2572 5212 2764 5279 iugiter
2789 5201 3725 5289 perpet‘i’atte_culpa:_m::res—s"t;r‘,’a

2160 5288 2311 5358 reges
2334 5286 2675 5358 pastoresque
2699 5282 3373 5358 perversiﬁonstituantnr.

2449 5348 2569 5403 tldei
2600 5345 2959 5448 argumenta
2988 5354 3272 5421 βτίειιτίιὶς
3296 5357 3461 5415 rebus
3502 5372 3633 5417 auat
3652 5376 3725 5417 as-

2160 5415 2437 5469 sumenda.

2234 5451 2569 5562 quod
2600 5498 2679 5541 est
2707 5451 2927 5562 justutd,
2953 5470 3146 5562 merito
3175 5493 3281 5551 dici
3303 5498 3446 5553 valet
3472 5514 3671 5561 mal.

2236 5554 2499 5625 Orandutn
2528 5554 2762 5625 semper,
2792 5554 3190 5625 nq’seducamur
3212 5567 3282 5616 ab
3307 5565 3483 5623 hoste.

2236 5622 2391 5697 Omni
2422 5622 2928 5697 praelatofsuhjeqlus
2946 5628 3023 5683 ais
3047 5630 3200 5697 quasi
3227 5622 3463 5694 Christo.

2236 5690 2283 5767 ρ
2308 5690 2519 5767 quantis
2543 5696 2687 5749 curis
2707 5690 2857 5761 m'err's
2884 5690 3082 5767 indiget
3105 5703 3357 5760 omnibus

2240 5759 2311 5815 0s
2330 5759 2476 5831 quod
2506 5767 2772 5832 mentitur,
2796 5759 3024 5827 animati
3040 5768 3288 5841 jugulare
3299 5759 3575 5835 refertur.
