3868 6256
1478 262 1535 279 ’ὴ

181 398 318 457 1105

263 647 432 717 Prope
456 658 538 704 est
586 650 838 703 Dominus
863 650 1108 703 omnibus
1137 648 1502 702 invocantibus
1535 662 1656 701 eum
1708 647 1758 699 iu

191 721 438 773 veritate.

224 856 236 867 δ
271 786 506 843 Pretiosa
573 790 626 844 in
674 778 961 858 conSpéctu
1006 788 1215 843 Domini
1270 802 1411 843 mors
1456 796 1760 841 sanctorum

187 870 326 923 ejus.

270 927 497 983 Proliilie
524 929 756 997 linguam
788 938 928 982 tuam
958 943 987 982 a
1033 929 1192 991 malo,
1222 936 1276 981 et
1304 925 1438 980 labia
1472 936 1556 980 tua
1588 940 1656 979 tte
1686 926 1764 979 l0-

190 1009 422 1065 quantur
450 999 652 1055 dolum.

269 1068 525 1122 Patientia
559 1083 846 1131 pauperum
875 1082 977 1120 non
1008 1068 1192 1135 peribit
1222 1066 1272 1120 in
1304 1067 1481 1120 ﬁnem.

270 1137 461 1207 Petite,
512 1147 566 1192 et
613 1140 825 1191 dabitur
848 1139 1030 1202 vobis;
1073 1138 1311 1207 quwrite,
1346 1147 1400 1191 et
1446 1135 1764 1199 invenietis;

194 1206 419 1271 pulsate,
450 1218 500 1261 et
531 1210 799 1275 aperietur
825 1208 996 1261 vobis.

271 1277 541 1331 Perfectus
567 1274 738 1330 omnis
765 1279 884 1341 erit,
917 1278 959 1329 si
990 1280 1059 1330 sit
1084 1277 1220 1343 sicut
1248 1276 1497 1343 magister
1522 1274 1659 1343 ejus.

246 1347 467 1469 [Poéetts
525 1356 608 1402 est
666 1347 803 1402 Deus
862 1336 928 1401 de
990 1336 1247 1415 lapidibus
1310 1336 1567 1400 suscitare
1630 1343 1770 1398 filios

265 1432 337 1469 »τε
383 1431 446 1469 (Ρ.

194 1419 446 1471 Altrabre.

232 1556 245 1568 .
274 1488 495 1540 Pet-cute
541 1487 703 1541 lilium
756 1495 902 1540 tuum
951 1488 1114 1557 virga,
1164 1496 1217 1541 et
1265 1485 1512 1540 liberabis
1544 1483 1768 1537 animam

193 1571 316 1624 ejus
339 1571 369 1607 a
400 1568 587 1610 morte.

275 1625 397 1679 Plus
446 1627 657 1694 proﬁcit
704 1628 969 1695 correptio
1017 1629 1153 1693 apud
1212 1625 1561 1695 prudentem,
1614 1638 1770 1693 quam

193 1706 412 1752 centum
446 1697 609 1763 plaga:
637 1698 772 1763 apud
802 1700 1041 1752 stultum.

275 1764 514 1819 Perversi
549 1767 763 1825 difﬁcile
790 1775 1147 1833 corr'gtmtur.

279 1835 528 1915 Princeps
556 1839 643 1915 qui
675 1838 897 1915 libenter
917 1837 1062 1889 audit
1086 1838 1243 1889 verba
1271 1834 1555 1899 mendacii,
1587 1850 1771 1889 omnes
1807 1860 1848 1915 η

200 1904 479 1959 ministros
511 1906 669 1960 habet
698 1908 905 1973 impios.

278 1974 380 2027 Per
409 1991 525 2043 qum
556 1978 672 2043 quis
704 1986 905 2041 peccat,
940 1991 1031 2043 per
1061 1977 1173 2030 harc
1201 1985 1253 2031 et
1284 1984 1578 2039 torquetur.

278 2045 489 2097 Pcndus
517 2054 570 2098 et
600 2049 823 2109 pondus,
856 2061 1097 2099 mensora
1145 2055 1199 2101 et
1247 2059 1523 2109 mensura,
1575 2055 1775 2097 utrum-

199 2128 309 2182 one
336 2114 689 2170 abominabile
718 2128 793 2170 ρει
824 2126 947 2169 ante
979 2116 1164 2169 Deum.

278 2182 503 2238 Probata
534 2185 698 2238 virtus
726 2186 944 2252 corripit
976 2188 1308 2252 insipientes.

282 2252 515 2334 Propter.
535 2265 753 2324 peccafa
787 2254 962 2325 populi
991 2272 1209 2324 regnare
1242 2256 1367 2309 facit
1400 2255 1650 2309 Dominus
1683 2254 1778 2324 liy-

200 2337 482 2393 prcrttant.

283 2391 535 2447 Peccator
584 2395 667 2448 vel
719 2409 847 2465 puer
896 2405 1107 2450 centum
1156 2412 1412 2449 annorum
1465 2394 1774 2448 malcilictus

196 2464 326 2517 erit.

285 2532 545 2604 Pugnabit
572 2535 715 2590 orbis
744 2543 1003 2590 terrarum
1034 2544 1215 2589 contra
1247 2538 1564 2590 illseIIS"lOS.

283 2605 406 2657 Po~t
436 2607 895 2672 concupiscentias
927 2616 1039 2660 tuas
1067 2622 1169 2660 non
1197 2622 1309 2661 eas.

280 2672 508 2743 [’robate
536 2677 771 2743 spiritus,
804 2677 846 2729 si
878 2691 940 2730 ex
973 2677 1079 2729 Deo
1108 2680 1231 2729 sint.

279 2740 581 2797 Prudentia
596 2747 773 2799 carnis
801 2761 944 2800 mors
974 2754 1077 2809 cst,
1105 2746 1382 2814 prudentia
1410 2754 1585 2798 autem
1613 2741 1779 2811 spiri-

199 2821 290 2865 tus
320 2814 421 2865 vita
450 2823 497 2866 et
534 2829 656 2880 pax.

276 2882 482 2955 l’etitis,
512 2894 567 2937 et
592 2900 697 2955 non
724 2884 981 2953 accipitis,
1010 2900 1074 2939 eo
1101 2885 1240 2955 quod
1274 2886 1408 2940 male
1436 2885 1643 2953 petatis.

277 2954 555 3022 Plenitudo
587 2954 716 3022 legis
745 2964 825 3007 est
853 2956 1088 3010 dilecuo.

279 3021 381 3074 Per
399 3025 605 3095 [nullas
639 3021 1000 3080 tribulationes
1021 3033 1225 3095 oportet
1260 3041 1355 3078 nos
1379 3024 1578 3078 intrare
1608 3024 1657 3077 iu
1690 3037 1775 3075 rc-

195 3106 368 3160 gttum
398 3092 507 3146 Dei.
1061 3092 1072 3095 ⁷
1166 3145 1174 3151 .

281 3161 567 3218 Peecantes
612 3177 792 3217 coram
844 3164 1088 3219 omnibus
1133 3176 1442 3234 arguantur,
1494 3175 1549 3217 ut
1598 3164 1774 3217 cmteri

200 3244 406 3285 metum
440 3235 689 3287 habeant.

278 3302 440 3355 l’ositi
486 3305 537 3356 in
582 3304 788 3357 deliciis
833 3304 1108 3360 attendere
1154 3314 1421 3373 nequeunt
1466 3312 1660 3372 quanta
1711 3304 1779 3356 sit

199 3383 363 3439 penna
395 3375 661 3440 perennis.

280 3442 386 3493 l‘as
418 3456 540 3496 vera
570 3452 653 3497 est
676 3443 920 3509 dicenda,
953 3458 1070 3499 cum
1100 3444 1314 3514 spiritus
1345 3449 1399 3497 et
1434 3455 1557 3495 caro
1584 3456 1779 3496 conve-

199 3511 363 3566 niunt
390 3516 533 3565 omni
566 3514 739 3566 modo.

277 3580 540 3636 Paciﬁcas
570 3584 726 3637 bomo
758 3584 892 3637 ﬁlius
928 3584 1015 3637 Dei
1048 3594 1280 3637 meretur
1312 3582 1508 3635 vocari.

278 3649 535 3705 Parentes
567 3652 617 3705 in
649 3662 849 3706 tantum
897 3654 1149 3721 diligendi
1195 3662 1319 3705 sunt
1366 3664 1418 3706 et
1461 3650 1775 3715 honorandi,
1817 3647 1825 3657 ’

198 3725 463 3790 quantum
494 3721 565 3774 illi
593 3722 817 3791 subjecu
844 3734 966 3776 sunt
996 3737 1201 3776 snmmo
1233 3724 1394 3778 l’atri.

278 3804 521 3873 Praelatis
558 3825 621 3865 ac
673 3813 969 3867 senioribus
1034 3814 1124 3866 tuis
1179 3814 1488 3868 inobediens
1548 3821 1780 3866 meretur

200 3880 374 4002 nuta:
406 3879 519 3947 ipse
547 3882 792 3950 prmlatus
838 3882 995 3937 fuerit
1042 3884 1321 3953 aliquibus,
1354 3885 1421 3936 ab
1467 3885 1544 3936 eis
1591 3882 1776 3934 eadem

200 3961 349 4003 naua
381 3965 461 4003 ur.

199 3961 461 4019 patiatur.

280 4040 467 4112 Pastor
493 4042 715 4107 quilibet
743 4043 895 4112 fugit,
923 4059 1041 4097 cum
1096 4042 1348 4109 subjectis
1377 4041 1626 4095 solatium
1657 4041 1779 4095 sob-

200 4110 393 4178 traltit,
423 4120 513 4162 aut
541 4110 849 4178 injustitiafu
881 4113 1059 4165 videns
1088 4128 1190 4163 non
1224 4112 1557 4164 contradicit.

280 4177 387 4249 Par
411 4177 730 4249 supplicium
762 4181 1033 4243 subibunt,
1063 4184 1148 4249 qui
1182 4184 1377 4248 pariter
1406 4192 1778 4249 peccaverunt.

278 4246 597 4303 Pinnitentia
629 4266 753 4305 vera
783 4259 865 4304 est
888 4263 941 4305 et
973 4246 1267 4321 perpetrata
1319 4246 1457 4306 mala
1505 4252 1780 4321 plangere,

196 4327 260 4372 et
288 4320 583 4388 plangentia
616 4336 723 4376 non
754 4332 1078 4390 perpetrare.

280 4408 496 4480 Publica
542 4410 717 4477 culpa,
764 4412 968 4479 publica
1000 4412 1159 4466 etiam
1204 4410 1401 4480 indiget
1446 4412 1775 4479 pmtiitentia.

282 4477 476 4532 Paenas
524 4477 883 4560 gravissimas.
913 4483 1231 4551 quandoque
1278 4477 1659 4560 suntQpassuri,
1688 4483 1777 4560 qui

1394 407 1928 463 PROVERDIOllUll
1973 378 2193 461 Lmen.

963 519 998 572 P
1788 519 1837 577 Δ

3294 403 3429 455 ll‘Jﬁ‘i

1937 514 2060 568 t’lus
2101 522 2226 567 sunt
2269 512 2515 566 laudandi
2565 512 2958 567 benefacieutcs
3007 526 3163 581 quam
3214 514 3432 565 benedi-

1864 594 2061 637 centes.

1936 652 2160 706 Pecunia
2212 662 2336 706 tunc
2378 653 2436 704 fit
2483 651 2709 718 pretiosa
2738 692 2751 711 .
2798 666 2918 706 cum
2968 666 3060 719 pro
3113 649 3203 705 Dei
3251 664 3436 705 amore

1868 725 2116 775 translata
2145 723 2195 775 itt
2228 724 2360 774 alios
2387 722 2574 773 desinit
2605 720 2882 783 possideri.

1938 791 2153 845 Plurimi
2181 790 2476 854 infamiam,
2507 792 2657 859 pauci
2687 806 2810 845 vero
2836 797 3083 846 verentur
3106 800 3283 845 reatus
3302 803 3434 843 con-

1864 863 2161 916 scientiam.

1940 933 2125 983 Pacem
2153 946 2270 984 cum
2301 930 2601 984 hominibus
2629 930 2841 993 b.ibeas,
2888 930 3083 983 bellum
3115 944 3233 985 cum
3264 928 3429 982 vitiis.

1939 1000 2183 1053 Pecuniae
2216 1002 2475 1069 imperare
2506 1010 2735 1067 oportet,
2766 1016 2870 1053 non
2901 1002 3120 1054 servire.

1944 1071 2231 1137 Paupertas
2260 1071 2448 1123 aninne
2476 1071 2646 1135 major
2673 1085 2829 1138 quam
2854 1070 3089 1137 corporis
3119 1078 3317 1123 exstat.

1943 1140 2171 1209 Peccans
2200 1140 2434 1209 quotidie
2462 1138 2674 1192 studeat
2705 1154 2824 1194 mox
2864 1156 2923 1193 se
2952 1153 3223 1208 reparare.

1942 1208 2391 1263 Perfectus’miles
2422 1219 2607 1275 pensat
2636 1210 2930 1276 saepiSs-ime
2960 1213 3119 1262 vires.

1943 1278 2487 1333 Perverstementisua
2519 1281 2671 1346 culpa
2710 1290 2789 1331 est
2819 1282 3049 1333 max‘nia
3085 1294 3259 1347 pinna.

1946 1348 2185 1417 Praeceps
2233 1351 2297 1402 ad
2354 1349 2556 1414 risum,
2612 1362 2846 1417 przeceps
2896 1364 3102 1419 quoque
3153 1352 3317 1403 tertur
3372 1349 3435 1399 ad

1874 1433 2023 1473 tram‘.

1951 1476 2228 1552 Promptus
2255 1489 2343 1555 vel
2377 1488 2542 1541 facilis
2575 1488 2638 1540 ad
2669 1488 2805 1541 risus
2845 1488 3114 1541 schemata
3148 1505 3212 1541 ne
3240 1493 3334 1543 sis.

1954 1557 2197 1611 Pluribus
2227 1558 2459 1611 intentus
2491 1558 2666 1611 minor
2693 1567 2771 1610 est
2799 1556 2863 1611 ad
2894 1559 3096 1625 singula
3128 1573 3331 1611 sensus.

1947 1627 2186 1683 Prmsens
2217 1628 2318 1681 vita
2347 1628 2543 1691 brevis,
2572 1627 2664 1683 sed
2699 1630 2805 1681 vita
2838 1628 3009 1681 futura
3043 1630 3304 1697 perennis.

2641 1742 2685 1806 Ο

1948 1833 2115 1897 Quam
2144 1833 2313 1886 b0nus
2344 1832 2503 1888 Israel
2534 1835 2671 1887 Dens
2705 1832 2785 1885 his
2816 1832 2904 1901 qui
2938 1840 3081 1901 recto
3111 1833 3440 1901 suulcorde.

1945 1905 2176 1969 Quaerite
2210 1903 2510 1970 Dominum,
2557 1914 2610 1958 et
2636 1900 3063 1965 couiirniatm'ni;
3096 1900 3316 1969 quaerite
3365 1900 3438 1950 ti-

1875 1974 2008 2027 ciein
2039 1973 2156 2040 ejus
2184 1989 2409 2040 semper.

1945 2044 2176 2107 Quwrite
2206 2044 2504 2105 Dominum,
2537 2053 2591 2096 et
2618 2044 2754 2095 vivet
2787 2043 2958 2093 anima
2993 2048 3187 2093 vestra.

1949 2112 2046 2178 Qui
2080 2111 2277 2165 timetis
2310 2113 2608 2177 Domitium,
2643 2112 2849 2166 laudate
2878 2126 3021 2164 eum.

1947 2183 2044 2250 Qui
2074 2182 2284 2247 diligitis
2314 2184 2610 2249 Duillium,
2644 2185 2786 2236 mlite
2814 2183 3027 2232 malum.

1950 2248 2225 2318 Quomodo
2277 2253 2558 2306 miseretur
2600 2248 2754 2322 pater
2803 2253 3050 2322 liliorum,
3089 2248 3333 2322 misertus
3363 2256 3446 2322 est

1881 2317 2132 2375 Doniinus
2182 2322 2489 2377 timentibus
2537 2317 2620 2391 se,
2668 2323 2913 2392 quoniam
2957 2321 3068 2388 ipse
3098 2317 3341 2386 cognovit
3390 2317 3446 2366 li-

1877 2404 2143 2459 gtnenlum
2176 2402 2433 2443 tioslruttt.

1949 2461 2048 2525 Qui
2082 2476 2180 2512 non
2216 2460 2418 2528 acrepit
2462 2462 2510 2513 in
2556 2474 2689 2512 vano
2723 2459 2947 2511 aninram
2979 2472 3150 2519 suam,
3187 2455 3449 2528 ticcjura-

1878 2530 1953 2582 vit
1983 2533 2032 2583 in
2065 2530 2186 2583 dolo
2215 2526 2454 2596 proximo
2482 2546 2599 2595 suo,
2646 2531 2728 2585 ltic
2771 2529 2997 2597 accipiet
3029 2526 3445 2580 benedictionem

1880 2615 1907 2652 a
1944 2600 2183 2652 Domitio.
2718 2644 2721 2645 ,

1950 2670 2080 2732 Quis
2122 2672 2257 2722 sicut
2302 2671 2553 2722 Dominus
2587 2670 2723 2723 Deus
2756 2678 2953 2731 noster,
2990 2665 3077 2733 qui
3117 2665 3165 2717 in
3199 2663 3319 2716 altis
3351 2664 3447 2716 lia-

1881 2739 2029 2803 bitat,
2059 2747 2112 2792 et
2152 2739 2366 2791 ltuinilia
2402 2742 2614 2809 reSpicit
2647 2741 2696 2792 in
2730 2741 2867 2793 casio
2896 2746 2950 2791 et
2980 2738 3028 2788 in
3062 2736 3235 2809 terra?

1950 2808 2048 2874 Qui
2099 2812 2361 2864 seminam
2404 2811 2457 2864 in
2493 2805 2783 2880 'lacrymis,
2831 2811 2883 2863 in
2932 2805 3283 2860 exsultatione
3340 2816 3449 2854 tuc-

1948 2949 2183 3013 anerite
2215 2950 2438 3017 primum
2468 2963 2686 3015 regnum
2719 2948 2833 3015 Dei,
2862 2955 2915 3001 ct
2941 2942 3195 3016 justitiam
3229 2941 3366 3010 ejus,
3398 2951 3453 2994 et

1884 3018 1996 3071 Ιιωρ
2025 3020 2199 3071 omnia
2233 3018 2545 3086 adjicientur
2581 3020 2751 3073 vobis.

1941 3088 2051 3167 .Qui
2104 3081 2521 3159 perscvéraverit
2570 3104 2735 3158 usque
2780 3089 2831 3143 itt
2888 3088 3087 3151 finem,
3142 3084 3225 3136 liic
3274 3081 3450 3135 salvus

1882 3169 1999 3211 ρης.

1954 3208 2082 3295 Quae
2130 3228 2473 3313 impossibilia
2522 3238 2645 3283 sunt
2692 3228 2828 3298 apud
2872 3228 3131 3286 homines,
3182 3208 3454 3313 poss‘bili‘a

1884 3311 2007 3350 sont
2036 3300 2174 3363 apud
2210 3302 2391 3352 lleum.

1954 3368 2051 3434 Qui
2082 3380 2163 3423 est
2190 3384 2251 3422 ex
2285 3370 2410 3433 Deo,
2447 3369 2601 3420 verba
2637 3368 2725 3419 Det
2756 3368 2920 3419 audit.

1954 3430 2091 3502 Quid
2141 3440 2353 3504 prodest
2397 3430 2623 3499 liomini,
2655 3439 2696 3487 si
2740 3436 3039 3487 universum
3087 3433 3336 3504 mundum
3372 3430 3451 3484 lit-

1882 3516 2077 3567 cretur.
2110 3502 2299 3560 animae
2332 3522 2455 3559 vero
2485 3521 2595 3558 sua:
2626 3505 2998 3558 detrimentum
3029 3502 3285 3565 patiatur?

1953 3576 2121 3641 Quam
2155 3577 2304 3630 dabit
2332 3575 2489 3629 homo
2510 3578 2976 3630 caunmutalionem
3009 3588 3101 3640 pro
3130 3574 3297 3625 anima
3323 3570 3454 3622 sua?

1885 3715 1894 3725 .
1952 3647 2053 3725 Qui
2102 3647 2295 3702 dixerit
2337 3648 2487 3701 fratri
2534 3661 2631 3700 suo
2677 3646 2857 3710 Fatue,
2900 3659 3022 3698 rcus
3055 3644 3155 3695 erit
3199 3641 3455 3710 gelienna:

1884 3731 2038 3776 lﬂﬂlS.
3335 3769 3340 3776 .

1938 3732 2038 3769 nis.

1901 3731 2051 3850 8Qui
2096 3788 2209 3839 odit
2239 3787 2465 3839 animam
2511 3800 2657 3838 suam
2708 3786 2757 3838 in
2809 3783 2907 3837 hoc
2952 3781 3168 3847 mundo,
3202 3781 3253 3835 in
3293 3769 3453 3832 vitam

1883 3866 2133 3909 aeternam
2163 3856 2391 3909 custodit
2420 3870 2556 3907 cam.

1950 3924 2099 3988 Quod
2135 3926 2269 3979 Deus
2295 3923 2569 3994 conjunxit
2594 3922 2753 3978 homo
2784 3941 2887 3979 non
2917 3932 3147 3993 separet.

1952 3995 2051 4060 Qui
2095 3995 2324 4051 inﬁdelis
2366 3989 2447 4049 est
2491 3998 2543 4049 in
2579 3997 2821 4060 minimo,
2863 4004 2914 4048 ct
2957 3989 3006 4047 in
3048 3991 3231 4059 majori
3266 3989 3453 4043 infide-

1883 4065 1945 4119 lis
1973 4074 2071 4118 est.

1952 4135 2109 4199 Quasi
2138 4135 2310 4188 scelus
2338 4134 2646 4187 idololatria
2675 4144 2776 4196 est,
2803 4134 2908 4187 Deo
2934 4132 3070 4185 nolle
3094 4144 3449 4199 acquiescete.

1952 4205 2183 4271 Quaerite
2230 4202 2505 4257 Dominutn
2551 4208 2677 4257 dum
2722 4203 2946 4258 inveniri
2989 4210 3181 4271 potest,
3214 4202 3452 4254 invocato

1881 4286 2000 4326 eum
2031 4274 2153 4325 dum
2187 4288 2349 4341 prope
2378 4284 2474 4327 est.

1950 4342 2049 4410 Qui
2079 4344 2317 4412 sequitur
2344 4344 2621 4412 justitiam,
2657 4343 2887 4410 diligitur
2915 4359 2942 4397 a
2992 4343 3233 4395 Domino.

1954 4414 2053 4480 Qui
2086 4414 2361 4469 abscondit
2394 4416 2595 4469 scelera
2627 4430 2743 4479 sua,
2774 4428 2878 4466 non
2907 4413 3194 4480 dirigetur;
3238 4426 3325 4479 qui
3353 4423 3451 4461 att-

1888 4490 1993 4537 tem
2023 4485 2302 4540 confessus
2331 4484 2490 4539 fuerit
2526 4495 2580 4539 et
2608 4483 2881 4553 reliquerit
2909 4496 2991 4547 ea,
3035 4480 3454 4533 misericordiam

198 4562 435 4625 "capro
482 4542 772 4625 sceleribus
799 4542 1180 4625 suis'renunn't
1214 4566 1369 4625 parva
1401 4542 1605 4620 ﬂagella
1648 4542 1776 4622 pati.
1815 4542 1861 4601 Ι)
1885 4567 2255 4625 consequetur.

280 4617 478 4691 Plenus
506 4633 695 4691 venter
718 4619 867 4674 facile
893 4623 1124 4687 disputat
1151 4617 1223 4674 de
1240 4617 1477 4691 jejuniis.

281 4687 583 4744 Perfectum
611 4690 793 4745 odium
822 4700 928 4758 est,
951 4693 1091 4761 quod
1115 4706 1214 4747 nec
1232 4687 1433 4761 justitia
1458 4706 1554 4747 nec
1581 4695 1787 4749 ratione

196 4769 373 4815 caret.

278 4827 563 4882 Peccatum
595 4836 815 4901 peccato
841 4830 1023 4897 adjicit
1047 4846 1111 4901 'r,
1138 4845 1256 4883 cum
1287 4832 1338 4885 id
1369 4831 1507 4899 quod
1541 4836 1787 4901 nequiter

195 4909 415 4969 gestum
445 4906 527 4969 est
556 4899 803 4969 nequiter
830 4901 991 4952 etiam
1023 4899 1341 4954 defenditur.

277 4965 530 5048 Probatio
588 4968 744 5023 bona:
791 4970 1111 5036 voluntatis,
1176 4972 1313 5024 nolle
1379 4984 1599 5038 peccare
1664 4987 1783 5026 cum

235 5050 401 5093 08518.

334 5054 401 5091 is.

196 5054 673 5182 i‘fii’srovidcndum
700 5109 1019 5182 estacunctis
1049 5125 1142 5178 pro
1182 5110 1276 5164 Dei
1323 5123 1506 5163 amore
1533 5110 1672 5164 licita
1704 5127 1784 5166 re-

202 5178 594 5243 linquentibus,
627 5192 695 5230 ne
724 5178 898 5244 tepide
925 5180 1166 5244 viventes
1195 5182 1259 5234 ad
1304 5181 1483 5233 ill:cita
1514 5190 1782 5237 corruant.

281 5247 390 5301 Pro
417 5250 674 5313 qualitate
698 5247 1022 5302 audientium
1057 5250 1272 5304 formari
1294 5252 1454 5305 debet
1484 5266 1660 5306 sermo
1686 5254 1783 5305 do-

196 5326 438 5371 ctorum.
617 5320 621 5334 ‘

276 5384 468 5457 Pravis
516 5388 754 5442 moribus
798 5403 1009 5457 semper
1053 5389 1228 5457 gravis
1255 5399 1336 5442 est
1367 5391 1470 5443 vita
1504 5392 1781 5445 bonorum.

277 5454 502 5528 Peccata
532 5459 778 5524 quadam
809 5454 1037 5513 animam
1058 5454 1332 5528 polluant,
1378 5464 1621 5528 qtitedaut
1662 5477 1787 5515 vero

198 5525 573 5593 esstbtguunt.

277 5594 594 5667 Priusquam
626 5597 903 5663 promittas
951 5600 1208 5666 delibera,
1252 5613 1319 5653 ne
1359 5610 1479 5667 post
1528 5601 1803 5667 promissa.

207 5663 432 5719 minime
459 5664 669 5732 expleta
700 5670 926 5722 mendax
956 5670 1173 5725 dicaris.

276 5735 582 5808 Periculum
612 5751 881 5805 nunquam
913 5740 1029 5792 sine
1058 5741 1295 5808 periculo
1325 5740 1571 5795 vincitur.

272 5797 567 5865 Prudentia
599 5797 775 5860 rerum
804 5807 981 5862 exitus
1012 5797 1250 5865 metitur.

1956 4619 2259 4695 Qui'diligit
2281 4624 2632 4695 disciplinam,
2662 4622 2827 4693 diligit
2856 4629 2908 4674 et
2934 4619 3265 4695 sapientiam.
3298 4690 3301 4693 Ι

1957 4689 2053 4759 Qui
2084 4689 2237 4749 offth
2264 4693 2574 4746 sacrificium
2604 4708 2670 4747 ex
2693 4689 2985 4745 substantia
3015 4692 3279 4757 pauperis,
3298 4689 3451 4760 'quasi

1887 4767 1973 4832 qui
2008 4766 2240 4817 vietimnt
2268 4764 2430 4815 lilium
2464 4763 2514 4815 in
2544 4773 2828 4830 conspectu
2863 4762 3021 4832 patris
3051 4764 3153 4832 sui.

1956 4836 2053 4899 Qui
2103 4843 2293 4885 avertit
2337 4848 2519 4885 aurem
2566 4847 2715 4886 suam
2762 4846 2829 4886 ne
2858 4830 3036 4884 audiat
3064 4830 3257 4901 legem,
3286 4829 3457 4884 oratio

1887 4904 1999 4970 ejus
2025 4904 2125 4955 erit
2147 4902 2509 4955 exsecrabilis.

1955 4972 2114 5035 Quasi
2147 4982 2430 5039 tempestas
2455 4971 2647 5041 impius
2677 4974 2985 5040 pertransit.

1956 5044 2081 5106 Quae
2112 5058 2214 5095 non
2245 5037 2613 5111 coiigregas'in
2640 5037 2934 5113 juventute,
2969 5041 3235 5113 quomodo
3263 5053 3324 5093 ea
3358 5037 3451 5092 Ita-

1887 5112 2013 5165 bere
2046 5113 2241 5177 poteris
2272 5113 2323 5166 in
2351 5124 2646 5169 senectute.

1956 5180 2053 5246 Qui
2086 5199 2281 5249 pronus
2308 5196 2390 5237 est
2418 5183 2481 5235 ad
2515 5179 3343 5244 miscricordiam,‘beneilicetur.

1954 5251 2055 5317 Qui
2086 5254 2229 5306 fratri
2260 5267 2359 5306 suo
2391 5265 2536 5320 parat
2565 5256 2790 5320 foveam,
2824 5255 2933 5320 ipse
2964 5252 3159 5305 incidet
3199 5250 3251 5303 itt
3282 5249 3465 5308 illam.

1956 5324 2053 5391 Qui
2089 5326 2292 5375 modica
2322 5327 2543 5389 spernit,
2578 5326 2831 5391 paulatim
2861 5322 3092 5391 decidet.

1955 5390 2052 5457 Qui
2081 5393 2181 5444 sibi
2215 5407 2440 5458 nequam
2467 5390 2681 5455 est,’cui
2713 5393 2882 5446 bonus
2926 5390 3061 5444 erit?

1956 5461 2319 5527 Quodcunque
2366 5468 2541 5526 potest
2586 5478 2771 5514 manus
2822 5471 2906 5514 tua
2956 5461 3153 5524 facere,
3199 5458 3455 5510 instanter

1887 5544 2131 5597 operare,
2156 5531 2275 5595 quia
2310 5544 2407 5582 nec
2434 5545 2570 5597 opus
2601 5547 2696 5586 nec
2724 5533 2859 5586 ratio
2888 5546 2984 5585 nec
3014 5530 3268 5597 sapientia
3298 5536 3462 5582 erunt

1886 5600 2021 5669 apud
2045 5599 2270 5669 inferos,
2302 5615 2407 5668 quo
2435 5608 2499 5652 tu'
2523 5616 2797 5668 properas.

1957 5668 2055 5733 Qui
2088 5673 2253 5736 parcit
2284 5678 2465 5739 virgae,
2492 5674 2601 5725 odit
2632 5673 2813 5725 tilium.

1889 5739 2055 5863 ἬΩυί
2108 5740 2291 5797 timent
2320 5742 2482 5797 Deum
2510 5782 2525 5806 ,
2577 5756 2681 5796 non
2727 5747 2882 5795 crunt
2929 5739 3269 5797 incredibiles
3292 5739 3457 5796 verbo
3501 5754 3508 5761 ·

1889 5828 1907 5863 ι
1947 5824 2047 5863 ius.

1889 5824 2047 5863 unus.
