3868 6256
150 426 274 480 1101)

1355 404 1888 465 ιιιιθνειιιιιυιιυιι
1935 402 2152 458 LIBER.

3277 386 3411 441 Hifl

214 534 369 598 [tegis
398 548 541 586 enim
573 546 767 584 nomen
810 536 990 582 monet
1023 534 1080 579 ut
1109 525 1397 598 commissa
1435 529 1711 589 regantur.
1749 520 1793 575 Α
1894 515 2122 598 Simulat
2161 527 2244 564 res
2266 520 2319 565 et
2367 504 3171 598 callidi

216 596 393 659 Rebus
424 605 473 657 in
505 602 742 656 adversis
774 616 840 654 ne
874 610 1051 652 motus
1078 596 1407 649 destituaris.

921 753 959 808 S

214 870 427 925 Servite
482 868 705 923 Domino
754 866 805 920 in
859 863 1088 928 timete,
1120 869 1175 916 et
1218 860 1454 915 exultate
1496 858 1543 911 ei
1604 871 1721 912 Cutu

148 952 402 993 tremore.

218 1010 549 1064 Sacriﬁcium
586 1009 693 1062 Deo
723 1006 944 1067 Spiritus
973 1000 1383 1055 contribulatus.

218 1080 299 1134 Sit
328 1081 496 1147 gloria
529 1077 734 1131 Domini
765 1077 815 1147 in
848 1074 1102 1147 amentum
1132 1071 1336 1124 sreculi.

217 1150 299 1203 Sit
330 1138 543 1203 “nomen
592 1146 798 1200 Domini
847 1142 1186 1197 benedictum
1235 1155 1298 1194 ex
1352 1138 1451 1190 hoc
1498 1149 1637 1189 nunc
1672 1145 1727 1188 ct

150 1232 320 1283 usque
351 1218 677 1272 insaeculum
774 1284 791 1286 ᾼ
911 1220 971 1286 _'
1352 1284 1356 1286 Α
1673 1274 1686 1286 .

222 1288 378 1341 Salus
401 1290 663 1353 justorum
712 1301 741 1338 a
773 1283 1028 1347 Domino,
1063 1289 1118 1337 et
1161 1284 1428 1350 protector
1456 1290 1644 1332 eorum
1674 1283 1726 1329 in

154 1366 396 1427 tempore
425 1356 801 1411 tribulationis.
835 1424 845 1427 Α
979 1423 990 1427 _
1268 1421 1279 1427 _
1434 1418 1446 1427 ,
1647 1414 1659 1427 ,

233 1418 423 1481 Suavis
460 1427 714 1506 Dominus
760 1423 1052 1506 universis,
1104 1430 1161 1477 et
1210 1418 1582 1477 miserationes
1612 1418 1730 1484 ejus

151 1512 314 1559 super
340 1512 518 1549 οιῐιηιει
546 1511 708 1562 opera
742 1510 878 1561 8]“3.

235 1566 470 1633 Spiritus
493 1555 720 1617 ubi'vult
748 1555 935 1628 spirat,
988 1573 1040 1618 et
1074 1576 1258 1633 vocem
1287 1560 1405 1628 ejus
1434 1556 1611 1622 audis,
1636 1555 1728 1610 scd

154 1652 260 1688 non
286 1632 392 1687 scis
414 1635 556 1688 unde
584 1636 783 1699 veniat,
813 1642 868 1688 ct
891 1648 993 1701 quo
1017 1632 1192 1684 vadat.

225 1705 461 1773 Spiritus
490 1715 568 1758 est
599 1696 843 1768 Deus,'et
872 1696 967 1756 e33
995 1702 1083 1769 qui
1115 1701 1509 1765 adoranteum,
1540 1696 1592 1750 in
1623 1696 1731 1763 spi-

155 1772 346 1829 ritu’et
374 1776 599 1829 veritate
628 1782 841 1842 oportet
862 1772 1104 1827 adorare.

1900 583 2251 638 Solitudinem
2280 581 2503 650 quaerit,
2556 578 2643 645 qui
2676 592 2793 628 cum
2828 576 3196 628 innocentibus
3223 575 3408 628 vivere

1828 656 1991 719 cupit.

1901 713 2287 778 Similitudines
2355 734 2532 774 rerum
2585 719 2852 770 variarum
2888 715 2951 769 ad
3002 713 3407 768 :cdilicationcm

1829 806 2067 848 nostram
2095 795 2292 862 jugiter
2322 790 2681 862 proponenda:
2715 796 2859 862 stitit.

1900 865 2050 920 Sicut
2077 854 2223 915 r'anvis
2249 854 2470 915 revertit
2496 860 2559 911 ad
2589 858 2847 911 vomitum
2881 871 3059 917 suum,
3094 854 3169 908 sic
3198 854 3405 923 impru-

1828 936 1963 988 dens
1993 933 2271 988 stultitiam
2300 946 2449 985 suam
2486 931 2657 983 iterat.

1900 1004 2045 1058 Sicut
2102 1020 2235 1073 aqua
2296 999 2591 1069 cxsriuguit
2654 997 2872 1066 ignem,
2930 995 2998 1049 ita
3054 996 3401 1063 eleemosyua

1834 1086 2130 1141 peccatum.

1902 1144 2212 1209 Sanctitatis
2239 1156 2430 1197 nomen
2457 1139 2657 1194 habere
2681 1137 2797 1191 sine
2822 1135 3094 1203 Operibus,
3124 1134 3255 1187 nulli
3290 1147 3410 1201 pro—

1831 1215 2125 1354 deSapiens
2178 1292 2279 1347 est,
2332 1282 2419 1350 qui
2468 1279 2623 1335 factis
2667 1278 2783 1345 plus
2834 1292 2995 1346 quam
3050 1276 3228 1328 verbis
3276 1274 3413 1328 alios

1832 1356 2059 1479 dmSil-us
2100 1430 2185 1477 est
2232 1422 2477 1487 divitum,
2515 1417 2805 1475 subvenire
2837 1416 3248 1469 necessitatibus
3280 1428 3410 1484 pau-

1835 1509 2141 1631 ρθὲῗιῐὲἱίιειε
2171 1562 2513 1617 contumelim
2544 1558 2710 1611 virtus
2736 1556 2947 1631 repellit
2974 1555 3267 1631 patientiae:

1904 1624 2227 1700 Scorpiones
2273 1634 2377 1687 dici
2428 1638 2670 1699 p0ssunt,
2702 1628 2787 1693 qui
2817 1628 2971 1681 benis
3001 1626 3215 1700 quidem
3252 1625 3301 1700 in
3334 1624 3411 1677 fa-

1836 1705 1919 1759 eie
1948 1696 2056 1757 non
2086 1704 2379 1769 resistunt,
2430 1696 2527 1755 sed
2561 1713 2680 1751 mox
2727 1713 2849 1750 cum
2884 1697 3210 1751 recesserint
3240 1696 3418 1750 detra-

1838 1776 1986 1827 hunt.
2158 1792 2159 1795 η

227 1846 285 1897 Si
314 1859 502 1897 manus
528 1853 614 1916 tua
641 1834 722 1916 v'el
751 1858 844 1911 pes
874 1855 993 1896 tuus
1020 1839 1349 1896 scandalizet
1380 1848 1450 1904 te,
1476 1834 1728 1891 abscinde
1758 1857 1806 1916 Β
1908 1843 2279 1916 δεξιηιειῑρςςιιιῃΔ
2311 1841 2537 1916 abnegat
2558 1878 2578 1916 ,_
2624 1836 2713 1906 qui
2744 1880 2759 1903 ,
2823 1836 3019 1916 relicto
3043 1835 3268 1915 carpalis
3299 1836 3420 1916 vita;

158 1913 313 1967 ilium
346 1924 394 1985 et
428 1913 627 1981 projice
653 1915 749 1985 alis
776 1923 883 1985 te._
1140 1980 1231 1985 ____
1620 1975 1631 1985 .

225 1985 319 2037 Sic
349 1980 487 2037 Deus
510 1980 696 2036 dilexit
728 1982 1005 2045 mundum,
1051 1990 1109 2033 ut
1140 1980 1329 2033 Filium
1363 1990 1517 2031 suum
1547 1980 1727 2041 unige-

153 2052 327 2105 nitum
356 2053 527 2111 daret.
564 2061 619 2105 ut
640 2052 814 2104 omnis
843 2054 930 2115 qtti
960 2051 1130 2103 credit
1162 2052 1212 2103 in
1242 2049 1288 2117 ip
1312 2064 1442 2109 uno,
1472 2060 1574 2098 non
1609 2060 1727 2113 per-

152 2134 269 2181 eat,
298 2121 391 2175 sed
426 2122 618 2174 habeat
647 2122 805 2173 vitam
830 2129 1106 2174 :eternatn.

229 2190 287 2246 Si
314 2190 609 2257 peccaverit
659 2192 712 2244 in
764 2200 814 2244 te
862 2192 1026 2243 frater
1068 2201 1187 2243 tuus
1214 2227 1228 2252 ,
1276 2186 1404 2240 vade
1433 2196 1486 2240 et
1520 2182 1730 2250 corripe

153 2275 285 2313 eum
319 2262 455 2314 inter
483 2270 533 2313 te
562 2269 615 2314 et
642 2261 815 2328 ipsum
843 2258 1039 2313 solum.

229 2331 461 2383 Sanctus
490 2323 706 2397 spiritus
735 2330 1031 2397 disciplina:
1060 2328 1218 2397 fugiet
1247 2327 1449 2386 ﬁctum.
1477 2334 1529 2379 et
1558 2323 1732 2378 aufert

150 2414 215 2452 se
240 2413 271 2449 a
300 2400 588 2467 cogitation
614 2401 712 2452 bus
741 2414 859 2466 quae
890 2406 1016 2450 sunt
1044 2400 1159 2451 sine
1188 2397 1478 2449 intellectu.

230 2467 505 2531 Sapientis
534 2470 676 2522 oculi
702 2469 756 2521 in
786 2469 963 2534 capite
990 2468 1127 2533 ejus.

230 2537 442 2591 Sentite
471 2538 538 2591 de
572 2538 794 2591 Domino
817 2538 869 2590 in
898 2537 1134 2591 bonitate
1163 2575 1178 2599 ,
1230 2546 1282 2591 et
1307 2535 1357 2589 in
1389 2534 1733 2603 simplicitate

146 2608 340 2661 cordis
362 2606 585 2674 quaerite
609 2609 779 2661 illum.
1295 2632 1303 2641 ·

228 2676 443 2731 Stultus
476 2676 651 2731 verbis
682 2694 786 2731 non
817 2677 1125 2743 corrigitur.

228 2745 462 2812 Sapiens
487 2760 581 2800 cor
610 2756 661 2799 et
694 2742 1025 2813 intelligibile
1061 2747 1295 2800 abstinet
1323 2760 1385 2799 se
1420 2760 1447 2796 a
1476 2742 1730 2809 peccatis.

230 2814 474 2869 Stultitia
498 2816 748 2884 colligata
779 2824 860 2869 est
887 2817 941 2869 in
969 2814 1131 2869 corde
1160 2816 1306 2882 pueri
1333 2853 1348 2878 ,
1394 2822 1448 2867 et
1475 2814 1618 2881 virga
1651 2813 1733 2865 di-

143 2885 402 2947 sciplinae
431 2884 629 2954 iugabit
650 2902 791 2941 eam.

231 2955 446 3008 Statera
477 2956 660 3009 dolosa
693 2955 1019 3010 aliominatio
1040 2962 1122 3009 est
1147 2954 1285 3023 apud
1311 2954 1496 3017 Deum,
1523 2960 1575 3006 et
1600 2964 1732 3019 pon-

151 3026 265 3079 dus
298 3039 507 3091 aequum
538 3027 785 3079 voluntas
812 3028 947 3093 ejus.

228 3094 461 3160 Sapiens
506 3104 561 3149 ut
609 3097 690 3150 sol
723 3092 1032 3163 permanet,
1077 3092 1273 3147 stultus
1314 3100 1489 3144 autem
1522 3099 1576 3143 ut
1608 3092 1732 3144 luna

145 3174 305 3215 muta
316 3173 419 3216 tur.
834 3214 836 3216 ,

229 3232 418 3285 Semel
448 3233 677 3300 loquitur
708 3231 871 3297 Deus,
905 3240 958 3286 et
987 3231 1220 3286 secundo
1249 3244 1350 3283 non
1381 3230 1595 3297 repetit.

229 3301 567 3365 Sapientiam
594 3304 828 3355 omnium
859 3302 1195 3368 antiquorum
1222 3302 1449 3368 exquirit
1491 3302 1725 3367 sapiens.

229 3370 512 3444 Sapientia
557 3371 867 3444 abscondita
917 3380 971 3426 et
1014 3376 1291 3425 thesaurus
1339 3371 1535 3425 invisus
1562 3392 1580 3444 ;
1610 3385 1729 3439 (ιητὲ

144 3440 368 3493 utilitas
400 3440 451 3492 in
484 3441 761 3507 utrisque?

228 3509 465 3573 Sapiens
495 3512 670 3563 verbis
702 3510 982 3565 innotest-it
1013 3510 1215 3577 paucis.

228 3579 451 3642 Septies
496 3581 636 3632 cadit
679 3581 894 3645 justus,
937 3588 989 3633 et
1033 3586 1309 3647 resurget;
1358 3578 1500 3647 impii
1550 3588 1726 3631 autent

140 3659 421 3709 COI’l'llelll
454 3648 503 3699 in
537 3650 754 3701 malum.

227 3716 431 3769 Sermo
458 3717 621 3769 durus
650 3719 871 3771 suscitat
899 3716 1152 3770 furorem.

229 3784 461 3839 Somnia
482 3788 746 3840 extollunt
774 3787 1157 3851 imprudentes.

231 3853 441 3924 Secura
472 3869 621 3908 mens
649 3858 795 3923 quasi
819 3856 945 3924 juge
975 3856 1292 3909 convivium.

228 3923 456 3977 Secreta
484 3926 626 3993 regis
653 3923 850 3991 celare,
880 3926 1074 3991 bonum
1098 3938 1217 3989 est;
1247 3926 1507 3994 magnalia
1552 3937 1729 3979 autem

143 3994 254 4048 Dei
291 3994 555 4057 revelare,
594 3996 943 4049 ltonorilicum
974 4001 1075 4049 εει.
1370 4055 1373 4057 ί

234 4062 452 4118 Stultus
480 4063 536 4116 iu
567 4065 677 4117 risu
704 4067 901 4118 exaltut
930 4078 1110 4117 vocem
1134 4078 1302 4116 suam.

228 4133 293 4184 Si
345 4130 628 4198 diligamus
675 4134 937 4195 invicem,
992 4133 1126 4185 Deus
1172 4134 1223 4185 in
1272 4133 1424 4185 nobis
1449 4142 1647 4195 manet,
1679 4143 1733 4187 ct

140 4200 408 4257 Charitas
429 4213 547 4266 eius
585 4204 635 4255 in
664 4202 816 4256 nobis
846 4202 1069 4268 perlecta
1096 4211 1196 4258 est.
1478 4258 1487 4265 ,

228 4270 291 4325 Si
329 4271 454 4342 quis
490 4272 695 4342 dixerit
732 4272 982 4339 quoniam
1025 4272 1187 4342 diligo
1218 4271 1406 4339 Deum,
1432 4280 1485 4324 et
1514 4271 1731 4324 fratrem

137 4356 321 4397 suum
352 4341 546 4406 oderit,
573 4342 797 4395 mendax
821 4350 921 4394 est.

228 4409 548 4475 Spiritualis
578 4413 738 4465 homo
780 4410 1031 4476 dijudicat
1076 4409 1251 4462 omnia
1278 4446 1292 4473 ,
1344 4416 1395 4462 et
1442 4409 1553 4475 ipse
1580 4424 1609 4463 a
1634 4424 1728 4463 ne-

137 4481 311 4533 mine
338 4476 633 4545 iudicatur.

227 4548 395 4600 Sicut
426 4548 478 4600 iu
512 4548 677 4601 Adam
704 4560 891 4601 omnes
920 4548 1234 4612 moriuntur,
1266 4546 1338 4600 ita
1361 4557 1413 4601 et
1442 4549 1490 4601 in
1520 4547 1739 4603 Christo

134 4630 359 4672 omnes
386 4618 815 4671 viviﬁcabuntur.

223 4687 516 4754 Sapientia
548 4689 705 4754 hujus
733 4686 915 4739 mundi
943 4684 1163 4739 stultitia
1190 4694 1269 4736 cst
1296 4686 1432 4751 apud
1469 4687 1655 4740 Deum.

225 4751 377 4807 Sine
402 4751 711 4817 paenitentia
738 4766 863 4808 sunt
884 4756 1021 4806 dona
1053 4763 1106 4805 et
1132 4757 1335 4806 vocatio
1364 4754 1475 4808 Dei.

221 4824 481 4878 Scientia
514 4823 689 4887 inllat,
721 4822 953 4877 charitas
984 4823 1233 4874 aediﬁcat.

224 4893 290 4948 Si
331 4891 566 4945 vivimus
590 4894 804 4960 spiritu,
829 4893 1019 4956 Spiritu
1049 4899 1099 4942 et
1130 4890 1484 4943 ambulemus.

225 4962 378 5016 Sive
408 4963 633 5016 vivimus
660 4961 772 5015 sive
801 4960 1080 5023 morimur,
1110 4960 1315 5011 Domini
1348 4976 1551 5015 sumus.

226 5030 335 5084 Sic
364 5029 625 5097 diligendi
672 5040 798 5083 sunt
838 5028 1104 5094 homines,
1153 5037 1210 5081 ut
1254 5044 1434 5082 eorum
1485 5044 1587 5083 non
1620 5029 1742 5083 dili—

124 5119 203 5172 εει
214 5115 267 5172 n_
267 5112 361 5150 tur
392 5111 626 5172 errores.

224 5166 579 5235 Speculator
641 5174 780 5219 astat
812 5166 1069 5237 desuper,
1117 5166 1206 5234 qui
1237 5179 1334 5219 nos
1357 5166 1543 5221 diebus
1572 5169 1747 5221 omni-

129 5242 259 5296 bus
296 5244 569 5300 actusque
592 5238 804 5289 nostrOs
833 5235 1109 5301 prospicit.

218 5305 406 5359 Scire
448 5303 586 5369 Dei,
629 5302 930 5374 approbare
974 5311 1089 5367 eSt;
1142 5303 1345 5355 nescire
1373 5317 1521 5367 vero,
1557 5319 1748 5373 repro-

124 5380 313 5432 bare.

214 5442 472 5497 Summa
512 5441 652 5510 apud
695 5440 865 5496 Deum
910 5446 993 5494 est
1040 5437 1321 5507 nobilitas,
1375 5442 1573 5494 clarum
1624 5457 1747 5500 esse

127 5511 481 5570 virtutibus.

210 5577 627 5649 Subjectorum
658 5578 798 5649 vitia
846 5576 1131 5649 aliquando
1172 5577 1740 5649 sunt_dissimulanda,

119 5651 239 5708 sed
279 5645 416 5713 post
438 5648 555 5701 btet:
583 5646 705 5715 quia
735 5646 1204 5715 dissimulabantur
1234 5645 1534 5701 indicanda.
1696 5672 1697 5675 η

208 5719 455 5787 Satanae
479 5714 701 5771 insidias
742 5714 1040 5787 evaderet
1064 5728 1167 5768 non
1195 5723 1273 5767 est
1306 5718 1531 5771 volentis
1566 5732 1742 5787 neque

116 5785 457 5851 currentis,
487 5787 582 5840 sed
615 5783 921 5841 miserantis
952 5782 1064 5835 Dei.

1838 1915 2052 1967 homine
2080 1955 2092 1975 ,
2117 1904 2307 1966 induit
2336 1904 2671 1981 spiritualem
2701 1918 2752 1962 et
2785 1921 2979 1961 novum
3008 1904 3281 1957 hominem
3313 1947 3325 1968 ,
3364 1906 3413 1957 id

1835 1995 1938 2043 εει,
1968 1981 2261 2034 Christum.

1902 2052 2133 2106 Stultum
2164 2050 2317 2103 valde
2348 2058 2466 2112 est,
2502 2048 2548 2101 si
2575 2047 2659 2100 his
2685 2046 2897 2114 placere
2930 2043 3243 2113 quaerimus,
3281 2060 3416 2111 quos

1834 2137 1938 2175 non
1974 2123 2184 2184 placere
2215 2121 2323 2174 Deo
2345 2121 2564 2172 scimus.

1908 2183 2116 2245 Suilii-it
2141 2189 2427 2259 unicuique
2473 2190 2548 2243 sic
2573 2188 2848 2254 disputare
2879 2184 2957 2239 vel
2986 2185 3215 2248 dictare,
3247 2192 3304 2236 ut
3338 2183 3420 2238 in-

1836 2262 2131 2328 telligalur;

1905 2324 2257 2400 superﬂuitas
2302 2339 2409 2383 tam
2454 2328 2740 2383 verborqu
2788 2341 2945 2395 quam
2996 2340 3174 2379 rerum
3203 2324 3417 2379 vitanda

1833 2412 1934 2455 est.

1904 2468 2053 2521 Sicut
2078 2484 2141 2522 ex
2179 2468 2341 2521 variis
2374 2467 2596 2521 ﬂoribus
2645 2466 2967 2532 CUH~gllltltlr
3016 2465 3196 2526 mella,
3251 2464 3319 2515 ita
3354 2479 3415 2516 ex

1836 2538 1997 2592 variis
2020 2540 2326 2591 hominibus
2360 2540 2528 2589 virtus
2569 2536 2823 2605 quaelibet
2847 2544 2929 2587 est
2959 2534 3285 2600 colligenda.

1906 2610 2261 2661 Smcularibus
2294 2609 2483 2661 litteris
2517 2608 2769 2667 intentus,
2806 2618 2971 2657 sacrm
3002 2604 3295 2670 Scriptnrte
3328 2616 3412 2652 ar-

1833 2692 1966 2729 cana
1997 2692 2190 2742 capere
2225 2694 2327 2729 non
2353 2685 2547 2744 potest.

1907 2748 2236 2812 Scriptorum
2284 2742 2491 2801 sacram
2545 2747 2725 2813 legens
2775 2742 3054 2797 attendere
3098 2742 3256 2796 debet
3290 2742 3415 2809 quid

1837 2820 2060 2885 mystice
2091 2817 2172 2870 vel
2208 2816 2355 2883 juxta
2389 2818 2646 2879 litteram,
2698 2815 2823 2884 qttid
2869 2829 2963 2882 pro
2996 2824 3145 2883 parte
3178 2814 3258 2865 Vel
3320 2828 3416 2879 pro

1838 2895 1946 2939 toto
1981 2885 2178 2938 dictum
2209 2887 2295 2939 sit.

1910 2954 2201 3021 Scriptura:
2232 2970 2399 3009 sacrm
2431 2954 2707 3009 meditatio
2737 2964 2969 3021 mentem
3004 2952 3230 3007 retrahit
3258 2966 3286 3003 a
3322 2965 3417 3004 co-

1834 3024 1999 3093 gitatu
2032 3026 2211 3077 noxio.

1882 3092 2059 3164 ‘Sicut
2108 3093 2318 3159 plurimi
2370 3094 2473 3146 cibi
2518 3093 2645 3145 nihil
2697 3101 2919 3160 prosunt
2944 3093 3147 3161 absque
3182 3090 3313 3156 sale,
3351 3092 3418 3145 ita

1839 3177 2028 3216 omnes
2057 3164 2278 3215 virtutes
2301 3164 2501 3232 absque
2528 3164 2643 3218 chat
2662 3165 2807 3215 itate.

1910 3232 2052 3286 Sicm
2081 3232 2252 3286 fistula
2294 3229 2495 3302 absque
2544 3234 2833 3299 inspirante
2881 3234 3083 3285 nullum
3118 3229 3293 3302 reddit
3322 3246 3413 3284 so-

1834 3319 1957 3355 num
1984 3344 1999 3366 ,
2046 3303 2116 3356 ita
2147 3314 2200 3356 et
2229 3319 2321 3356 cor
2354 3305 2585 3357 hominis
2614 3305 2816 3371 absque
2858 3304 3205 3371 inspiratione
3237 3301 3414 3354 divina

1834 3376 2035 3427 nullum
2068 3375 2254 3437 recipit
2286 3376 2501 3426 bonum.

1903 3444 2051 3496 Sicut
2092 3444 2212 3508 equi
2292 3442 2573 3509 cujuslibet
2622 3456 2810 3493 cursus
2857 3440 2907 3489 in
2978 3439 3107 3509 loco,
3152 3449 3412 3509 spatioso,

1833 3512 1901 3565 ita
1932 3524 1983 3564 et
2011 3506 2519 3564 hominis-voluntas
2557 3511 2811 3578 probttur
2843 3510 2893 3561 in
2926 3506 3149 3578 arbitrio
3185 3508 3331 3559 dato.

1905 3582 2053 3636 Sicut
2076 3582 2213 3634 oculi
2248 3582 2485 3635 omnium
2518 3576 2568 3633 iu
2600 3582 2795 3645 capite,
2824 3580 2894 3631 ita
2925 3577 3085 3631 etiatn
3122 3576 3173 3629 itt
3204 3578 3417 3630 Christo

1831 3662 2127 3705 eonStstcre
2155 3653 2311 3705 debet
2336 3653 2507 3708 omnis
2541 3649 2763 3704 intentio
2795 3650 3049 3702 lideltum.
3496 3710 3503 3717 ε

1906 3722 2033 3775 Sine
2079 3722 2182 3775 liae
2232 3724 2453 3775 cruciari
2508 3730 2761 3787 meretur,
2816 3721 2903 3789 qui
2937 3719 3136 3773 nullum
3164 3718 3414 3787 peCcatttli

1760 3802 1770 3812 ·
1834 3792 1992 3843 linem
2027 3797 2076 3842 in
2099 3793 2260 3845 corde
2286 3806 2385 3844 suo
2406 3791 2610 3843 statuit.

1833 3929 1863 3983 ἀ
1907 3860 2112 3977 St'tmmi
2176 3860 2427 3929 principis
2496 3856 2725 3911 ministri
2775 3857 2824 3911 in
2870 3859 3058 3925 primis
3086 3866 3213 3912 sunt
3240 3855 3422 3925 provi-

1870 3944 2014 3983 emt.

1870 3944 2014 3985 Clit".

1906 3998 1997 4051 Sic
2019 3997 2141 4078 aliis
2167 3998 2381 4067 ignosce
2402 4039 2416 4065 ,
2453 4007 2509 4051 ut
2545 4008 2599 4052 tu
2625 3997 2718 4051 tibi
2748 3997 2986 4066 peccanti
3024 3998 3141 4049 illos
3174 3997 3418 4066 ignesce-

1836 4084 1892 4121 re
1915 4083 2081 4121 CIIDIS.

1915 4085 1974 4120 cu
2020 4083 2081 4120 ts.

1905 4083 2130 4208 Sugguis
2161 4141 2475 4207 sanguinem
2521 4138 2705 4208 tangit,
2747 4150 2865 4190 cum
2916 4144 3135 4204 peccata
3174 4136 3410 4203 peceatis

1836 4206 2178 4272 adjiciuntur.

1912 4276 2170 4345 Superbia
2198 4277 2311 4331 sola
2334 4278 2627 4345 corrumpit
2654 4277 2828 4331 omnia
2859 4276 3018 4329 bona.

1909 4343 2080 4415 Stulta
2114 4357 2231 4399 Vota
2265 4343 2721 4415 frangendasuut.

1911 4412 2040 4468 Sine
2070 4416 2311 4470 doctrina
2340 4412 2441 4469 vita
2474 4426 2556 4471 est
2583 4419 2731 4482 quasi
2762 4418 2950 4469 mortis
2982 4414 3182 4479 imago.

1771 4516 1817 4575 υ
1915 4483 1969 4536 Si
1998 4499 2143 4539 ames
2168 4486 2448 4575 dicilpate‘r
2471 4496 2530 4575 οι¹
2551 4480 2798 4554 princeps
2819 4528 2831 4551 ,
2864 4499 3058 4538 nomen
3085 4499 3204 4535 cum
3236 4480 3409 4532 hono-

1852 4569 1908 4607 re
1934 4568 2110 4615 serva,
2142 4558 2377 4608 moribus
2408 4557 2588 4623 imple.

1924 4624 2131 4689 Smpius
2163 4627 2335 4678 ventis
2365 4620 2594 4690 agitatur
2625 4626 2810 4689 ingens
2840 4622 3014 4690 pinus,
3049 4627 3100 4672 et
3122 4620 3281 4673 celsa:
3311 4628 3419 4671 tur-

1853 4707 1938 4745 res
1965 4693 2204 4757 graviore
2234 4707 2356 4746 casu
2388 4693 2643 4746 decrdunt

1926 4762 2200 4813 Stantibtts
2244 4770 2295 4815 et
2346 4763 2507 4829 lapsis
2556 4776 2651 4828 par
2698 4760 2996 4814 S'dliCiltldO
3036 4758 3264 4811 tenenda
3296 4765 3425 4812 est:

1854 4827 1934 4880 his
1960 4844 2025 4881 ne
2052 4840 2196 4882 retro
2224 4827 2434 4894 cad-aui,
2467 4827 2571 4884 illis
2606 4839 2661 4883 ut
2690 4831 2900 4881 concito
2931 4839 3175 4895 surgant.
3344 4832 3357 4853 *

1925 4900 2112 4951 Sermo
2142 4900 2297 4953 datur
2328 4902 2528 4963 multis,
2559 4901 2718 4953 animi
2749 4900 3003 4967 sapientia
3038 4898 3235 4963 paucis.

1922 4967 1975 5021 Si
2010 4984 2241 5036 nequeas
2270 4971 2469 5036 plures,
2496 4972 2576 5021 vel
2601 4980 2651 5022 te
2682 4970 3018 5022 stilutnmodo
3048 4982 3222 5021 cures.

1924 5036 1978 5089 Si
2006 5040 2139 5104 quid.
2164 5041 2352 5091 Vovisti
2387 5039 2610 5091 Domino
2635 5079 2650 5103 ,
2685 5054 2751 5091 ne
2786 5040 3014 5091 reddere
3046 5038 3246 5089 tardes.

1924 5106 2104 5161 Solius
2136 5117 2217 5160 est
2249 5108 2457 5161 Domini
2489 5109 2624 5160 bona
2658 5110 2723 5160 de
2748 5110 2929 5175 pravis
2961 5106 3196 5175 operari.

1924 5178 2146 5241 Semper
2168 5192 2357 5229 avarus
2389 5185 2529 5244 eget,
2558 5177 2699 5229 hunc
2729 5173 2871 5228 nulla
2900 5174 3116 5242 pecunia
3154 5173 3345 5244 replet.

1925 5244 1978 5296 Si
2010 5248 2089 5296 vis
2115 5247 2328 5308 salvari,
2358 5251 2432 5297 nil
2462 5246 2583 5299 huic
2614 5260 2862 5313 prmpone
2884 5244 3063 5313 saluti.

1926 5314 2154 5380 Spiritus
2180 5324 2265 5367 est
2289 5317 2415 5382 vita,
2449 5330 2596 5369 mors
2616 5312 2799 5368 carnis
2828 5312 3187 5382 philosophia.

2618 5447 2660 5500 Τ

1924 5582 1998 5635 Te
2020 5581 2171 5634 decet
2201 5580 2448 5650 hymnus,
2487 5578 2648 5645 Deus,
2689 5579 2742 5632 in
2766 5578 2939 5649 Sion,
2967 5590 3020 5634 et
3051 5579 3143 5631 tibi
3180 5578 3438 5636 reddetur

1852 5661 2030 5702 votum
2060 5652 2109 5702 in
2131 5649 2447 5703 Jerusalem.
2968 5706 2969 5709 η

1920 5719 2303 5837 'l‘esltimonium
2339 5718 2546 5774 Domini
2574 5719 2762 5789 ﬁdele,
2798 5717 3115 5787 sapientiam
3175 5733 3437 5786 pratstaus

1921 5804 2014 5837 rvu
2042 5803 2105 5837 ts.

1848 5802 2105 5852 parvulus.
