3868 6256
172 401 317 457 1115

169 588 445 651 pergenda
472 594 757 645 committit
784 588 1129 648 assimilatur.

171 720 183 730 _
249 659 448 735 _V_a|ens_
490 663 723 735 retinere
765 668 1088 730 sanitatem,
1142 665 1335 719 nullius
1368 666 1628 735 despiciat
1664 668 1746 721 vel

166 725 393 779 irrideat
434 728 818 785 inﬁrmitatem.

249 795 468 875 Vitanda
519 811 599 852 est
645 804 923 875 superbia,
975 819 1093 874 quae
1125 814 1178 857 et
1206 805 1424 874 angelos
1452 806 1665 875 decepi;
1690 816 1745 862 et

166 861 395 918 virtutes
426 882 613 924 omnes
642 861 889 924 destruit.

205 931 379 1013 .Yitia
413 939 557 1013 prius
584 942 931 1013 exstitpaiida
978 953 1101 996 sunt
1150 944 1202 996 in
1247 945 1503 1010 homine,
1550 948 1746 1004 deinde

160 1008 397 1083 virtutes
426 1008 741 1065 inserettdte.

247 1072 490 1155 Virgines
530 1090 583 1131 et
613 1080 863 1155 monachi
894 1083 972 1136 sic
1005 1091 1304 1150 temperent
1331 1086 1595 1155 jejunium
1621 1128 1635 1151 ,
1689 1097 1747 1141 ut

160 1155 385 1207 semper
413 1146 575 1199 fortes
608 1149 719 1203 sint
746 1152 810 1203 ad
844 1152 934 1205 Dei
966 1146 1263 1208 servitium.

161 1211 500 1334 Imioluptas
536 1219 697 1273 habet
727 1236 963 1289 paruam,
994 1233 1048 1278 et
1080 1226 1368 1279 necessitas
1419 1228 1555 1294 parit
1586 1241 1745 1282 coro-

1383 414 1470 469 DE
1510 414 1956 472 SUIISTANTIIS
1996 415 2219 471 LIBER.

246 515 411 591 Vana}
438 519 619 579 gloria:
648 531 881 577 scctator
910 528 955 576 ei
987 526 1072 590 qui
1103 526 1305 579 semina
1334 543 1429 581 sua
1454 537 1613 582 vento
1640 527 1748 581 dis-
1780 537 1829 591 Α

3310 424 3444 478 illi

1933 529 2084 581 Viliis
2113 529 2278 584 dediti
2313 546 2416 585 non
2451 542 2671 598 possunt
2702 534 2983 586 virtutibus
3013 533 3199 585 ditari.

1934 599 2101 673 valde
2130 602 2411 673 imperitus
2440 614 2518 655 est
2552 605 2822 668 nte-licus,
2867 608 2954 673 qui
2986 606 3128 656 nulla
3166 604 3268 655 uiSi
3304 606 3439 659 Penia

1860 670 2211 722 medicamina
2245 674 2373 724 dare
2405 675 2569 724 novit.

1859 808 1869 819 .
1936 740 2318 819 Verecundiam
2350 742 2639 810 abjit-iens,
2682 757 2869 797 omnes
2898 741 3058 796 simul
3089 738 3313 794 virtutes
3348 741 3440 796 ab—

1851 821 2001 877 jecit.

1930 879 2019 931 Vix
2053 880 2332 947 quisquam
2364 882 2413 933 in
2447 880 2642 934 bonum
2676 883 2890 947 transit,
2924 883 3027 936 nisi
3058 897 3119 935 cx
3156 883 3318 933 malo.

1924 948 2136 1002 Variam
2165 950 2294 1002 tlant
2320 953 2426 1001 otia
2459 963 2709 1004 utentem.

1927 1019 2094 1071 Vilius
2123 1030 2400 1087 argentum
2433 1032 2507 1074 est
2540 1037 2693 1084 auro,
2727 1022 3010 1074 virtutibus
3040 1037 3253 1073 aurum.

1924 1087 2116 1142 Vivere
2146 1091 2189 1141 si
2222 1098 2364 1142 recte
2395 1093 2592 1155 nescis,
2626 1092 2828 1145 decede
2862 1091 3069 1156 peritis.

1928 1157 2164 1211 Virtutes
2193 1160 2350 1211 varia:
2383 1163 2580 1223 pariter
2608 1169 2834 1227 possunt
2865 1162 3125 1213 habitare.

1922 1228 2101 1280 Virtus
2130 1238 2212 1281 est
2240 1232 2473 1296 grandis,
2510 1232 2827 1283 liencdirere
2863 1249 2957 1294 pro
2993 1230 3314 1284 maledictis.

1926 1297 2015 1349 Vis
2046 1298 2231 1366 ingens
2258 1301 2449 1363 animi,
2478 1300 2672 1352 nullius
2703 1302 2857 1353 laude
2890 1306 3113 1353 moveri.

159 1423 3428 1461 ΜΨ

860 1545 2112 1659 VENERABILIS
2187 1552 2715 1663 BEDE

1564 1741 2052 1801 PRESBYTER!

236 1916 554 2116 DE
713 1915 2394 2231 SUBsTANTIIs
2543 1924 3374 2130 LIBER.

1518 2356 2091 2433 PROLOGUS.

1671 2536 1945 2551 —

226 2621 451 2691 Sancth
471 2619 723 2691 Ecclesia:
755 2622 1127 2676 munusculum
1168 2620 1380 2687 aliquod
1416 2619 1607 2673 offerre
1638 2635 1733 2673 cu-
1773 2626 1810 2681 Β
1843 2633 1968 2676 nuta
2006 2624 2173 2675 vidua:
2221 2622 2554 2691 paupercula:
2602 2624 2779 2677 oblata
2829 2625 2939 2680 Deo
2990 2627 3156 2689 ipsius
3207 2629 3415 2683 Domini

145 2694 332 2759 piens,
363 2689 539 2744 sed.in
572 2705 730 2741 manu
762 2705 876 2743 mea
904 2692 975 2743 nil
1002 2693 1273 2754 reperiens
1300 2700 1494 2756 prater
1517 2706 1731 2755 parvam
1772 2726 1779 2733 -

151 2759 398 2815 dictandi
429 2768 591 2825 atque
631 2759 896 2813 scribendi
943 2760 1226 2822 notitiam,
1280 2761 1416 2811 hanc
1466 2763 1631 2821 ips'tm
1679 2761 1729 2813 in

145 2831 280 2898 ejus
308 2830 583 2898 servitium
616 2830 737 2881 volo
766 2839 1039 2889 coaptare.
1070 2840 1324 2894 quantum
1358 2827 1613 2881 Dominus
1642 2828 1727 2879 di-

146 2896 353 2968 gnatur
382 2896 656 2964 adjuvare.
708 2898 957 2953 Scribere
984 2900 1124 2953 eniui
1158 2900 1327 2963 gestio
1362 2914 1454 2963 pro
1482 2898 1725 2951 admoui-

149 2972 309 3023 tione
353 2980 666 3020 cunctorum
716 2968 994 3033 fidelium,
1054 2968 1417 3021 admonitione
1467 2968 1728 3021 duntaxat

149 3039 536 3105 indigentium,
568 3038 815 3091 dividens
844 3053 935 3091 eos
969 3044 1019 3090 in
1050 3039 1182 3090 duas
1216 3052 1472 3101 ρετ-οπως
1499 3038 1727 3090 clerico-

146 3125 277 3162 rum
308 3118 363 3171 et
394 3107 673 3171 laicorum,
713 3122 1096 3176 assumensque
1126 3108 1190 3158 ad
1226 3109 1327 3159 hoc
1357 3108 1569 3171 utrique
1604 3120 1725 3170 pcr-

145 3193 307 3232 sonze
352 3191 583 3243 congrua
634 3177 865 3239 monita,
920 3175 1023 3242 per
1059 3191 1177 3241 quae
1227 3190 1255 3227 a
1305 3175 1611 3227 carnalibus
1658 3176 1722 3227 ad

140 3246 470 3313 spiritualia,
495 3258 525 3297 a
549 3244 845 3299 visibilibus
867 3248 931 3299 ad
956 3244 1233 3298 invisibi'ia
1260 3247 1465 3311 possint
1484 3260 1551 3305 an
1577 3260 1719 3299 mum

141 3316 508 3383 suspendere,
542 3325 594 3368 et
625 3329 855 3373 superna
886 3317 1217 3376 conspicere,
1250 3317 1384 3368 sicut
1412 3326 1465 3368 et
1492 3320 1719 3383 Aposto—

139 3387 229 3440 lus
254 3382 393 3439 dicit
421 3400 432 3435 :
468 3382 755 3437 Inmibilia
784 3385 917 3437 enim
948 3384 1041 3437 Dei
1068 3400 1155 3451 per
1185 3400 1244 3437 ea
1270 3400 1383 3450 quae
1414 3389 1549 3452 facta
1578 3395 1717 3449 sunt,

133 3456 410 3509 intellecta
439 3455 844 3519 conspiciuntur.
893 3454 1055 3521 Cujus
1099 3454 1257 3505 studii
1300 3455 1499 3507 oblatio
1532 3470 1719 3522 precor

138 3540 210 3578 no
240 3526 332 3578 cui
361 3523 572 3591 indigna
598 3522 855 3586 videatur,
882 3526 1027 3589 quia,
1052 3533 1106 3577 ut
1130 3522 1339 3591 legitur,
1369 3525 1431 3575 ad
1462 3527 1716 3589 templum

1842 2694 2008 2744 nostri
2040 2692 2165 2745 Jesu
2199 2694 2395 2745 Christi
2431 2694 2738 2745 testimonio
2769 2695 3155 2761 approbantur.
3217 2698 3418 2754 Precor

1836 2774 1881 2813 ei
1920 2762 2047 2812 illud
2083 2772 2137 2819 ut
2166 2763 2208 2813 si
2241 2763 2521 2828 quisquam
2553 2762 2604 2814 in
2638 2763 2720 2814 his
2752 2779 2869 2827 quia
2901 2765 3075 2818 dicam
3113 2770 3193 2819 vi-l
3228 2772 3421 2825 melius

1834 2832 2050 2891 sentiat,
2076 2834 2153 2884 vel
2180 2834 2351 2899 aptius
2374 2832 2561 2883 eadem
2594 2832 2832 2897 proferre
2856 2835 2971 2888 vale
2989 2846 3049 2895 ll,
3082 2853 3185 2889 non
3215 2838 3377 2890 idcirr
3402 2858 3419 2889 ι

1834 2901 2148 2973 rusticitatis
2177 2917 2307 2973 mea!
2338 2902 2559 2973 verbttla
2591 2903 2698 2954 cito
2738 2903 3134 2968 reprehendat,
3169 2924 3322 2973 quia,
3362 2922 3416 2962 ut

1832 2970 2046 3032 quidam
2076 2972 2289 3031 sapiens
2318 2972 2482 3024 dicit:
2519 2972 2630 3023 Non
2663 2974 2841 3023 omnia
2876 2989 3157 3036 possumus
3194 2970 3433 3033 omnes,

1829 3037 1961 3113 Nam
1996 3039 2044 3092 si
2076 3040 2165 3113 ille
2208 3042 2453 3093 eamdem
2504 3041 2824 3113 sententiam
2872 3041 3029 3109 juxta
3084 3046 3279 3113 ingenii
3331 3050 3412 3103 sui

1829 3107 1970 3161 vires
2003 3110 2193 3161 melius
2223 3125 2381 3176 quam
2413 3124 2511 3176 ego
2545 3109 2787 3175 proferre
2821 3107 2998 3175 posset
3021 3154 3035 3172 .
3081 3107 3305 3168 forsitan
3359 3129 3415 3172 et

1828 3177 1964 3231 alter
1987 3180 2177 3246 aliquis
2208 3180 2297 3232 illo
2320 3180 2614 3248 sapientior
2642 3181 2996 3236 excellentius
3022 3187 3261 3245 proferre
3287 3202 3412 3239 nos-

1828 3258 1929 3319 set.
1981 3248 2358 3319 Unusquisque
2388 3265 2519 3319 ergo
2548 3251 2597 3303 in
2630 3265 2727 3303 suo
2756 3264 2920 3303 sensu
2954 3253 3192 3305 abundut
3213 3294 3228 3316 ,
3260 3265 3413 3308 tanto

1828 3318 2059 3381 majores
2116 3320 2225 3373 Deo
2276 3318 2729 3387 agens’gratias,
2783 3333 2984 3386 quanto
3014 3321 3414 3378 excellentintis

1825 3388 2066 3441 scientiae
2101 3392 2361 3442 talentum
2396 3391 2463 3442 ab
2493 3405 2557 3443 eo
2586 3390 2832 3453 accepit;
2877 3391 3420 3456 sitnulque‘attendat

1824 3460 1945 3522 quia
1976 3460 2084 3512 Deo
2112 3461 2277 3525 magis
2304 3460 2519 3525 placent
2550 3460 2745 3511 rustica
2775 3458 3055 3511 humilium
3085 3462 3224 3513 dicta
3252 3478 3321 3526 qu
3341 3477 3410 3515 im

1824 3527 2021 3579 eximia
2050 3529 2347 3581 verbositas
2379 3532 2765 3594 arrogantium,
2796 3541 2843 3582 et
2880 3528 2930 3583 in
2963 3532 3238 3585 smcularis
3268 3532 3410 3587 litte-

138 3592 361 3669 Domini
387 3594 653 3669 quondam
682 3594 822 3669 inter
842 3593 1065 3669 insignia
1089 3604 1141 3646 et
1167 3595 1547 3669 pretiosissima
1570 3596 1710 3669 dona

136 3662 511 3716 «(ferebantur
541 3663 703 3716 etiam
738 3662 870 3717 viles
902 3663 989 3730 pili
1022 3662 1299 3729 caprarum
1328 3678 1343 3727 ;
1393 3673 1442 3716 ct
1486 3663 1589 3715 duo
1618 3662 1718 3715 iiii-

918 3840 1184 4062 DE
1286 3817 2623 4063 SUBSTANTIIS.

202 4167 524 4225 Substantia
569 4166 727 4234 igitur
773 4181 891 4233 qua:
934 4181 1026 4234 per
1054 4182 1111 4221 se
1137 4167 1254 4221 sine
1286 4167 1441 4221 ullius
1480 4168 1707 4223 admini-
1739 4166 1782 4225 C
1817 4168 2079 4219 rationem
2107 4168 2285 4220 datam
2315 4165 2526 4218 ﬂectere
2551 4172 2789 4230 qnennt:
2826 4163 2926 4215 soli
2959 4163 3204 4217 homines
3231 4168 3409 4224 adhuc

131 4240 265 4293 culo
293 4236 590 4290 subsistere
621 4237 781 4297 valet,
817 4236 954 4289 Deus
986 4238 1321 4290 solummodo
1349 4247 1447 4291 est.
1493 4239 1583 4290 Illa
1617 4254 1709 4292 au-
1820 4245 2041 4294 restant.
2068 4236 2156 4303 qui
2182 4250 2492 4287 concessam
2525 4235 2747 4287 rationis
2778 4246 2828 4286 et
2862 4235 3065 4286 at'liitiii
3094 4236 3404 4291 facultatem

133 4320 247 4363 tem
280 4308 573 4361 substantia
606 4306 761 4373 cujus
792 4314 971 4367 tomm
996 4322 1117 4360 esse
1142 4309 1192 4359 in
1218 4308 1713 4361 alteriusronsistit
1816 4306 1882 4357 ad
1916 4318 2201 4367 utrumque
2230 4304 2499 4358 divertere
2535 4306 2766 4357 vah-ant.
2803 4304 2951 4357 Unde
2986 4318 3039 4357 et
3070 4305 3165 4370 ipsi
3197 4310 3403 4361 Solum-

131 4386 430 4445 potestate,
454 4391 699 4445 creatura
731 4375 972 4445 profecto
997 4390 1115 4429 esse
1140 4376 1411 4442 probatur.
1444 4377 1547 4431 Sed
1574 4375 1719 4430 sic!!!
1817 4373 1978 4427 modo
2009 4373 2306 4427 instruendi
2336 4383 2393 4427 et
2421 4376 2745 4445 admonendi
2780 4384 2938 4445 sunt,
2988 4386 3041 4426 ut
3074 4375 3406 4445 sihijugitcr

129 4443 322 4501 divina
352 4447 654 4499 substantia
685 4444 738 4496 in
773 4444 943 4496 tribus
971 4456 1177 4497 constat
1210 4444 1474 4509 personis,
1517 4447 1710 4508 Patris,
1816 4453 2181 4510 proponentes
2212 4455 2501 4511 utrosque,
2553 4443 2723 4496 bonos
2766 4443 2973 4495 scilicet
3004 4454 3052 4495 et
3090 4443 3261 4494 malos
3292 4446 3405 4509 spi-

128 4524 186 4570 et
218 4516 370 4575 Filii,
402 4525 453 4566 et
483 4514 714 4579 Spiritus
741 4514 934 4581 sancti,
977 4515 1044 4567 ita
1087 4522 1143 4566 et
1180 4522 1426 4567 creatura
1454 4516 1628 4569 omnis
1660 4518 1710 4569 iii
1817 4515 1972 4578 ritus,
1996 4514 2196 4581 eligant
2218 4517 2393 4581 potius
2415 4515 2677 4567 bonorum
2704 4518 2895 4564 merita
2920 4512 3096 4581 sequi,
3118 4516 3402 4577 praeceptis

1817 4583 2013 4637 divinis
2046 4580 2375 4646 o’bediendo,
2422 4598 2581 4648 quam
2613 4585 2873 4633 malorum
2907 4580 3077 4645 poenis
3117 4584 3399 4645 assuciari,

1814 4652 1861 4705 ei
1912 4654 2214 4707 resistendo
2262 4655 2377 4705 sine
2436 4665 2543 4717 quo
2584 4664 2743 4703 nemo
2792 4658 2966 4717 potest
3010 4650 3227 4701 salvari.
3286 4652 3396 4705 lloc

1815 4721 1978 4787 igitur
2008 4722 2077 4775 sit
2109 4721 2375 4786 primum,
2421 4720 2562 4787 quod
2594 4734 2781 4772 omnes
2829 4719 3072 4771 homines
3120 4722 3399 4772 hortamur

1812 4788 2110 4863 intentione
2132 4790 2751 4863 maximaiconsiderare.
2785 4790 2943 4841 Same
2962 4802 3196 4863 namque
3226 4792 3393 4863 ini-nti

1814 4857 2141 4927 integraque
2191 4862 2383 4913 rationi
2436 4860 2607 4924 ipsum
2662 4859 2832 4927 solum
2887 4858 3140 4911 sufficere
3191 4857 3393 4923 posset,

1811 4926 2019 4983 etiamsi
2054 4926 2195 4983 nulla
2227 4931 2332 4982 alia
2364 4927 2629 4981 tremendi
2673 4926 2853 4993 judicii
2900 4928 3143 4995 exempla
3188 4929 3389 4981 nosset.

1812 4996 1917 5051 Sed
1962 4998 2085 5064 quia
2131 4998 2469 5051 adversarius
2517 5008 2703 5049 noster
2741 4997 2987 5050 diabolus
3021 5009 3272 5059 tanquam
3307 4996 3389 5048 leo

1813 5068 2030 5135 rugiens
2057 5070 2249 5120 circuit
2273 5068 2470 5134 jugiter
2500 5083 2750 5133 quaerens
2781 5082 2936 5135 quem
2973 5068 3235 5135 devoret,
3277 5066 3391 5135 plu-

1808 5133 2002 5200 resque
2034 5135 2173 5189 inter
2203 5145 2279 5187 tot
2308 5133 2473 5189 millia
2511 5133 2824 5200 hominum,
2874 5139 3004 5203 proh
3048 5134 3199 5186 dolor
3225 5133 3238 5185 !
3262 5134 3387 5193 frao

1809 5206 1942 5284 giles
1965 5220 2123 5284 quam
2149 5203 2317 5259 fortes
2344 5218 2527 5260 contra
2558 5208 2810 5284 eumdem
2832 5202 3197 5284 adversarium
3213 5204 3390 5284 modo

1809 5272 2188 5329 inveniuntur:
2236 5291 2369 5341 Opus
2412 5284 2497 5330 est
2542 5282 2749 5330 cunctis
2781 5274 3026 5328 fidelibus
3073 5281 3129 5323 ut
3178 5280 3230 5324 et
3281 5272 3382 5340 ipsi

1810 5344 2205 5399 circumeuntes
2256 5357 2669 5413 quaerentesque
2695 5344 2927 5413 qualiter
2955 5349 3106 5395 tanto
3136 5342 3390 5413 resistant

1810 5413 2120 5468 adversario
2150 5411 2375 5469 invicem
2406 5430 2464 5469 se
2495 5417 2659 5468 variis
2691 5412 2862 5465 modis
2895 5412 3158 5465 instruant
3200 5422 3253 5465 et
3292 5411 3387 5463 ad-

1810 5493 2077 5547 moneant,
2112 5500 2179 5539 ne
2212 5486 2450 5540 Ecclesia
2483 5493 2663 5536 sancta
2693 5486 2793 5535 sub
2824 5484 3087 5546 temporis
3118 5479 3376 5549 praeteriti

1808 5554 2043 5618 partibus
2076 5555 2212 5608 bene
2241 5554 2454 5608 fundata
2486 5563 2539 5606 et
2566 5552 2804 5616 suli'ulta,
2830 5554 3043 5620 penitus
3072 5550 3383 5604 destruatur

1806 5625 1906 5691 sub
1938 5625 2269 5690 temporibus
2301 5623 2517 5687 nostris,
2552 5623 2605 5676 in
2643 5619 2840 5691 quibus
2880 5622 3031 5675 mille
3079 5620 3232 5691 annis
3280 5619 3383 5671 im-

1807 5690 1963 5760 pletis
2004 5689 2157 5759 juxta
2206 5692 2537 5760 prophetiam
2589 5694 2639 5747 in
2664 5689 2992 5760 Apocalypsi
3023 5689 3335 5760 praediola"!
3366 5728 3382 5751 ο

1805 5756 2032 5814 Satanas
2060 5756 2261 5815 solutus
2290 5756 2408 5817 esse
2434 5764 2662 5819 videtur.
2711 5763 2827 5816 Non
2857 5756 3002 5837 enim
3026 5756 3379 5815 solummodo

1823 3606 2018 3650 ratum:
2049 3612 2240 3665 pompa
2271 3598 2635 3667 gloriantium.

134 4587 317 4639 tribus
348 4584 507 4637 distat
536 4580 871 4636 dilfercn'iis.
909 4585 1012 4635 Aut
1041 4583 1179 4635 enim
1210 4592 1293 4635 est
1323 4585 1621 4650 rationalis,
1657 4597 1714 4640 ut

130 4656 365 4722 angelici
409 4654 627 4720 spiritus
667 4661 721 4705 et
763 4653 963 4722 homo;
1008 4661 1099 4703 aut
1134 4651 1407 4717 animalis,
1448 4662 1507 4707 ut
1535 4657 1710 4709 omnia

128 4720 255 4793 qui
286 4723 416 4777 flatu
448 4723 591 4777 vitali
624 4723 741 4776 sine
771 4720 975 4793 ratione
1004 4723 1309 4793 potiuntur;
1346 4735 1435 4776 aut
1466 4738 1709 4776 neutrum

128 4790 235 4858 est,
260 4794 472 4846 habens
506 4790 875 4859 tantummodo
902 4804 1039 4852 esse,
1070 4800 1129 4843 ut
1155 4791 1374 4845 arbores
1401 4802 1457 4845 et
1481 4793 1708 4859 lapides.

132 4862 294 4918 Unde
322 4862 542 4914 omnino
573 4868 734 4926 patet,
762 4858 883 4924 quia
910 4862 1084 4911 omnis
1109 4869 1350 4912 creatura
1387 4861 1517 4925 Deo,
1538 4858 1575 4912 7a
1601 4876 1711 4927 quo

128 4946 297 4985 omne
342 4930 481 4997 quod
525 4939 605 4982 est
651 4928 848 4997 habet,
899 4941 959 4980 se
1001 4943 1210 4997 quoque
1256 4930 1483 4984 subdere
1526 4930 1707 4987 debet.

131 5001 306 5067 Cujus
339 4996 589 5053 nimirum
634 4996 982 5063 subiectionis
1014 5000 1151 5051 ratio
1181 5008 1235 5052 et
1262 5002 1606 5053 observantia
1640 5001 1707 5054 ad

130 5071 310 5122 solam
360 5069 676 5121 rationalem
718 5080 1018 5123 creaturam
1072 5068 1333 5135 pertinet,
1386 5072 1437 5133 id
1478 5079 1597 5135 est,
1642 5072 1709 5123 ad

134 5137 363 5206 angelos
390 5148 440 5189 et
472 5136 734 5206 homines.
767 5136 915 5189 Sicut
940 5140 1082 5190 enim
1111 5138 1161 5190 hi
1191 5138 1289 5191 soli
1320 5139 1530 5193 caeteris
1556 5155 1711 5193 ctea-

137 5205 280 5263 turis
310 5205 714 5261 excellentiores
742 5213 865 5257 sunt
892 5206 1125 5269 conditi,
1180 5207 1249 5259 ita
1302 5210 1461 5261 etiam
1508 5209 1576 5260 ab
1626 5210 1709 5263 his

132 5277 268 5329 solis
296 5277 525 5344 exigitur
551 5275 813 5340 subiectio
852 5284 905 5328 et
940 5276 1147 5328 cultura
1193 5275 1284 5329 Dei
1308 5316 1325 5338 ,
1376 5286 1432 5331 et
1475 5286 1565 5330 aut
1615 5293 1709 5341 pro

132 5346 489 5408 subiectionis
538 5344 716 5398 studio
769 5352 1207 5408 remunerantur,
1258 5355 1350 5398 aut
1403 5362 1499 5411 pro
1548 5362 1706 5410 repu-

130 5415 349 5481 gnantia
377 5425 540 5479 atque
580 5414 827 5480 superbia
864 5412 1170 5480 puniuntur.
1226 5414 1330 5467 Sed
1362 5415 1483 5481 quia
1516 5414 1703 5481 hujus-

131 5484 276 5537 επιΔί
296 5481 565 5552 judicium
592 5483 643 5534 in
666 5481 1218 5552 angelicisspiritibus
1245 5483 1351 5547 jam
1374 5481 1571 5535 factum
1595 5491 1697 5545 est,

131 5565 254 5607 nam
284 5551 503 5621 quidam
534 5566 719 5604 eorum
738 5565 870 5621 pro.
892 5551 1209 5621 obedientiae
1238 5566 1349 5605 sure
1376 5552 1597 5621 meritis
1628 5553 1697 5621 ita

129 5619 481 5691 sempiternae
511 5619 834 5691 beatitudini
859 5630 979 5673 sunt
1010 5620 1269 5691 deputati,
1306 5630 1363 5673 ut
1394 5620 1521 5673 nihil
1552 5620 1697 5691 aliud

127 5688 287 5753 quam
316 5692 515 5745 bonum
534 5689 675 5744 velle
695 5688 921 5757 possint,
942 5689 1153 5755 quidam
1180 5688 1304 5743 vero
1328 5704 1425 5757 pro
1445 5688 1696 5755 superbia

131 5757 183 5811 iu
211 5770 447 5815 nternas
472 5772 660 5828 pmnas
698 5755 921 5827 projecti
947 5796 961 5821 ,
1011 5759 1075 5811 ad
1120 5759 1258 5813 nulla
1306 5755 1405 5813 nisi
1452 5758 1517 5813 ad
1560 5757 1694 5814 maia
