3868 6256
182 374 308 434 1121

1382 383 1469 438 DE
1508 379 1947 439 SUBSTANTIIS
1987 377 2207 434 LIBER.

3286 376 3421 433 Nil

173 490 445 560 concessis
496 488 918 558 intemperanter
960 498 1204 559 utuntur,
1244 506 1271 545 a
1319 508 1486 560 regno
1538 494 1745 548 cmlesti
1778 498 1823 554 Α
1852 488 2182 543 Creatorem.
2216 484 2345 540 Nam
2376 485 2455 539 sol
2477 485 2745 560 duntaxat
2787 496 2985 541 tantum
3036 497 3205 557 potest
3237 489 3425 555 splen-

172 559 547 631 esclttdtiiitur,
587 561 710 628 quid
756 562 1075 614 credendum
1126 574 1203 615 est
1254 562 1322 615 de
1377 564 1481 616 illis
1511 566 1599 631 qui
1653 580 1746 631 per

180 629 290 700 vim
322 640 376 683 et
401 628 637 683 'raudeni
661 632 888 700 aliquam
912 632 1083 683 aliena
1110 634 1393 698 rapientes,
1420 643 1473 686 et
1505 628 1748 687 lucrari-

172 699 327 752 cibus
343 699 831 771 semetjuiigentes,
850 703 898 752 in
918 700 996 751 liis
1022 716 1183 767 usque
1211 707 1273 753 ad
1304 701 1599 755 ﬁllelNVilth
1627 720 1747 771 pcr-

172 769 461 840 severaut?
493 768 623 821 Hine
654 772 837 822 credat
866 772 1084 836 quisque
1109 772 1246 836 quod
1280 774 1425 837 velit,
1456 788 1555 840 ego
1586 768 1749 826 credo

174 839 294 903 quia
324 840 507 889 celum
535 849 580 889 et
610 850 745 890 terra
791 841 1098 905 transibunt,
1125 842 1270 892 verba
1318 839 1508 905 utilem,
1571 844 1747 895 divina

176 922 277 957 non
325 908 625 977 transibunt,
682 909 782 961 nisi
836 918 893 961 ut
938 912 1251 975 impleantur
1304 913 1441 963 sicut
1497 915 1747 977 praedicta

176 986 319 1030 sunt.
353 976 474 1028 Hice
506 978 664 1045 igitur
703 992 866 1045 pauca
894 980 1279 1032 exhortationis
1324 976 1505 1033 verba
1532 982 1597 1033 ad
1642 984 1750 1034 cle-

176 1059 299 1129 runi
319 1046 484 1129 dicta,
520 1050 717 1126 Idcirco
740 1064 804 1127 es
836 1050 1171 1129 sanctissimo
1188 1050 1591 1129 [Qvatigeliorum
1617 1052 1752 1104 libro

176 1114 417 1185 profeire
446 1116 678 1177 decrevi,
721 1118 838 1183 quia
868 1118 988 1169 talis
1016 1119 1148 1170 liber
1186 1114 1393 1172 clericis
1424 1135 1555 1185 pene
1581 1128 1753 1173 omni-

177 1184 275 1258 bus
302 1188 610 1258 uictissimus
631 1194 734 1251 est,
773 1196 954 1254 utpote
986 1187 1071 1255 qui
1098 1185 1289 1255 sapius
1336 1184 1526 1258 legitur
1570 1200 1622 1243 et
1653 1208 1747 1244 au-

176 1254 316 1305 ditur
336 1254 405 1306 ab
426 1257 523 1307 eis.

252 1322 480 1394 Possunt
508 1326 667 1377 etiam
696 1324 913 1377 studiosi
954 1325 1174 1394 quilibet
1202 1327 1513 1383 cleriCurum
1558 1344 1619 1383 ex
1664 1345 1753 1381 va—

179 1393 259 1445 ria
289 1392 560 1461 Scriptura
594 1404 700 1447 tam
717 1394 924 1447 Veteris
952 1392 1109 1461 quam
1130 1396 1258 1447 Novi
1282 1398 1605 1452 Testanienti
1623 1400 1752 1451 satis

178 1461 395 1521 instrui,
427 1476 606 1516 etnon
634 1466 804 1516 solum
852 1480 912 1517 ex
958 1463 1131 1527 bonis,
1174 1466 1263 1517 sed
1312 1468 1474 1519 etiam
1505 1486 1565 1520 ex
1598 1469 1752 1521 malis

180 1530 457 1605 adiﬁcari.
486 1532 542 1584 Si
573 1534 717 1605 enim
773 1537 1044 1586 attendere
1074 1536 1373 1587 studuerint
1426 1538 1554 1589 Abel
1597 1537 1752 1605 justi-

182 1608 337 1663 tiam,
368 1601 468 1654 Job
491 1603 818 1668 patientiam,
861 1606 1212 1655 venerandam
1244 1605 1492 1668 Abrahae,
1525 1601 1669 1659 lsa'ac
1699 1616 1752 1660 ct

183 1668 349 1724 Jaciib
381 1671 832 1738 benedictionem,
859 1686 885 1723 a
913 1671 1020 1723 Deo
1048 1673 1145 1725 sibi
1175 1673 1361 1725 laetam
1400 1691 1411 1726 :
1451 1676 1609 1727 David
1656 1680 1755 1728 liu-

180 1741 478 1812 tnilitatein,
510 1738 742 1793 Danielis
782 1751 835 1793 et
866 1742 1021 1793 trium
1052 1756 1332 1807 puerorum
1358 1745 1737 1812 constantiam,

180 1811 438 1862 Susanna:
470 1812 785 1873 castitatem,
819 1822 1090 1878 utriusque
1118 1812 1317 1875 Tobias,
1343 1816 1509 1879 patris
1538 1818 1746 1869 seiliei-t

179 1886 236 1949 et
284 1879 374 1930 lilii
425 1879 769 1947 religionem,
828 1880 1155 1949 aliorumque
1200 1890 1403 1947 patrum
1464 1887 1516 1936 in
1568 1884 1742 1938 Veteri

179 1947 525 2001 Testamento
579 1949 989 2014 perfectionem;
1038 1947 1104 2015 si,
1162 1951 1411 2017 inquam,
1470 1958 1742 2007 attendere

182 2019 449 2069 voluerint
498 2017 677 2070 talium
721 2022 951 2070 virorum
994 2021 1253 2085 exempla,
1305 2022 1554 2074 mdilicari
1597 2026 1741 2078 omni

181 2089 344 2139 modo
374 2099 609 2153 possmit.
654 2088 880 2139 Rursum
926 2089 968 2139 si
1017 2099 1230 2141 econtra
1287 2094 1547 2144 malorum
1599 2105 1741 2157 gesta

186 2158 448 2222 replicare
472 2158 753 2217 voluerint,
782 2168 1030 2225 quantam
1061 2161 1300 2211 videlicet
1326 2164 1580 2213 malitiam
1613 2163 1739 2215 Cain

180 2224 233 2277 in
268 2230 481 2279 fratrem
511 2241 665 2278 suum
712 2224 899 2294 egerit,
934 2242 1027 2291 pro
1065 2229 1254 2295 quibus
1304 2233 1534 2297 peccatis
1580 2234 1746 2283 Sudo-

183 2298 325 2364 mitze
350 2300 587 2348 SttherSi
631 2298 769 2359 sint;
820 2298 1045 2364 qualiter
1075 2299 1557 2352 Nabuchodonosor
1586 2301 1746 2354 liulu-

184 2362 425 2431 iernique
473 2368 717 2431 superbia
772 2362 994 2417 coiitiita
1029 2366 1116 2427 sit,
1167 2383 1324 2433 quam
1361 2372 1523 2421 variis
1573 2375 1742 2425 modis

182 2444 575 2504 murmurantes
608 2437 698 2486 lilii
729 2434 887 2486 Israel
909 2435 1086 2487 alllicti
1109 2436 1234 2498 sint,
1274 2439 1395 2504 quid
1429 2439 1539 2489 Ileli
1564 2453 1744 2493 sacer-

181 2503 323 2553 dOtis
354 2502 447 2555 lilii
476 2516 779 2573 peccantes
827 2508 1159 2569 pertulerint,
1196 2502 1461 2573 quomodo
1493 2508 1741 2562 Βςλιιιιιὶηη

180 2572 606 2644 sapientissimus
628 2575 910 2637 Ceciderit,
941 2572 1293 2644 quantamque
1335 2579 1538 2629 ruinam
1572 2578 1744 2631 Alisa-

180 2643 271 2692 lon
298 2652 352 2694 et
379 2644 484 2695 duo
506 2644 709 2709 judices
742 2654 922 2696 contra
954 2643 1257 2697 Susannanr
1292 2647 1613 2700 insanientes
1638 2665 1746 2701 me-

182 2714 423 2775 ruerint;
470 2727 627 2778 quain
661 2717 850 2765 lrustra
892 2717 1111 2767 lleroniis
1152 2725 1204 2766 et
1246 2715 1549 2768 Judmoruin
1596 2720 1745 2770 dolus

179 2780 235 2831 in
271 2781 538 2833 Clitistuin
571 2794 862 2854 tnsanierlt,
887 2794 1082 2854 quanta
1111 2786 1308 2854 _lnalitia
1340 2785 1528 2837 S.mon
1562 2788 1743 2854 Magus

178 2852 482 2902 obcaecatus
515 2852 729 2917 perierit
762 2868 775 2904 :
810 2852 932 2920 quid
984 2852 1120 2904 aliud
1172 2868 1265 2919 per
1310 2862 1452 2906 tanta
1500 2852 1746 2909 "lilia—Ill-

183 2923 391 2982 nuitur,
423 2924 525 2972 nisi
578 2931 631 2972 ut
678 2923 951 2979 audientes
1010 2927 1245 2986 timeant,
1294 2934 1348 2975 et
1379 2928 1628 2978 timentes
1658 2943 1745 2979 ca-

184 3000 349 3041 Veant
378 3005 442 3041 ne
484 2992 535 3043 in
565 2992 757 3042 similia
788 2991 1013 3043 cadant?
1052 2989 1265 3044 Plurimi
1295 3008 1521 3060 namque
1549 2998 1647 3047 nisi
1684 3004 1743 3047 ti-

179 3073 335 3121 more
379 3064 846 3125 ciinipellerentur,
898 3064 1040 3112 nullo
1071 3063 1225 3114 modo
1255 3064 1321 3113 ad
1367 3064 1592 3115 salutent
1641 3074 1746 3116 tra-

180 3127 633 3201 herentnrtPatet
662 3131 819 3196 igitur
862 3146 979 3198 quia
1014 3141 1114 3180 tam
1146 3145 1238 3201 per
1278 3132 1408 3182 nia‘la
1450 3148 1606 3199 quam
1651 3150 1744 3201 per

181 3199 321 3248 bona
364 3200 610 3249 aediﬁcari
643 3214 937 3273 pos‘sum‘us,
969 3200 1015 3273 si
1049 3213 1109 3250 ea
1133 3200 1225 3273 _i:a
1254 3208 1309 3252 ut
1344 3216 1369 3250 a
1401 3202 1622 3254 Domino
1652 3199 1741 3255 or-

177 3272 454 3346 t.‘illﬂlllUi‘,
490 3282 790 3346 penSatnus.
845 3268 985 3320 Naui'
1024 3278 1077 3345 ut
1133 3268 1289 3320 Deum
1332 3286 1588 3346 amemus,
1652 3289 1743 3346 per

178 3336 229 3387 ι».
256 3351 321 3385 na
355 3340 644 3399 tralititiur;
679 3340 771 3389 sed
813 3347 1006 3391 uteunl
1038 3341 1331 3404 timeamus,
1363 3355 1454 3406 per
1486 3343 1619 3392 mala
1644 3336 1741 3394 ali-

176 3420 286 3471 qua
344 3411 730 3474 compellimur.
768 3407 913 3460 Unde
940 3418 1212 3479 quaesout
1264 3419 1313 3460 et
1354 3425 1413 3469 ea
1470 3428 1584 3476 qua:
1633 3415 1741 3479 jam

181 3478 402 3549 protuli,
434 3492 484 3529 et
510 3480 609 3532 alia
640 3481 721 3529 liis
752 3479 955 3549 _siniilta
1004 3479 1054 3528 in
1106 3478 1399 3546 Evangelits
1430 3478 1743 3549 scriptam-

179 3548 422 3596 teiitiaie
484 3561 690 3610 summa
750 3547 1004 3613 legantur,
1057 3557 1108 3598 et
1152 3563 1266 3615 qua:
1297 3550 1452 3602 nobis
1502 3547 1623 3603 sunt
1677 3553 1744 3604 ia-

176 3615 371 3666 cienda
405 3629 467 3666 ett
498 3630 681 3668 eorum
717 3617 943 3669 lectione
977 3620 1313 3683 aliquatenus
1370 3622 1737 3685 inspiciuntur.

180 3685 389 3743 Deinde
420 3690 707 3749 exhortans
736 3695 788 3737 et
832 3688 992 3738 laicus
1023 3702 1123 3737 non
1154 3700 1245 3739 eos
1293 3691 1356 3741 ad
1400 3692 1548 3741 ullius
1602 3692 1743 3744 Syri-

181 3762 358 3820 ptura:
384 3760 682 3819 lectionem,
715 3758 832 3822 quia
876 3760 976 3808 illis
1018 3758 1189 3822 iguota
1219 3767 1317 3821 est,
1366 3762 1602 3824 adduco;
1651 3762 1742 3813 sed

180 3835 239 3875 nt
268 3840 299 3873 a
328 3827 809 3895 clericislquiedaiu
864 3842 959 3892 pro
1012 3830 1324 3891 qtnitidiatiis
1364 3842 1744 3895 CXpel'Illlelllls

173 3894 413 3959 cignitie
466 3896 840 3947 similitudines
895 3908 1194 3961 alienantur
1243 3894 1489 3950 obsecro.
1532 3898 1744 3950 Dicatur

174 3965 365 4030 itaque
398 3964 492 4026 eis,
521 3983 585 4016 ne
617 3982 711 4032 pro
743 3979 806 4017 eo
842 3971 977 4032 quod
1006 3964 1207 4019 litteras
1252 3969 1485 4032 nescitis,
1517 3982 1740 4019 excusa-

173 4038 384 4085 tionem
431 4038 661 4101 aliquam
716 4048 893 4088 coram
938 4032 1046 4087 Deo
1082 4050 1173 4087 vos
1221 4037 1415 4088 habere
1462 4040 1690 4089 credatis
1728 4054 1738 4087 :

170 4101 489 4153 ilittniantus
518 4107 667 4155 Vobis
710 4107 975 4171 quaedam,
1007 4105 1057 4155 in
1090 4106 1276 4172 quibus
1308 4108 1447 4159 velut
1487 4107 1537 4158 in
1588 4108 1741 4160 libris

169 4174 420 4237 quotidie
478 4173 702 4245 legendo
764 4186 1051 4245 agnoscere
1120 4177 1337 4241 potestis
1406 4177 1529 4244 quid
1586 4190 1742 4245 agere

167 4246 439 4310 delicatis.
476 4244 623 4294 Sicut
656 4244 813 4309 igitur
856 4257 982 4310 apes
1003 4243 1053 4294 iii
1087 4249 1239 4298 variis
1265 4244 1393 4303 ιυες
1425 4243 1478 4299 et
1508 4250 1558 4298 in
1584 4243 1741 4297 variis

167 4309 403 4362 ﬂoribus
420 4314 591 4363 mellis
613 4314 870 4379 liquorem
892 4309 1138 4379 Colligere
1159 4317 1349 4378 solent,
1366 4318 1433 4367 ita
1456 4328 1507 4369 et
1529 4330 1617 4367 vos
1636 4316 1742 4366 cnl-

167 4380 345 4446 ligere
368 4382 569 4433 debetis
597 4385 881 4448 cuiuslibet
923 4385 1128 4434 virtutis
1156 4386 1507 4437 dulcedinem.
1528 4386 1607 4435 Ab
1633 4384 1740 4434 atiu

164 4462 320 4499 enim
341 4452 635 4514 colligenda
659 4464 740 4502 est
756 4450 1043 4513 humilitas,
1074 4453 1139 4503 ab
1165 4456 1268 4503 alio
1284 4454 1536 4516 cbaritas,
1555 4456 1621 4504 ab
1633 4454 1739 4504 alio

1852 564 2002 624 dere,
2033 566 2286 623 quantum
2322 557 2647 623 permittitur
2695 558 2975 612 obstaculo
3005 572 3159 611 terrai
3192 561 3270 613 vel
3317 562 3417 615 alio

1851 628 2000 696 cujus
2044 629 2155 684 rei;
2207 628 2475 679 Creatoris
2526 642 2649 678 vero
2680 630 2930 693 splendor
2986 642 3065 683 εει
3121 630 3424 696 incompre-

1853 699 2144 761 hensibilis,
2188 707 2240 748 et
2294 697 2578 748 invisibilis
2626 697 2742 764 ejus
2788 698 3044 761 intuitus,
3093 716 3195 765 qun
3241 703 3421 754 omnia

1856 769 2141 834 przeteiita,
2174 768 2456 833 praesentia
2497 777 2547 817 et
2599 768 2765 817 futura
2793 768 2947 819 simul
2999 771 3147 833 quasi
3183 786 3286 821 uno
3316 771 3421 823 ictu

1852 837 1989 890 oculi
2021 836 2423 904 comprehcndit
2460 852 2472 887 :
2506 852 2611 903 quo
2642 837 2799 891 etiam
2832 838 3047 902 reSpicit
3088 854 3249 905 super
3280 840 3421 892 illius

1855 909 2145 966 hominum.
2174 918 2229 958 ut
2276 906 2452 957 videat
2481 905 2522 957 si
2550 918 2631 957 est
2680 905 2977 973 intell‘gcns
3022 920 3107 976 aut
3147 910 3422 976 requirens

1856 978 2038 1029 Deum.
2086 976 2184 1040 Qui
2236 975 2440 1027 scilicet
2499 977 2751 1040 splendor
2802 991 2903 1027 nun
2938 975 3035 1029 nisi
3085 986 3195 1027 toto
3228 975 3420 1032 cordis

1852 1046 2039 1097 aﬂ'ectu
2066 1047 2207 1097 eiedi
2240 1044 2322 1096 vel
2371 1050 2585 1111 agnosci
2634 1046 2792 1107 valet,
2842 1046 3057 1113 ejusque
3100 1048 3230 1099 lucis
3272 1058 3421 1100 tanto

1851 1118 2073 1183 quisque
2102 1128 2268 1180 capax
2298 1114 2416 1176 erit,
2449 1126 2648 1181 quanto
2690 1114 2739 1167 iit
2776 1115 2877 1166 lide
2904 1124 2960 1168 et
2998 1115 3278 1169 dilectione
3327 1119 3418 1171 Dei

1855 1184 2171 1252 proiceorit,
2220 1184 2490 1252 ipsiusque
2538 1183 2756 1250 justitize
2802 1187 3004 1237 eSnries
3050 1201 3112 1237 ac
3144 1187 3256 1238 sitis
3296 1202 3417 1241 eum

1854 1256 2174 1306 accenderit.
2208 1251 2357 1305 Unde
2401 1254 2467 1305 de
2499 1253 2580 1323 bis
2630 1255 2794 1323 tritius
2826 1257 2875 1305 in
2910 1253 3202 1323 Evangelio
3234 1256 3414 1311 Domi-

1854 1339 1953 1376 nus
1983 1324 2146 1385 dicu;
2178 1324 2243 1374 de
2276 1321 2618 1394 liilequidym
2654 1339 2666 1373 :
2697 1322 2897 1387 Omnia,
2937 1321 3123 1389 inquit.
3154 1327 3417 1394 possibilia

1852 1404 1966 1444 sunt
1998 1393 2254 1461 credenti;
2283 1391 2349 1443 de
2376 1390 2660 1442 dilectione
2689 1406 2863 1443 autem
2896 1409 2907 1444 :
2965 1394 3065 1458 Qui
3118 1390 3284 1461 diligit
3316 1412 3416 1459 me,

1854 1463 2092 1528 diligetur
2119 1478 2147 1510 τι
2184 1460 2335 1512 Patre
2359 1476 2486 1520 meo,
2514 1472 2559 1512 et
2586 1477 2675 1529 ego
2723 1462 2935 1528 diligant
2989 1478 3121 1525 euut,
3152 1460 3225 1515 et"
3249 1467 3417 1517 maui-

1855 1533 2045 1599 [esnibo
2063 1533 2107 1582 ei
2132 1548 2207 1581 me
2230 1532 2426 1594 ipsum;
2451 1533 2523 1604 de
2543 1531 2718 1604 esurio
2747 1546 2873 1581 vero
2895 1542 2949 1584 et
2979 1532 3064 1583 siti
3092 1550 3103 1582 :
3138 1530 3283 1585 Beati
3329 1537 3417 1604 qui

1854 1603 2081 1651 esuriant
2114 1609 2159 1652 et
2185 1604 2359 1651 sitiunt
2400 1600 2671 1667 justitiam,
2720 1604 2955 1667 quoniam
2988 1603 3084 1667 ipsi
3113 1600 3418 1655 solumbon-

1856 1680 1960 1722 tur.
1991 1672 2121 1722 lluic
2150 1672 2305 1723 etiam
2341 1670 2511 1721 simile
2545 1670 2665 1736 quid
2697 1670 3016 1737 quotidianis
3032 1677 3418 1737 experimentis

1856 1743 2109 1807 Colligere
2135 1744 2376 1808 potesns.
2425 1740 2553 1804 Quis
2582 1740 2723 1791 enim
2756 1740 2984 1804 agricola
3036 1745 3413 1807 agriculturam

1856 1820 2137 1872 exerceat,
2182 1812 2280 1861 lliSl
2318 1810 2649 1871 aliquatenus
2700 1812 3089 1874 ρτυῑεριιιοευιιι
3146 1812 3244 1863 sibi
3302 1812 3419 1866 fore

1852 1891 2030 1944 speret
2056 1891 2107 1932 et
2130 1879 2349 1930 credat?
2378 1880 2998 1949 Autqtltiii:0llttaliqiiod
3050 1882 3278 1932 studium
3324 1898 3416 1949 po-

1850 1957 2114 2000 testexcri
2133 1962 2232 2011 eri,
2252 1950 2353 1999 nisi
2374 1950 2592 2014 emperit
2620 1947 2821 1999 amari?
2852 1951 2950 1999 Aut
2970 1949 3087 2015 quis
3116 1950 3227 2003 sine
3259 1947 3415 2004 taedio

1848 2016 2233 2083 ipsunivirtuin
2276 2018 2603 2083 corporalem
2656 2018 2857 2069 cunctis
2887 2017 3037 2069 viven
3069 2020 3182 2071 ibus
3232 2036 3417 2075 neces-

1848 2089 2044 2139 sarium
2082 2088 2351 2153 percipere
2384 2088 2536 2149 viili-t,
2573 2087 2672 2138 nisi
2704 2087 2877 2153 aliqua
2925 2090 3102 2141 esurie
3130 2105 3191 2143 ac
3214 2093 3297 2141 siti
3343 2092 3410 2146 ad

1851 2158 1950 2208 lioc
1977 2159 2158 2210 ineitet
2184 2157 2257 2207 ir?
2289 2155 2392 2210 Sed
2451 2171 2547 2207 nec
2601 2156 2713 2221 ipse
2743 2172 2978 2221 somnus,
3016 2158 3117 2211 nisi
3163 2174 3283 2211 cum
3316 2160 3411 2213 de-

1851 2227 2171 2278 lectamento
2190 2227 2363 2290 aliquo
2386 2225 2689 2291 percipitur.
2708 2225 2836 2277 Cum
2861 2242 2989 2293 ergo
3012 2230 3123 2279 haec
3140 2232 3316 2281 omnia
3341 2232 3410 2284 ita

1849 2300 2199 2360 ουτ-ιιοισειιιιυτ
2232 2310 2349 2347 esse
2397 2297 2597 2357 sciatis,
2663 2297 2822 2362 petite
2872 2298 3056 2348 intima
3115 2299 3411 2354 intentione

1853 2365 2155 2423 Dominum,
2191 2376 2245 2416 ut
2274 2365 2420 2417 vobis
2444 2379 2503 2418 ea
2529 2366 2873 2431 spiritualiter
2902 2365 3093 2419 imitari
3116 2376 3372 2422 citiicedat
3399 2389 3410 2420 :

1853 2448 2026 2501 primo
2056 2438 2267 2499 quidem
2302 2448 2349 2486 ui
2384 2436 2433 2485 iu
2464 2450 2582 2484 eum
2616 2446 2761 2486 recte
2805 2439 3061 2497 credatis;
3110 2442 3321 2503 deinde,
3356 2452 3413 2492 ut

1849 2518 1972 2556 cum
2004 2512 2110 2555 tota
2142 2508 2353 2563 virtute,
2382 2513 2486 2553 tota
2520 2515 2701 2555 mente
2730 2505 2991 2569 diligatis;
3034 2517 3319 2569 pestreuin,
3356 2521 3415 2563 ut

1842 2576 2037 2639 jugtter
2064 2575 2285 2626 teneatis
2312 2576 2545 2624 esuriem
2600 2578 2846 2640 sitimque
2875 2574 3016 2625 Verbi
3072 2576 3255 2639 diiiui,
3289 2580 3405 2630 sine

1846 2658 1945 2709 qua
1978 2658 2133 2695 nemo
2167 2651 2339 2705 potest
2362 2643 2617 2706 justitiam
2654 2644 2813 2692 ullam
2860 2658 3060 2697 amare.
3101 2647 3195 2708 Qui
3226 2659 3399 2699 autern

1848 2727 1950 2763 non
2003 2724 2139 2763 amat
2169 2710 2451 2779 justitiam.
2485 2726 2676 2763 anima:
2726 2712 2863 2764 illius
2894 2716 3036 2765 salus
3067 2715 3400 2780 deslieratur,

1846 2783 1985 2834 sicut
2028 2796 2185 2834 etiam
2242 2781 2482 2844 COI‘pmiS
2532 2782 2643 2847 ejus
2694 2783 2837 2833 salus
2889 2784 2975 2849 qui
3028 2785 3128 2833 cilii
3174 2790 3401 2838 carnalis

1848 2851 2112 2903 fastidium
2147 2855 2358 2917 patitur.
2387 2852 2514 2901 Nam
2547 2854 2609 2902 de
2629 2861 2873 2917 utroque,
2914 2868 2975 2917 sp
2999 2853 3134 2904 ritali
3162 2856 3407 2908 videlicet

1847 2936 1896 2972 et
1927 2936 2150 2985 corpora
2178 2922 2190 2972 i
2237 2925 2373 2979 cilio,
2422 2922 2674 2972 Domitius
2704 2920 2829 2972 dicit
2862 2937 2875 2972 :
2910 2922 3027 2974 lVon
3061 2926 3108 2971 in
3138 2926 3245 2974 solo
3278 2941 3410 2990 pane

1846 2992 1968 3041 vivet
2001 2994 2168 3049 homo,
2202 2993 2287 3040 sed
2315 2991 2365 3039 iit
2418 2996 2553 3039 omni
2596 2994 2740 3040 verba
2784 2993 2920 3055 quod
2961 2993 3183 3052 procedit
3227 2997 3287 3042 de
3327 3009 3413 3047 οη»

1849 3058 2031 3111 Dei.Si
2052 3060 2209 3123 igitur
2238 3060 2503 3109 imitantes
2527 3062 2755 3109 esuriem
2786 3060 3031 3127 sitimque
3049 3062 3405 3126 corporalem,

1849 3131 2174 3193 spiritualem
2224 3128 2430 3194 quoque
2486 3128 2842 3190 obtinueritis,
2888 3144 3154 3193 nunquam
3205 3147 3233 3181 a
3267 3133 3400 3183 bona

1853 3198 2121 3249 viilutitatc
2154 3200 2427 3259 Vacaliils,
2459 3212 2521 3250 ρο
2551 3199 2771 3264 ltgentes
2802 3201 2964 3250 instar
2992 3215 3145 3262 aputu
3175 3202 3407 3265 undique

1846 3268 2068 3334 alicujus
2112 3268 2315 3319 virtutis
2348 3284 2397 3319 et
2430 3269 2701 3335 sapienia:
2754 3273 2853 3321 tnel
2883 3285 2892 3317 τ
2926 3270 3063 3321 δὶα-ιι
3103 3278 3156 3322 et
3203 3272 3269 3324 de
3303 3274 3403 3325 im-

1846 3354 2027 3391 menso
2058 3339 2186 3391 solis
2217 3338 2524 3405 splendore,
2557 3338 2623 3392 de
2668 3354 2775 3400 quo
2803 3340 3011 3391 interim
3044 3340 3397 3406 dis;ititailiu~',

1845 3408 2035 3460 divina:
2070 3408 2362 3474 praesentire
2410 3408 2824 3461 inimensitatem
2878 3410 3233 3475 colligendam
3284 3426 3405 3466 esse

1844 3478 2094 3532 diximus.

1928 3548 2067 3613 Ergo
2123 3546 2541 3614 quotiescunque
2584 3545 2830 3599 eumdem
2885 3546 3013 3599 solis
3066 3546 3403 3612 splendorem

1846 3626 1950 3667 tam
1984 3620 2297 3667 immensum
2332 3619 2690 3683 inSpexeritis,
2718 3632 2838 3669 mox
2872 3620 3273 3670 reminiscentes
3319 3620 3403 3670 di-

1846 3688 1982 3739 viziae
2015 3689 2309 3755 prmsentite
2339 3696 2391 3740 et
2419 3690 2676 3750 scientia»,
2712 3696 2820 3739 toto
2871 3689 3064 3739 mentis
3093 3686 3283 3741 ali'eetu
3332 3692 3411 3743 itt-

1847 3767 2027 3809 voeate
2076 3756 2377 3817 Dominum,
2414 3766 2468 3808 ut
2496 3758 2708 3822 aliquod
2756 3758 2930 3808 lumen
2987 3758 3261 3823 sapientia:
3292 3774 3403 3812 suae

1845 3829 2092 3878 ciu-ditius
2114 3828 2299 3877 vestris
2329 3825 2609 3876 infundere
2644 3824 2909 3891 dignetur.
2938 3826 3025 3878 llis
3059 3828 3218 3893 igitur
3247 3830 3403 3881 dictis

1844 3896 1908 3946 de
1936 3896 2065 3953 sole,
2100 3893 2189 3960 qui
2239 3894 2365 3947 licet
2410 3909 2544 3946 unus
2583 3893 2680 3946 ﬂos
2724 3896 2981 3956 videmur,
3019 3896 3282 3949 variarum
3316 3908 3399 3950 ta-

1845 3979 1962 4015 nien
2017 3964 2267 4016 virtutum
2326 3962 2483 4016 mella
2530 3966 2650 4015 inde
2676 3963 2975 4031 colligenda
3008 3978 3126 4016 esse
3168 3966 3275 4030 jam
3308 3983 3405 4019 an.

1844 4033 1994 4085 dislis
2030 4050 2041 4083 :
2089 4039 2265 4085 audite
2308 4033 2467 4084 etiam
2515 4033 2743 4100 qualiter
2787 4032 3000 4085 aliunde
3032 4036 3217 4086 eadem
3251 4040 3403 4091 mella

1843 4102 2103 4155 deﬂorare
2133 4104 2389 4156 debeatis.
2422 4102 2605 4168 Neque
2649 4103 2788 4154 enim
2822 4119 3047 4173 unquam
3094 4106 3286 4157 desunt
3318 4109 3405 4158 illa

1845 4181 2030 4239 prata,
2086 4172 2159 4223 illi
2209 4174 2389 4234 liores,
2438 4175 2576 4225 unde
2628 4174 2829 4238 p0ssiut
2886 4172 3059 4241 colligi
3104 4174 3406 4242 liujnsinodi

1841 4243 2022 4305 mella,
2051 4243 2094 4294 si
2125 4243 2492 4295 tantummodo
2542 4250 2651 4295 sint
2695 4244 2782 4311 qui
2833 4244 3101 4312 coiligant.
3135 4248 3406 4299 Attendite

1842 4327 1969 4380 ergo
2024 4328 2161 4365 nune
2221 4314 2543 4379 generaliter
2592 4313 2641 4365 in
2692 4316 2855 4369 tatius
2907 4314 3083 4365 mundi
3130 4329 3403 4379 ornatum,

1841 4384 2107 4450 qunmodo
2129 4386 2306 4435 omnia
2333 4382 2559 4436 invicem
2588 4383 2913 4437 conveniant
2941 4393 2993 4436 et
3024 4394 3404 4451 temperentur,

1844 4452 2011 4513 calida
2042 4453 2248 4505 scilicet
2275 4454 2499 4520 frigidis,
2530 4453 2720 4521 frigida
2744 4454 2958 4515 calidis;
2994 4461 3228 4519 tempora
3260 4453 3407 4505 diur-

164 4518 338 4582 lides,
359 4522 427 4571 ab
452 4522 557 4571 alio
591 4520 947 4587 patientia,ab
975 4523 1078 4573 alio
1107 4523 1340 4590 latgitas,
1368 4523 1435 4574 ab
1460 4525 1564 4575 alio
1580 4523 1739 4575 casi-
1775 4520 1822 4579 Ι)
1850 4537 1916 4574 ua
1946 4525 2241 4589 noeturnis,
2272 4518 2453 4575 testiva
2486 4518 2819 4575 lliElliailbUi.
2855 4522 3054 4573 Dehinc
3103 4518 3407 4587 specialiter

169 4597 283 4652 tas,
310 4590 379 4637 ab
416 4592 521 4641 alio
549 4590 826 4653 discietto,
852 4594 917 4640 ab
934 4593 1039 4641 alio
1067 4593 1523 4659 eleeinnsynarum
1565 4593 1737 4645 studia

163 4669 581 4728 pauperuiiique
606 4674 753 4723 cura,
774 4659 841 4710 ab
864 4661 968 4711 alio
994 4661 1092 4711 alia
1122 4669 1367 4728 quaelibet
1396 4662 1585 4716 virtus.
1611 4667 1738 4725 Quae

161 4726 297 4778 dum
334 4730 411 4779 sic
438 4732 675 4780 collecta:
708 4734 759 4780 in
791 4743 941 4780 untus
972 4726 1200 4781 homins
1227 4743 1455 4783 mentem
1502 4740 1737 4793 veniunt,

161 4798 326 4863 quasi
356 4795 407 4846 in
438 4802 595 4847 uuuiii
628 4798 915 4848 alveariuin
946 4810 1012 4847 ex
1047 4803 1205 4850 variis
1239 4800 1456 4853 tioribus
1485 4811 1738 4866 excerpta

163 4870 339 4917 mella
369 4875 750 4931 congeruntur.
776 4867 886 4917 Non
918 4866 1085 4917 solum
1117 4881 1290 4920 autem
1317 4883 1385 4921 ex
1412 4871 1733 4931 hominibus,

161 4940 262 5007 sed
293 4934 464 4986 etiam
493 4949 561 5007 ex
601 4936 920 5007 quibuslibet
945 4950 1200 4990 creaturis
1228 4954 1357 5005 quas
1386 4940 1623 5007 quotidie
1654 4942 1736 4991 vel

162 5004 372 5075 videtis
421 5005 505 5056 vel
536 5005 753 5075 auditis,
780 5016 833 5057 et
881 5007 1152 5075 derebus
1188 5004 1320 5075 quas
1368 5004 1545 5075 aliquo
1578 5011 1737 5061 modo

156 5072 409 5143 sentitis,
436 5074 594 5125 iiiella
618 5077 869 5126 viriutum
891 5074 1136 5140 colligere
1158 5072 1381 5129 debetis.
1406 5072 1536 5130 Nam
1554 5080 1737 5143 lldem,

88 5140 93 5143 ⁷
158 5158 284 5210 qua:
318 5142 727 5195 fundamentum
752 5151 834 5194 est
854 5144 1099 5213 virtutum
1129 5147 1383 5211 omnium,
1402 5148 1570 5213 primo
1596 5140 1743 5200 codr-

157 5226 291 5279 gere
325 5218 381 5263 et
400 5226 599 5277 ponere
620 5214 823 5265 debetis
845 5213 895 5263 in
914 5212 1198 5263 aIVearium
1215 5216 1387 5267 cordis
1406 5212 1574 5269 vestri
1594 5233 1604 5266 :
1624 5232 1741 5270 cre-

158 5288 365 5334 dentes
392 5283 599 5333 scilicet
621 5283 784 5333 Deum
814 5280 1231 5351 omnipotentem
1253 5285 1444 5351 ubique
1462 5298 1581 5338 esse
1613 5302 1742 5351 pra:-

156 5364 406 5411 sentem,
438 5358 494 5402 et
521 5366 759 5403 omnium
783 5366 899 5417 qua:
939 5366 969 5403 a
1010 5350 1163 5403 nobis
1190 5350 1444 5420 geruntur
1465 5358 1544 5406 vel
1580 5350 1737 5407 etiam

153 5420 1038 5497 cogitautnriuspeetorem.[iane
1059 5428 1235 5497 autem
1267 5421 1424 5497 tidem
1458 5424 1559 5475 hoc
1582 5428 1741 5497 modo

150 5498 428 5559 venitigere
456 5494 663 5543 debetis
690 5504 714 5559 7:
744 5492 999 5542 attendite
1027 5489 1186 5558 igitur
1207 5489 1261 5543 in
1289 5493 1479 5556 solem,
1506 5494 1594 5557 qui
1620 5508 1741 5545 cum

154 5558 485 5616 universum
536 5558 793 5611 mundum
836 5560 1118 5624 splendore
1166 5574 1263 5619 suo
1306 5564 1644 5615 circumdatis
1677 5564 1742 5614 il-

156 5633 383 5696 ιαμ-ει,
416 5632 596 5684 tamen
628 5627 753 5696 quia
792 5636 1036 5680 creatura
1061 5638 1165 5693 est,
1201 5640 1255 5683 et
1293 5632 1471 5683 omnis
1500 5645 1744 5684 creatuia

156 5700 326 5757 duis
376 5698 609 5753 inferior
636 5705 724 5750 est
772 5697 1045 5760 Creatore,
1075 5699 1266 5753 exinde
1315 5699 1563 5755 instructi
1592 5700 1744 5754 facile

156 5768 396 5844 potestis
421 5773 650 5824 credere
675 5765 848 5823 solem
874 5768 1027 5835 longe
1058 5768 1230 5823 minus
1274 5768 1559 5839 splendere
1584 5787 1740 5839 quzitu

1848 4595 1900 4643 ili
1950 4593 2154 4659 singula
2210 4608 2449 4660 quaeque,
2510 4598 2560 4645 in
2610 4600 2856 4645 ornatum
2909 4591 3150 4643 vulelicet
3188 4595 3308 4645 (τωιὴ
3355 4603 3410 4647 et

1847 4662 2192 4714 terrmzcmli
2244 4664 2458 4731 quidem
2490 4662 2802 4731 perAsolem,
2853 4660 3028 4711 lunam
3083 4671 3136 4713 et
3187 4662 3408 4727 stellas;

1844 4738 2000 4781 terra:
2029 4744 2152 4784 vero
2211 4728 2305 4796 per
2357 4734 2531 4782 varios
2590 4728 2745 4781 ﬂores
2799 4743 3058 4793 alumnos,
3115 4738 3170 4783 et
3216 4736 3408 4786 lierbas

1843 4808 2000 4864 atque
2032 4805 2256 4854 arbores
2286 4811 2341 4853 et
2365 4800 2593 4859 fructus,
2626 4801 2763 4850 unde
2792 4797 3077 4851 humanum
3111 4816 3276 4868 genus
3307 4804 3404 4853 ali-

1845 4879 2018 4921 menta
2049 4873 2290 4937 suscipit,
2327 4868 2768 4936 pulchritudinem
2805 4884 3015 4937 quoque
3049 4870 3401 4936 pretiosorum

1846 4941 2120 5005 lapidum,
2168 4936 2339 4989 varias
2389 4936 2622 5005 picturas
2669 4949 2774 4989 tam
2814 4938 2866 4988 iii
2927 4936 3097 5005 pullis
3140 4955 3297 5007 quam
3351 4939 3403 4992 in

1842 5020 2051 5062 caeteris
2095 5007 2345 5076 pretiosis
2378 5011 2561 5074 pannis
2587 5008 2977 5061 delectabiliter
3027 5012 3284 5070 intextas,
3319 5023 3410 5060 va-

1845 5078 2058 5146 riosque
2088 5079 2297 5131 colores
2348 5078 2538 5144 quibus
2584 5079 2976 5142 conticiuntur,
3029 5080 3235 5132 dulcem
3277 5092 3408 5131 can-

1846 5150 2063 5201 tilenam
2092 5149 2415 5201 chordarum
2457 5156 2616 5215 atque
2646 5162 3003 5215 organorum;
3037 5150 3263 5199 nitorem
3292 5149 3411 5202 auri

1842 5228 1897 5270 et
1946 5218 2151 5284 argenti
2206 5218 2488 5285 cmterique
2541 5221 2775 5281 metalli,
2829 5228 3071 5269 alumnos
3137 5215 3411 5272 discursus

1844 5299 2120 5353 aquarum,
2154 5288 2243 5356 qui
2275 5285 2563 5339 necessarii
2592 5296 2715 5339 sunt
2743 5296 2849 5338 tam
2877 5286 2943 5336 ad
2970 5298 3132 5337 naves
3155 5286 3413 5341 deferen-

1844 5357 1939 5408 das
1959 5370 2119 5422 quam
2161 5358 2227 5408 ad
2258 5360 2429 5409 molas
2452 5356 2855 5423 praeparandas;
2886 5356 3177 5422 myrrham,
3207 5369 3417 5411 aroma-

1848 5435 1955 5477 tum
1982 5428 2348 5493 tragranti‘am,
2395 5435 2662 5492 postremo
2690 5427 2851 5476 etiam
2878 5426 3101 5476 decoros
3132 5425 3405 5480 hominum

1840 5497 2196 5562 quorumdam
2219 5495 2419 5549 vultus.
2462 5493 2700 5559 Cumque
2731 5497 2843 5545 haec
2876 5494 3063 5566 _omnia
3118 5497 3254 5566 miro
3280 5510 3413 5566 quo—

1846 5573 1965 5617 dam
2014 5575 2068 5618 et
2112 5565 2364 5619 iuelIabili
2409 5570 2602 5615 ornatu
2650 5563 2946 5631 composita
3000 5565 3239 5618 exterius
3289 5563 3416 5631 pcr-

1847 5637 2150 5701 spexeritis,
2179 5633 2640 5701 attenditeetiam
2685 5643 2937 5701 quantuni
2982 5644 3229 5687 ornatum
3276 5634 3415 5688 inte-

1848 5700 1978 5767 rius,
2005 5705 2055 5756 id
2084 5713 2167 5756 est
2213 5700 2582 5773 spiritualiter,
2618 5700 2871 5773 habeant,
2900 5712 2954 5755 et
3005 5702 3131 5771 quid
3175 5716 3271 5756 nos
3318 5717 3416 5773 per

1852 5769 2283 5843 siginlliationem
2314 5769 2657 5837 admoneant.
2692 5769 3191 5840 Sigiitlicaiit'enitn
3225 5769 3417 5840 proici-
