3868 6256
252 502 390 557 H33

1239 491 1746 549 ELFIMENTURUM
1792 485 2259 543 PHILOSOPHUS
2300 483 2424 538 LIB.
2469 483 2484 536 Ι

3368 481 3501 545 HM

251 617 306 668 id
344 625 447 679 est,
470 609 800 671 consimiles,
848 607 1069 679 scilicet,
1101 607 1149 661 iu
1180 617 1356 679 partes
1393 610 1566 679 carnis
1595 612 1649 656 et
1678 617 1821 665 οςεει,
1854 606 1892 656 Α
1928 598 2102 677 taliter
2142 597 2298 679 inest.
2344 596 2482 679 (Eunt
2506 595 2664 679 _eiiim
2686 602 2837 679 terra
2872 606 3077 679 perosa
3121 595 3306 679 sli.t,-et
3349 601 3500 679 aquis

255 677 583 737 liomiotnera
612 689 787 732 autem
819 680 868 731 in
915 678 1186 739 humores,
1222 677 1647 732 melanclioliani,
1678 684 1819 733 _etc.,

254 756 505 805 humores
550 759 723 802 autem
758 748 807 801 in
859 749 1141 809 elementa,
1201 746 1250 799 il
1294 755 1396 808 est,
1428 745 1478 795 iu
1506 744 1723 808 simplas
1774 750 1826 793 et

254 824 499 876 minimas
529 819 833 885 particulas.
875 816 1038 881 Cujus
1066 814 1338 869 divisionis
1363 829 1481 885 pars
1508 823 1659 875 actu,
1704 825 1824 885 pars

258 892 369 945 sola
401 882 605 942 ratione
629 897 683 941 et
710 887 1030 954 Cogitatioue
1064 886 1173 939 ﬁeri
1207 892 1396 954 potest.
1429 882 1641 954 Corpus
1684 882 1823 932 enim

256 963 545 1014 humanum
577 957 627 1009 in
660 952 921 1017 membra,
956 956 1189 1007 membra
1217 955 1267 1006 in
1298 952 1651 1011 homiomera,
1703 959 1823 1001 actu

254 1029 495 1083 dividere
525 1035 718 1091 potest,
748 1026 840 1079 sed
873 1024 1197 1077 houiiomera
1229 1025 1278 1075 in
1316 1023 1588 1091 humores,
1640 1018 1826 1072 humo-

258 1114 347 1152 res
400 1100 451 1151 in
505 1088 766 1149 eleuieuta
819 1094 962 1147 solus
1007 1094 1303 1146 intellectus
1355 1088 1589 1145 dividere
1630 1098 1824 1157 potest,

258 1169 401 1233 quia.
436 1176 488 1219 ut
517 1166 591 1218 ait
623 1165 836 1218 Boetius
864 1165 1423 1233 iu‘tromiitento‘super
1450 1158 1825 1233 Porphyrium,

259 1228 338 1287 vis
368 1245 448 1288 est
486 1233 787 1287 intellectus
814 1231 1095 1299 conjuncta
1126 1229 1381 1295 dividere,
1411 1237 1466 1283 et
1491 1228 1660 1281 divisa
1701 1242 1828 1299 cou-

254 1305 505 1373 jongere.
546 1302 649 1357 Sed
686 1312 887 1373 quaeret
903 1296 1103 1373 aliquis
1128 1301 1212 1354 ubi
1244 1309 1364 1373 sunt
1391 1301 1674 1373 elementa.
1724 1296 1827 1373 lfios

259 1364 491 1427 iliciiiius
534 1373 586 1425 in
632 1364 1020 1438 compositione
1070 1372 1281 1422 humani
1313 1368 1549 1435 corporis
1590 1375 1643 1419 et
1677 1364 1828 1438 ⁸ιιιιυ-

261 1459 398 1507 rutn,
428 1444 565 1495 sicut
590 1435 768 1493 littera
796 1441 846 1492 in
876 1440 1258 1507 ceiupositioue
1286 1438 1529 1507 syllabae,
1561 1435 1689 1507 etsi
1722 1449 1825 1507 non

262 1527 352 1576 per
383 1504 460 1564 se.
494 1511 600 1565 Sed
628 1509 839 1575 quidam
869 1504 1131 1574 suut'qui,
1152 1518 1206 1561 ut
1238 1504 1443 1569 rustici,
1463 1505 1703 1576 nesciunt
1733 1504 1828 1556 ali-

260 1572 384 1646 quid
407 1594 551 1639 esse.
595 1572 695 1633 nisi
736 1591 895 1631 sensu
940 1572 1065 1630 illud
1108 1577 1309 1645 possint
1346 1572 1827 1640 comprehendere,

263 1665 386 1715 quia
417 1648 611 1702 animal
644 1662 747 1699 non
780 1647 1003 1715 percipit
1032 1663 1149 1715 qua:
1179 1655 1299 1699 sunt
1327 1646 1564 1713 Spiritus.
1595 1658 1715 1696 cum
1745 1657 1831 1715 sa-

266 1712 426 1783 pienti
461 1719 579 1785 plus
612 1712 942 1784 inquirenda
967 1712 1071 1770 sint
1115 1716 1436 1769 insensibilia
1466 1730 1629 1785 quam
1653 1712 1830 1785 sensi-

265 1787 413 1841 bilia.
462 1783 597 1841 Cum
636 1783 762 1854 ergo
805 1786 1008 1853 simpla:
1047 1795 1101 1839 et
1150 1786 1381 1838 minima:
1418 1783 1685 1850 particula:
1725 1783 1830 1835 sint

262 1858 547 1917 elementa.
577 1870 695 1924 qua:
722 1866 844 1910 sunt
867 1855 1070 1925 frigida:
1093 1868 1143 1909 et
1176 1856 1351 1918 siccae,
1383 1854 1630 1925 dicuntur
1656 1859 1825 1925 ter_ra;

1928 668 2272 729 circumdata,
2324 664 2520 731 aliquid
2578 664 2818 717 humoris
2862 677 3011 729 aqum
3062 664 3411 732 subintraut,‘
3443 682 3501 722 ei

1928 736 2125 804 aliquid
2152 738 2310 790 aeris.
2334 736 2467 790 Cum
2498 748 2627 803 ergo
2658 734 2718 804 in
2742 732 2916 785 medio
2950 732 3130 786 mundi
3154 734 3248 804 sit,
3278 745 3331 788 et
3358 738 3494 803 ignis

1927 806 1994 856 ah
2016 802 2160 859 omni
2204 816 2352 873 parte
2374 804 2649 873 aequaliter
2671 802 3040 873 distet_terra:,
3075 802 3201 869 quid
3226 802 3418 859 mirum
3449 810 3493 861 si

1926 875 2122 942 aliquid
2165 870 2361 930 caloris
2388 870 2512 927 inde
2541 872 2803 938 recipiat?
2832 870 3015 942 Insunt
3046 873 3141 924 ista
3178 880 3332 927 terra:
3352 879 3499 931 :tcci-

1929 940 2232 1007 dentaliter;
2266 959 2371 997 non
2415 943 2744 1003 naturaliter,
2792 956 2886 993 nec
2909 956 2970 993 ex
3005 940 3119 993 istis
3150 954 3379 996 constat.
3411 950 3497 1000 Si-

1929 1014 2122 1067 militer
2146 1016 2212 1068 de
2235 1014 2351 1067 aliis
2386 1014 2506 1066 licet
2529 1013 2755 1079 probare
2781 1026 2793 1073 ;
2819 1010 2911 1063 sed
2946 1010 3065 1076 quia
3100 1009 3412 1068 brevitatem
3448 1022 3498 1070 in

1930 1086 2031 1136 hoc
2079 1098 2241 1150 opere
2288 1093 2555 1136 sectamur
2581 1122 2595 1145 ,
2643 1081 2766 1149 quid
2818 1079 2867 1150 in
2901 1080 3018 1132 aliis
3058 1081 3123 1131 de
3154 1080 3201 1133 al
3229 1082 3271 1133 is
3308 1085 3398 1147 sit,
3449 1098 3502 1139 ei

1928 1152 2155 1219 qualiter
2206 1154 2256 1206 in
2297 1154 2375 1206 eis
2405 1154 2631 1213 accidat,
2690 1149 2915 1218 ingeniis
2958 1151 3181 1202 aliorum
3236 1152 3504 1219 inquirere

1927 1220 2275 1275 dimittamus.
2312 1223 2521 1275 Etenim
2574 1220 2890 1291 principium
2934 1232 2961 1270 a
2994 1221 3272 1291 magistro,
3331 1226 3503 1291 parte-

1930 1292 2037 1344 ctio
2063 1301 2238 1345 autem
2267 1293 2426 1345 debet
2453 1307 2572 1345 esse
2598 1291 2666 1343 ab
2693 1288 2905 1357 ingenio
2933 1298 2985 1341 et
3014 1289 3212 1343 studio.
3241 1288 3501 1354 Quoniam

1930 1359 2120 1413 iterum
2153 1360 2426 1414 Platonem
2454 1360 2637 1413 dicunt
2664 1358 2921 1427 quaesisse
2947 1374 3113 1423 quare
3156 1363 3329 1428 magis
3359 1365 3501 1417 dica-

1929 1440 2017 1481 tur
2045 1444 2179 1495 aqua
2208 1446 2363 1498 quam
2394 1440 2557 1493 terra,
2613 1432 2695 1484 vel
2723 1444 2752 1481 e
2782 1442 3076 1498 converso,
3115 1444 3235 1481 cum
3284 1432 3360 1484 sic
3392 1434 3503 1486 dis-

1929 1499 2185 1562 solvatur,
2230 1497 2309 1553 Sic
2349 1500 2696 1565 intelligimus
2745 1498 2889 1550 illum
2940 1497 3082 1563 loqui
3129 1514 3233 1551 nou
3286 1501 3353 1555 de
3394 1504 3506 1557 ele-

1931 1568 2144 1639 tuentis,
2174 1585 2291 1639 qua:
2329 1572 2407 1622 sic
2432 1569 2816 1639 dissolvuntur.
2848 1566 3128 1639 Nunquam
3161 1570 3302 1622 enim
3336 1581 3504 1625 totum

1928 1636 2236 1692 dissolvitur
2266 1638 2610 1693 elementum.
2646 1638 2782 1690 Dicit
2825 1637 2966 1689 enim
3025 1637 3075 1689 id
3126 1640 3266 1705 quod
3314 1642 3503 1695 dissol-

1928 1706 2070 1760 vitur
2099 1724 2202 1762 non
2234 1723 2354 1762 esse
2386 1718 2604 1771 terrain,
2659 1706 2753 1761 sed
2794 1714 3048 1769 terreum,
3082 1706 3132 1759 id
3162 1720 3264 1774 esr,
3302 1723 3503 1775 partem

1930 1783 2129 1843 terra},
2188 1778 2279 1832 sed
2339 1778 2477 1846 quod
2531 1786 2770 1831 remanet
2828 1777 3500 1846 retinensproprietatem

1933 1856 2109 1912 terrae,
2140 1849 2270 1902 dicit
2314 1844 2507 1901 terram
2540 1858 2592 1899 et
2622 1848 2969 1900 elementum.
3001 1844 3103 1899 Sed
3137 1846 3203 1899 de
3241 1848 3365 1914 hoc,
3393 1851 3502 1906 Deo

263 1940 382 1987 quae
421 1914 625 1993 frigida:
663 1936 716 1993 et
761 1914 1012 1988 humidum,
1064 1939 1229 1988 aqua;
1280 1914 1395 1990 quze
1424 1923 1608 1993 calida:
1648 1932 1699 1972 et
1731 1920 1827 1973 hu-
1857 1926 1905 1987 Β
1931 1928 2197 1993 annuente
2224 1918 2409 1979 vitam,
2452 1917 2580 1969 satis
2624 1914 3053 1993 dicemus..Sunt
3084 1930 3211 1993 ergo
3240 1918 3505 1993 elementa

263 1995 438 2055 midst,
470 1989 593 2057 aer;
625 1989 744 2062 qua:
771 1993 955 2047 calidae
984 2004 1038 2048 et
1063 1994 1251 2055 siccze,
1286 1993 1439 2059 ignis.
1488 1990 1619 2045 Cum
1641 1998 1825 2062 autem

267 2065 379 2117 hac
401 2075 628 2129 quatuor
646 2059 772 2129 quae
802 2063 1043 2117 videntur
1069 2078 1132 2116 ex
1165 2063 1265 2115 illis
1292 2062 1585 2126 composita
1608 2059 1736 2121 sint,
1768 2060 1829 2112 il-

266 2132 357 2185 lud
396 2131 461 2185 de
492 2134 573 2186 liis
605 2132 655 2185 in
685 2146 789 2199 quo
836 2131 953 2185 diue
1006 2133 1271 2199 particulae
1322 2131 1521 2200 frigida:
1567 2139 1639 2200 et,
1674 2131 1830 2182 sicca:

260 2201 624 2268 dominantur,
671 2201 883 2262 nomine
931 2202 1135 2254 illarum
1180 2201 1374 2254 dicitur
1399 2199 1585 2268 terra;
1629 2199 1681 2251 in
1724 2213 1831 2265 quo

263 2271 467 2339 frigida:
495 2280 549 2325 et
579 2270 831 2336 humidae,
873 2285 1037 2337 aqua;
1073 2272 1123 2323 in
1152 2286 1255 2337 quo
1282 2269 1465 2323 calidae
1493 2279 1549 2339 et
1575 2267 1829 2339 humidae,

262 2356 359 2392 aer
383 2356 396 2403 ;
424 2340 476 2393 in
500 2354 605 2409 quo
627 2340 812 2393 calida:
839 2350 891 2394 et
916 2340 1089 2404 siccat,
1119 2340 1274 2407 ignis.
1304 2340 1357 2394 Si
1390 2352 1517 2406 ergo
1542 2338 1647 2391 illis
1675 2338 1830 2409 digna

265 2409 490 2462 velimus
518 2408 812 2474 imponere
844 2411 1053 2461 nomina
1085 2409 1367 2475 particulas
1410 2408 1711 2475 praedictas,
1752 2408 1831 2458 di-

265 2492 450 2531 camus
503 2479 766 2531 elementa
821 2477 919 2531 ista
968 2490 1229 2546 quatuor,
1275 2492 1391 2546 quae
1416 2477 1681 2540 videntur,
1723 2475 1833 2528 ele-

263 2556 464 2603 menta.
492 2546 626 2601 Sunt
665 2547 875 2615 quidam
900 2552 987 2616 qui
1022 2562 1192 2617 neque
1223 2546 1658 2616 philosophorum
1700 2546 1833 2617 scri-

269 2628 378 2697 pta,
409 2632 525 2697 _nec
555 2614 893 2697 physicorum
920 2614 1151 2697 unquam
1182 2614 1443 2687 legerunt,
1475 2631 1538 2669 ex
1583 2614 1831 2694 superbia

263 2687 336 2737 ab
374 2686 551 2753 aliquo
581 2686 798 2740 .discere
846 2686 1209 2755 dedignantes,
1244 2686 1327 2741 es
1376 2688 1673 2755 arrogantia
1715 2699 1832 2750 qua:

266 2758 514 2807 nesciunt
560 2760 947 2822 contingentes,
978 2754 1244 2809 inonuihil
1298 2757 1477 2809 dicere
1529 2754 1832 2816 videantur;

265 2824 448 2876 dicunt
478 2840 596 2879 esse
635 2826 854 2879 istorum
894 2837 1138 2893 quatuor,
1187 2840 1306 2893 qua:
1336 2825 1581 2878 videntur
1609 2823 1834 2891 qualita-

268 2904 351 2945 tes
384 2909 394 2943 :
425 2895 678 2957 calorem,
714 2894 1072 2963 frigiditzitetii,
1108 2894 1492 2955 humiditatetn,
1520 2893 1829 2946 siccitatem.

261 2962 375 3015 Sed
407 2962 520 3016 iSIiS
548 2962 827 3034 physicam
854 2968 992 3016 \Ciul
1023 2975 1075 3018 et
1104 2975 1304 3032 partem
1340 2964 1471 3032 pede
1507 2963 1831 3017 detrahenti-

268 3034 390 3095 bus,
437 3033 688 3086 reclamat
734 3033 921 3087 eodem
976 3050 1068 3088 ore
1127 3035 1378 3101 Platonis,
1433 3043 1683 3085 vocantes
1723 3034 1833 3083 ele-

268 3112 448 3153 menta
479 3104 746 3168 materias,
779 3118 899 3155 cum
930 3105 1088 3156 nulla:
1113 3106 1393 3170 qualitates
1423 3103 1642 3155 materia
1666 3101 1834 3153 alicu-

262 3172 355 3238 jus
381 3187 499 3225 esse
522 3174 744 3239 possint.
770 3175 860 3224 Est
879 3173 1015 3224 enim
1041 3169 1261 3225 materia
1289 3188 1404 3241 qua
1426 3180 1638 3235 accepta
1664 3169 1830 3241 forma

1933 1987 2309 2057 praedictorum
2350 2001 2633 2057 corporum
2686 1983 3088 2057 par-ticulee,_AAut
3120 1986 3305 2042 dicunt
3336 1992 3506 2057 pliilo.

1931 2056 2108 2129 sOphi.
2130 2056 2280 2129 ‘Sunt
2308 2066 2485 2129 autem
2532 2056 2798 2129 elementa
2836 2054 3039 2129 mundi,
3060 2124 3070 2129 _
3092 2067 3148 2108 ut
3178 2054 3361 2129 dicunt
3392 2062 3506 2129 phi-

1934 2123 2172 2193 l050phi,
2204 2142 2320 2192 qua:
2347 2126 2611 2188 videntur,
2661 2125 2728 2177 de
2758 2124 2949 2191 quibus
2981 2124 3283 2193 hujusmodi
3312 2123 3496 2185 tracta-

1933 2204 2031 2266 tus;
2047 2196 2316 2250 habendus
2346 2195 2468 2249 erit.
2511 2264 2521 2266 _
2678 2261 2695 2266 _
2954 2263 2962 2266 Α
3266 2218 3329 2266 «τε

2000 2264 2177 2330 Quare
2216 2264 2633 2332 unumquodque
2674 2261 2872 2315 [aetum
2922 2263 3008 2325 sit,
3059 2279 3225 2331 quare
3254 2261 3506 2332 quatuor.

1933 2348 2029 2388 nec
2073 2334 2359 2404 pauciora?
2385 2334 2507 2407 Sed
2551 2334 2670 2407 quia
2722 2332 2932 2407 ﬁrmior
2959 2336 3347 2407 est_senteutia
3391 2356 3510 2407 qua

1932 2401 2251 2459 auctoritate
2284 2404 2541 2471 sapientis
2570 2401 2751 2466 utitur,
2807 2401 2933 2471 quid
2976 2404 3098 2457 inde
3148 2404 3297 2459 Plato
3327 2401 3508 2465 sense-

1935 2475 2001 2525 rit
2031 2474 2292 2526 dicamus.
2336 2472 2528 2535 Divini,
2580 2474 2773 2539 inquit,
2806 2472 3012 2526 decoris
3043 2474 3176 2526 ratio
3209 2480 3513 2538 postulabat

1935 2543 2094 2597 talem
2147 2544 2258 2597 lieri
2311 2542 2613 2607 mundum,
2668 2541 2756 2609 qui
2803 2550 2857 2593 et
2906 2542 3079 2595 visum
3133 2555 3403 2610 pateretur
3455 2563 3510 2604 et

1935 2622 2151 2665 tactum.
2178 2614 2253 2666 Ac
2285 2613 2326 2664 si
2355 2611 2558 2665 diceret
2591 2628 2601 2663 :
2634 2610 2765 2664 Cum
2794 2610 2935 2665 Dens
2963 2614 3075 2665 sola
3109 2613 3364 2677 bonitate,
3398 2635 3502 2673 non

1934 2683 2244 2751 indigentia,
2294 2682 2491 2750 quippe
2539 2680 2627 2749 qui
2659 2680 2950 2751 perfeoutm
2998 2691 3062 2751 et
3099 2696 3365 2741 summum
3410 2690 3503 2741 bi-

1937 2749 2182 2816 nutn'est,
2229 2752 2483 2806 mundum
2512 2750 2735 2814 creavit,
2784 2749 2946 2823 talem
2982 2750 3150 2803 voluit
3190 2754 3337 2807 illuni
3370 2758 3504 2823 ﬁeri,

1934 2824 2021 2890 qui
2052 2824 2317 2878 videretur
2344 2832 2397 2877 et
2425 2829 2751 2889 tangeretur,
2782 2829 2837 2872 ut
2867 2819 3027 2873 homo
3056 2823 3215 2875 etiam
3252 2828 3421 2880 oculis
3449 2819 3500 2883 iu

1936 2889 2113 2946 rerum
2147 2892 2418 2947 creatione
2441 2898 2495 2944 et
2524 2890 2907 2961 gubernatione
2934 2889 3168 2945 divinam
3216 2900 3502 2961 potentiam

1935 2972 1988 3014 et
2020 2963 2307 3015 bonitatem
2341 2959 2662 3032 percipiens,
2706 2961 2995 3032 potentiam
3028 2959 3255 3025 timeret,
3292 2969 3504 3032 sapieu-

1939 3033 2063 3084 tiam
2096 3028 2460 3094 veneraretur,
2487 3029 2774 3081 bonitatem
2811 3028 3125 3083 imitaretur.
3156 3028 3504 3091 Deinde-sub.

1932 3102 2108 3173 jungit
2141 3119 2151 3151 :
2183 3101 2471 3155 Constabat
2497 3106 2679 3173 autern
2706 3098 3029 3173 nihilip-risse
3055 3101 3217 3155 videri
3247 3106 3341 3157 nisi
3370 3107 3505 3173 ignis

1941 3168 2197 3224 lieuelicio
2217 3212 2231 3235 ,
2264 3186 2435 3239 neque
2468 3170 2607 3239 tingi
2638 3168 2755 3221 sine
2781 3169 2975 3231 solido,
3009 3185 3105 3225 nec
3133 3174 3358 3229 solidum
3388 3168 3506 3231 esse

268 3243 461 3319 transit
491 3238 543 3319 in
567 3242 731 3319 aliud.
766 3241 1193 3319 Reclat‘uatitein
1222 3238 1319 3295 ore
1341 3243 1479 3319 illius
1510 3238 1828 3319 philosophi,
1860 3258 1907 3319 ο
1940 3242 2051 3293 siuc
2084 3238 2555 3319 terra-Quoiuodo
2583 3240 2725 3319 visus
2749 3254 2851 3291 non
2887 3241 3051 3319 possit
3073 3257 3193 3294 esse
3215 3243 3331 3319 sine
3363 3246 3505 3313 igne,

265 3312 359 3374 qui
404 3312 451 3361 in
506 3311 735 3379 lsagogis
764 3314 875 3363 suis
904 3312 977 3363 ait
1012 3313 1151 3365 aliud
1198 3326 1315 3365 esse
1357 3314 1641 3372 elementa,
1693 3312 1834 3361 aliud

264 3395 454 3431 eorum
490 3381 908 3444 commistiones,
960 3398 1077 3446 qua:
1119 3392 1241 3433 sunt
1270 3382 1454 3433 calidae
1480 3391 1533 3434 et
1562 3380 1739 3439 siccae,
1786 3387 1840 3431 et

262 3452 348 3501 sic
376 3454 440 3502 de
472 3451 609 3503 aliis.
658 3450 850 3502 lterum
884 3452 1133 3503 reclamat
1160 3466 1250 3503 ore
1292 3448 1543 3503 Macrobii
1573 3448 1798 3502 dicentis
1825 3464 1837 3499 :

270 3537 291 3568 ι
334 3518 464 3571 Cum
495 3519 546 3571 iu
578 3520 795 3586 singulis
840 3520 1114 3573 elementis
1142 3522 1363 3573 diversa:
1403 3527 1583 3573 essent
1612 3517 1839 3586 qualita-

269 3601 372 3647 tes,
426 3592 582 3641 talem
631 3590 915 3656 unicuique
960 3593 1123 3654 dedit,
1165 3599 1219 3642 ut
1261 3591 1309 3640 in
1357 3606 1420 3641 eo
1450 3591 1533 3642 cui
1582 3588 1837 3647 adhaeret,

265 3668 550 3723 cognatam
582 3668 634 3709 et
670 3658 896 3711 similem
946 3661 1235 3725 reperiret,
1279 3667 1334 3709 ut
1374 3672 1509 3723 aqua
1538 3672 1653 3711 cum
1701 3666 1837 3708 terra

267 3725 636 3792 l'rigiditatein,
669 3742 759 3779 aer
800 3741 918 3778 cum
950 3743 1029 3793 aq:
1056 3748 1079 3775 .2
1127 3727 1513 3789 ltumiditatem,
1555 3727 1688 3794 ignis
1719 3740 1838 3777 cum

268 3809 398 3847 aere
442 3795 695 3849 caimem.
735 3814 755 3846 ι
793 3796 923 3849 Vide
975 3800 1059 3849 ul.
1101 3797 1229 3849 dixit
1264 3798 1523 3851 elementa
1575 3812 1678 3850 non
1721 3809 1840 3849 esse

267 3864 575 3931 qualitates,
608 3867 698 3918 scd
730 3867 1009 3931 qualitates
1040 3868 1091 3919 iu
1119 3868 1414 3920 elementis.
1462 3871 1516 3920 Si
1546 3882 1672 3933 ergo
1699 3867 1839 3933 quod

268 3934 426 3986 alicui
468 3936 608 3990 inest
650 3938 918 3989 diversum
957 3947 1039 3989 est
1088 3936 1154 3988 ab
1193 3951 1257 3990 eo
1298 3938 1380 3989 cui
1423 3938 1578 3997 inest,
1631 3942 1841 3987 nonest

269 4004 446 4069 ipsum
496 4007 634 4073 quod
684 4016 764 4059 est
795 4005 964 4069 ipsum
1002 4006 1084 4059 cui
1130 4008 1285 4059 inest.
1334 4006 1470 4059 Sunt
1510 4007 1601 4059 alii
1633 4005 1719 4071 qui
1760 4006 1839 4056 di-

267 4082 401 4143 cunt
447 4074 544 4127 ista
584 4091 703 4143 quae
744 4077 987 4128 videntur
1027 4090 1145 4128 esse
1193 4076 1473 4135 elementa,
1525 4074 1839 4143 auctoritate

267 4140 544 4196 iuvenalis
569 4140 668 4197 hoc
689 4144 972 4209 probantes
992 4184 1005 4206 ,
1029 4145 1114 4208 qui
1140 4145 1204 4195 de
1230 4146 1427 4211 gulosis
1456 4145 1529 4197 ait
1556 4164 1567 4196 :
1600 4163 1615 4195 ι
1640 4142 1837 4198 Gusms

271 4224 369 4277 per
407 4226 585 4266 omina
627 4216 890 4268 elementa
934 4222 1204 4279 qumrunt,
1255 4216 1304 4263 in
1340 4224 1474 4267 terra
1510 4216 1836 4280 venationes,

270 4282 326 4335 in
360 4296 492 4350 aqua
524 4286 716 4352 pisces,
764 4284 814 4336 iu
847 4297 970 4335 aere
1011 4297 1155 4337 aves.
1193 4299 1212 4332 ι
1245 4283 1372 4345 Qua:
1403 4286 1666 4337 sententia
1715 4284 1835 4351 quia

270 4364 399 4404 vera
446 4366 547 4417 est,
598 4370 696 4409 nec
740 4354 1012 4406 διιιιειιιίςε
1059 4353 1491 4419 philosophorum
1545 4354 1836 4417 contraria,

270 4422 502 4485 qualiter
546 4440 665 4477 cum
716 4426 810 4475 ista
861 4430 1002 4475 stare
1050 4424 1213 4485 possit
1260 4436 1544 4488 exponam.
1592 4423 1835 4475 Philoso—

268 4492 413 4557 phus
445 4492 600 4559 igitur
641 4504 885 4559 tanquam
940 4491 1186 4559 physicus
1215 4490 1279 4544 de
1306 4490 1505 4545 naturis
1552 4506 1835 4561 corporum

270 4570 528 4625 tractans,
571 4562 787 4644 simplas
818 4562 1021 4638 illarum
1049 4571 1101 4638 et
1130 4561 1377 4641 minimas
1399 4562 1695 4652 particulas
1724 4565 1833 4652 ele:
1865 4594 1912 4652 ο

268 4641 451 4683 menta
501 4633 649 4699 quasi
700 4630 866 4699 prima
925 4629 1175 4698 principia
1234 4632 1455 4685 vocavit.
1520 4632 1828 4700 Philosophi

268 4714 403 4752 vero
439 4700 503 4754 de
545 4704 812 4755 creatione
860 4700 1313 4770 inundiagentes,
1339 4717 1441 4755 non
1485 4702 1552 4756 de
1598 4706 1829 4770 singulo-

266 4783 392 4821 rum
445 4785 726 4839 corporum
762 4772 1022 4839 naturis,‘
1049 4768 1145 4821 ista
1182 4782 1404 4837 quatuor
1428 4787 1544 4837 qua:
1584 4768 1830 4825 videntur

261 4836 556 4892 elementa
589 4838 771 4892 mundi
813 4852 931 4891 esse
972 4836 1241 4901 dixerunt,
1290 4855 1408 4906 qua:
1444 4836 1507 4893 ex
1546 4843 1661 4894 istis
1703 4854 1832 4894 con-

261 4916 450 4971 stant;
482 4919 536 4962 et
566 4910 663 4962 ista
696 4910 922 4975 primum
949 4916 1122 4959 creata
1152 4917 1293 4969 sunt,
1347 4908 1541 4963 deinde
1568 4926 1632 4963 ex
1666 4910 1745 4963 his
1777 4918 1832 4962 ut

260 4992 332 5027 ex
364 4976 646 5031 elementis
671 4989 861 5032 caetera
890 4980 1062 5030 omnia
1092 4978 1227 5029 facta
1255 4987 1397 5038 sunt,
1431 4989 1488 5031 ut
1518 4980 1567 5031 in
1597 4994 1828 5046 sequen-

262 5048 413 5097 tibus
443 5049 756 5101 ostenditur.
798 5048 951 5101 Nulla
983 5056 1060 5098 est
1089 5060 1211 5111 ergo
1244 5050 1377 5098 inter
1406 5064 1496 5101 eos
1536 5050 1829 5102 contrarie-

259 5127 373 5168 tas.
404 5114 510 5170 Sed
539 5119 721 5171 dicunt
747 5126 929 5170 contra
960 5134 975 5168 ;
1004 5116 1209 5168 nullum
1260 5117 1479 5168 istortmi
1509 5121 1829 5171 elementum

255 5192 376 5247 est,
432 5188 551 5253 quia
600 5186 799 5239 nullum
848 5194 1139 5237 esteorum
1185 5187 1322 5253 quod
1355 5200 1419 5236 ex
1461 5192 1685 5253 quatuor
1727 5191 1833 5241 ele-

257 5257 473 5308 mentis
510 5253 711 5308 factum
752 5269 854 5307 non
886 5256 974 5307 sit.
1007 5253 1158 5317 Quod
1203 5256 1279 5305 sic
1309 5256 1531 5317 probant
1560 5272 1572 5306 :
1610 5259 1659 5307 iu
1695 5266 1832 5309 terra

254 5332 354 5376 est
388 5322 587 5388 aliquid
629 5324 696 5379 de
743 5338 898 5389 aqua,
929 5324 1047 5390 quia
1078 5321 1271 5387 aliquid
1316 5322 1645 5379 humiditatis
1692 5328 1835 5379 vide-

256 5404 395 5447 nius
425 5393 593 5463 esire.
623 5392 679 5445 In
709 5401 894 5445 eadem
940 5400 1025 5447 est
1055 5390 1249 5463 aliquid
1280 5393 1441 5463 aeris,
1479 5394 1618 5461 quod
1649 5400 1836 5463 probat

253 5463 452 5516 fumus
476 5460 601 5515 inde
626 5474 945 5529 evaporans,
973 5470 1027 5515 et
1053 5459 1250 5528 aliquid
1277 5459 1663 5530 caloris,'quod
1696 5477 1835 5520 tactu

251 5531 618 5601 percipimus.
642 5530 945 5601 _Sitniliter_
972 5531 1041 5584 de
1080 5532 1207 5601 aliis
1263 5532 1487 5598 probant
1542 5540 1641 5587 hoc
1698 5535 1835 5590 idem

250 5598 592 5657 auctoritate
640 5599 872 5652 Platonis
896 5598 1123 5651 dicentis
1155 5616 1166 5648 :
1198 5616 1214 5649 ι
1245 5602 1377 5651 Cum
1424 5609 1563 5655 terra
1606 5612 1840 5659 transeat

249 5677 318 5726 in
348 5684 570 5737 aquam,
613 5677 667 5723 et
706 5682 840 5737 aqua
893 5667 943 5741 in
975 5676 1193 5733 terram,
1225 5684 1395 5741 quare
1426 5670 1595 5741 magis
1633 5673 1841 5727 dicatur

238 5753 404 5804 aqua
431 5753 593 5806 quam
624 5749 785 5791 terra.
824 5755 843 5789 ι
898 5737 1000 5790 Nos
1027 5750 1154 5806 vero
1178 5737 1591 5794 contradicim'us
1622 5742 1672 5796 lii
1708 5758 1839 5797 uno-

237 5805 479 5880 quoque
508 5808 722 5880 illorum
751 5807 821 5880 de
852 5807 969 5862 aliis
1008 5805 1205 5880 aliquid
1248 5821 1392 5880 esse,
1422 5823 1521 5863 nec
1556 5821 1735 5880 tamen
1776 5828 1838 5866 ea

237 5874 533 5937 ίὶιιιεεδειι
555 5875 716 5939 facta,
737 5878 856 5945 quia
886 5891 989 5933 non
1012 5874 1446 5945 substantialiter,
1471 5879 1566 5936 sed
1596 5883 1837 5955 acciden-

1945 3326 2041 3364 ncc
2076 3311 2324 3379 tangibile
2356 3314 2469 3364 sine
2502 3320 2663 3372 terra,
2698 3308 2977 3379 loquentes
3012 3312 3077 3363 de
3104 3312 3349 3365 sensibus
3382 3308 3503 3368 cor.

1945 3384 2088 3446 poris
2116 3377 2480 3435 os'tendettius.
2508 3378 2694 3431 Postea
2736 3377 2902 3431 addit.
2966 3378 3163 3431 Idcirco
3194 3380 3323 3445 jecit
3369 3384 3508 3439 Deus

1942 3453 2090 3515 quasi
2123 3452 2461 3504 fundamenta
2497 3451 2669 3515 ignem
2699 3456 2753 3499 et
2787 3456 2999 3499 terram.
3038 3448 3141 3503 Sed
3170 3456 3417 3516 quoniam
3454 3458 3503 3509 in

1940 3521 2020 3572 eis
2042 3530 2166 3573 sunt
2193 3520 2473 3575 contraria:
2512 3516 2812 3585 qualitates,
2866 3516 3057 3585 quippe
3099 3529 3235 3572 terra
3273 3535 3353 3576 est
3393 3541 3509 3581 cor-

1946 3591 2153 3653 puleuta
2178 3632 2190 3653 ,
2236 3590 2445 3661 olitos~,
2495 3586 2985 3661 itttli‘iUbliiﬁuiglliS
3008 3588 3265 3661 _sub,ilis,
3298 3607 3509 3661 acutus,

1944 3661 2338 3733 ιιιυὺιιίςννιιιὶι
2382 3660 2517 3711 Deus
2560 3658 2675 3733 sine
2710 3657 2970 3733 incdioea
3000 3657 3149 3733 jungi
3186 3676 3288 3713 non
3323 3657 3501 3733 posse,

1943 3728 2166 3807 ideoque
2194 3731 2331 3808 inter
2359 3746 2435 3808 ea.
2460 3728 2691 3807 medium
2736 3728 2957 3808 creavit,
3012 3729 3075 3781 de
3112 3728 3342 3808 quorum
3375 3728 3505 3790 con;

1936 3795 2209 3871 junctioue
2236 3801 2357 3868 quia
2412 3796 2636 3871 fecimus
2684 3795 3034 3871 mentionem,
3093 3795 3332 3871 dicamus
3384 3807 3506 3871 quid

1940 3870 2009 3920 sit
2039 3864 2371 3937 conjunctio,
2402 3866 2530 3937 quid
2554 3864 2855 3917 commistio
2883 3868 3290 3937 contrariorum.
3343 3864 3498 3926 Com-

1942 3940 2119 3991 mistio
2141 3934 2275 4008 ergo
2300 3934 2690 3990 contrariorum
2722 3942 2823 3997 est,
2870 3936 3082 4008 quando
3108 3952 3171 3990 ex
3196 3939 3403 3995 duobus
3434 3945 3503 3998 ita

1944 4009 2001 4060 lit
2031 4005 2302 4082 unum;_ut
2334 4013 2580 4082 neutrum
2598 4014 2883 4082 remaneat
2914 4005 2964 4057 id
2979 4008 3131 4082 quod
3160 4022 3282 4063 ante
3313 4013 3508 4082 fuerat,

1942 4088 1996 4151 ut
2045 4081 2087 4135 si
2118 4072 2890 4151 Gelidissimum“frigidissitno
2922 4076 3228 4151 misceatur,
3278 4081 3332 4133 lit
3374 4072 3502 4151 tepi:

1939 4148 2088 4215 dum,
2139 4164 2310 4217 neque
2358 4144 2700 4213 frigidissime
2749 4157 2920 4217 neque
2963 4145 3289 4203 calidissimo
3331 4144 3507 4205 renis-

1941 4214 2099 4273 nente
2123 4238 2137 4284 ;
2171 4214 2478 4286 coniunctio
2500 4228 2623 4267 vero
2650 4214 3037 4286 contrariorum
3068 4226 3172 4283 est,
3198 4226 3409 4286 quando
3437 4240 3497 4277 ex

1940 4283 2145 4341 duobus
2196 4288 2265 4340 ita
2316 4284 2370 4337 lit
2413 4298 2592 4346 unum,
2639 4283 2779 4349 quod
2832 4292 3111 4350 utrumque
3163 4283 3402 4344 remanet
3451 4296 3500 4347 id

1939 4359 2077 4429 quod
2111 4355 2453 4429 anteaQuod
2496 4352 2547 4429 in
2589 4352 2873 4405 contrariis
2920 4355 3237 4429 habentibus
3287 4374 3502 4429 agentes

1939 4421 2216 4493 qualitates
2247 4424 2361 4478 sine
2391 4421 2566 4477 medio
2596 4436 2715 4476 esse
2748 4437 2851 4475 non
2886 4436 3121 4490 possunt.
3155 4426 3290 4479 Sunt
3321 4421 3501 4484 autem

1940 4507 2155 4563 agentes
2176 4497 2479 4564 qualitates,
2508 4494 2673 4557 calor,
2722 4493 2999 4564 lrigiditas,
3038 4494 3130 4547 sed
3159 4499 3364 4562 quare?
3397 4499 3498 4553 Lo-

1938 4561 2158 4633 quentes
2189 4561 2255 4619 de
2289 4565 2503 4618 homine
2541 4565 2799 4633 dicemus.
2832 4561 2886 4615 Si
2919 4563 3059 4615 enim
3092 4561 3315 4617 alterum
3349 4569 3501 4622 alteri

1935 4630 2237 4703 apponitur,
2266 4643 2595 4703 repugnant,
2627 4641 2681 4685 et
2707 4630 2932 4683 alterum
2966 4634 3032 4685 ab
3052 4635 3229 4703 altero
3254 4636 3501 4691 dissolvi-

1933 4701 2051 4770 tur;
2086 4717 2138 4758 ut
2170 4720 2295 4773 ergo
2324 4701 2632 4773 subsistant,
2682 4709 2893 4767 Oportet
2925 4701 3154 4757 medium
3203 4720 3340 4759 esse.
3377 4708 3428 4759 ld
3460 4710 3505 4761 si

1933 4776 2036 4827 tale
2058 4770 2405 4837 fueritfquod
2434 4776 2553 4838 plus
2572 4770 2635 4822 ad
2661 4786 2822 4823 unum
2856 4788 3011 4838 quam
3044 4774 3108 4826 ad
3139 4774 3280 4827 aliud
3319 4792 3375 4829 se
3405 4778 3493 4830 lia-

1934 4845 2079 4908 beat,
2115 4846 2361 4912 paulatim
2407 4846 2454 4893 iii
2486 4840 2613 4912 illud
2644 4843 2707 4892 ad
2738 4842 2880 4909 quod
2910 4858 2969 4895 se
3003 4842 3119 4908 plus
3150 4844 3310 4898 habet
3337 4855 3507 4900 trans-

1936 4914 2060 4979 ibit,
2087 4910 2378 4977 sicqueilla
2416 4910 2723 4978 conjunctio
2750 4913 3107 4977 dissotvetur,
3157 4916 3313 4967 veluti
3348 4918 3389 4969 si
3426 4919 3502 4968 iti—

1935 4992 2011 5035 ter
2035 4982 2418 5035 calidissimum
2460 4991 2512 5033 et
2563 4980 2959 5050 frigidissimum
2994 4982 3193 5049 aliquid
3247 4986 3362 5050 plus
3406 4986 3502 5037 lia-

1937 5052 2063 5104 lieus
2094 5066 2151 5103 se
2182 5051 2246 5102 ad
2277 5051 2504 5103 calidum
2534 5064 2690 5118 quam
2722 5047 2786 5099 ad
2831 5047 3095 5116 frigidum
3124 5047 3368 5119 ponatur,
3415 5055 3505 5105 illo

1935 5122 1985 5171 in
2016 5130 2254 5172 naturain
2285 5121 2438 5172 calidi
2472 5126 2797 5180 transeunte,
2838 5128 2892 5170 et
2918 5120 3203 5187 l'rigiditate
3228 5134 3505 5188 pereunte,

1934 5190 2253 5243 dissolvetur
2277 5191 2362 5243 illa
2391 5189 2715 5255 coniunctio.
2740 5188 2834 5239 Sin
2864 5197 3040 5241 autem
3075 5191 3173 5243 tale
3205 5192 3361 5244 fuerit
3394 5209 3504 5247 me-

1936 5260 2101 5324 dium,
2126 5262 2269 5329 quod
2312 5260 2377 5312 ad
2410 5272 2690 5329 utrumque
2719 5270 2777 5309 se
2804 5260 3078 5329 aequaliter
3108 5260 3299 5329 habeat
3327 5301 3342 5324 ,
3399 5278 3505 5316 non

1940 5332 2055 5396 plus
2086 5328 2411 5383 initiaturam
2446 5328 2598 5379 unius
2627 5340 2785 5394 quam
2818 5328 3037 5396 alterius
3068 5328 3349 5396 transiens,
3389 5331 3513 5384 illo-

1938 5392 2053 5453 rum
2105 5399 2411 5469 observabis
2452 5392 2904 5469 conjunCtioneni.
2961 5394 3148 5469 Volens
3184 5392 3345 5469 ergo,
3373 5416 3511 5467 prae-

1938 5470 2075 5522 dicta
2104 5472 2208 5522 duo
2234 5468 2499 5538 elementa
2548 5464 2906 5525 commisceri,
2953 5465 3044 5518 sed
3076 5464 3421 5538 conjungere,
3458 5481 3514 5522 ιιι

1941 5552 2218 5607 utrumque
2267 5536 2318 5588 id
2350 5536 2487 5602 quod
2528 5548 2609 5591 est
2662 5542 2922 5607 remanet,
2974 5536 3205 5590 medium
3250 5536 3389 5590 inter
3424 5538 3513 5592 illa

1940 5603 2161 5670 creavit,
2192 5621 2296 5660 non
2329 5621 2488 5659 unum
2519 5616 2717 5665 tamen,
2746 5603 2839 5657 sed
2869 5604 3002 5669 duo,
3045 5622 3252 5674 aquam,
3285 5607 3516 5669 scilicet.

1939 5686 1993 5730 et
2020 5690 2166 5729 aera.
2214 5676 2271 5729 Si
2318 5676 2458 5729 enim
2489 5677 2657 5729 solam
2704 5687 2895 5741 aquam
2929 5674 3066 5729 inter
3112 5691 3171 5728 ea
3221 5680 3515 5741 posuisset.

1945 5755 2054 5798 tum
2080 5746 2196 5813 plus
2226 5744 2293 5799 ad
2327 5757 2520 5800 terrain
2552 5757 2709 5811 quam
2734 5745 2797 5795 ad
2831 5744 3004 5808 ignem
3035 5760 3092 5797 se
3126 5745 3368 5809 haberet,
3420 5748 3514 5800 lia-

1944 5814 2030 5868 bet
2059 5816 2202 5869 enim
2230 5829 2511 5871 commune
2555 5828 2674 5866 cum
2709 5822 2849 5867 terra
2895 5815 3301 5881 corpulentiam,
3355 5817 3517 5871 obtu-

1944 5885 2185 5953 sitatcm,
2217 5901 2336 5941 cum
2368 5886 2485 5953 igne
2514 5883 2885 5948 mobilitatem,
2935 5882 3238 5951 ceiijunctio
3282 5887 3365 5940 illa
3413 5905 3521 5943 non
