3868 6256
204 414 323 467 INI

1157 414 1677 474 ειειιειιτοιιυιι
1718 412 2194 473 Ριιιιοεοιδιιιρε
2237 413 2361 467 LIB.
2409 412 2470 468 ll.

3334 417 3467 472 IN!

195 531 353 581 latum
424 537 475 581 et
519 526 572 579 in
609 526 823 598 signum
865 538 1124 583 mutatum
1171 529 1434 591 dicentes,
1477 540 1528 582 et
1578 529 1656 582 sic
1700 529 1768 584 de
1797 532 1843 592 Α
1873 526 2027 598 Quod
2062 539 2156 594 per
2198 540 2386 598 navem
2415 535 2724 580 currentem
2756 526 2808 580 in
2846 526 2978 579 mari
3013 527 3222 594 probari
3266 542 3459 596 pote“.

192 598 329 650 aliis.
360 598 511 663 Quod
536 614 709 665 genus
728 598 988 653 tractandi
1018 603 1247 652 maxime
1270 609 1354 652 est
1381 600 1759 654 necessarium.

190 666 306 721 Non
335 668 477 722 enim
507 668 706 721 scimus
732 668 803 721 de
840 684 1165 738 unoquoque
1204 671 1378 735 signo,
1408 670 1457 721 in
1488 684 1589 737 qua
1621 680 1770 735 parte

189 737 311 791 (ιιΙί
338 738 429 802 sil,
460 747 515 791 et
554 748 682 804 quot
707 738 878 794 stellae
908 738 960 792 in
990 753 1056 791 eo
1085 738 1213 802 sint,
1251 749 1301 792 et
1331 738 1558 805 qualiter
1586 739 1769 803 dispo-

189 807 327 859 sitae.
359 808 689 875 Astrologice
717 822 847 864 vero
879 817 1130 873 tractare,
1170 816 1254 861 est
1290 822 1349 861 ea
1378 824 1495 872 qua:
1525 807 1771 860 videntur

192 877 242 927 in
272 877 639 943 superioribus
663 878 867 942 dicere,
898 892 1011 933 sive
1056 880 1125 932 ita
1167 878 1261 941 sit,
1308 878 1419 930 sive
1448 892 1575 939 non,
1606 878 1770 929 multa

186 946 331 998 enim
363 947 432 998 ibi
459 947 707 1000 videntur
734 963 879 1009 esse,
906 962 1026 1014 quae
1052 964 1154 1002 non
1184 955 1328 1009 sunt,
1354 948 1475 1014 quia
1506 948 1649 1000 visus
1675 946 1773 999 fat-

190 1016 349 1081 litur;
380 1016 458 1069 sic
507 1026 698 1070 tractat
728 1017 1048 1082 Marcianus,
1106 1017 1461 1084 Hipparchus.
1516 1016 1771 1069 Astrono-

188 1088 326 1139 mice
357 1094 547 1139 tractat
582 1086 755 1139 Julius
786 1087 1071 1151 Firmicus,
1107 1086 1447 1140 ΡιοΙοιιιεειιε.
1478 1085 1612 1155 Cum
1644 1101 1773 1155 ergo

184 1155 386 1208 dictum
414 1165 495 1208 est
524 1172 535 1205 :
562 1156 769 1210 Ctelum
822 1158 951 1223 tegit
998 1157 1198 1220 omnia,
1240 1154 1614 1223 astrologicum
1667 1154 1770 1219 est,

186 1225 311 1289 quia
341 1225 420 1280 sic
454 1225 698 1289 videtur;
747 1226 826 1279 vel
867 1226 1034 1279 aether
1059 1225 1253 1279 dicitur
1283 1225 1497 1288 cmlum,
1540 1224 1662 1291 quia
1691 1234 1774 1278 est

183 1293 420 1348 diversis
460 1295 632 1348 stellis
660 1295 927 1349 caelatum.
972 1295 1177 1349 Dicitur
1208 1294 1620 1357 ﬁrmamentum,
1649 1295 1771 1363 quia

182 1377 283 1416 suo
304 1364 498 1418 ell'ectu
520 1372 575 1418 et
595 1365 776 1418 calore
797 1365 1098 1431 stellarum,
1125 1379 1243 1432 quae
1266 1364 1316 1417 in
1339 1379 1405 1417 eo
1425 1373 1571 1427 sunt,
1598 1364 1773 1417 lirrnat

183 1442 238 1484 et
261 1443 521 1499 temperat
552 1434 786 1486 subdita.
830 1435 1038 1489 Caelum
1069 1436 1231 1501 igitur
1261 1434 1386 1499 tegit
1414 1434 1615 1495 omnia,
1648 1436 1771 1502 quia

184 1503 237 1554 in
284 1505 489 1557 athere
531 1511 586 1556 et
615 1504 716 1555 sub
745 1504 945 1557 aethere
985 1504 1160 1558 omnia
1192 1504 1550 1557 continentur.
1587 1503 1638 1555 ln
1671 1506 1771 1557 hoc

180 1572 437 1626 dicuntur
477 1572 651 1625 stellae
700 1572 900 1638 inlisae,
934 1589 1037 1626 non
1070 1583 1127 1627 ttt
1153 1589 1361 1638 gemma
1408 1574 1460 1626 iu
1490 1589 1641 1638 auro,
1676 1574 1769 1627 sed

180 1642 305 1711 quia
337 1643 392 1696 in
432 1643 522 1697 illo
543 1642 867 1704 existentes.
899 1658 1113 1711 semper
1153 1643 1205 1695 in
1240 1645 1423 1697 eadem
1456 1653 1603 1709 parte
1633 1644 1773 1695 illius

180 1710 458 1777 videntur,
501 1722 554 1765 et
578 1712 828 1780 quoniam
862 1713 928 1764 de
960 1710 1132 1765 inlixis
1155 1712 1378 1766 fecimus
1401 1713 1726 1766 meutionem
1754 1754 1769 1777 ,

178 1796 494 1849 quaternus
550 1792 725 1835 utrum
778 1792 1113 1849 moveantur,
1168 1798 1235 1835 an
1286 1781 1505 1834 omnino
1554 1792 1773 1835 careant

177 1860 365 1914 mutu;
392 1862 447 1906 et
488 1852 530 1903 si
564 1860 867 1914 morentur,
896 1854 1124 1918 qualiter
1152 1860 1483 1905 moveantur.
1518 1850 1653 1905 Sunt
1680 1852 1768 1920 qui

178 1934 275 1975 eas
304 1935 412 1974 non
444 1920 644 1975 moveri
673 1930 939 1985 asserunt,
968 1921 1065 1976 sed
1094 1936 1122 1974 a
1154 1921 1508 1986 ﬁrmamento,
1540 1932 1591 1973 et
1624 1921 1675 1972 in
1704 1936 1771 1975 eo

176 1993 316 2043 lixas
345 1990 413 2044 ad
459 2002 635 2045 ortum
685 1999 739 2043 et
770 2004 1019 2043 occasum
1061 1991 1268 2044 referri.
1319 1989 1419 2042 Alii
1450 1990 1632 2042 dicunt
1678 2004 1772 2043 eas

172 2060 401 2125 proprio
426 2068 581 2129 motu
597 2059 822 2116 moveri.
848 2059 967 2125 quia
1000 2060 1168 2129 ignea;
1195 2067 1319 2111 situt
1345 2068 1567 2121 naturas,
1596 2074 1771 2125 neque

171 2129 382 2194 aliquid
416 2131 469 2181 in
500 2128 700 2180 retinere
730 2130 810 2181 vel
842 2144 965 2181 aere
1013 2128 1129 2182 sine
1180 2138 1325 2180 motu
1356 2142 1510 2193 posse
1556 2138 1770 2183 susten-

176 2197 303 2267 tari,
338 2198 435 2267 sed
466 2210 683 2267 semper
709 2197 759 2249 in
789 2198 978 2251 eodem
1008 2198 1124 2252 loco
1150 2206 1205 2251 et
1224 2199 1424 2251 circum
1455 2212 1514 2252 se
1544 2200 1766 2251 moveri.

171 2266 347 2322 Tertii
397 2268 583 2321 dicunt
612 2281 702 2319 eas
750 2268 912 2319 etiam
963 2267 1031 2321 de
1075 2268 1191 2319 loco
1236 2268 1302 2321 ad
1336 2267 1509 2321 locum
1542 2269 1766 2332 moveri,

170 2336 385 2391 nullum
422 2347 602 2390 tamen
645 2350 830 2389 earum
862 2348 1062 2389 motum
1105 2336 1274 2389 oculis
1306 2336 1504 2391 nostris
1546 2336 1766 2401 sentire,

172 2408 303 2473 quia
332 2415 545 2460 tantum
572 2406 727 2475 spatii
759 2406 810 2457 in
842 2406 1215 2475 peragratione
1257 2407 1337 2459 sui
1366 2407 1548 2459 circuli
1571 2422 1769 2475 consu-

165 2485 351 2540 munt,
397 2475 539 2541 quod
566 2474 671 2527 vita
704 2476 959 2536 humana,
1003 2487 1122 2543 quae
1161 2475 1337 2528 brevis
1363 2483 1468 2539 est,
1511 2474 1671 2530 etiam
1700 2474 1769 2527 ad

165 2548 341 2598 breve
376 2554 636 2613 punctum
680 2553 787 2613 tam
838 2545 1002 2597 tarda:
1042 2546 1367 2597 accessionis
1412 2546 1767 2613 comprehen-

160 2612 389 2669 dendae
418 2629 526 2668 non
579 2612 799 2667 sufﬁcit.
848 2612 1103 2678 Quamvis
1153 2628 1282 2666 vero
1327 2614 1449 2668 huic
1490 2612 1770 2668 sententiae

158 2685 313 2750 quod
364 2683 440 2737 de
482 2684 605 2741 loco
650 2682 715 2733 ad
766 2680 944 2735 locum
1000 2691 1336 2748 moveantur,
1384 2684 1767 2747 consentimus,

155 2753 331 2807 aliam
366 2764 553 2806 tamen
592 2752 854 2804 rationem
885 2767 1054 2819 quare
1082 2761 1256 2804 motus
1284 2768 1467 2806 earum
1506 2768 1610 2805 non
1641 2769 1768 2806 scn-

156 2832 336 2876 riatur
371 2820 783 2889 prateudinrus,
814 2834 933 2887 qua
963 2820 1081 2873 talis
1107 2828 1208 2874 est.
1238 2823 1424 2873 Omnis
1454 2832 1628 2874 motus
1657 2822 1769 2874 dis-

157 2894 423 2945 cernitur
468 2904 561 2957 per
600 2889 893 2953 immobile,
939 2890 1022 2942 vel
1065 2904 1158 2958 per
1186 2891 1361 2943 minus
1390 2892 1605 2945 mobile.
1637 2892 1769 2945 Cum

155 2962 313 3015 enim
343 2957 557 3027 aliquid
588 2966 855 3025 movetur,
888 2958 932 3012 si
962 2958 1155 3027 aliquid
1185 2959 1457 3015 immobile
1482 2961 1563 3015 vel
1592 2964 1769 3015 minus

154 3032 373 3084 mobile
419 3029 689 3099 vide‘atur,
732 3043 853 3081 cum
896 3027 1093 3099 aliquid
1123 3030 1395 3097 praeterire
1436 3031 1515 3085 vel
1560 3035 1773 3099 propin-

154 3114 340 3166 quare
372 3098 647 3161 videmus,
678 3108 879 3151 motutn
909 3098 1188 3151 sentimus.
1216 3100 1310 3152 Siti
1358 3108 1537 3152 autem
1564 3098 1767 3165 aliquid

159 3165 492 3245 titoveatur,
521 3182 709 3245 neque
734 3165 936 3245 aliquid
965 3177 1117 3221 extra
1146 3166 1342 3235 ipsum,
1382 3172 1463 3222 vel
1494 3170 1770 3245 immobile

1873 597 2046 651 Motus
2070 610 2201 678 ergo
2220 596 2499 678 stellarum
2530 611 2625 663 per
2651 597 2923 651 immobile
2958 599 3039 651 vel
3066 600 3241 676 minus
3270 600 3468 653 mobile

1873 666 2270 734 superpositum
2313 666 2563 731 sentitur,
2617 680 2891 735 nunquam
2936 669 3356 735 superpositum,
3409 684 3463 723 ut

1876 752 1973 804 per
1994 735 2140 803 signa
2166 744 2369 789 motum
2396 736 2731 801 planetarum
2756 737 3131 801 discernimus,
3159 738 3282 802 quia
3307 741 3480 792 modo-

1873 807 1973 876 sub
2004 804 2105 858 hoc
2146 806 2319 873 signo,
2354 806 2515 876 modo
2542 807 2642 876 sub
2672 806 2781 860 alio
2809 808 3077 861 videntur.
3130 807 3303 876 Super
3331 824 3468 876 prm-

1873 874 2047 928 dictas
2093 885 2273 928 autem
2306 875 2487 928 stellas
2541 875 2674 927 nihil
2707 886 2789 929 est
2821 876 3053 942 visihile,
3098 892 3195 930 nec
3214 874 3346 931 ideo
3387 890 3473 932 est

1873 960 1981 1013 quo
2008 954 2183 998 motus
2205 960 2390 997 earum
2420 944 2651 997 discerni
2680 946 2862 1011 possit.
2894 945 3168 999 Moventur
3195 963 3342 1014 ergo,
3374 952 3465 1002 si-d

1876 1014 2057 1068 inﬁxa:
2085 1015 2355 1078 dicuntur,
2389 1016 2511 1080 quia
2562 1022 2737 1068 motus
2784 1031 2965 1068 earum
2998 1032 3100 1069 non
3130 1020 3379 1072 sentitur.
3414 1020 3468 1073 Ιιι

1873 1085 2063 1138 eodem
2111 1086 2449 1145 ﬁrmamento
2498 1085 2747 1137 undecim
2794 1086 3043 1137 dixerunt
3070 1100 3193 1139 esse
3216 1089 3470 1148 circulos.

1874 1168 2101 1220 quorum
2134 1154 2241 1206 duo
2268 1165 2389 1207 sunt
2420 1154 2680 1215 visibiles,
2712 1152 2800 1207 alii
2835 1154 3148 1209 invisibili-5.
3183 1158 3255 1209 De
3287 1158 3472 1211 visibi-

1877 1224 2015 1277 libus
2038 1237 2170 1290 ergo
2200 1224 2368 1289 prius,
2396 1222 2591 1276 deinde
2618 1223 2686 1277 de
2726 1224 3085 1278 invisibilibus
3115 1226 3463 1281 disseramus.

1878 1292 1993 1347 Duo
2014 1306 2146 1359 ergo
2176 1292 2438 1352 visibiles,
2466 1294 2725 1360 galaxias,
2759 1292 2809 1346 id
2841 1303 2946 1357 est,
2980 1295 3181 1348 lactens
3211 1299 3464 1350 circulus.

1876 1362 2005 1415 Gala
2037 1362 2189 1435 enim
2233 1363 2485 1435 ιαεηχίος
2513 1362 2757 1435 circulus,
2787 1372 2842 1417 et
2872 1364 3159 1428 zodiacus;
3192 1374 3244 1420 et
3285 1369 3472 1435 incipit

1876 1431 2115 1503 galasias
2156 1430 2309 1499 juxta
2339 1430 2775 1503 Septentrionem
2808 1448 2870 1487 es
2923 1445 3074 1501 parte
3112 1435 3367 1500 Orientis,
3396 1430 3465 1491 'et

1875 1500 1944 1554 ab
1975 1500 2194 1567 obliquo
2225 1516 2318 1567 per
2348 1501 2614 1555 Cancrum
2646 1513 2698 1556 et
2740 1502 3128 1571 Capricornurn
3177 1510 3463 1569 transiens,

1876 1572 1941 1625 ad
1995 1571 2138 1625 idem
2188 1571 2476 1626 revertitur
2522 1572 2860 1638 principium.
2914 1572 3117 1625 Dicitur
3160 1588 3338 1628 autern
3385 1579 3468 1631 sic

1879 1650 2099 1711 propter
2125 1640 2414 1711 notabilem
2445 1642 2525 1694 sui
2565 1640 2886 1695 claritatem.
2929 1641 2986 1696 Si
3016 1644 3135 1711 quis
3169 1659 3299 1699 vero
3328 1648 3469 1700 unde

1876 1714 1948 1764 sit
1973 1710 2064 1765 ille
2095 1711 2147 1763 in
2178 1710 2264 1763 illa
2299 1721 2449 1777 parte
2475 1711 2599 1764 cash
2634 1711 2889 1766 notabilis
2918 1710 3171 1779 splendor
3204 1714 3349 1771 scire
3371 1716 3465 1770 dc-

1876 1782 2100 1843 sidcrat,
2153 1779 2477 1853 Macrobium
2504 1780 2687 1853 legat.
2724 1780 3162 1853 Zodiacusivero
3211 1799 3240 1837 ει
3284 1783 3468 1853 Capri-

1876 1863 2045 1904 corno
2072 1865 2167 1917 per
2186 1851 2422 1904 Arietern
2449 1849 2515 1901 ad
2532 1847 2794 1904 Cancrum
2824 1852 3142 1916 ascendens,
3172 1853 3240 1906 de
3260 1847 3468 1909 Cancro

1878 1934 1973 1988 per
2011 1919 2226 1974 Libram
2265 1919 2331 1973 ad
2363 1920 2749 1986 Capricornum
2789 1920 3087 1975 descendit.
3134 1922 3467 1979 Descendere

1876 2003 2012 2061 vero
2034 1997 2093 2061 et
2116 1988 2428 2051 ascendere,
2450 1989 2603 2055 juxta
2635 2004 2879 2061 nostrum
2908 1990 3089 2051 situm.
3119 1993 3353 2061 intelligo
3380 1994 3466 2048 hic

1872 2057 2153 2131 duodecim
2196 2072 2383 2131 aequas
2428 2066 2628 2121 partes.
2684 2071 2740 2112 ut
2792 2059 2956 2112 refert
3007 2057 3324 2126 Macrobius,
3374 2080 3468 2131 per

1872 2127 2073 2186 ﬂuxum
2102 2142 2254 2193 aqua:
2280 2127 2485 2180 divisus
2511 2138 2614 2191 est,
2646 2143 2871 2197 quarum
2905 2143 3239 2198 unaquaeque
3267 2127 3463 2185 dicitur

1871 2198 2257 2267 signum,quia
2288 2198 2367 2251 eis
2394 2198 2667 2267 siguamus
2719 2198 2771 2250 in
2815 2212 2917 2266 qua
2950 2210 3101 2267 parte
3132 2201 3253 2255 (ιωιί
3286 2202 3356 2255 sit
3382 2206 3462 2255 sol

1871 2266 2049 2321 et’alii
2081 2266 2334 2338 planetae,
2368 2266 2517 2338 etad
2550 2280 2704 2338 quam
2734 2266 2982 2338 exierint,
3007 2278 3062 2321 et
3091 2270 3156 2321 ad
3181 2286 3343 2338 quam
3368 2270 3466 2326 (ιε-

1871 2338 2032 2391 beant
2076 2335 2379 2406 pervenire.
2410 2336 2542 2400 Qua:
2568 2337 2718 2405 signa
2749 2336 2873 2406 quia
2920 2335 3225 2395 nominibus
3255 2340 3463 2395 anima-

1874 2407 2002 2460 lium
2038 2405 2245 2459 titulata
2300 2413 2447 2473 sunt,
2480 2415 2536 2457 ut
2574 2405 3025 2471 Aries,"l‘aurus,
3065 2417 3195 2473 etc.,
3231 2410 3461 2471 circulus

1870 2478 1961 2543 qui
1994 2489 2055 2528 ea
2086 2475 2346 2537 continet,
2378 2472 2643 2537 zodiacus
2664 2476 2883 2530 dicitur.
2920 2484 3032 2535 2ωή
3060 2472 3202 2532 enim
3238 2491 3317 2531 est
3345 2480 3465 2532 ani-

1872 2545 1998 2597 mal.
2030 2543 2084 2614 Si
2114 2546 2234 2609 quis
2263 2553 2444 2614 autent
2475 2557 2665 2597 causas
2696 2543 2970 2597 nominum
3002 2556 3227 2613 quaerat,
3272 2548 3464 2614 Helpe-

1874 2615 2044 2668 ricum
2076 2613 2234 2680 legat.
2261 2612 2549 2680 Signorum
2575 2626 2704 2683 vero
2730 2614 2849 2667 talis
2876 2622 2958 2667 est
2988 2612 3289 2683 dispositio,
3317 2612 3463 2683 quod
3538 2678 3539 2681 η

1873 2685 2205 2751 propinquus
2253 2684 2409 2735 nobis
2453 2693 2536 2737 est
2578 2681 2811 2747 Cancer,
2860 2681 3087 2747 scilicet,
3137 2688 3188 2739 iri
3227 2681 3461 2741 conﬁnio

1874 2762 2070 2826 nostra:
2095 2753 2414 2826 habitabilis
2444 2760 2499 2826 et
2528 2752 2766 2805 torridm.
2807 2752 3009 2826 Deinde
3053 2754 3163 2826 Leo
3188 2756 3463 2826 aliquanto

1873 2822 2154 2892 descendit
2174 2820 2676 2892 versusOrientem,
2706 2832 2825 2890 post
2850 2822 3042 2892 Virgo;
3066 2824 3259 2881 deinde
3279 2820 3464 2885 Libra.

1872 2891 1928 2964 iu
1983 2890 2165 2964 medio
2202 2891 2459 2964 _to_rridze_
2482 2906 2632 2964 zonas
2668 2890 2962 2964 existens;
3009 2894 3145 2947 ultra
3193 2910 3351 2964 quam
3380 2909 3462 2952 est

1874 2960 2153 3027 Scorpius,
2184 2960 2380 3032 deinde
2427 2960 2782 3029 Sagittarius;
2817 2972 2945 3032 post
2977 2976 3135 3032 quem
3166 2960 3250 3017 est
3274 2965 3461 3032 Caprie

1874 3043 2089 3093 cornus,
2137 3045 2166 3081 a
2208 3030 2363 3083 nobis
2393 3031 2820 3099 remotissimus;
2863 3030 3061 3086 deinde
3107 3033 3323 3099 oblique
3358 3030 3463 3087 Vde-

1875 3099 2183 3169 scendendo
2204 3108 2287 3151 est
2313 3098 2600 3166 Aquarius,
2626 3109 2811 3169 postea
2838 3099 3044 3165 Pisces;
3069 3098 3265 3157 deinde
3282 3104 3459 3169 Aries,

1879 3168 1931 3242 Ψ
1963 3170 2141 3222 medio
2172 3169 2397 3242 torrida;
2415 3182 2568 3242 zouze
2615 3168 2790 3242 Lier
2831 3175 3163 3242 suppositus,
3190 3187 3347 3242 supra
3375 3168 3456 3230 est

158 3238 253 3296 vel
306 3230 508 3293 minus
552 3230 748 3291 mobile
795 3230 1037 3291 videatur
1067 3280 1082 3302 ,
1139 3230 1313 3291 motus
1360 3254 1466 3292 non
1512 3240 1762 3295 sentitur.
1800 3230 1845 3291 C
1879 3236 2113 3307 Taurus,
2146 3248 2330 3306 postea
2360 3235 2597 3303 Gemini,
2628 3238 2826 3295 deinde
2854 3230 3077 3297 Cancer.

987 3347 1070 3402 DE
1108 3348 1458 3406 ABSIDIBUS

2082 3344 2085 3347 ’
2157 3350 2650 3409 PLANETARUM.

749 5181 2357 5877 δέ

818 5734 819 5737 γ
1056 5687 1092 5724 .
1496 5603 2521 5880 ΜΔ,
2760 5768 2763 5771 _
2958 5830 2965 5835 θ
