  <div class='ocr_page' id='page_1' title='image "/cluster/home/n/w/nwhite01/storage/ocr_20150623/90-91/uva.x000827075/594.png"; bbox 0 0 3868 6256; ppageno 0'>
   <div class='ocr_carea' id='block_1_1' title="bbox 1069 359 2390 419">
    <p class='ocr_par' dir='ltr' id='par_1_1' title="bbox 1069 359 2390 419">
     <span class='ocr_line' id='line_1_1' title="bbox 1069 359 2390 419; baseline 0.002 -2"><span class='ocrx_word' id='word_1_1' title='bbox 1069 363 1130 417; x_wconf 76' lang='grc' dir='ltr'><strong>ΕΙ</strong></span> <span class='ocrx_word' id='word_1_2' title='bbox 1158 359 1582 418; x_wconf 65' lang='lat' dir='ltr'><strong>EMENTORUSI</strong></span> <span class='ocrx_word' id='word_1_3' title='bbox 1625 359 2107 417; x_wconf 62' lang='lat' dir='ltr'><strong>PlllLOSOPlllE</strong></span> <span class='ocrx_word' id='word_1_4' title='bbox 2151 360 2282 419; x_wconf 80' lang='lat' dir='ltr'><strong>LIB.</strong></span> <span class='ocrx_word' id='word_1_5' title='bbox 2325 362 2390 419; x_wconf 84' lang='lat' dir='ltr'><strong>ll.</strong></span> 
     </span>
    </p>
   </div>
   <div class='ocr_carea' id='block_1_2' title="bbox 1620 533 1804 583">
    <p class='ocr_par' dir='ltr' id='par_1_2' title="bbox 1620 533 1804 583">
     <span class='ocr_line' id='line_1_2' title="bbox 1620 533 1804 583; baseline -0.011 0"><span class='ocrx_word' id='word_1_6' title='bbox 1620 533 1804 583; x_wconf 67' lang='lat' dir='ltr'><strong>Antea.</strong></span> 
     </span>
    </p>
   </div>
   <div class='ocr_carea' id='block_1_3' title="bbox 2729 1393 3010 1444">
    <p class='ocr_par' dir='ltr' id='par_1_3' title="bbox 2729 1393 3010 1444">
     <span class='ocr_line' id='line_1_3' title="bbox 2729 1393 3010 1444; baseline -0.004 0"><span class='ocrx_word' id='word_1_7' title='bbox 2729 1393 3010 1444; x_wconf 67' lang='lat' dir='ltr'><strong>Occnnms.</strong></span> 
     </span>
    </p>
   </div>
   <div class='ocr_carea' id='block_1_4' title="bbox 154 2513 3333 2585">
    <p class='ocr_par' dir='ltr' id='par_1_4' title="bbox 154 2513 3333 2585">
     <span class='ocr_line' id='line_1_4' title="bbox 154 2513 3333 2585; baseline -0 -17"><span class='ocrx_word' id='word_1_8' title='bbox 154 2513 220 2585; x_wconf 81' lang='lat' dir='ltr'><strong>Si</strong></span> <span class='ocrx_word' id='word_1_9' title='bbox 240 2528 377 2583; x_wconf 73' lang='lat' dir='ltr'><strong>ergo</strong></span> <span class='ocrx_word' id='word_1_10' title='bbox 400 2513 483 2569; x_wconf 83' lang='lat' dir='ltr'><strong>sol</strong></span> <span class='ocrx_word' id='word_1_11' title='bbox 513 2529 702 2570; x_wconf 80' lang='lat' dir='ltr'><strong>versus</strong></span> <span class='ocrx_word' id='word_1_12' title='bbox 726 2515 1069 2571; x_wconf 90' lang='lat' dir='ltr'><strong>Occidentem</strong></span> <span class='ocrx_word' id='word_1_13' title='bbox 1103 2515 1345 2571; x_wconf 89' lang='lat' dir='ltr'><strong>tenderet</strong></span> <span class='ocrx_word' id='word_1_14' title='bbox 1375 2516 1443 2572; x_wconf 88' lang='lat' dir='ltr'><strong>de</strong></span> <span class='ocrx_word' id='word_1_15' title='bbox 1476 2517 1657 2572; x_wconf 68' lang='lat' dir='ltr'><strong>Ariete</strong></span> <span class='ocrx_word' id='word_1_16' title='bbox 1691 2518 1735 2578; x_wconf 84' lang='grc' dir='ltr'><strong>Β</strong></span> <span class='ocrx_word' id='word_1_17' title='bbox 1763 2517 1912 2570; x_wconf 87' lang='lat' dir='ltr'><strong>terri.</strong></span> <span class='ocrx_word' id='word_1_18' title='bbox 1947 2516 2222 2571; x_wconf 79' lang='lat' dir='ltr'><strong>Moventur</strong></span> <span class='ocrx_word' id='word_1_19' title='bbox 2245 2531 2374 2585; x_wconf 78' lang='lat' dir='ltr'><strong>ergo</strong></span> <span class='ocrx_word' id='word_1_20' title='bbox 2395 2514 2477 2569; x_wconf 84' lang='lat' dir='ltr'><strong>sol</strong></span> <span class='ocrx_word' id='word_1_21' title='bbox 2506 2522 2562 2571; x_wconf 89' lang='lat' dir='ltr'><strong>et</strong></span> <span class='ocrx_word' id='word_1_22' title='bbox 2587 2513 2676 2585; x_wconf 90' lang='lat' dir='ltr'><strong>alii</strong></span> <span class='ocrx_word' id='word_1_23' title='bbox 2699 2513 2924 2585; x_wconf 59' lang='lat' dir='ltr'><strong>planetu}.</strong></span> <span class='ocrx_word' id='word_1_24' title='bbox 2947 2513 3015 2585; x_wconf 84' lang='lat' dir='ltr'><strong>ab</strong></span> <span class='ocrx_word' id='word_1_25' title='bbox 3042 2513 3333 2585; x_wconf 77' lang='lat' dir='ltr'><strong>Occidente</strong></span> 
     </span>
    </p>
   </div>
   <div class='ocr_carea' id='block_1_5' title="bbox 84 2582 1645 2654">
    <p class='ocr_par' dir='ltr' id='par_1_5' title="bbox 84 2582 1645 2654">
     <span class='ocr_line' id='line_1_5' title="bbox 84 2582 1645 2654; baseline 0.002 -17"><span class='ocrx_word' id='word_1_26' title='bbox 84 2582 135 2654; x_wconf 71' lang='lat' dir='ltr'><strong>in</strong></span> <span class='ocrx_word' id='word_1_27' title='bbox 181 2582 390 2649; x_wconf 69' lang='lat' dir='ltr'><strong>signum</strong></span> <span class='ocrx_word' id='word_1_28' title='bbox 435 2600 623 2640; x_wconf 71' lang='lat' dir='ltr'><strong>versus</strong></span> <span class='ocrx_word' id='word_1_29' title='bbox 663 2586 1004 2641; x_wconf 87' lang='lat' dir='ltr'><strong>Occidentem</strong></span> <span class='ocrx_word' id='word_1_30' title='bbox 1053 2587 1303 2654; x_wconf 90' lang='lat' dir='ltr'><strong>positum,</strong></span> <span class='ocrx_word' id='word_1_31' title='bbox 1351 2586 1399 2640; x_wconf 89' lang='lat' dir='ltr'><strong>id</strong></span> <span class='ocrx_word' id='word_1_32' title='bbox 1444 2597 1547 2651; x_wconf 89' lang='lat' dir='ltr'><strong>est,</strong></span> <span class='ocrx_word' id='word_1_33' title='bbox 1594 2588 1645 2641; x_wconf 91' lang='lat' dir='ltr'><strong>in</strong></span> 
     </span>
    </p>
   </div>
   <div class='ocr_carea' id='block_1_6' title="bbox 82 2651 1646 2718">
    <p class='ocr_par' dir='ltr' id='par_1_6' title="bbox 82 2651 1646 2718">
     <span class='ocr_line' id='line_1_6' title="bbox 82 2651 1646 2718; baseline 0.004 -13"><span class='ocrx_word' id='word_1_34' title='bbox 82 2651 258 2707; x_wconf 75' lang='lat' dir='ltr'><strong>Pisces</strong></span> <span class='ocrx_word' id='word_1_35' title='bbox 288 2656 563 2718; x_wconf 86' lang='lat' dir='ltr'><strong>transiret,</strong></span> <span class='ocrx_word' id='word_1_36' title='bbox 593 2656 786 2711; x_wconf 84' lang='lat' dir='ltr'><strong>deinde</strong></span> <span class='ocrx_word' id='word_1_37' title='bbox 827 2656 877 2708; x_wconf 91' lang='lat' dir='ltr'><strong>in</strong></span> <span class='ocrx_word' id='word_1_38' title='bbox 907 2651 1120 2712; x_wconf 70' lang='lat' dir='ltr'><strong>cmtera.</strong></span> <span class='ocrx_word' id='word_1_39' title='bbox 1147 2658 1277 2710; x_wconf 89' lang='lat' dir='ltr'><strong>Cum</strong></span> <span class='ocrx_word' id='word_1_40' title='bbox 1330 2672 1457 2716; x_wconf 65' lang='lat' dir='ltr'><strong>ergo</strong></span> <span class='ocrx_word' id='word_1_41' title='bbox 1485 2659 1563 2708; x_wconf 85' lang='lat' dir='ltr'><strong>sol</strong></span> <span class='ocrx_word' id='word_1_42' title='bbox 1597 2660 1646 2711; x_wconf 89' lang='lat' dir='ltr'><strong>in</strong></span> 
     </span>
    </p>
   </div>
   <div class='ocr_carea' id='block_1_7' title="bbox 81 2721 1644 2793">
    <p class='ocr_par' dir='ltr' id='par_1_7' title="bbox 81 2721 1644 2793">
     <span class='ocr_line' id='line_1_7' title="bbox 81 2721 1644 2793; baseline 0.006 -21"><span class='ocrx_word' id='word_1_43' title='bbox 81 2721 225 2789; x_wconf 68' lang='lat' dir='ltr'><strong>signa</strong></span> <span class='ocrx_word' id='word_1_44' title='bbox 259 2740 451 2778; x_wconf 78' lang='lat' dir='ltr'><strong>versus</strong></span> <span class='ocrx_word' id='word_1_45' title='bbox 496 2726 766 2779; x_wconf 89' lang='lat' dir='ltr'><strong>Orientem</strong></span> <span class='ocrx_word' id='word_1_46' title='bbox 798 2726 991 2793; x_wconf 83' lang='lat' dir='ltr'><strong>posita,</strong></span> <span class='ocrx_word' id='word_1_47' title='bbox 1024 2726 1244 2789; x_wconf 78' lang='lat' dir='ltr'><strong>scilicet,</strong></span> <span class='ocrx_word' id='word_1_48' title='bbox 1277 2727 1327 2779; x_wconf 94' lang='lat' dir='ltr'><strong>in</strong></span> <span class='ocrx_word' id='word_1_49' title='bbox 1378 2726 1644 2785; x_wconf 83' lang='lat' dir='ltr'><strong>Taurum.</strong></span> 
     </span>
    </p>
   </div>
   <div class='ocr_carea' id='block_1_8' title="bbox 79 2793 1643 2856">
    <p class='ocr_par' dir='ltr' id='par_1_8' title="bbox 79 2793 1643 2856">
     <span class='ocr_line' id='line_1_8' title="bbox 79 2793 1643 2856; baseline 0.004 -11"><span class='ocrx_word' id='word_1_50' title='bbox 79 2801 206 2856; x_wconf 86' lang='lat' dir='ltr'><strong>etc.,</strong></span> <span class='ocrx_word' id='word_1_51' title='bbox 235 2793 305 2847; x_wconf 91' lang='lat' dir='ltr'><strong>de</strong></span> <span class='ocrx_word' id='word_1_52' title='bbox 353 2794 537 2850; x_wconf 82' lang='lat' dir='ltr'><strong>Ariete</strong></span> <span class='ocrx_word' id='word_1_53' title='bbox 566 2805 819 2855; x_wconf 86' lang='lat' dir='ltr'><strong>transeat.</strong></span> <span class='ocrx_word' id='word_1_54' title='bbox 853 2798 967 2849; x_wconf 88' lang='lat' dir='ltr'><strong>sine</strong></span> <span class='ocrx_word' id='word_1_55' title='bbox 998 2796 1156 2848; x_wconf 87' lang='lat' dir='ltr'><strong>dubio</strong></span> <span class='ocrx_word' id='word_1_56' title='bbox 1184 2796 1251 2849; x_wconf 88' lang='lat' dir='ltr'><strong>de</strong></span> <span class='ocrx_word' id='word_1_57' title='bbox 1280 2796 1560 2851; x_wconf 89' lang='lat' dir='ltr'><strong>occidente</strong></span> <span class='ocrx_word' id='word_1_58' title='bbox 1592 2798 1643 2851; x_wconf 91' lang='lat' dir='ltr'><strong>in</strong></span> 
     </span>
    </p>
   </div>
   <div class='ocr_carea' id='block_1_9' title="bbox 78 2863 1644 2923">
    <p class='ocr_par' dir='ltr' id='par_1_9' title="bbox 78 2863 1644 2923">
     <span class='ocr_line' id='line_1_9' title="bbox 78 2863 1644 2923; baseline 0.006 -9"><span class='ocrx_word' id='word_1_59' title='bbox 78 2863 343 2919; x_wconf 84' lang='lat' dir='ltr'><strong>orientem</strong></span> <span class='ocrx_word' id='word_1_60' title='bbox 394 2876 719 2920; x_wconf 78' lang='lat' dir='ltr'><strong>moveretur.</strong></span> <span class='ocrx_word' id='word_1_61' title='bbox 782 2866 1113 2921; x_wconf 83' lang='lat' dir='ltr'><strong>Subnectnnt</strong></span> <span class='ocrx_word' id='word_1_62' title='bbox 1162 2867 1320 2920; x_wconf 78' lang='lat' dir='ltr'><strong>etiam</strong></span> <span class='ocrx_word' id='word_1_63' title='bbox 1386 2868 1644 2923; x_wconf 87' lang='lat' dir='ltr'><strong>rationem</strong></span> 
     </span>
    </p>
   </div>
   <div class='ocr_carea' id='block_1_10' title="bbox 75 2936 1643 2996">
    <p class='ocr_par' dir='ltr' id='par_1_10' title="bbox 75 2936 1643 2996">
     <span class='ocr_line' id='line_1_10' title="bbox 75 2936 1643 2996; baseline 0.005 -11"><span class='ocrx_word' id='word_1_64' title='bbox 75 2948 239 2996; x_wconf 72' lang='lat' dir='ltr'><strong>quare</strong></span> <span class='ocrx_word' id='word_1_65' title='bbox 259 2936 332 2989; x_wconf 79' lang='lat' dir='ltr'><strong>sit</strong></span> <span class='ocrx_word' id='word_1_66' title='bbox 355 2950 576 2990; x_wconf 75' lang='lat' dir='ltr'><strong>necesse</strong></span> <span class='ocrx_word' id='word_1_67' title='bbox 598 2938 675 2989; x_wconf 87' lang='lat' dir='ltr'><strong>sic</strong></span> <span class='ocrx_word' id='word_1_68' title='bbox 694 2951 831 2990; x_wconf 82' lang='lat' dir='ltr'><strong>esse.</strong></span> <span class='ocrx_word' id='word_1_69' title='bbox 860 2938 991 2989; x_wconf 71' lang='lat' dir='ltr'><strong>(lum</strong></span> <span class='ocrx_word' id='word_1_70' title='bbox 1020 2938 1409 2990; x_wconf 91' lang='lat' dir='ltr'><strong>ﬁrmamentum</strong></span> <span class='ocrx_word' id='word_1_71' title='bbox 1433 2937 1500 2989; x_wconf 88' lang='lat' dir='ltr'><strong>ab</strong></span> <span class='ocrx_word' id='word_1_72' title='bbox 1526 2954 1575 2991; x_wconf 89' lang='grc' dir='ltr'><strong>οι</strong></span> <span class='ocrx_word' id='word_1_73' title='bbox 1591 2948 1643 2993; x_wconf 81' lang='grc' dir='ltr'><strong>ιιι</strong></span> 
     </span>
    </p>
   </div>
   <div class='ocr_carea' id='block_1_11' title="bbox 76 3001 1645 3075">
    <p class='ocr_par' dir='ltr' id='par_1_11' title="bbox 76 3001 1645 3075">
     <span class='ocr_line' id='line_1_11' title="bbox 76 3001 1645 3075; baseline 0.004 -21"><span class='ocrx_word' id='word_1_74' title='bbox 76 3001 129 3055; x_wconf 81' lang='lat' dir='ltr'><strong>in</strong></span> <span class='ocrx_word' id='word_1_75' title='bbox 168 3018 427 3060; x_wconf 68' lang='lat' dir='ltr'><strong>occasum</strong></span> <span class='ocrx_word' id='word_1_76' title='bbox 460 3008 710 3069; x_wconf 71' lang='lat' dir='ltr'><strong>volvitur.</strong></span> <span class='ocrx_word' id='word_1_77' title='bbox 746 3008 789 3060; x_wconf 90' lang='lat' dir='ltr'><strong>si</strong></span> <span class='ocrx_word' id='word_1_78' title='bbox 824 3006 1047 3075; x_wconf 63' lang='lat' dir='ltr'><strong>planetu!</strong></span> <span class='ocrx_word' id='word_1_79' title='bbox 1089 3009 1335 3061; x_wconf 81' lang='lat' dir='ltr'><strong>similiter</strong></span> <span class='ocrx_word' id='word_1_80' title='bbox 1364 3023 1645 3061; x_wconf 70' lang='lat' dir='ltr'><strong>moverun-</strong></span> 
     </span>
    </p>
   </div>
   <div class='ocr_carea' id='block_1_12' title="bbox 72 3075 1641 3140">
    <p class='ocr_par' dir='ltr' id='par_1_12' title="bbox 72 3075 1641 3140">
     <span class='ocr_line' id='line_1_12' title="bbox 72 3075 1641 3140; baseline 0.006 -17"><span class='ocrx_word' id='word_1_81' title='bbox 72 3080 177 3138; x_wconf 76' lang='lat' dir='ltr'><strong>tur,</strong></span> <span class='ocrx_word' id='word_1_82' title='bbox 203 3083 389 3130; x_wconf 85' lang='lat' dir='ltr'><strong>tantus</strong></span> <span class='ocrx_word' id='word_1_83' title='bbox 417 3086 559 3130; x_wconf 77' lang='lat' dir='ltr'><strong>esset</strong></span> <span class='ocrx_word' id='word_1_84' title='bbox 588 3076 833 3140; x_wconf 79' lang='lat' dir='ltr'><strong>impetus,</strong></span> <span class='ocrx_word' id='word_1_85' title='bbox 863 3078 997 3140; x_wconf 87' lang='lat' dir='ltr'><strong>quod</strong></span> <span class='ocrx_word' id='word_1_86' title='bbox 1032 3076 1081 3128; x_wconf 90' lang='lat' dir='ltr'><strong>in</strong></span> <span class='ocrx_word' id='word_1_87' title='bbox 1132 3086 1269 3129; x_wconf 88' lang='lat' dir='ltr'><strong>terra</strong></span> <span class='ocrx_word' id='word_1_88' title='bbox 1318 3075 1451 3130; x_wconf 80' lang='lat' dir='ltr'><strong>nihil</strong></span> <span class='ocrx_word' id='word_1_89' title='bbox 1498 3085 1641 3133; x_wconf 82' lang='lat' dir='ltr'><strong>stare</strong></span> 
     </span>
    </p>
   </div>
   <div class='ocr_carea' id='block_1_13' title="bbox 72 3146 1641 3217">
    <p class='ocr_par' dir='ltr' id='par_1_13' title="bbox 72 3146 1641 3217">
     <span class='ocr_line' id='line_1_13' title="bbox 72 3146 1641 3217; baseline 0.004 -20"><span class='ocrx_word' id='word_1_90' title='bbox 72 3147 386 3217; x_wconf 48' lang='grc' dir='ltr'><strong>κοτίνοιο</strong></span> <span class='ocrx_word' id='word_1_91' title='bbox 417 3154 614 3207; x_wconf 63' lang='lat' dir='ltr'><strong>uisset.</strong></span> <span class='ocrx_word' id='word_1_92' title='bbox 647 3146 713 3199; x_wconf 88' lang='lat' dir='ltr'><strong>Ut</strong></span> <span class='ocrx_word' id='word_1_93' title='bbox 741 3162 868 3217; x_wconf 71' lang='lat' dir='ltr'><strong>ergo</strong></span> <span class='ocrx_word' id='word_1_94' title='bbox 896 3147 1078 3213; x_wconf 86' lang='lat' dir='ltr'><strong>rapido</strong></span> <span class='ocrx_word' id='word_1_95' title='bbox 1109 3147 1272 3199; x_wconf 90' lang='lat' dir='ltr'><strong>motui</strong></span> <span class='ocrx_word' id='word_1_96' title='bbox 1320 3148 1595 3202; x_wconf 73' lang='lat' dir='ltr'><strong>firmamen</strong></span> <span class='ocrx_word' id='word_1_97' title='bbox 1626 3150 1641 3203; x_wconf 91' lang='lat' dir='ltr'><strong>i</strong></span> 
     </span>
    </p>
   </div>
   <div class='ocr_carea' id='block_1_14' title="bbox 67 3213 1637 3283">
    <p class='ocr_par' dir='ltr' id='par_1_14' title="bbox 67 3213 1637 3283">
     <span class='ocr_line' id='line_1_14' title="bbox 67 3213 1637 3283; baseline 0.003 -17"><span class='ocrx_word' id='word_1_98' title='bbox 67 3213 377 3279; x_wconf 71' lang='lat' dir='ltr'><strong>obriarent,</strong></span> <span class='ocrx_word' id='word_1_99' title='bbox 410 3217 770 3283; x_wconf 88' lang='lat' dir='ltr'><strong>impetumque</strong></span> <span class='ocrx_word' id='word_1_100' title='bbox 808 3213 962 3270; x_wconf 67' lang='lat' dir='ltr'><strong>illius</strong></span> <span class='ocrx_word' id='word_1_101' title='bbox 994 3226 1370 3279; x_wconf 78' lang='lat' dir='ltr'><strong>temperarent,</strong></span> <span class='ocrx_word' id='word_1_102' title='bbox 1406 3218 1459 3269; x_wconf 90' lang='lat' dir='ltr'><strong>in</strong></span> <span class='ocrx_word' id='word_1_103' title='bbox 1506 3233 1637 3272; x_wconf 87' lang='lat' dir='ltr'><strong>con-</strong></span> 
     </span>
    </p>
   </div>
   <div class='ocr_carea' id='block_1_15' title="bbox 69 3284 1637 3354">
    <p class='ocr_par' dir='ltr' id='par_1_15' title="bbox 69 3284 1637 3354">
     <span class='ocr_line' id='line_1_15' title="bbox 69 3284 1637 3354; baseline 0.006 -21"><span class='ocrx_word' id='word_1_104' title='bbox 69 3284 402 3354; x_wconf 62' lang='lat' dir='ltr'><strong>uarietatem</strong></span> <span class='ocrx_word' id='word_1_105' title='bbox 452 3293 597 3338; x_wconf 89' lang='lat' dir='ltr'><strong>motu</strong></span> <span class='ocrx_word' id='word_1_106' title='bbox 640 3286 823 3339; x_wconf 87' lang='lat' dir='ltr'><strong>returti</strong></span> <span class='ocrx_word' id='word_1_107' title='bbox 868 3296 1010 3341; x_wconf 88' lang='lat' dir='ltr'><strong>sunt.</strong></span> <span class='ocrx_word' id='word_1_108' title='bbox 1040 3287 1142 3341; x_wconf 89' lang='lat' dir='ltr'><strong>Sed</strong></span> <span class='ocrx_word' id='word_1_109' title='bbox 1184 3288 1425 3354; x_wconf 80' lang='lat' dir='ltr'><strong>quamvis</strong></span> <span class='ocrx_word' id='word_1_110' title='bbox 1454 3299 1637 3343; x_wconf 87' lang='lat' dir='ltr'><strong>contra</strong></span> 
     </span>
    </p>
   </div>
   <div class='ocr_carea' id='block_1_16' title="bbox 69 3351 1640 3420">
    <p class='ocr_par' dir='ltr' id='par_1_16' title="bbox 69 3351 1640 3420">
     <span class='ocr_line' id='line_1_16' title="bbox 69 3351 1640 3420; baseline 0.005 -15"><span class='ocrx_word' id='word_1_111' title='bbox 69 3351 468 3409; x_wconf 71' lang='lat' dir='ltr'><strong>ﬁrmamentum</strong></span> <span class='ocrx_word' id='word_1_112' title='bbox 494 3355 819 3420; x_wconf 71' lang='lat' dir='ltr'><strong>deferantur,</strong></span> <span class='ocrx_word' id='word_1_113' title='bbox 851 3351 1237 3411; x_wconf 84' lang='lat' dir='ltr'><strong>firmamentum</strong></span> <span class='ocrx_word' id='word_1_114' title='bbox 1270 3367 1446 3411; x_wconf 89' lang='lat' dir='ltr'><strong>tamen</strong></span> <span class='ocrx_word' id='word_1_115' title='bbox 1477 3358 1640 3413; x_wconf 82' lang='lat' dir='ltr'><strong>refert</strong></span> 
     </span>
    </p>
   </div>
   <div class='ocr_carea' id='block_1_17' title="bbox 62 3426 1639 3494">
    <p class='ocr_par' dir='ltr' id='par_1_17' title="bbox 62 3426 1639 3494">
     <span class='ocr_line' id='line_1_17' title="bbox 62 3426 1639 3494; baseline 0.004 -17"><span class='ocrx_word' id='word_1_116' title='bbox 62 3438 153 3477; x_wconf 82' lang='lat' dir='ltr'><strong>eos</strong></span> <span class='ocrx_word' id='word_1_117' title='bbox 197 3440 394 3479; x_wconf 71' lang='lat' dir='ltr'><strong>secum</strong></span> <span class='ocrx_word' id='word_1_118' title='bbox 428 3426 495 3479; x_wconf 83' lang='lat' dir='ltr'><strong>ad</strong></span> <span class='ocrx_word' id='word_1_119' title='bbox 525 3438 701 3479; x_wconf 86' lang='lat' dir='ltr'><strong>ortum</strong></span> <span class='ocrx_word' id='word_1_120' title='bbox 728 3434 780 3478; x_wconf 73' lang='lat' dir='ltr'><strong>et</strong></span> <span class='ocrx_word' id='word_1_121' title='bbox 810 3441 1076 3491; x_wconf 80' lang='lat' dir='ltr'><strong>occasum,</strong></span> <span class='ocrx_word' id='word_1_122' title='bbox 1107 3437 1162 3480; x_wconf 92' lang='lat' dir='ltr'><strong>ut</strong></span> <span class='ocrx_word' id='word_1_123' title='bbox 1201 3427 1244 3479; x_wconf 87' lang='lat' dir='ltr'><strong>si</strong></span> <span class='ocrx_word' id='word_1_124' title='bbox 1288 3428 1481 3494; x_wconf 79' lang='lat' dir='ltr'><strong>aliquis</strong></span> <span class='ocrx_word' id='word_1_125' title='bbox 1524 3431 1639 3483; x_wconf 76' lang='lat' dir='ltr'><strong>esi-</strong></span> 
     </span>
    </p>
   </div>
   <div class='ocr_carea' id='block_1_18' title="bbox 62 3495 1661 3565">
    <p class='ocr_par' dir='ltr' id='par_1_18' title="bbox 62 3495 1661 3565">
     <span class='ocr_line' id='line_1_18' title="bbox 62 3495 1661 3565; baseline 0.005 -22"><span class='ocrx_word' id='word_1_126' title='bbox 62 3502 209 3547; x_wconf 82' lang='lat' dir='ltr'><strong>stens</strong></span> <span class='ocrx_word' id='word_1_127' title='bbox 241 3495 297 3549; x_wconf 92' lang='lat' dir='ltr'><strong>in</strong></span> <span class='ocrx_word' id='word_1_128' title='bbox 333 3496 477 3556; x_wconf 80' lang='lat' dir='ltr'><strong>navi.</strong></span> <span class='ocrx_word' id='word_1_129' title='bbox 506 3506 692 3549; x_wconf 82' lang='lat' dir='ltr'><strong>contra</strong></span> <span class='ocrx_word' id='word_1_130' title='bbox 721 3512 875 3565; x_wconf 87' lang='lat' dir='ltr'><strong>quam</strong></span> <span class='ocrx_word' id='word_1_131' title='bbox 908 3497 1053 3550; x_wconf 84' lang='lat' dir='ltr'><strong>navis</strong></span> <span class='ocrx_word' id='word_1_132' title='bbox 1082 3506 1281 3563; x_wconf 87' lang='lat' dir='ltr'><strong>currat,</strong></span> <span class='ocrx_word' id='word_1_133' title='bbox 1313 3512 1374 3549; x_wconf 90' lang='lat' dir='ltr'><strong>se</strong></span> <span class='ocrx_word' id='word_1_134' title='bbox 1403 3509 1661 3561; x_wconf 81' lang='lat' dir='ltr'><strong>moveat,-</strong></span> 
     </span>
    </p>
   </div>
   <div class='ocr_carea' id='block_1_19' title="bbox 62 3567 1634 3635">
    <p class='ocr_par' dir='ltr' id='par_1_19' title="bbox 62 3567 1634 3635">
     <span class='ocr_line' id='line_1_19' title="bbox 62 3567 1634 3635; baseline 0.004 -21"><span class='ocrx_word' id='word_1_135' title='bbox 62 3570 240 3619; x_wconf 84' lang='lat' dir='ltr'><strong>tamen</strong></span> <span class='ocrx_word' id='word_1_136' title='bbox 272 3581 304 3617; x_wconf 90' lang='lat' dir='ltr'><strong>a</strong></span> <span class='ocrx_word' id='word_1_137' title='bbox 348 3567 468 3620; x_wconf 78' lang='lat' dir='ltr'><strong>navi</strong></span> <span class='ocrx_word' id='word_1_138' title='bbox 499 3582 813 3635; x_wconf 87' lang='lat' dir='ltr'><strong>quocunque</strong></span> <span class='ocrx_word' id='word_1_139' title='bbox 857 3570 997 3619; x_wconf 61' lang='lat' dir='ltr'><strong>vadit</strong></span> <span class='ocrx_word' id='word_1_140' title='bbox 1041 3568 1286 3627; x_wconf 76' lang='lat' dir='ltr'><strong>refertur,</strong></span> <span class='ocrx_word' id='word_1_141' title='bbox 1320 3580 1422 3635; x_wconf 80' lang='lat' dir='ltr'><strong>non</strong></span> <span class='ocrx_word' id='word_1_142' title='bbox 1456 3567 1575 3619; x_wconf 88' lang='lat' dir='ltr'><strong>ideo</strong></span> <span class='ocrx_word' id='word_1_143' title='bbox 1605 3582 1634 3621; x_wconf 89' lang='lat' dir='ltr'><strong>a</strong></span> 
     </span>
    </p>
   </div>
   <div class='ocr_carea' id='block_1_20' title="bbox 57 3634 1636 3707">
    <p class='ocr_par' dir='ltr' id='par_1_20' title="bbox 57 3634 1636 3707">
     <span class='ocr_line' id='line_1_20' title="bbox 57 3634 1636 3707; baseline 0.005 -25"><span class='ocrx_word' id='word_1_144' title='bbox 57 3637 339 3707; x_wconf 55' lang='lat' dir='ltr'><strong>contrario</strong></span> <span class='ocrx_word' id='word_1_145' title='bbox 373 3647 516 3690; x_wconf 82' lang='lat' dir='ltr'><strong>metu</strong></span> <span class='ocrx_word' id='word_1_146' title='bbox 545 3634 842 3707; x_wconf 72' lang='lat' dir='ltr'><strong>quiescens.</strong></span> <span class='ocrx_word' id='word_1_147' title='bbox 878 3637 1015 3699; x_wconf 66' lang='lat' dir='ltr'><strong>Ergo</strong></span> <span class='ocrx_word' id='word_1_148' title='bbox 1042 3636 1183 3702; x_wconf 91' lang='lat' dir='ltr'><strong>quod</strong></span> <span class='ocrx_word' id='word_1_149' title='bbox 1211 3634 1636 3707; x_wconf 4' lang='lat' dir='ltr'><strong>paulatimqvadit</strong></span> 
     </span>
    </p>
   </div>
   <div class='ocr_carea' id='block_1_21' title="bbox 55 3702 1630 3773">
    <p class='ocr_par' dir='ltr' id='par_1_21' title="bbox 55 3702 1630 3773">
     <span class='ocr_line' id='line_1_21' title="bbox 55 3702 1630 3773; baseline 0.005 -20"><span class='ocrx_word' id='word_1_150' title='bbox 55 3702 119 3753; x_wconf 91' lang='lat' dir='ltr'><strong>ad</strong></span> <span class='ocrx_word' id='word_1_151' title='bbox 148 3702 463 3769; x_wconf 85' lang='lat' dir='ltr'><strong>Orientem,</strong></span> <span class='ocrx_word' id='word_1_152' title='bbox 496 3706 748 3759; x_wconf 70' lang='lat' dir='ltr'><strong>naturalis</strong></span> <span class='ocrx_word' id='word_1_153' title='bbox 775 3715 857 3759; x_wconf 90' lang='lat' dir='ltr'><strong>est</strong></span> <span class='ocrx_word' id='word_1_154' title='bbox 885 3716 1085 3768; x_wconf 74' lang='lat' dir='ltr'><strong>motus;</strong></span> <span class='ocrx_word' id='word_1_155' title='bbox 1128 3704 1268 3772; x_wconf 90' lang='lat' dir='ltr'><strong>quod</strong></span> <span class='ocrx_word' id='word_1_156' title='bbox 1298 3702 1537 3773; x_wconf 86' lang='lat' dir='ltr'><strong>quotidie</strong></span> <span class='ocrx_word' id='word_1_157' title='bbox 1564 3708 1630 3761; x_wconf 90' lang='lat' dir='ltr'><strong>ad</strong></span> 
     </span>
    </p>
   </div>
   <div class='ocr_carea' id='block_1_22' title="bbox 54 3774 1629 3843">
    <p class='ocr_par' dir='ltr' id='par_1_22' title="bbox 54 3774 1629 3843">
     <span class='ocr_line' id='line_1_22' title="bbox 54 3774 1629 3843; baseline 0.004 -18"><span class='ocrx_word' id='word_1_158' title='bbox 54 3782 233 3827; x_wconf 79' lang='lat' dir='ltr'><strong>ortum</strong></span> <span class='ocrx_word' id='word_1_159' title='bbox 266 3783 324 3828; x_wconf 85' lang='lat' dir='ltr'><strong>et</strong></span> <span class='ocrx_word' id='word_1_160' title='bbox 356 3789 631 3837; x_wconf 82' lang='lat' dir='ltr'><strong>occasum,</strong></span> <span class='ocrx_word' id='word_1_161' title='bbox 674 3790 739 3829; x_wconf 75' lang='lat' dir='ltr'><strong>ex</strong></span> <span class='ocrx_word' id='word_1_162' title='bbox 786 3776 1095 3829; x_wconf 84' lang='lat' dir='ltr'><strong>firmamenti</strong></span> <span class='ocrx_word' id='word_1_163' title='bbox 1151 3778 1373 3843; x_wconf 69' lang='lat' dir='ltr'><strong>impetu.</strong></span> <span class='ocrx_word' id='word_1_164' title='bbox 1402 3774 1629 3842; x_wconf 81' lang='lat' dir='ltr'><strong>Quidam</strong></span> 
     </span>
    </p>
   </div>
   <div class='ocr_carea' id='block_1_23' title="bbox 1762 2582 3333 2650">
    <p class='ocr_par' dir='ltr' id='par_1_23' title="bbox 1762 2582 3333 2650">
     <span class='ocr_line' id='line_1_23' title="bbox 1762 2582 3333 2650; baseline -0.001 -11"><span class='ocrx_word' id='word_1_165' title='bbox 1762 2585 1816 2639; x_wconf 90' lang='lat' dir='ltr'><strong>in</strong></span> <span class='ocrx_word' id='word_1_166' title='bbox 1859 2586 2131 2641; x_wconf 86' lang='lat' dir='ltr'><strong>Orientem</strong></span> <span class='ocrx_word' id='word_1_167' title='bbox 2180 2604 2285 2641; x_wconf 91' lang='lat' dir='ltr'><strong>non</strong></span> <span class='ocrx_word' id='word_1_168' title='bbox 2310 2582 2480 2643; x_wconf 52' lang='lat' dir='ltr'><strong>&quot;recto</strong></span> <span class='ocrx_word' id='word_1_169' title='bbox 2524 2584 2705 2649; x_wconf 82' lang='lat' dir='ltr'><strong>modo,</strong></span> <span class='ocrx_word' id='word_1_170' title='bbox 2733 2583 2827 2639; x_wconf 84' lang='lat' dir='ltr'><strong>sed</strong></span> <span class='ocrx_word' id='word_1_171' title='bbox 2866 2582 3207 2650; x_wconf 79' lang='lat' dir='ltr'><strong>obliquanda,</strong></span> <span class='ocrx_word' id='word_1_172' title='bbox 3237 2586 3333 2638; x_wconf 84' lang='lat' dir='ltr'><strong>sed</strong></span> 
     </span>
    </p>
   </div>
   <div class='ocr_carea' id='block_1_24' title="bbox 1760 2654 3330 2718">
    <p class='ocr_par' dir='ltr' id='par_1_24' title="bbox 1760 2654 3330 2718">
     <span class='ocr_line' id='line_1_24' title="bbox 1760 2654 3330 2718; baseline 0.001 -11"><span class='ocrx_word' id='word_1_173' title='bbox 1760 2658 1923 2710; x_wconf 86' lang='lat' dir='ltr'><strong>modo</strong></span> <span class='ocrx_word' id='word_1_174' title='bbox 1954 2658 2333 2713; x_wconf 83' lang='lat' dir='ltr'><strong>descendendo</strong></span> <span class='ocrx_word' id='word_1_175' title='bbox 2365 2656 2431 2709; x_wconf 85' lang='lat' dir='ltr'><strong>ad</strong></span> <span class='ocrx_word' id='word_1_176' title='bbox 2468 2656 2761 2718; x_wconf 74' lang='lat' dir='ltr'><strong>Australia,</strong></span> <span class='ocrx_word' id='word_1_177' title='bbox 2792 2654 2953 2709; x_wconf 87' lang='lat' dir='ltr'><strong>modo</strong></span> <span class='ocrx_word' id='word_1_178' title='bbox 2987 2655 3051 2707; x_wconf 91' lang='lat' dir='ltr'><strong>ad</strong></span> <span class='ocrx_word' id='word_1_179' title='bbox 3094 2665 3330 2708; x_wconf 80' lang='lat' dir='ltr'><strong>nostram</strong></span> 
     </span>
    </p>
   </div>
   <div class='ocr_carea' id='block_1_25' title="bbox 1755 2723 3331 2795">
    <p class='ocr_par' dir='ltr' id='par_1_25' title="bbox 1755 2723 3331 2795">
     <span class='ocr_line' id='line_1_25' title="bbox 1755 2723 3331 2795; baseline 0.001 -19"><span class='ocrx_word' id='word_1_180' title='bbox 1755 2723 2126 2792; x_wconf 82' lang='lat' dir='ltr'><strong>habitabilem,</strong></span> <span class='ocrx_word' id='word_1_181' title='bbox 2170 2727 2509 2783; x_wconf 71' lang='lat' dir='ltr'><strong>ascendendo</strong></span> <span class='ocrx_word' id='word_1_182' title='bbox 2531 2730 2678 2795; x_wconf 75' lang='lat' dir='ltr'><strong>juxta</strong></span> <span class='ocrx_word' id='word_1_183' title='bbox 2712 2726 3017 2793; x_wconf 66' lang='lat' dir='ltr'><strong>praedictam</strong></span> <span class='ocrx_word' id='word_1_184' title='bbox 3062 2726 3331 2795; x_wconf 76' lang='lat' dir='ltr'><strong>signorum</strong></span> 
     </span>
    </p>
   </div>
   <div class='ocr_carea' id='block_1_26' title="bbox 1750 2796 3335 2864">
    <p class='ocr_par' dir='ltr' id='par_1_26' title="bbox 1750 2796 3335 2864">
     <span class='ocr_line' id='line_1_26' title="bbox 1750 2796 3335 2864; baseline 0.001 -17"><span class='ocrx_word' id='word_1_185' title='bbox 1750 2796 2185 2864; x_wconf 75' lang='lat' dir='ltr'><strong>dispositionem.</strong></span> <span class='ocrx_word' id='word_1_186' title='bbox 2238 2801 2342 2854; x_wconf 81' lang='lat' dir='ltr'><strong>Sed</strong></span> <span class='ocrx_word' id='word_1_187' title='bbox 2392 2799 2535 2851; x_wconf 82' lang='lat' dir='ltr'><strong>dicet</strong></span> <span class='ocrx_word' id='word_1_188' title='bbox 2589 2796 2824 2864; x_wconf 88' lang='lat' dir='ltr'><strong>aliquis:</strong></span> <span class='ocrx_word' id='word_1_189' title='bbox 2867 2796 2995 2860; x_wconf 61' lang='lat' dir='ltr'><strong>Quae</strong></span> <span class='ocrx_word' id='word_1_190' title='bbox 3045 2797 3335 2849; x_wconf 77' lang='lat' dir='ltr'><strong>necessitas</strong></span> 
     </span>
    </p>
   </div>
   <div class='ocr_carea' id='block_1_27' title="bbox 1751 2864 3329 2941">
    <p class='ocr_par' dir='ltr' id='par_1_27' title="bbox 1751 2864 3329 2941">
     <span class='ocr_line' id='line_1_27' title="bbox 1751 2864 3329 2941; baseline -0.001 -22"><span class='ocrx_word' id='word_1_191' title='bbox 1751 2864 1849 2919; x_wconf 90' lang='lat' dir='ltr'><strong>fuit</strong></span> <span class='ocrx_word' id='word_1_192' title='bbox 1900 2868 2043 2941; x_wconf 82' lang='lat' dir='ltr'><strong>quod</strong></span> <span class='ocrx_word' id='word_1_193' title='bbox 2074 2868 2153 2924; x_wconf 88' lang='lat' dir='ltr'><strong>sol</strong></span> <span class='ocrx_word' id='word_1_194' title='bbox 2200 2868 2542 2941; x_wconf 85' lang='lat' dir='ltr'><strong>obliquando,</strong></span> <span class='ocrx_word' id='word_1_195' title='bbox 2574 2876 2629 2922; x_wconf 90' lang='lat' dir='ltr'><strong>et</strong></span> <span class='ocrx_word' id='word_1_196' title='bbox 2670 2882 2775 2922; x_wconf 92' lang='lat' dir='ltr'><strong>non</strong></span> <span class='ocrx_word' id='word_1_197' title='bbox 2823 2876 2969 2921; x_wconf 88' lang='lat' dir='ltr'><strong>recto</strong></span> <span class='ocrx_word' id='word_1_198' title='bbox 2999 2864 3178 2929; x_wconf 82' lang='lat' dir='ltr'><strong>modo,</strong></span> <span class='ocrx_word' id='word_1_199' title='bbox 3210 2864 3329 2918; x_wconf 80' lang='lat' dir='ltr'><strong>vol-</strong></span> 
     </span>
    </p>
   </div>
   <div class='ocr_carea' id='block_1_28' title="bbox 1748 2939 1997 2991">
    <p class='ocr_par' dir='ltr' id='par_1_28' title="bbox 1748 2939 1997 2991">
     <span class='ocr_line' id='line_1_28' title="bbox 1748 2939 1997 2991; baseline 0.004 -2"><span class='ocrx_word' id='word_1_200' title='bbox 1748 2939 1997 2991; x_wconf 80' lang='lat' dir='ltr'><strong>veretur?</strong></span> 
     </span>
    </p>
   </div>
   <div class='ocr_carea' id='block_1_29' title="bbox 1819 3003 3329 3078">
    <p class='ocr_par' dir='ltr' id='par_1_29' title="bbox 1819 3003 3329 3078">
     <span class='ocr_line' id='line_1_29' title="bbox 1819 3003 3329 3078; baseline -0.001 -19"><span class='ocrx_word' id='word_1_201' title='bbox 1819 3007 2133 3073; x_wconf 76' lang='lat' dir='ltr'><strong>Responsio.</strong></span> <span class='ocrx_word' id='word_1_202' title='bbox 2188 3009 2371 3078; x_wconf 71' lang='lat' dir='ltr'><strong>Magna</strong></span> <span class='ocrx_word' id='word_1_203' title='bbox 2405 3021 2562 3074; x_wconf 80' lang='lat' dir='ltr'><strong>quam</strong></span> <span class='ocrx_word' id='word_1_204' title='bbox 2594 3015 2651 3078; x_wconf 75' lang='lat' dir='ltr'><strong>ut</strong></span> <span class='ocrx_word' id='word_1_205' title='bbox 2692 3005 3068 3078; x_wconf 79' lang='lat' dir='ltr'><strong>ostendamus,</strong></span> <span class='ocrx_word' id='word_1_206' title='bbox 3120 3003 3329 3069; x_wconf 63' lang='lat' dir='ltr'><strong>praedo-</strong></span> 
     </span>
    </p>
   </div>
   <div class='ocr_carea' id='block_1_30' title="bbox 1744 3076 3325 3146">
    <p class='ocr_par' dir='ltr' id='par_1_30' title="bbox 1744 3076 3325 3146">
     <span class='ocr_line' id='line_1_30' title="bbox 1744 3076 3325 3146; baseline 0.001 -18"><span class='ocrx_word' id='word_1_207' title='bbox 1744 3088 1962 3129; x_wconf 89' lang='lat' dir='ltr'><strong>ceamus</strong></span> <span class='ocrx_word' id='word_1_208' title='bbox 1990 3093 2123 3146; x_wconf 83' lang='lat' dir='ltr'><strong>quas</strong></span> <span class='ocrx_word' id='word_1_209' title='bbox 2156 3076 2501 3133; x_wconf 66' lang='lat' dir='ltr'><strong>diversitates</strong></span> <span class='ocrx_word' id='word_1_210' title='bbox 2529 3076 2743 3146; x_wconf 81' lang='lat' dir='ltr'><strong>oblique</strong></span> <span class='ocrx_word' id='word_1_211' title='bbox 2793 3076 3022 3146; x_wconf 84' lang='lat' dir='ltr'><strong>meando</strong></span> <span class='ocrx_word' id='word_1_212' title='bbox 3050 3086 3325 3146; x_wconf 72' lang='lat' dir='ltr'><strong>oneretur.</strong></span> 
     </span>
    </p>
   </div>
   <div class='ocr_carea' id='block_1_31' title="bbox 1743 3143 3323 3214">
    <p class='ocr_par' dir='ltr' id='par_1_31' title="bbox 1743 3143 3323 3214">
     <span class='ocr_line' id='line_1_31' title="bbox 1743 3143 3323 3214; baseline -0.001 -15"><span class='ocrx_word' id='word_1_213' title='bbox 1743 3158 1771 3196; x_wconf 81' lang='lat' dir='ltr'><strong>a</strong></span> <span class='ocrx_word' id='word_1_214' title='bbox 1805 3143 2096 3212; x_wconf 87' lang='lat' dir='ltr'><strong>remotiori,</strong></span> <span class='ocrx_word' id='word_1_215' title='bbox 2131 3148 2181 3199; x_wconf 89' lang='lat' dir='ltr'><strong>id</strong></span> <span class='ocrx_word' id='word_1_216' title='bbox 2214 3159 2316 3211; x_wconf 88' lang='lat' dir='ltr'><strong>est,</strong></span> <span class='ocrx_word' id='word_1_217' title='bbox 2365 3163 2395 3201; x_wconf 88' lang='lat' dir='ltr'><strong>a</strong></span> <span class='ocrx_word' id='word_1_218' title='bbox 2434 3143 2763 3214; x_wconf 81' lang='lat' dir='ltr'><strong>Capricorno</strong></span> <span class='ocrx_word' id='word_1_219' title='bbox 2810 3144 3156 3213; x_wconf 82' lang='lat' dir='ltr'><strong>incipientes.</strong></span> <span class='ocrx_word' id='word_1_220' title='bbox 3190 3145 3323 3199; x_wconf 84' lang='lat' dir='ltr'><strong>Cum</strong></span> 
     </span>
    </p>
   </div>
   <div class='ocr_carea' id='block_1_32' title="bbox 1743 3214 3292 3285">
    <p class='ocr_par' dir='ltr' id='par_1_32' title="bbox 1743 3214 3292 3285">
     <span class='ocr_line' id='line_1_32' title="bbox 1743 3214 3292 3285; baseline -0.001 -17"><span class='ocrx_word' id='word_1_221' title='bbox 1743 3230 1870 3282; x_wconf 74' lang='lat' dir='ltr'><strong>ergo</strong></span> <span class='ocrx_word' id='word_1_222' title='bbox 1900 3218 1978 3271; x_wconf 85' lang='lat' dir='ltr'><strong>sol</strong></span> <span class='ocrx_word' id='word_1_223' title='bbox 2010 3218 2169 3272; x_wconf 80' lang='lat' dir='ltr'><strong>intrat</strong></span> <span class='ocrx_word' id='word_1_224' title='bbox 2197 3216 2608 3284; x_wconf 84' lang='lat' dir='ltr'><strong>Capricornum,</strong></span> <span class='ocrx_word' id='word_1_225' title='bbox 2639 3214 2783 3285; x_wconf 86' lang='lat' dir='ltr'><strong>quod</strong></span> <span class='ocrx_word' id='word_1_226' title='bbox 2814 3217 2868 3271; x_wconf 92' lang='lat' dir='ltr'><strong>in</strong></span> <span class='ocrx_word' id='word_1_227' title='bbox 2891 3216 3068 3270; x_wconf 87' lang='lat' dir='ltr'><strong>medio</strong></span> <span class='ocrx_word' id='word_1_228' title='bbox 3102 3215 3292 3269; x_wconf 87' lang='lat' dir='ltr'><strong>Decem</strong></span> 
     </span>
    </p>
   </div>
   <div class='ocr_carea' id='block_1_33' title="bbox 1746 3285 3326 3358">
    <p class='ocr_par' dir='ltr' id='par_1_33' title="bbox 1746 3285 3326 3358">
     <span class='ocr_line' id='line_1_33' title="bbox 1746 3285 3326 3358; baseline 0.003 -22"><span class='ocrx_word' id='word_1_229' title='bbox 1746 3288 1854 3341; x_wconf 86' lang='lat' dir='ltr'><strong>bris</strong></span> <span class='ocrx_word' id='word_1_230' title='bbox 1885 3288 2164 3358; x_wconf 81' lang='lat' dir='ltr'><strong>contingit,</strong></span> <span class='ocrx_word' id='word_1_231' title='bbox 2199 3303 2414 3357; x_wconf 84' lang='lat' dir='ltr'><strong>semper</strong></span> <span class='ocrx_word' id='word_1_232' title='bbox 2437 3288 2581 3343; x_wconf 83' lang='lat' dir='ltr'><strong>enim</strong></span> <span class='ocrx_word' id='word_1_233' title='bbox 2608 3288 2690 3342; x_wconf 80' lang='lat' dir='ltr'><strong>sol</strong></span> <span class='ocrx_word' id='word_1_234' title='bbox 2718 3288 2771 3341; x_wconf 92' lang='lat' dir='ltr'><strong>in</strong></span> <span class='ocrx_word' id='word_1_235' title='bbox 2810 3286 2989 3358; x_wconf 82' lang='lat' dir='ltr'><strong>medio</strong></span> <span class='ocrx_word' id='word_1_236' title='bbox 3016 3285 3217 3358; x_wconf 80' lang='lat' dir='ltr'><strong>mensis</strong></span> <span class='ocrx_word' id='word_1_237' title='bbox 3245 3288 3326 3340; x_wconf 90' lang='lat' dir='ltr'><strong>in-</strong></span> 
     </span>
    </p>
   </div>
   <div class='ocr_carea' id='block_1_34' title="bbox 1744 3354 3325 3426">
    <p class='ocr_par' dir='ltr' id='par_1_34' title="bbox 1744 3354 3325 3426">
     <span class='ocr_line' id='line_1_34' title="bbox 1744 3354 3325 3426; baseline 0.003 -18"><span class='ocrx_word' id='word_1_238' title='bbox 1744 3366 1848 3409; x_wconf 82' lang='lat' dir='ltr'><strong>trat</strong></span> <span class='ocrx_word' id='word_1_239' title='bbox 1896 3354 2105 3423; x_wconf 66' lang='lat' dir='ltr'><strong>signum</strong></span> <span class='ocrx_word' id='word_1_240' title='bbox 2136 3399 2150 3422; x_wconf 89' lang='lat'><strong>,</strong></span> <span class='ocrx_word' id='word_1_241' title='bbox 2202 3368 2257 3413; x_wconf 90' lang='lat' dir='ltr'><strong>et</strong></span> <span class='ocrx_word' id='word_1_242' title='bbox 2296 3354 2348 3414; x_wconf 83' lang='lat' dir='ltr'><strong>in</strong></span> <span class='ocrx_word' id='word_1_243' title='bbox 2398 3359 2577 3413; x_wconf 90' lang='lat' dir='ltr'><strong>medio</strong></span> <span class='ocrx_word' id='word_1_244' title='bbox 2613 3354 2889 3426; x_wconf 80' lang='lat' dir='ltr'><strong>sequentis</strong></span> <span class='ocrx_word' id='word_1_245' title='bbox 2933 3355 3135 3408; x_wconf 80' lang='lat' dir='ltr'><strong>mensis</strong></span> <span class='ocrx_word' id='word_1_246' title='bbox 3188 3358 3325 3422; x_wconf 78' lang='lat' dir='ltr'><strong>exit,</strong></span> 
     </span>
    </p>
   </div>
   <div class='ocr_carea' id='block_1_35' title="bbox 1741 3426 3326 3494">
    <p class='ocr_par' dir='ltr' id='par_1_35' title="bbox 1741 3426 3326 3494">
     <span class='ocr_line' id='line_1_35' title="bbox 1741 3426 3326 3494; baseline 0.001 -16"><span class='ocrx_word' id='word_1_247' title='bbox 1741 3428 1895 3494; x_wconf 90' lang='lat' dir='ltr'><strong>eique</strong></span> <span class='ocrx_word' id='word_1_248' title='bbox 1936 3430 2103 3481; x_wconf 71' lang='lat' dir='ltr'><strong>mensi</strong></span> <span class='ocrx_word' id='word_1_249' title='bbox 2138 3429 2462 3491; x_wconf 85' lang='lat' dir='ltr'><strong>attribuitur,</strong></span> <span class='ocrx_word' id='word_1_250' title='bbox 2496 3426 2548 3480; x_wconf 90' lang='lat' dir='ltr'><strong>in</strong></span> <span class='ocrx_word' id='word_1_251' title='bbox 2579 3442 2685 3494; x_wconf 90' lang='lat' dir='ltr'><strong>quo</strong></span> <span class='ocrx_word' id='word_1_252' title='bbox 2725 3427 2802 3479; x_wconf 85' lang='lat' dir='ltr'><strong>sol</strong></span> <span class='ocrx_word' id='word_1_253' title='bbox 2830 3426 2959 3479; x_wconf 90' lang='lat' dir='ltr'><strong>illud</strong></span> <span class='ocrx_word' id='word_1_254' title='bbox 2991 3426 3172 3483; x_wconf 84' lang='lat' dir='ltr'><strong>intrat.</strong></span> <span class='ocrx_word' id='word_1_255' title='bbox 3204 3429 3326 3491; x_wconf 87' lang='lat' dir='ltr'><strong>quia</strong></span> 
     </span>
    </p>
   </div>
   <div class='ocr_carea' id='block_1_36' title="bbox 1742 3494 3327 3561">
    <p class='ocr_par' dir='ltr' id='par_1_36' title="bbox 1742 3494 3327 3561">
     <span class='ocr_line' id='line_1_36' title="bbox 1742 3494 3327 3561; baseline 0.002 -15"><span class='ocrx_word' id='word_1_256' title='bbox 1742 3502 1865 3547; x_wconf 88' lang='lat' dir='ltr'><strong>tune</strong></span> <span class='ocrx_word' id='word_1_257' title='bbox 1897 3500 2283 3551; x_wconf 89' lang='lat' dir='ltr'><strong>remotissimus</strong></span> <span class='ocrx_word' id='word_1_258' title='bbox 2323 3508 2406 3551; x_wconf 86' lang='lat' dir='ltr'><strong>est</strong></span> <span class='ocrx_word' id='word_1_259' title='bbox 2432 3513 2459 3549; x_wconf 90' lang='lat' dir='ltr'><strong>a</strong></span> <span class='ocrx_word' id='word_1_260' title='bbox 2492 3497 2670 3561; x_wconf 90' lang='lat' dir='ltr'><strong>nobis,</strong></span> <span class='ocrx_word' id='word_1_261' title='bbox 2708 3506 2764 3549; x_wconf 88' lang='lat' dir='ltr'><strong>et</strong></span> <span class='ocrx_word' id='word_1_262' title='bbox 2809 3504 2989 3550; x_wconf 80' lang='lat' dir='ltr'><strong>nostra</strong></span> <span class='ocrx_word' id='word_1_263' title='bbox 3022 3494 3327 3549; x_wconf 75' lang='lat' dir='ltr'><strong>habitabilis</strong></span> 
     </span>
    </p>
   </div>
   <div class='ocr_carea' id='block_1_37' title="bbox 1738 3564 3324 3635">
    <p class='ocr_par' dir='ltr' id='par_1_37' title="bbox 1738 3564 3324 3635">
     <span class='ocr_line' id='line_1_37' title="bbox 1738 3564 3324 3635; baseline 0.002 -22"><span class='ocrx_word' id='word_1_264' title='bbox 1738 3564 1934 3632; x_wconf 77' lang='lat' dir='ltr'><strong>frigore</strong></span> <span class='ocrx_word' id='word_1_265' title='bbox 1960 3566 2292 3635; x_wconf 77' lang='lat' dir='ltr'><strong>astringitur.</strong></span> <span class='ocrx_word' id='word_1_266' title='bbox 2345 3568 2509 3621; x_wconf 85' lang='lat' dir='ltr'><strong>Terra</strong></span> <span class='ocrx_word' id='word_1_267' title='bbox 2555 3568 2697 3619; x_wconf 88' lang='lat' dir='ltr'><strong>enim</strong></span> <span class='ocrx_word' id='word_1_268' title='bbox 2741 3574 2797 3621; x_wconf 88' lang='lat' dir='ltr'><strong>et</strong></span> <span class='ocrx_word' id='word_1_269' title='bbox 2826 3582 2959 3633; x_wconf 86' lang='lat' dir='ltr'><strong>aqua</strong></span> <span class='ocrx_word' id='word_1_270' title='bbox 3011 3568 3324 3619; x_wconf 76' lang='lat' dir='ltr'><strong>naturaliter</strong></span> 
     </span>
    </p>
   </div>
   <div class='ocr_carea' id='block_1_38' title="bbox 1738 3636 3319 3703">
    <p class='ocr_par' dir='ltr' id='par_1_38' title="bbox 1738 3636 3319 3703">
     <span class='ocr_line' id='line_1_38' title="bbox 1738 3636 3319 3703; baseline 0.002 -18"><span class='ocrx_word' id='word_1_271' title='bbox 1738 3645 1862 3687; x_wconf 89' lang='lat' dir='ltr'><strong>sunt</strong></span> <span class='ocrx_word' id='word_1_272' title='bbox 1885 3636 2099 3703; x_wconf 79' lang='lat' dir='ltr'><strong>frigida,</strong></span> <span class='ocrx_word' id='word_1_273' title='bbox 2131 3638 2229 3691; x_wconf 84' lang='lat' dir='ltr'><strong>nisi</strong></span> <span class='ocrx_word' id='word_1_274' title='bbox 2262 3653 2289 3690; x_wconf 68' lang='grc' dir='ltr'><strong>τι</strong></span> <span class='ocrx_word' id='word_1_275' title='bbox 2330 3638 2444 3693; x_wconf 84' lang='lat' dir='ltr'><strong>sole</strong></span> <span class='ocrx_word' id='word_1_276' title='bbox 2488 3636 2756 3691; x_wconf 89' lang='lat' dir='ltr'><strong>caleﬁant.</strong></span> <span class='ocrx_word' id='word_1_277' title='bbox 2808 3638 3001 3690; x_wconf 90' lang='lat' dir='ltr'><strong>lterum</strong></span> <span class='ocrx_word' id='word_1_278' title='bbox 3047 3651 3166 3687; x_wconf 87' lang='lat' dir='ltr'><strong>eum</strong></span> <span class='ocrx_word' id='word_1_279' title='bbox 3214 3652 3319 3688; x_wconf 88' lang='lat' dir='ltr'><strong>non</strong></span> 
     </span>
    </p>
   </div>
   <div class='ocr_carea' id='block_1_39' title="bbox 1738 3705 3322 3774">
    <p class='ocr_par' dir='ltr' id='par_1_39' title="bbox 1738 3705 3322 3774">
     <span class='ocr_line' id='line_1_39' title="bbox 1738 3705 3322 3774; baseline 0.001 -17"><span class='ocrx_word' id='word_1_280' title='bbox 1738 3705 1808 3758; x_wconf 75' lang='lat' dir='ltr'><strong>sit</strong></span> <span class='ocrx_word' id='word_1_281' title='bbox 1835 3720 1943 3774; x_wconf 87' lang='lat' dir='ltr'><strong>quo</strong></span> <span class='ocrx_word' id='word_1_282' title='bbox 1970 3717 2183 3761; x_wconf 83' lang='lat' dir='ltr'><strong>arescat</strong></span> <span class='ocrx_word' id='word_1_283' title='bbox 2210 3723 2322 3773; x_wconf 91' lang='lat' dir='ltr'><strong>aer,</strong></span> <span class='ocrx_word' id='word_1_284' title='bbox 2374 3709 2636 3774; x_wconf 84' lang='lat' dir='ltr'><strong>spissatnr</strong></span> <span class='ocrx_word' id='word_1_285' title='bbox 2665 3707 2717 3758; x_wconf 94' lang='lat' dir='ltr'><strong>in</strong></span> <span class='ocrx_word' id='word_1_286' title='bbox 2756 3708 2943 3768; x_wconf 85' lang='lat' dir='ltr'><strong>nubes,</strong></span> <span class='ocrx_word' id='word_1_287' title='bbox 2978 3720 3094 3763; x_wconf 69' lang='lat' dir='ltr'><strong>una:</strong></span> <span class='ocrx_word' id='word_1_288' title='bbox 3127 3707 3176 3756; x_wconf 92' lang='lat' dir='ltr'><strong>in</strong></span> <span class='ocrx_word' id='word_1_289' title='bbox 3209 3707 3322 3769; x_wconf 89' lang='lat' dir='ltr'><strong>plu-</strong></span> 
     </span>
    </p>
   </div>
   <div class='ocr_carea' id='block_1_40' title="bbox 1740 3773 3320 3841">
    <p class='ocr_par' dir='ltr' id='par_1_40' title="bbox 1740 3773 3320 3841">
     <span class='ocr_line' id='line_1_40' title="bbox 1740 3773 3320 3841; baseline 0 -15"><span class='ocrx_word' id='word_1_290' title='bbox 1740 3773 1863 3827; x_wconf 80' lang='lat' dir='ltr'><strong>vias</strong></span> <span class='ocrx_word' id='word_1_291' title='bbox 1890 3776 2295 3839; x_wconf 80' lang='lat' dir='ltr'><strong>dis5ulvuntur;</strong></span> <span class='ocrx_word' id='word_1_292' title='bbox 2326 3773 2455 3830; x_wconf 87' lang='lat' dir='ltr'><strong>inde</strong></span> <span class='ocrx_word' id='word_1_293' title='bbox 2499 3776 2555 3828; x_wconf 87' lang='lat' dir='ltr'><strong>ﬁt</strong></span> <span class='ocrx_word' id='word_1_294' title='bbox 2602 3778 2844 3841; x_wconf 58' lang='lat' dir='ltr'><strong>quaedam</strong></span> <span class='ocrx_word' id='word_1_295' title='bbox 2895 3773 3018 3827; x_wconf 89' lang='lat' dir='ltr'><strong>anni</strong></span> <span class='ocrx_word' id='word_1_296' title='bbox 3069 3776 3320 3839; x_wconf 65' lang='lat' dir='ltr'><strong>varietas,</strong></span> 
     </span>
    </p>
   </div>
   <div class='ocr_carea' id='block_1_41' title="bbox 53 3845 3322 3922">
    <p class='ocr_par' dir='ltr' id='par_1_41' title="bbox 53 3845 3322 3922">
     <span class='ocr_line' id='line_1_41' title="bbox 53 3845 3322 3922; baseline 0.001 -30"><span class='ocrx_word' id='word_1_297' title='bbox 53 3845 427 3922; x_wconf 58' lang='lat' dir='ltr'><strong>tamen_aitrnt</strong></span> <span class='ocrx_word' id='word_1_298' title='bbox 456 3845 704 3922; x_wconf 37' lang='lat' dir='ltr'><strong>line-esse</strong></span> <span class='ocrx_word' id='word_1_299' title='bbox 732 3861 833 3922; x_wconf 78' lang='lat' dir='ltr'><strong>n_on</strong></span> <span class='ocrx_word' id='word_1_300' title='bbox 868 3861 1042 3913; x_wconf 81' lang='lat' dir='ltr'><strong>posse.</strong></span> <span class='ocrx_word' id='word_1_301' title='bbox 1068 3846 1199 3899; x_wconf 79' lang='lat' dir='ltr'><strong>Cum</strong></span> <span class='ocrx_word' id='word_1_302' title='bbox 1230 3846 1371 3922; x_wconf 82' lang='lat' dir='ltr'><strong>enim</strong></span> <span class='ocrx_word' id='word_1_303' title='bbox 1402 3848 1490 3922; x_wconf 70' lang='lat' dir='ltr'><strong>sol</strong></span> <span class='ocrx_word' id='word_1_304' title='bbox 1524 3862 1626 3897; x_wconf 87' lang='lat' dir='ltr'><strong>non</strong></span> <span class='ocrx_word' id='word_1_305' title='bbox 1660 3860 1706 3922; x_wconf 70' lang='grc' dir='ltr'><strong>ρ</strong></span> <span class='ocrx_word' id='word_1_306' title='bbox 1736 3860 1855 3922; x_wconf 60' lang='lat' dir='ltr'><strong>qua}</strong></span> <span class='ocrx_word' id='word_1_307' title='bbox 1885 3847 2055 3899; x_wconf 80' lang='lat' dir='ltr'><strong>hiems</strong></span> <span class='ocrx_word' id='word_1_308' title='bbox 2087 3854 2325 3922; x_wconf 76' lang='lat' dir='ltr'><strong>vocatur.</strong></span> <span class='ocrx_word' id='word_1_309' title='bbox 2382 3846 2474 3922; x_wconf 83' lang='lat' dir='ltr'><strong>E_st</strong></span> <span class='ocrx_word' id='word_1_310' title='bbox 2498 3856 2683 3922; x_wconf 73' lang='lat' dir='ltr'><strong>autem</strong></span> <span class='ocrx_word' id='word_1_311' title='bbox 2713 3845 2884 3898; x_wconf 82' lang='lat' dir='ltr'><strong>hiems</strong></span> <span class='ocrx_word' id='word_1_312' title='bbox 2915 3845 3103 3922; x_wconf 82' lang='lat' dir='ltr'><strong>frigida</strong></span> <span class='ocrx_word' id='word_1_313' title='bbox 3135 3853 3187 3899; x_wconf 89' lang='lat' dir='ltr'><strong>et</strong></span> <span class='ocrx_word' id='word_1_314' title='bbox 3214 3848 3322 3922; x_wconf 74' lang='lat' dir='ltr'><strong>ltu-</strong></span> 
     </span>
    </p>
   </div>
   <div class='ocr_carea' id='block_1_42' title="bbox 51 3913 1631 3982">
    <p class='ocr_par' dir='ltr' id='par_1_42' title="bbox 51 3913 1631 3982">
     <span class='ocr_line' id='line_1_42' title="bbox 51 3913 1631 3982; baseline 0.002 -18"><span class='ocrx_word' id='word_1_315' title='bbox 51 3921 119 3964; x_wconf 76' lang='lat' dir='ltr'><strong>Sil</strong></span> <span class='ocrx_word' id='word_1_316' title='bbox 150 3913 221 3967; x_wconf 85' lang='lat' dir='ltr'><strong>de</strong></span> <span class='ocrx_word' id='word_1_317' title='bbox 249 3915 437 3968; x_wconf 81' lang='lat' dir='ltr'><strong>inﬁxis</strong></span> <span class='ocrx_word' id='word_1_318' title='bbox 463 3914 631 3968; x_wconf 80' lang='lat' dir='ltr'><strong>stellis</strong></span> <span class='ocrx_word' id='word_1_319' title='bbox 670 3917 721 3969; x_wconf 94' lang='lat' dir='ltr'><strong>in</strong></span> <span class='ocrx_word' id='word_1_320' title='bbox 752 3916 1105 3977; x_wconf 85' lang='lat' dir='ltr'><strong>ﬁrmamento,</strong></span> <span class='ocrx_word' id='word_1_321' title='bbox 1147 3916 1375 3982; x_wconf 86' lang='lat' dir='ltr'><strong>qualiter</strong></span> <span class='ocrx_word' id='word_1_322' title='bbox 1404 3913 1631 3967; x_wconf 80' lang='lat' dir='ltr'><strong>refertur</strong></span> 
     </span>
    </p>
   </div>
   <div class='ocr_carea' id='block_1_43' title="bbox 48 3982 1632 4055">
    <p class='ocr_par' dir='ltr' id='par_1_43' title="bbox 48 3982 1632 4055">
     <span class='ocr_line' id='line_1_43' title="bbox 48 3982 1632 4055; baseline 0.002 -21"><span class='ocrx_word' id='word_1_323' title='bbox 48 3982 115 4036; x_wconf 88' lang='lat' dir='ltr'><strong>ab</strong></span> <span class='ocrx_word' id='word_1_324' title='bbox 157 3984 325 4052; x_wconf 70' lang='lat' dir='ltr'><strong>ipso?</strong></span> <span class='ocrx_word' id='word_1_325' title='bbox 353 3987 409 4040; x_wconf 88' lang='lat' dir='ltr'><strong>Si</strong></span> <span class='ocrx_word' id='word_1_326' title='bbox 441 3986 582 4039; x_wconf 91' lang='lat' dir='ltr'><strong>enim</strong></span> <span class='ocrx_word' id='word_1_327' title='bbox 612 3987 800 4055; x_wconf 87' lang='lat' dir='ltr'><strong>aliquis</strong></span> <span class='ocrx_word' id='word_1_328' title='bbox 830 3996 977 4041; x_wconf 77' lang='lat' dir='ltr'><strong>extra</strong></span> <span class='ocrx_word' id='word_1_329' title='bbox 1008 4001 1190 4037; x_wconf 86' lang='lat' dir='ltr'><strong>navem</strong></span> <span class='ocrx_word' id='word_1_330' title='bbox 1218 3994 1319 4045; x_wconf 87' lang='lat' dir='ltr'><strong>est,</strong></span> <span class='ocrx_word' id='word_1_331' title='bbox 1353 3984 1579 4055; x_wconf 82' lang='lat' dir='ltr'><strong>qualiter</strong></span> <span class='ocrx_word' id='word_1_332' title='bbox 1604 3999 1632 4037; x_wconf 89' lang='lat' dir='ltr'><strong>a</strong></span> 
     </span>
    </p>
   </div>
   <div class='ocr_carea' id='block_1_44' title="bbox 50 4052 1631 4121">
    <p class='ocr_par' dir='ltr' id='par_1_44' title="bbox 50 4052 1631 4121">
     <span class='ocr_line' id='line_1_44' title="bbox 50 4052 1631 4121; baseline 0.003 -20"><span class='ocrx_word' id='word_1_333' title='bbox 50 4059 168 4104; x_wconf 74' lang='lat' dir='ltr'><strong>navi</strong></span> <span class='ocrx_word' id='word_1_334' title='bbox 201 4056 493 4109; x_wconf 72' lang='lat' dir='ltr'><strong>defertur?</strong></span> <span class='ocrx_word' id='word_1_335' title='bbox 536 4055 609 4108; x_wconf 79' lang='lat' dir='ltr'><strong>De</strong></span> <span class='ocrx_word' id='word_1_336' title='bbox 649 4052 715 4109; x_wconf 83' lang='lat' dir='ltr'><strong>eo</strong></span> <span class='ocrx_word' id='word_1_337' title='bbox 755 4071 879 4109; x_wconf 75' lang='lat' dir='ltr'><strong>vero</strong></span> <span class='ocrx_word' id='word_1_338' title='bbox 924 4055 1061 4121; x_wconf 90' lang='lat' dir='ltr'><strong>quod</strong></span> <span class='ocrx_word' id='word_1_339' title='bbox 1106 4055 1311 4113; x_wconf 90' lang='lat' dir='ltr'><strong>dicunt,</strong></span> <span class='ocrx_word' id='word_1_340' title='bbox 1355 4052 1524 4106; x_wconf 75' lang='lat' dir='ltr'><strong>Solem</strong></span> <span class='ocrx_word' id='word_1_341' title='bbox 1567 4058 1631 4105; x_wconf 81' lang='lat' dir='ltr'><strong>ad</strong></span> 
     </span>
    </p>
   </div>
   <div class='ocr_carea' id='block_1_45' title="bbox 50 4122 1635 4189">
    <p class='ocr_par' dir='ltr' id='par_1_45' title="bbox 50 4122 1635 4189">
     <span class='ocr_line' id='line_1_45' title="bbox 50 4122 1635 4189; baseline 0.004 -19"><span class='ocrx_word' id='word_1_342' title='bbox 50 4122 198 4189; x_wconf 69' lang='lat' dir='ltr'><strong>signa</strong></span> <span class='ocrx_word' id='word_1_343' title='bbox 231 4126 500 4176; x_wconf 75' lang='lat' dir='ltr'><strong>adversus</strong></span> <span class='ocrx_word' id='word_1_344' title='bbox 539 4123 879 4178; x_wconf 88' lang='lat' dir='ltr'><strong>Occidentem</strong></span> <span class='ocrx_word' id='word_1_345' title='bbox 911 4127 1075 4185; x_wconf 86' lang='lat' dir='ltr'><strong>posita</strong></span> <span class='ocrx_word' id='word_1_346' title='bbox 1119 4124 1365 4180; x_wconf 88' lang='lat' dir='ltr'><strong>transire.</strong></span> <span class='ocrx_word' id='word_1_347' title='bbox 1398 4122 1529 4176; x_wconf 90' lang='lat' dir='ltr'><strong>dicit</strong></span> <span class='ocrx_word' id='word_1_348' title='bbox 1557 4125 1635 4177; x_wconf 86' lang='lat' dir='ltr'><strong>sic</strong></span> 
     </span>
    </p>
   </div>
   <div class='ocr_carea' id='block_1_46' title="bbox 48 4191 1635 4256">
    <p class='ocr_par' dir='ltr' id='par_1_46' title="bbox 48 4191 1635 4256">
     <span class='ocr_line' id='line_1_46' title="bbox 48 4191 1635 4256; baseline 0.002 -15"><span class='ocrx_word' id='word_1_349' title='bbox 48 4193 242 4256; x_wconf 71' lang='lat' dir='ltr'><strong>videri,</strong></span> <span class='ocrx_word' id='word_1_350' title='bbox 281 4209 395 4246; x_wconf 89' lang='lat' dir='ltr'><strong>non</strong></span> <span class='ocrx_word' id='word_1_351' title='bbox 428 4202 600 4245; x_wconf 88' lang='lat' dir='ltr'><strong>tamen</strong></span> <span class='ocrx_word' id='word_1_352' title='bbox 632 4191 703 4246; x_wconf 90' lang='lat' dir='ltr'><strong>ita</strong></span> <span class='ocrx_word' id='word_1_353' title='bbox 731 4208 871 4247; x_wconf 79' lang='lat' dir='ltr'><strong>esse.</strong></span> <span class='ocrx_word' id='word_1_354' title='bbox 898 4193 1027 4244; x_wconf 76' lang='lat' dir='ltr'><strong>Cum</strong></span> <span class='ocrx_word' id='word_1_355' title='bbox 1052 4192 1191 4244; x_wconf 89' lang='lat' dir='ltr'><strong>enim</strong></span> <span class='ocrx_word' id='word_1_356' title='bbox 1223 4192 1292 4243; x_wconf 89' lang='lat' dir='ltr'><strong>ait</strong></span> <span class='ocrx_word' id='word_1_357' title='bbox 1332 4192 1635 4247; x_wconf 83' lang='lat' dir='ltr'><strong>firmamen-</strong></span> 
     </span>
    </p>
   </div>
   <div class='ocr_carea' id='block_1_47' title="bbox 49 4262 1635 4318">
    <p class='ocr_par' dir='ltr' id='par_1_47' title="bbox 49 4262 1635 4318">
     <span class='ocr_line' id='line_1_47' title="bbox 49 4262 1635 4318; baseline 0.003 -7"><span class='ocrx_word' id='word_1_358' title='bbox 49 4272 154 4315; x_wconf 84' lang='lat' dir='ltr'><strong>tum</strong></span> <span class='ocrx_word' id='word_1_359' title='bbox 187 4276 242 4317; x_wconf 84' lang='lat' dir='ltr'><strong>et</strong></span> <span class='ocrx_word' id='word_1_360' title='bbox 290 4263 382 4318; x_wconf 84' lang='lat' dir='ltr'><strong>sol</strong></span> <span class='ocrx_word' id='word_1_361' title='bbox 428 4262 651 4316; x_wconf 89' lang='lat' dir='ltr'><strong>naturali</strong></span> <span class='ocrx_word' id='word_1_362' title='bbox 694 4274 838 4316; x_wconf 87' lang='lat' dir='ltr'><strong>motu</strong></span> <span class='ocrx_word' id='word_1_363' title='bbox 880 4265 947 4315; x_wconf 90' lang='lat' dir='ltr'><strong>ab</strong></span> <span class='ocrx_word' id='word_1_364' title='bbox 987 4274 1103 4315; x_wconf 86' lang='lat' dir='ltr'><strong>ortu</strong></span> <span class='ocrx_word' id='word_1_365' title='bbox 1144 4264 1207 4313; x_wconf 85' lang='lat' dir='ltr'><strong>ad</strong></span> <span class='ocrx_word' id='word_1_366' title='bbox 1244 4276 1490 4315; x_wconf 79' lang='lat' dir='ltr'><strong>occasum</strong></span> <span class='ocrx_word' id='word_1_367' title='bbox 1521 4273 1635 4316; x_wconf 87' lang='lat' dir='ltr'><strong>ten-</strong></span> 
     </span>
    </p>
   </div>
   <div class='ocr_carea' id='block_1_48' title="bbox 46 4331 1630 4402">
    <p class='ocr_par' dir='ltr' id='par_1_48' title="bbox 46 4331 1630 4402">
     <span class='ocr_line' id='line_1_48' title="bbox 46 4331 1630 4402; baseline 0.002 -20"><span class='ocrx_word' id='word_1_368' title='bbox 46 4334 193 4398; x_wconf 86' lang='lat' dir='ltr'><strong>dant,</strong></span> <span class='ocrx_word' id='word_1_369' title='bbox 226 4334 303 4387; x_wconf 93' lang='lat' dir='ltr'><strong>ita</strong></span> <span class='ocrx_word' id='word_1_370' title='bbox 335 4334 481 4401; x_wconf 86' lang='lat' dir='ltr'><strong>quod</strong></span> <span class='ocrx_word' id='word_1_371' title='bbox 511 4333 591 4387; x_wconf 84' lang='lat' dir='ltr'><strong>sol</strong></span> <span class='ocrx_word' id='word_1_372' title='bbox 626 4343 711 4387; x_wconf 82' lang='lat' dir='ltr'><strong>est</strong></span> <span class='ocrx_word' id='word_1_373' title='bbox 750 4335 851 4388; x_wconf 89' lang='lat' dir='ltr'><strong>sub</strong></span> <span class='ocrx_word' id='word_1_374' title='bbox 878 4338 1043 4400; x_wconf 80' lang='lat' dir='ltr'><strong>prima</strong></span> <span class='ocrx_word' id='word_1_375' title='bbox 1093 4343 1237 4401; x_wconf 77' lang='lat' dir='ltr'><strong>parte</strong></span> <span class='ocrx_word' id='word_1_376' title='bbox 1269 4331 1483 4395; x_wconf 72' lang='lat' dir='ltr'><strong>Arietis,</strong></span> <span class='ocrx_word' id='word_1_377' title='bbox 1508 4336 1630 4402; x_wconf 76' lang='lat' dir='ltr'><strong>quia</strong></span> 
     </span>
    </p>
   </div>
   <div class='ocr_carea' id='block_1_49' title="bbox 44 4403 1632 4471">
    <p class='ocr_par' dir='ltr' id='par_1_49' title="bbox 44 4403 1632 4471">
     <span class='ocr_line' id='line_1_49' title="bbox 44 4403 1632 4471; baseline 0.002 -17"><span class='ocrx_word' id='word_1_378' title='bbox 44 4404 457 4457; x_wconf 72' lang='lat' dir='ltr'><strong>[irritamentum</strong></span> <span class='ocrx_word' id='word_1_379' title='bbox 506 4403 777 4471; x_wconf 87' lang='lat' dir='ltr'><strong>aliquanto</strong></span> <span class='ocrx_word' id='word_1_380' title='bbox 834 4405 1067 4457; x_wconf 83' lang='lat' dir='ltr'><strong>velocius</strong></span> <span class='ocrx_word' id='word_1_381' title='bbox 1119 4416 1198 4455; x_wconf 81' lang='lat' dir='ltr'><strong>est</strong></span> <span class='ocrx_word' id='word_1_382' title='bbox 1246 4404 1391 4464; x_wconf 87' lang='lat' dir='ltr'><strong>sole,</strong></span> <span class='ocrx_word' id='word_1_383' title='bbox 1441 4409 1632 4457; x_wconf 88' lang='lat' dir='ltr'><strong>transit</strong></span> 
     </span>
    </p>
   </div>
   <div class='ocr_carea' id='block_1_50' title="bbox 43 4473 1630 4541">
    <p class='ocr_par' dir='ltr' id='par_1_50' title="bbox 43 4473 1630 4541">
     <span class='ocr_line' id='line_1_50' title="bbox 43 4473 1630 4541; baseline 0.002 -16"><span class='ocrx_word' id='word_1_384' title='bbox 43 4488 165 4526; x_wconf 82' lang='lat' dir='ltr'><strong>eum</strong></span> <span class='ocrx_word' id='word_1_385' title='bbox 198 4475 255 4528; x_wconf 86' lang='lat' dir='ltr'><strong>in</strong></span> <span class='ocrx_word' id='word_1_386' title='bbox 306 4474 584 4527; x_wconf 75' lang='lat' dir='ltr'><strong>tricesima</strong></span> <span class='ocrx_word' id='word_1_387' title='bbox 616 4481 765 4539; x_wconf 79' lang='lat' dir='ltr'><strong>parte</strong></span> <span class='ocrx_word' id='word_1_388' title='bbox 805 4476 959 4525; x_wconf 85' lang='lat' dir='ltr'><strong>unius</strong></span> <span class='ocrx_word' id='word_1_389' title='bbox 998 4475 1154 4541; x_wconf 78' lang='lat' dir='ltr'><strong>signi.</strong></span> <span class='ocrx_word' id='word_1_390' title='bbox 1182 4473 1313 4525; x_wconf 85' lang='lat' dir='ltr'><strong>Cum</strong></span> <span class='ocrx_word' id='word_1_391' title='bbox 1361 4473 1520 4541; x_wconf 73' lang='lat' dir='ltr'><strong>igitur</strong></span> <span class='ocrx_word' id='word_1_392' title='bbox 1549 4476 1630 4528; x_wconf 81' lang='lat' dir='ltr'><strong>sol</strong></span> 
     </span>
    </p>
   </div>
   <div class='ocr_carea' id='block_1_51' title="bbox 44 4541 1631 4611">
    <p class='ocr_par' dir='ltr' id='par_1_51' title="bbox 44 4541 1631 4611">
     <span class='ocr_line' id='line_1_51' title="bbox 44 4541 1631 4611; baseline 0.001 -13"><span class='ocrx_word' id='word_1_393' title='bbox 44 4542 189 4598; x_wconf 66' lang='lat' dir='ltr'><strong>venit</strong></span> <span class='ocrx_word' id='word_1_394' title='bbox 215 4543 291 4599; x_wconf 83' lang='lat' dir='ltr'><strong>ad</strong></span> <span class='ocrx_word' id='word_1_395' title='bbox 322 4553 525 4604; x_wconf 79' lang='lat' dir='ltr'><strong>ortum,</strong></span> <span class='ocrx_word' id='word_1_396' title='bbox 556 4557 661 4597; x_wconf 89' lang='lat' dir='ltr'><strong>non</strong></span> <span class='ocrx_word' id='word_1_397' title='bbox 708 4543 793 4595; x_wconf 87' lang='lat' dir='ltr'><strong>illa</strong></span> <span class='ocrx_word' id='word_1_398' title='bbox 826 4558 948 4611; x_wconf 83' lang='lat' dir='ltr'><strong>pars</strong></span> <span class='ocrx_word' id='word_1_399' title='bbox 976 4541 1131 4609; x_wconf 65' lang='lat' dir='ltr'><strong>signi,</strong></span> <span class='ocrx_word' id='word_1_400' title='bbox 1159 4558 1276 4611; x_wconf 68' lang='lat' dir='ltr'><strong>quas</strong></span> <span class='ocrx_word' id='word_1_401' title='bbox 1316 4553 1441 4598; x_wconf 85' lang='lat' dir='ltr'><strong>ante</strong></span> <span class='ocrx_word' id='word_1_402' title='bbox 1486 4544 1631 4599; x_wconf 82' lang='lat' dir='ltr'><strong>vide-</strong></span> 
     </span>
    </p>
   </div>
   <div class='ocr_carea' id='block_1_52' title="bbox 42 4611 1629 4683">
    <p class='ocr_par' dir='ltr' id='par_1_52' title="bbox 42 4611 1629 4683">
     <span class='ocr_line' id='line_1_52' title="bbox 42 4611 1629 4683; baseline 0.002 -17"><span class='ocrx_word' id='word_1_403' title='bbox 42 4615 224 4681; x_wconf 86' lang='lat' dir='ltr'><strong>batur,</strong></span> <span class='ocrx_word' id='word_1_404' title='bbox 274 4628 449 4683; x_wconf 84' lang='lat' dir='ltr'><strong>super</strong></span> <span class='ocrx_word' id='word_1_405' title='bbox 492 4614 663 4667; x_wconf 90' lang='lat' dir='ltr'><strong>solem</strong></span> <span class='ocrx_word' id='word_1_406' title='bbox 710 4612 937 4677; x_wconf 78' lang='lat' dir='ltr'><strong>videtur,</strong></span> <span class='ocrx_word' id='word_1_407' title='bbox 987 4613 1079 4666; x_wconf 89' lang='lat' dir='ltr'><strong>sed</strong></span> <span class='ocrx_word' id='word_1_408' title='bbox 1134 4611 1419 4680; x_wconf 78' lang='lat' dir='ltr'><strong>posterior,</strong></span> <span class='ocrx_word' id='word_1_409' title='bbox 1461 4620 1515 4667; x_wconf 92' lang='lat' dir='ltr'><strong>et</strong></span> <span class='ocrx_word' id='word_1_410' title='bbox 1560 4613 1629 4669; x_wconf 85' lang='lat' dir='ltr'><strong>ita</strong></span> 
     </span>
    </p>
   </div>
   <div class='ocr_carea' id='block_1_53' title="bbox 41 4683 1629 4755">
    <p class='ocr_par' dir='ltr' id='par_1_53' title="bbox 41 4683 1629 4755">
     <span class='ocr_line' id='line_1_53' title="bbox 41 4683 1629 4755; baseline -0.003 -14"><span class='ocrx_word' id='word_1_411' title='bbox 41 4699 137 4750; x_wconf 83' lang='lat' dir='ltr'><strong>per</strong></span> <span class='ocrx_word' id='word_1_412' title='bbox 177 4687 436 4755; x_wconf 72' lang='lat' dir='ltr'><strong>singulos</strong></span> <span class='ocrx_word' id='word_1_413' title='bbox 462 4684 579 4739; x_wconf 91' lang='lat' dir='ltr'><strong>dies</strong></span> <span class='ocrx_word' id='word_1_414' title='bbox 608 4683 930 4737; x_wconf 76' lang='lat' dir='ltr'><strong>transeundi</strong></span> <span class='ocrx_word' id='word_1_415' title='bbox 960 4684 1186 4748; x_wconf 85' lang='lat' dir='ltr'><strong>videtur,</strong></span> <span class='ocrx_word' id='word_1_416' title='bbox 1216 4687 1354 4755; x_wconf 86' lang='lat' dir='ltr'><strong>quod</strong></span> <span class='ocrx_word' id='word_1_417' title='bbox 1382 4684 1447 4736; x_wconf 80' lang='lat' dir='ltr'><strong>ad</strong></span> <span class='ocrx_word' id='word_1_418' title='bbox 1477 4684 1629 4751; x_wconf 80' lang='lat' dir='ltr'><strong>signa</strong></span> 
     </span>
    </p>
   </div>
   <div class='ocr_carea' id='block_1_54' title="bbox 40 4754 1630 4821">
    <p class='ocr_par' dir='ltr' id='par_1_54' title="bbox 40 4754 1630 4821">
     <span class='ocr_line' id='line_1_54' title="bbox 40 4754 1630 4821; baseline -0.001 -11"><span class='ocrx_word' id='word_1_419' title='bbox 40 4754 361 4821; x_wconf 78' lang='lat' dir='ltr'><strong>posteriora</strong></span> <span class='ocrx_word' id='word_1_420' title='bbox 400 4762 508 4818; x_wconf 82' lang='lat' dir='ltr'><strong>eat,</strong></span> <span class='ocrx_word' id='word_1_421' title='bbox 539 4768 661 4806; x_wconf 86' lang='lat' dir='ltr'><strong>cum</strong></span> <span class='ocrx_word' id='word_1_422' title='bbox 691 4764 866 4807; x_wconf 88' lang='lat' dir='ltr'><strong>tamen</strong></span> <span class='ocrx_word' id='word_1_423' title='bbox 896 4770 998 4805; x_wconf 86' lang='lat' dir='ltr'><strong>non</strong></span> <span class='ocrx_word' id='word_1_424' title='bbox 1029 4763 1131 4806; x_wconf 63' lang='lat' dir='ltr'><strong>eat.</strong></span> <span class='ocrx_word' id='word_1_425' title='bbox 1160 4754 1308 4818; x_wconf 82' lang='lat' dir='ltr'><strong>Quod</strong></span> <span class='ocrx_word' id='word_1_426' title='bbox 1338 4770 1431 4819; x_wconf 69' lang='lat' dir='ltr'><strong>per</strong></span> <span class='ocrx_word' id='word_1_427' title='bbox 1456 4755 1630 4815; x_wconf 81' lang='lat' dir='ltr'><strong>simile</strong></span> 
     </span>
    </p>
   </div>
   <div class='ocr_carea' id='block_1_55' title="bbox 39 4822 1627 4892">
    <p class='ocr_par' dir='ltr' id='par_1_55' title="bbox 39 4822 1627 4892">
     <span class='ocr_line' id='line_1_55' title="bbox 39 4822 1627 4892; baseline 0 -15"><span class='ocrx_word' id='word_1_428' title='bbox 39 4824 184 4879; x_wconf 71' lang='lat' dir='ltr'><strong>laute</strong></span> <span class='ocrx_word' id='word_1_429' title='bbox 224 4824 453 4892; x_wconf 73' lang='lat' dir='ltr'><strong>probari</strong></span> <span class='ocrx_word' id='word_1_430' title='bbox 504 4832 697 4889; x_wconf 81' lang='lat' dir='ltr'><strong>potest.</strong></span> <span class='ocrx_word' id='word_1_431' title='bbox 726 4823 857 4877; x_wconf 87' lang='lat' dir='ltr'><strong>Cum</strong></span> <span class='ocrx_word' id='word_1_432' title='bbox 906 4823 1047 4875; x_wconf 88' lang='lat' dir='ltr'><strong>enim</strong></span> <span class='ocrx_word' id='word_1_433' title='bbox 1088 4833 1292 4875; x_wconf 90' lang='lat' dir='ltr'><strong>certum</strong></span> <span class='ocrx_word' id='word_1_434' title='bbox 1340 4822 1411 4875; x_wconf 90' lang='lat' dir='ltr'><strong>sit</strong></span> <span class='ocrx_word' id='word_1_435' title='bbox 1451 4824 1627 4877; x_wconf 87' lang='lat' dir='ltr'><strong>lunam</strong></span> 
     </span>
    </p>
   </div>
   <div class='ocr_carea' id='block_1_56' title="bbox 36 4891 1629 4961">
    <p class='ocr_par' dir='ltr' id='par_1_56' title="bbox 36 4891 1629 4961">
     <span class='ocr_line' id='line_1_56' title="bbox 36 4891 1629 4961; baseline -0.001 -13"><span class='ocrx_word' id='word_1_436' title='bbox 36 4895 103 4948; x_wconf 79' lang='lat' dir='ltr'><strong>ad</strong></span> <span class='ocrx_word' id='word_1_437' title='bbox 129 4891 583 4961; x_wconf 74' lang='lat' dir='ltr'><strong>Septentrionem</strong></span> <span class='ocrx_word' id='word_1_438' title='bbox 612 4906 716 4944; x_wconf 89' lang='lat' dir='ltr'><strong>non</strong></span> <span class='ocrx_word' id='word_1_439' title='bbox 738 4906 978 4955; x_wconf 84' lang='lat' dir='ltr'><strong>currere,</strong></span> <span class='ocrx_word' id='word_1_440' title='bbox 1006 4891 1049 4944; x_wconf 88' lang='lat' dir='ltr'><strong>si</strong></span> <span class='ocrx_word' id='word_1_441' title='bbox 1076 4906 1236 4960; x_wconf 85' lang='lat' dir='ltr'><strong>super</strong></span> <span class='ocrx_word' id='word_1_442' title='bbox 1260 4892 1428 4954; x_wconf 82' lang='lat' dir='ltr'><strong>ipsam</strong></span> <span class='ocrx_word' id='word_1_443' title='bbox 1461 4894 1629 4947; x_wconf 86' lang='lat' dir='ltr'><strong>nubes</strong></span> 
     </span>
    </p>
   </div>
   <div class='ocr_carea' id='block_1_57' title="bbox 34 4961 1626 5033">
    <p class='ocr_par' dir='ltr' id='par_1_57' title="bbox 34 4961 1626 5033">
     <span class='ocr_line' id='line_1_57' title="bbox 34 4961 1626 5033; baseline -0.003 -14"><span class='ocrx_word' id='word_1_444' title='bbox 34 4974 311 5028; x_wconf 82' lang='lat' dir='ltr'><strong>currant,</strong></span> <span class='ocrx_word' id='word_1_445' title='bbox 356 4962 571 5033; x_wconf 82' lang='lat' dir='ltr'><strong>quando</strong></span> <span class='ocrx_word' id='word_1_446' title='bbox 602 4970 888 5033; x_wconf 81' lang='lat' dir='ltr'><strong>transeunt</strong></span> <span class='ocrx_word' id='word_1_447' title='bbox 932 4961 1393 5033; x_wconf 12' lang='lat' dir='ltr'><strong>lun:nu,ividetur</strong></span> <span class='ocrx_word' id='word_1_448' title='bbox 1442 4972 1626 5033; x_wconf 84' lang='lat' dir='ltr'><strong>contra</strong></span> 
     </span>
    </p>
   </div>
   <div class='ocr_carea' id='block_1_58' title="bbox 35 5028 1625 5099">
    <p class='ocr_par' dir='ltr' id='par_1_58' title="bbox 35 5028 1625 5099">
     <span class='ocr_line' id='line_1_58' title="bbox 35 5028 1625 5099; baseline -0.004 -10"><span class='ocrx_word' id='word_1_449' title='bbox 35 5036 214 5089; x_wconf 65' lang='lat' dir='ltr'><strong>titubes</strong></span> <span class='ocrx_word' id='word_1_450' title='bbox 260 5034 339 5088; x_wconf 67' lang='lat' dir='ltr'><strong>ad</strong></span> <span class='ocrx_word' id='word_1_451' title='bbox 378 5028 813 5099; x_wconf 47' lang='lat' dir='ltr'><strong>&#39;Septeulrionem</strong></span> <span class='ocrx_word' id='word_1_452' title='bbox 864 5046 1100 5085; x_wconf 83' lang='lat' dir='ltr'><strong>currere.</strong></span> <span class='ocrx_word' id='word_1_453' title='bbox 1143 5032 1245 5085; x_wconf 81' lang='lat' dir='ltr'><strong>Sed</strong></span> <span class='ocrx_word' id='word_1_454' title='bbox 1294 5031 1415 5098; x_wconf 85' lang='lat' dir='ltr'><strong>quia</strong></span> <span class='ocrx_word' id='word_1_455' title='bbox 1462 5031 1625 5098; x_wconf 83' lang='lat' dir='ltr'><strong>priori</strong></span> 
     </span>
    </p>
   </div>
   <div class='ocr_carea' id='block_1_59' title="bbox 34 5102 1625 5170">
    <p class='ocr_par' dir='ltr' id='par_1_59' title="bbox 34 5102 1625 5170">
     <span class='ocr_line' id='line_1_59' title="bbox 34 5102 1625 5170; baseline -0.004 -11"><span class='ocrx_word' id='word_1_456' title='bbox 34 5106 343 5161; x_wconf 64' lang='lat' dir='ltr'><strong>sententia</strong></span> <span class='ocrx_word' id='word_1_457' title='bbox 372 5104 712 5157; x_wconf 84' lang='lat' dir='ltr'><strong>doctissimus</strong></span> <span class='ocrx_word' id='word_1_458' title='bbox 748 5102 984 5154; x_wconf 91' lang='lat' dir='ltr'><strong>omnium</strong></span> <span class='ocrx_word' id='word_1_459' title='bbox 1026 5102 1460 5170; x_wconf 84' lang='lat' dir='ltr'><strong>philosophorum</strong></span> <span class='ocrx_word' id='word_1_460' title='bbox 1492 5116 1625 5153; x_wconf 89' lang='lat' dir='ltr'><strong>cou-</strong></span> 
     </span>
    </p>
   </div>
   <div class='ocr_carea' id='block_1_60' title="bbox 34 5172 1627 5240">
    <p class='ocr_par' dir='ltr' id='par_1_60' title="bbox 34 5172 1627 5240">
     <span class='ocr_line' id='line_1_60' title="bbox 34 5172 1627 5240; baseline -0.005 -8"><span class='ocrx_word' id='word_1_461' title='bbox 34 5177 238 5240; x_wconf 76' lang='lat' dir='ltr'><strong>seutit.</strong></span> <span class='ocrx_word' id='word_1_462' title='bbox 270 5185 336 5231; x_wconf 86' lang='lat' dir='ltr'><strong>et</strong></span> <span class='ocrx_word' id='word_1_463' title='bbox 369 5189 494 5228; x_wconf 72' lang='lat' dir='ltr'><strong>vera</strong></span> <span class='ocrx_word' id='word_1_464' title='bbox 541 5182 646 5235; x_wconf 82' lang='lat' dir='ltr'><strong>est,</strong></span> <span class='ocrx_word' id='word_1_465' title='bbox 679 5172 755 5224; x_wconf 89' lang='lat' dir='ltr'><strong>illi</strong></span> <span class='ocrx_word' id='word_1_466' title='bbox 787 5173 1160 5235; x_wconf 82' lang='lat' dir='ltr'><strong>concedamus,</strong></span> <span class='ocrx_word' id='word_1_467' title='bbox 1190 5184 1481 5238; x_wconf 80' lang='lat' dir='ltr'><strong>contraque</strong></span> <span class='ocrx_word' id='word_1_468' title='bbox 1526 5173 1627 5225; x_wconf 87' lang='lat' dir='ltr'><strong>hoc</strong></span> 
     </span>
    </p>
   </div>
   <div class='ocr_carea' id='block_1_61' title="bbox 34 5240 1621 5313">
    <p class='ocr_par' dir='ltr' id='par_1_61' title="bbox 34 5240 1621 5313">
     <span class='ocr_line' id='line_1_61' title="bbox 34 5240 1621 5313; baseline -0.004 -11"><span class='ocrx_word' id='word_1_469' title='bbox 34 5246 181 5313; x_wconf 69' lang='lat' dir='ltr'><strong>quod</strong></span> <span class='ocrx_word' id='word_1_470' title='bbox 210 5248 317 5302; x_wconf 76' lang='lat' dir='ltr'><strong>illo</strong></span> <span class='ocrx_word' id='word_1_471' title='bbox 336 5244 471 5301; x_wconf 73' lang='lat' dir='ltr'><strong>dicit</strong></span> <span class='ocrx_word' id='word_1_472' title='bbox 489 5243 655 5299; x_wconf 85' lang='lat' dir='ltr'><strong>solem</strong></span> <span class='ocrx_word' id='word_1_473' title='bbox 679 5256 707 5293; x_wconf 87' lang='lat' dir='ltr'><strong>a</strong></span> <span class='ocrx_word' id='word_1_474' title='bbox 734 5242 1065 5313; x_wconf 85' lang='lat' dir='ltr'><strong>ﬁrmamento</strong></span> <span class='ocrx_word' id='word_1_475' title='bbox 1092 5258 1196 5313; x_wconf 85' lang='lat' dir='ltr'><strong>non</strong></span> <span class='ocrx_word' id='word_1_476' title='bbox 1230 5258 1386 5309; x_wconf 88' lang='lat' dir='ltr'><strong>posse</strong></span> <span class='ocrx_word' id='word_1_477' title='bbox 1411 5240 1621 5313; x_wconf 83' lang='lat' dir='ltr'><strong>referri.</strong></span> 
     </span>
    </p>
   </div>
   <div class='ocr_carea' id='block_1_62' title="bbox 34 5311 1629 5378">
    <p class='ocr_par' dir='ltr' id='par_1_62' title="bbox 34 5311 1629 5378">
     <span class='ocr_line' id='line_1_62' title="bbox 34 5311 1629 5378; baseline -0.003 -7"><span class='ocrx_word' id='word_1_478' title='bbox 34 5311 159 5371; x_wconf 67' lang='lat' dir='ltr'><strong>sum</strong></span> <span class='ocrx_word' id='word_1_479' title='bbox 207 5316 271 5371; x_wconf 75' lang='lat' dir='ltr'><strong>in</strong></span> <span class='ocrx_word' id='word_1_480' title='bbox 302 5330 377 5370; x_wconf 76' lang='lat' dir='ltr'><strong>eo</strong></span> <span class='ocrx_word' id='word_1_481' title='bbox 404 5330 512 5369; x_wconf 70' lang='lat' dir='ltr'><strong>non</strong></span> <span class='ocrx_word' id='word_1_482' title='bbox 539 5316 627 5368; x_wconf 85' lang='lat' dir='ltr'><strong>sit.</strong></span> <span class='ocrx_word' id='word_1_483' title='bbox 661 5314 723 5365; x_wconf 75' lang='lat' dir='ltr'><strong>Et</strong></span> <span class='ocrx_word' id='word_1_484' title='bbox 758 5312 802 5365; x_wconf 87' lang='lat' dir='ltr'><strong>si</strong></span> <span class='ocrx_word' id='word_1_485' title='bbox 834 5325 1116 5378; x_wconf 83' lang='lat' dir='ltr'><strong>possumus</strong></span> <span class='ocrx_word' id='word_1_486' title='bbox 1144 5312 1342 5376; x_wconf 88' lang='lat' dir='ltr'><strong>dicere,</strong></span> <span class='ocrx_word' id='word_1_487' title='bbox 1375 5311 1513 5378; x_wconf 89' lang='lat' dir='ltr'><strong>quod</strong></span> <span class='ocrx_word' id='word_1_488' title='bbox 1545 5321 1629 5366; x_wconf 89' lang='lat' dir='ltr'><strong>est</strong></span> 
     </span>
    </p>
   </div>
   <div class='ocr_carea' id='block_1_63' title="bbox 34 5382 1632 5454">
    <p class='ocr_par' dir='ltr' id='par_1_63' title="bbox 34 5382 1632 5454">
     <span class='ocr_line' id='line_1_63' title="bbox 34 5382 1632 5454; baseline -0.002 -16"><span class='ocrx_word' id='word_1_489' title='bbox 34 5387 87 5439; x_wconf 77' lang='lat' dir='ltr'><strong>its</strong></span> <span class='ocrx_word' id='word_1_490' title='bbox 118 5384 657 5454; x_wconf 62' lang='lat' dir='ltr'><strong>Immentujuxta</strong></span> <span class='ocrx_word' id='word_1_491' title='bbox 689 5391 923 5436; x_wconf 79' lang='lat' dir='ltr'><strong>nostrain</strong></span> <span class='ocrx_word' id='word_1_492' title='bbox 968 5382 1462 5454; x_wconf 29' lang='lat' dir='ltr'><strong>sententiamtquia</strong></span> <span class='ocrx_word' id='word_1_493' title='bbox 1493 5383 1632 5435; x_wconf 82' lang='lat' dir='ltr'><strong>dici-</strong></span> 
     </span>
    </p>
   </div>
   <div class='ocr_carea' id='block_1_64' title="bbox 34 5452 1633 5519">
    <p class='ocr_par' dir='ltr' id='par_1_64' title="bbox 34 5452 1633 5519">
     <span class='ocr_line' id='line_1_64' title="bbox 34 5452 1633 5519; baseline -0.001 -11"><span class='ocrx_word' id='word_1_494' title='bbox 34 5470 158 5519; x_wconf 56' lang='lat' dir='ltr'><strong>mus</strong></span> <span class='ocrx_word' id='word_1_495' title='bbox 188 5457 412 5509; x_wconf 59' lang='lat' dir='ltr'><strong>mulera</strong></span> <span class='ocrx_word' id='word_1_496' title='bbox 444 5452 837 5509; x_wconf 80' lang='lat' dir='ltr'><strong>ﬁrmamentum</strong></span> <span class='ocrx_word' id='word_1_497' title='bbox 864 5454 1062 5518; x_wconf 84' lang='lat' dir='ltr'><strong>vocari,</strong></span> <span class='ocrx_word' id='word_1_498' title='bbox 1093 5461 1268 5506; x_wconf 88' lang='lat' dir='ltr'><strong>tamen</strong></span> <span class='ocrx_word' id='word_1_499' title='bbox 1300 5452 1550 5517; x_wconf 83' lang='lat' dir='ltr'><strong>dicimus,</strong></span> <span class='ocrx_word' id='word_1_500' title='bbox 1578 5463 1633 5507; x_wconf 90' lang='lat' dir='ltr'><strong>et</strong></span> 
     </span>
    </p>
   </div>
   <div class='ocr_carea' id='block_1_65' title="bbox 34 5522 1633 5589">
    <p class='ocr_par' dir='ltr' id='par_1_65' title="bbox 34 5522 1633 5589">
     <span class='ocr_line' id='line_1_65' title="bbox 34 5522 1633 5589; baseline -0.002 -9"><span class='ocrx_word' id='word_1_501' title='bbox 34 5524 75 5579; x_wconf 78' lang='lat' dir='ltr'><strong>si</strong></span> <span class='ocrx_word' id='word_1_502' title='bbox 125 5539 245 5580; x_wconf 73' lang='grc' dir='ltr'><strong>ιο·</strong></span> <span class='ocrx_word' id='word_1_503' title='bbox 301 5525 380 5578; x_wconf 77' lang='lat' dir='ltr'><strong>sit</strong></span> <span class='ocrx_word' id='word_1_504' title='bbox 422 5526 474 5577; x_wconf 81' lang='lat' dir='ltr'><strong>in</strong></span> <span class='ocrx_word' id='word_1_505' title='bbox 523 5526 881 5586; x_wconf 75' lang='lat' dir='ltr'><strong>ﬁrmamento,</strong></span> <span class='ocrx_word' id='word_1_506' title='bbox 913 5536 1067 5589; x_wconf 82' lang='lat' dir='ltr'><strong>posse</strong></span> <span class='ocrx_word' id='word_1_507' title='bbox 1098 5522 1286 5575; x_wconf 83' lang='lat' dir='ltr'><strong>referri</strong></span> <span class='ocrx_word' id='word_1_508' title='bbox 1332 5522 1400 5575; x_wconf 87' lang='lat' dir='ltr'><strong>ab</strong></span> <span class='ocrx_word' id='word_1_509' title='bbox 1439 5538 1522 5576; x_wconf 90' lang='lat' dir='ltr'><strong>eo.</strong></span> <span class='ocrx_word' id='word_1_510' title='bbox 1566 5524 1633 5579; x_wconf 84' lang='lat' dir='ltr'><strong>Ut</strong></span> 
     </span>
    </p>
   </div>
   <div class='ocr_carea' id='block_1_66' title="bbox 33 5592 1630 5661">
    <p class='ocr_par' dir='ltr' id='par_1_66' title="bbox 33 5592 1630 5661">
     <span class='ocr_line' id='line_1_66' title="bbox 33 5592 1630 5661; baseline -0.002 -11"><span class='ocrx_word' id='word_1_511' title='bbox 33 5596 183 5650; x_wconf 65' lang='lat' dir='ltr'><strong>enim</strong></span> <span class='ocrx_word' id='word_1_512' title='bbox 213 5595 275 5649; x_wconf 73' lang='lat' dir='ltr'><strong>in</strong></span> <span class='ocrx_word' id='word_1_513' title='bbox 307 5593 504 5648; x_wconf 80' lang='lat' dir='ltr'><strong>eodem</strong></span> <span class='ocrx_word' id='word_1_514' title='bbox 538 5593 785 5661; x_wconf 71' lang='lat' dir='ltr'><strong>exwtplo</strong></span> <span class='ocrx_word' id='word_1_515' title='bbox 811 5593 877 5647; x_wconf 93' lang='lat' dir='ltr'><strong>de</strong></span> <span class='ocrx_word' id='word_1_516' title='bbox 906 5593 1024 5646; x_wconf 75' lang='lat' dir='ltr'><strong>nari</strong></span> <span class='ocrx_word' id='word_1_517' title='bbox 1057 5594 1421 5658; x_wconf 56' lang='lat' dir='ltr'><strong>pernistamus,</strong></span> <span class='ocrx_word' id='word_1_518' title='bbox 1456 5592 1501 5646; x_wconf 82' lang='lat' dir='ltr'><strong>si</strong></span> <span class='ocrx_word' id='word_1_519' title='bbox 1527 5594 1630 5647; x_wconf 80' lang='lat' dir='ltr'><strong>ali-</strong></span> 
     </span>
    </p>
   </div>
   <div class='ocr_carea' id='block_1_67' title="bbox 34 5662 1627 5736">
    <p class='ocr_par' dir='ltr' id='par_1_67' title="bbox 34 5662 1627 5736">
     <span class='ocr_line' id='line_1_67' title="bbox 34 5662 1627 5736; baseline -0.003 -14"><span class='ocrx_word' id='word_1_520' title='bbox 34 5666 167 5736; x_wconf 63' lang='lat' dir='ltr'><strong>Quid</strong></span> <span class='ocrx_word' id='word_1_521' title='bbox 202 5666 339 5721; x_wconf 73' lang='lat' dir='ltr'><strong>leve</strong></span> <span class='ocrx_word' id='word_1_522' title='bbox 365 5664 516 5736; x_wconf 70' lang='lat' dir='ltr'><strong>iusta</strong></span> <span class='ocrx_word' id='word_1_523' title='bbox 546 5678 735 5736; x_wconf 61' lang='lat' dir='ltr'><strong>navem</strong></span> <span class='ocrx_word' id='word_1_524' title='bbox 760 5663 849 5736; x_wconf 82' lang='lat' dir='ltr'><strong>sit,</strong></span> <span class='ocrx_word' id='word_1_525' title='bbox 879 5662 1514 5736; x_wconf 74' lang='lat' dir='ltr'><strong>impetuilliusrefertur,</strong></span> <span class='ocrx_word' id='word_1_526' title='bbox 1544 5675 1627 5718; x_wconf 85' lang='lat' dir='ltr'><strong>et-</strong></span> 
     </span>
    </p>
   </div>
   <div class='ocr_carea' id='block_1_68' title="bbox 34 5732 1632 5804">
    <p class='ocr_par' dir='ltr' id='par_1_68' title="bbox 34 5732 1632 5804">
     <span class='ocr_line' id='line_1_68' title="bbox 34 5732 1632 5804; baseline -0.004 -11"><span class='ocrx_word' id='word_1_527' title='bbox 34 5732 76 5793; x_wconf 63' lang='grc' dir='ltr'><strong>εἶ</strong></span> <span class='ocrx_word' id='word_1_528' title='bbox 104 5738 171 5793; x_wconf 69' lang='lat' dir='ltr'><strong>iis</strong></span> <span class='ocrx_word' id='word_1_529' title='bbox 201 5748 277 5793; x_wconf 70' lang='lat' dir='ltr'><strong>ea</strong></span> <span class='ocrx_word' id='word_1_530' title='bbox 315 5750 426 5788; x_wconf 68' lang='lat' dir='ltr'><strong>me</strong></span> <span class='ocrx_word' id='word_1_531' title='bbox 454 5733 544 5789; x_wconf 83' lang='lat' dir='ltr'><strong>sit.</strong></span> <span class='ocrx_word' id='word_1_532' title='bbox 575 5732 713 5802; x_wconf 64' lang='lat' dir='ltr'><strong>Ergo</strong></span> <span class='ocrx_word' id='word_1_533' title='bbox 738 5734 825 5804; x_wconf 84' lang='lat' dir='ltr'><strong>sol</strong></span> <span class='ocrx_word' id='word_1_534' title='bbox 846 5748 965 5785; x_wconf 87' lang='lat' dir='ltr'><strong>cum</strong></span> <span class='ocrx_word' id='word_1_535' title='bbox 995 5735 1124 5788; x_wconf 81' lang='lat' dir='ltr'><strong>levis</strong></span> <span class='ocrx_word' id='word_1_536' title='bbox 1152 5742 1208 5789; x_wconf 90' lang='lat' dir='ltr'><strong>et</strong></span> <span class='ocrx_word' id='word_1_537' title='bbox 1240 5734 1407 5804; x_wconf 66' lang='lat' dir='ltr'><strong>ignea:</strong></span> <span class='ocrx_word' id='word_1_538' title='bbox 1435 5733 1508 5788; x_wconf 88' lang='lat' dir='ltr'><strong>sit</strong></span> <span class='ocrx_word' id='word_1_539' title='bbox 1537 5748 1632 5787; x_wconf 87' lang='lat' dir='ltr'><strong>na-</strong></span> 
     </span>
    </p>
   </div>
   <div class='ocr_carea' id='block_1_69' title="bbox 34 5803 1630 5877">
    <p class='ocr_par' dir='ltr' id='par_1_69' title="bbox 34 5803 1630 5877">
     <span class='ocr_line' id='line_1_69' title="bbox 34 5803 1630 5877; baseline 0 -16"><span class='ocrx_word' id='word_1_540' title='bbox 34 5816 201 5877; x_wconf 63' lang='lat' dir='ltr'><strong>tura,</strong></span> <span class='ocrx_word' id='word_1_541' title='bbox 232 5822 269 5863; x_wconf 89' lang='lat' dir='ltr'><strong>a</strong></span> <span class='ocrx_word' id='word_1_542' title='bbox 322 5806 685 5871; x_wconf 61' lang='lat' dir='ltr'><strong>ﬁrmamento,</strong></span> <span class='ocrx_word' id='word_1_543' title='bbox 708 5811 764 5858; x_wconf 84' lang='lat' dir='ltr'><strong>et</strong></span> <span class='ocrx_word' id='word_1_544' title='bbox 789 5803 834 5857; x_wconf 81' lang='lat' dir='ltr'><strong>st</strong></span> <span class='ocrx_word' id='word_1_545' title='bbox 864 5804 914 5857; x_wconf 90' lang='lat' dir='ltr'><strong>iu</strong></span> <span class='ocrx_word' id='word_1_546' title='bbox 960 5819 1026 5859; x_wconf 86' lang='lat' dir='ltr'><strong>co</strong></span> <span class='ocrx_word' id='word_1_547' title='bbox 1054 5820 1157 5862; x_wconf 77' lang='lat' dir='ltr'><strong>non</strong></span> <span class='ocrx_word' id='word_1_548' title='bbox 1202 5803 1292 5871; x_wconf 80' lang='lat' dir='ltr'><strong>sit,</strong></span> <span class='ocrx_word' id='word_1_549' title='bbox 1328 5814 1505 5875; x_wconf 81' lang='lat' dir='ltr'><strong>potest</strong></span> <span class='ocrx_word' id='word_1_550' title='bbox 1545 5818 1630 5861; x_wconf 87' lang='lat' dir='ltr'><strong>rc-</strong></span> 
     </span>
    </p>
   </div>
   <div class='ocr_carea' id='block_1_70' title="bbox 1738 3912 3318 3984">
    <p class='ocr_par' dir='ltr' id='par_1_70' title="bbox 1738 3912 3318 3984">
     <span class='ocr_line' id='line_1_70' title="bbox 1738 3912 3318 3984; baseline 0.005 -23"><span class='ocrx_word' id='word_1_551' title='bbox 1738 3912 1896 3984; x_wconf 76' lang='lat' dir='ltr'><strong>niida,</strong></span> <span class='ocrx_word' id='word_1_552' title='bbox 1941 3916 2358 3984; x_wconf 83' lang='lat' dir='ltr'><strong>extenditurque</strong></span> <span class='ocrx_word' id='word_1_553' title='bbox 2396 3916 2569 3970; x_wconf 83' lang='lat' dir='ltr'><strong>donec</strong></span> <span class='ocrx_word' id='word_1_554' title='bbox 2606 3916 2685 3968; x_wconf 75' lang='lat' dir='ltr'><strong>sol</strong></span> <span class='ocrx_word' id='word_1_555' title='bbox 2733 3912 3003 3970; x_wconf 32' lang='lat' dir='ltr'><strong>transeat’</strong></span> <span class='ocrx_word' id='word_1_556' title='bbox 3031 3917 3318 3983; x_wconf 81' lang='lat' dir='ltr'><strong>Aquarium</strong></span> 
     </span>
    </p>
   </div>
   <div class='ocr_carea' id='block_1_71' title="bbox 1734 3982 3322 4051">
    <p class='ocr_par' dir='ltr' id='par_1_71' title="bbox 1734 3982 3322 4051">
     <span class='ocr_line' id='line_1_71' title="bbox 1734 3982 3322 4051; baseline 0.001 -17"><span class='ocrx_word' id='word_1_557' title='bbox 1734 3992 1786 4034; x_wconf 89' lang='lat' dir='ltr'><strong>et</strong></span> <span class='ocrx_word' id='word_1_558' title='bbox 1820 3982 2017 4049; x_wconf 83' lang='lat' dir='ltr'><strong>Pisces,</strong></span> <span class='ocrx_word' id='word_1_559' title='bbox 2049 3982 2285 4051; x_wconf 83' lang='lat' dir='ltr'><strong>quorum</strong></span> <span class='ocrx_word' id='word_1_560' title='bbox 2306 3986 2531 4051; x_wconf 88' lang='lat' dir='ltr'><strong>primum</strong></span> <span class='ocrx_word' id='word_1_561' title='bbox 2566 3988 2727 4039; x_wconf 90' lang='lat' dir='ltr'><strong>intrat</strong></span> <span class='ocrx_word' id='word_1_562' title='bbox 2754 3986 2928 4041; x_wconf 87' lang='lat' dir='ltr'><strong>medio</strong></span> <span class='ocrx_word' id='word_1_563' title='bbox 2949 3982 3205 4045; x_wconf 77' lang='lat' dir='ltr'><strong>Januarii,</strong></span> <span class='ocrx_word' id='word_1_564' title='bbox 3239 4000 3322 4037; x_wconf 84' lang='lat' dir='ltr'><strong>se-</strong></span> 
     </span>
    </p>
   </div>
   <div class='ocr_carea' id='block_1_72' title="bbox 1733 4053 3323 4122">
    <p class='ocr_par' dir='ltr' id='par_1_72' title="bbox 1733 4053 3323 4122">
     <span class='ocr_line' id='line_1_72' title="bbox 1733 4053 3323 4122; baseline 0.003 -20"><span class='ocrx_word' id='word_1_565' title='bbox 1733 4053 1968 4105; x_wconf 89' lang='lat' dir='ltr'><strong>cundum</strong></span> <span class='ocrx_word' id='word_1_566' title='bbox 2023 4055 2203 4109; x_wconf 83' lang='lat' dir='ltr'><strong>medio</strong></span> <span class='ocrx_word' id='word_1_567' title='bbox 2252 4055 2571 4119; x_wconf 61' lang='lat' dir='ltr'><strong>Februarii;</strong></span> <span class='ocrx_word' id='word_1_568' title='bbox 2622 4064 2830 4107; x_wconf 87' lang='lat' dir='ltr'><strong>constat</strong></span> <span class='ocrx_word' id='word_1_569' title='bbox 2877 4070 3006 4122; x_wconf 75' lang='lat' dir='ltr'><strong>ergo</strong></span> <span class='ocrx_word' id='word_1_570' title='bbox 3052 4054 3103 4107; x_wconf 93' lang='lat' dir='ltr'><strong>in</strong></span> <span class='ocrx_word' id='word_1_571' title='bbox 3154 4054 3323 4107; x_wconf 89' lang='lat' dir='ltr'><strong>tribus</strong></span> 
     </span>
    </p>
   </div>
   <div class='ocr_carea' id='block_1_73' title="bbox 1734 4124 3321 4191">
    <p class='ocr_par' dir='ltr' id='par_1_73' title="bbox 1734 4124 3321 4191">
     <span class='ocr_line' id='line_1_73' title="bbox 1734 4124 3321 4191; baseline 0 -18"><span class='ocrx_word' id='word_1_572' title='bbox 1734 4124 2031 4188; x_wconf 83' lang='lat' dir='ltr'><strong>mensibus,</strong></span> <span class='ocrx_word' id='word_1_573' title='bbox 2060 4135 2112 4178; x_wconf 90' lang='lat' dir='ltr'><strong>et</strong></span> <span class='ocrx_word' id='word_1_574' title='bbox 2141 4125 2243 4178; x_wconf 86' lang='lat' dir='ltr'><strong>hoc</strong></span> <span class='ocrx_word' id='word_1_575' title='bbox 2268 4137 2349 4177; x_wconf 87' lang='lat' dir='ltr'><strong>est</strong></span> <span class='ocrx_word' id='word_1_576' title='bbox 2379 4140 2565 4177; x_wconf 73' lang='lat' dir='ltr'><strong>rerum</strong></span> <span class='ocrx_word' id='word_1_577' title='bbox 2615 4124 2682 4177; x_wconf 87' lang='lat' dir='ltr'><strong>de</strong></span> <span class='ocrx_word' id='word_1_578' title='bbox 2704 4132 2931 4191; x_wconf 82' lang='lat' dir='ltr'><strong>quatuor</strong></span> <span class='ocrx_word' id='word_1_579' title='bbox 2962 4125 3086 4176; x_wconf 90' lang='lat' dir='ltr'><strong>anni</strong></span> <span class='ocrx_word' id='word_1_580' title='bbox 3117 4132 3321 4191; x_wconf 83' lang='lat' dir='ltr'><strong>tempo—</strong></span> 
     </span>
    </p>
   </div>
   <div class='ocr_carea' id='block_1_74' title="bbox 1734 4192 3320 4263">
    <p class='ocr_par' dir='ltr' id='par_1_74' title="bbox 1734 4192 3320 4263">
     <span class='ocr_line' id='line_1_74' title="bbox 1734 4192 3320 4263; baseline 0.002 -20"><span class='ocrx_word' id='word_1_581' title='bbox 1734 4192 1902 4245; x_wconf 87' lang='lat' dir='ltr'><strong>ribus.</strong></span> <span class='ocrx_word' id='word_1_582' title='bbox 1937 4193 1992 4245; x_wconf 93' lang='lat' dir='ltr'><strong>ln</strong></span> <span class='ocrx_word' id='word_1_583' title='bbox 2028 4198 2128 4246; x_wconf 87' lang='lat' dir='ltr'><strong>hoc</strong></span> <span class='ocrx_word' id='word_1_584' title='bbox 2174 4193 2621 4263; x_wconf 79' lang='lat' dir='ltr'><strong>constringuntur</strong></span> <span class='ocrx_word' id='word_1_585' title='bbox 2670 4193 2785 4258; x_wconf 90' lang='lat' dir='ltr'><strong>pori</strong></span> <span class='ocrx_word' id='word_1_586' title='bbox 2807 4194 3109 4261; x_wconf 85' lang='lat' dir='ltr'><strong>superiiciei</strong></span> <span class='ocrx_word' id='word_1_587' title='bbox 3140 4203 3320 4256; x_wconf 76' lang='lat' dir='ltr'><strong>terrae,</strong></span> 
     </span>
    </p>
   </div>
   <div class='ocr_carea' id='block_1_75' title="bbox 1735 4263 3323 4333">
    <p class='ocr_par' dir='ltr' id='par_1_75' title="bbox 1735 4263 3323 4333">
     <span class='ocr_line' id='line_1_75' title="bbox 1735 4263 3323 4333; baseline 0.001 -20"><span class='ocrx_word' id='word_1_588' title='bbox 1735 4276 1832 4333; x_wconf 86' lang='lat' dir='ltr'><strong>nec</strong></span> <span class='ocrx_word' id='word_1_589' title='bbox 1861 4273 2037 4333; x_wconf 88' lang='lat' dir='ltr'><strong>potest</strong></span> <span class='ocrx_word' id='word_1_590' title='bbox 2058 4263 2208 4317; x_wconf 86' lang='lat' dir='ltr'><strong>calor</strong></span> <span class='ocrx_word' id='word_1_591' title='bbox 2229 4278 2546 4330; x_wconf 79' lang='lat' dir='ltr'><strong>evaporare.</strong></span> <span class='ocrx_word' id='word_1_592' title='bbox 2586 4265 2685 4333; x_wconf 82' lang='lat' dir='ltr'><strong>qui</strong></span> <span class='ocrx_word' id='word_1_593' title='bbox 2725 4279 3011 4318; x_wconf 85' lang='lat' dir='ltr'><strong>remanens</strong></span> <span class='ocrx_word' id='word_1_594' title='bbox 3043 4263 3210 4317; x_wconf 88' lang='lat' dir='ltr'><strong>nutrit</strong></span> <span class='ocrx_word' id='word_1_595' title='bbox 3236 4280 3323 4314; x_wconf 82' lang='lat' dir='ltr'><strong>rn-</strong></span> 
     </span>
    </p>
   </div>
   <div class='ocr_carea' id='block_1_76' title="bbox 1734 4331 3325 4403">
    <p class='ocr_par' dir='ltr' id='par_1_76' title="bbox 1734 4331 3325 4403">
     <span class='ocr_line' id='line_1_76' title="bbox 1734 4331 3325 4403; baseline 0.001 -20"><span class='ocrx_word' id='word_1_596' title='bbox 1734 4331 1880 4385; x_wconf 84' lang='lat' dir='ltr'><strong>dices</strong></span> <span class='ocrx_word' id='word_1_597' title='bbox 1907 4332 2195 4387; x_wconf 82' lang='lat' dir='ltr'><strong>herbarum</strong></span> <span class='ocrx_word' id='word_1_598' title='bbox 2222 4344 2279 4387; x_wconf 94' lang='lat' dir='ltr'><strong>et</strong></span> <span class='ocrx_word' id='word_1_599' title='bbox 2320 4331 2619 4399; x_wconf 54' lang='lat' dir='ltr'><strong>arborum,&#39;</strong></span> <span class='ocrx_word' id='word_1_600' title='bbox 2649 4336 2927 4403; x_wconf 69' lang='lat' dir='ltr'><strong>vicemque</strong></span> <span class='ocrx_word' id='word_1_601' title='bbox 2969 4335 3155 4403; x_wconf 64' lang='lat' dir='ltr'><strong>nutris</strong></span> <span class='ocrx_word' id='word_1_602' title='bbox 3186 4348 3325 4400; x_wconf 67' lang='lat' dir='ltr'><strong>prae-</strong></span> 
     </span>
    </p>
   </div>
   <div class='ocr_carea' id='block_1_77' title="bbox 1734 4402 3321 4471">
    <p class='ocr_par' dir='ltr' id='par_1_77' title="bbox 1734 4402 3321 4471">
     <span class='ocr_line' id='line_1_77' title="bbox 1734 4402 3321 4471; baseline 0.003 -19"><span class='ocrx_word' id='word_1_603' title='bbox 1734 4413 1943 4470; x_wconf 74' lang='lat' dir='ltr'><strong>guautis</strong></span> <span class='ocrx_word' id='word_1_604' title='bbox 1975 4404 2205 4467; x_wconf 85' lang='lat' dir='ltr'><strong>obtinet,</strong></span> <span class='ocrx_word' id='word_1_605' title='bbox 2230 4415 2565 4459; x_wconf 89' lang='lat' dir='ltr'><strong>crementum</strong></span> <span class='ocrx_word' id='word_1_606' title='bbox 2594 4415 2773 4457; x_wconf 87' lang='lat' dir='ltr'><strong>autem</strong></span> <span class='ocrx_word' id='word_1_607' title='bbox 2805 4402 2908 4457; x_wconf 86' lang='lat' dir='ltr'><strong>non</strong></span> <span class='ocrx_word' id='word_1_608' title='bbox 2938 4402 3164 4467; x_wconf 88' lang='lat' dir='ltr'><strong>confert,</strong></span> <span class='ocrx_word' id='word_1_609' title='bbox 3201 4404 3321 4471; x_wconf 85' lang='lat' dir='ltr'><strong>quia</strong></span> 
     </span>
    </p>
   </div>
   <div class='ocr_carea' id='block_1_78' title="bbox 1735 4474 3321 4540">
    <p class='ocr_par' dir='ltr' id='par_1_78' title="bbox 1735 4474 3321 4540">
     <span class='ocr_line' id='line_1_78' title="bbox 1735 4474 3321 4540; baseline 0 -17"><span class='ocrx_word' id='word_1_610' title='bbox 1735 4487 1833 4526; x_wconf 87' lang='lat' dir='ltr'><strong>nec</strong></span> <span class='ocrx_word' id='word_1_611' title='bbox 1860 4474 2007 4527; x_wconf 84' lang='lat' dir='ltr'><strong>calor</strong></span> <span class='ocrx_word' id='word_1_612' title='bbox 2033 4489 2133 4526; x_wconf 89' lang='lat' dir='ltr'><strong>nec</strong></span> <span class='ocrx_word' id='word_1_613' title='bbox 2160 4478 2378 4537; x_wconf 85' lang='lat' dir='ltr'><strong>humor,</strong></span> <span class='ocrx_word' id='word_1_614' title='bbox 2407 4489 2473 4529; x_wconf 80' lang='lat' dir='ltr'><strong>ex</strong></span> <span class='ocrx_word' id='word_1_615' title='bbox 2502 4474 2696 4540; x_wconf 84' lang='lat' dir='ltr'><strong>quibus</strong></span> <span class='ocrx_word' id='word_1_616' title='bbox 2724 4484 2807 4526; x_wconf 88' lang='lat' dir='ltr'><strong>est</strong></span> <span class='ocrx_word' id='word_1_617' title='bbox 2832 4483 3198 4538; x_wconf 70' lang='lat' dir='ltr'><strong>augmentum,</strong></span> <span class='ocrx_word' id='word_1_618' title='bbox 3228 4487 3321 4532; x_wconf 85' lang='lat' dir='ltr'><strong>po-</strong></span> 
     </span>
    </p>
   </div>
   <div class='ocr_carea' id='block_1_79' title="bbox 1735 4541 3365 4611">
    <p class='ocr_par' dir='ltr' id='par_1_79' title="bbox 1735 4541 3365 4611">
     <span class='ocr_line' id='line_1_79' title="bbox 1735 4541 3365 4611; baseline -0.001 -15"><span class='ocrx_word' id='word_1_619' title='bbox 1735 4550 1839 4596; x_wconf 85' lang='lat' dir='ltr'><strong>test</strong></span> <span class='ocrx_word' id='word_1_620' title='bbox 1868 4545 2165 4598; x_wconf 89' lang='lat' dir='ltr'><strong>ascendere</strong></span> <span class='ocrx_word' id='word_1_621' title='bbox 2194 4556 2417 4611; x_wconf 90' lang='lat' dir='ltr'><strong>propter</strong></span> <span class='ocrx_word' id='word_1_622' title='bbox 2458 4544 2674 4607; x_wconf 72' lang='lat' dir='ltr'><strong>frigoris</strong></span> <span class='ocrx_word' id='word_1_623' title='bbox 2704 4544 3161 4596; x_wconf 84' lang='lat' dir='ltr'><strong>constrictionem.</strong></span> <span class='ocrx_word' id='word_1_624' title='bbox 3211 4541 3316 4595; x_wconf 84' lang='lat' dir='ltr'><strong>Sed</strong></span> <span class='ocrx_word' id='word_1_625' title='bbox 3352 4541 3365 4557; x_wconf 89' lang='lat'>’</span> 
     </span>
    </p>
   </div>
   <div class='ocr_carea' id='block_1_80' title="bbox 1734 4612 3316 4681">
    <p class='ocr_par' dir='ltr' id='par_1_80' title="bbox 1734 4612 3316 4681">
     <span class='ocr_line' id='line_1_80' title="bbox 1734 4612 3316 4681; baseline 0 -16"><span class='ocrx_word' id='word_1_626' title='bbox 1734 4612 1872 4665; x_wconf 87' lang='lat' dir='ltr'><strong>unde</strong></span> <span class='ocrx_word' id='word_1_627' title='bbox 1896 4615 2041 4681; x_wconf 78' lang='lat' dir='ltr'><strong>gelu.</strong></span> <span class='ocrx_word' id='word_1_628' title='bbox 2072 4614 2213 4667; x_wconf 88' lang='lat' dir='ltr'><strong>unde</strong></span> <span class='ocrx_word' id='word_1_629' title='bbox 2239 4616 2407 4681; x_wconf 79' lang='lat' dir='ltr'><strong>nives,</strong></span> <span class='ocrx_word' id='word_1_630' title='bbox 2444 4613 2583 4665; x_wconf 83' lang='lat' dir='ltr'><strong>unde</strong></span> <span class='ocrx_word' id='word_1_631' title='bbox 2605 4613 2910 4680; x_wconf 74' lang='lat' dir='ltr'><strong>grandines,</strong></span> <span class='ocrx_word' id='word_1_632' title='bbox 2937 4612 3080 4666; x_wconf 90' lang='lat' dir='ltr'><strong>unde</strong></span> <span class='ocrx_word' id='word_1_633' title='bbox 3103 4613 3316 4677; x_wconf 62' lang='lat' dir='ltr'><strong>pluvia,</strong></span> 
     </span>
    </p>
   </div>
   <div class='ocr_carea' id='block_1_81' title="bbox 1734 4680 3319 4751">
    <p class='ocr_par' dir='ltr' id='par_1_81' title="bbox 1734 4680 3319 4751">
     <span class='ocr_line' id='line_1_81' title="bbox 1734 4680 3319 4751; baseline 0.002 -17"><span class='ocrx_word' id='word_1_634' title='bbox 1734 4682 1874 4737; x_wconf 86' lang='lat' dir='ltr'><strong>unde</strong></span> <span class='ocrx_word' id='word_1_635' title='bbox 1908 4680 2145 4737; x_wconf 79' lang='lat' dir='ltr'><strong>tonitrua</strong></span> <span class='ocrx_word' id='word_1_636' title='bbox 2185 4692 2240 4736; x_wconf 90' lang='lat' dir='ltr'><strong>et</strong></span> <span class='ocrx_word' id='word_1_637' title='bbox 2282 4680 2499 4735; x_wconf 82' lang='lat' dir='ltr'><strong>fulmina</strong></span> <span class='ocrx_word' id='word_1_638' title='bbox 2529 4682 2864 4751; x_wconf 78' lang='lat' dir='ltr'><strong>contingant,</strong></span> <span class='ocrx_word' id='word_1_639' title='bbox 2918 4690 3208 4736; x_wconf 73' lang='lat' dir='ltr'><strong>tractantes</strong></span> <span class='ocrx_word' id='word_1_640' title='bbox 3250 4681 3319 4737; x_wconf 78' lang='lat' dir='ltr'><strong>de</strong></span> 
     </span>
    </p>
   </div>
   <div class='ocr_carea' id='block_1_82' title="bbox 1730 4751 3316 4821">
    <p class='ocr_par' dir='ltr' id='par_1_82' title="bbox 1730 4751 3316 4821">
     <span class='ocr_line' id='line_1_82' title="bbox 1730 4751 3316 4821; baseline 0.001 -16"><span class='ocrx_word' id='word_1_641' title='bbox 1730 4768 1857 4806; x_wconf 85' lang='lat' dir='ltr'><strong>aere</strong></span> <span class='ocrx_word' id='word_1_642' title='bbox 1886 4754 2147 4807; x_wconf 79' lang='lat' dir='ltr'><strong>dicemus.</strong></span> <span class='ocrx_word' id='word_1_643' title='bbox 2198 4751 2334 4804; x_wconf 83' lang='lat' dir='ltr'><strong>Huic</strong></span> <span class='ocrx_word' id='word_1_644' title='bbox 2363 4756 2587 4819; x_wconf 85' lang='lat' dir='ltr'><strong>tempori</strong></span> <span class='ocrx_word' id='word_1_645' title='bbox 2619 4752 2919 4806; x_wconf 81' lang='lat' dir='ltr'><strong>consimilia</strong></span> <span class='ocrx_word' id='word_1_646' title='bbox 2964 4761 3108 4815; x_wconf 84' lang='lat' dir='ltr'><strong>sunt,</strong></span> <span class='ocrx_word' id='word_1_647' title='bbox 3157 4766 3316 4821; x_wconf 74' lang='lat' dir='ltr'><strong>aqua,</strong></span> 
     </span>
    </p>
   </div>
   <div class='ocr_carea' id='block_1_83' title="bbox 1735 4821 3315 4889">
    <p class='ocr_par' dir='ltr' id='par_1_83' title="bbox 1735 4821 3315 4889">
     <span class='ocr_line' id='line_1_83' title="bbox 1735 4821 3315 4889; baseline -0.001 -13"><span class='ocrx_word' id='word_1_648' title='bbox 1735 4823 2003 4889; x_wconf 73' lang='lat' dir='ltr'><strong>phlegma,</strong></span> <span class='ocrx_word' id='word_1_649' title='bbox 2052 4821 2328 4889; x_wconf 88' lang='lat' dir='ltr'><strong>decrepita</strong></span> <span class='ocrx_word' id='word_1_650' title='bbox 2378 4828 2530 4875; x_wconf 72' lang='lat' dir='ltr'><strong>tetas.</strong></span> <span class='ocrx_word' id='word_1_651' title='bbox 2581 4822 2706 4876; x_wconf 64' lang='lat' dir='ltr'><strong>ﬂare</strong></span> <span class='ocrx_word' id='word_1_652' title='bbox 2746 4824 2942 4876; x_wconf 89' lang='lat' dir='ltr'><strong>etenim</strong></span> <span class='ocrx_word' id='word_1_653' title='bbox 2976 4821 3163 4889; x_wconf 79' lang='lat' dir='ltr'><strong>frigida</strong></span> <span class='ocrx_word' id='word_1_654' title='bbox 3194 4832 3315 4876; x_wconf 80' lang='lat' dir='ltr'><strong>sunt</strong></span> 
     </span>
    </p>
   </div>
   <div class='ocr_carea' id='block_1_84' title="bbox 1730 4890 3321 4959">
    <p class='ocr_par' dir='ltr' id='par_1_84' title="bbox 1730 4890 3321 4959">
     <span class='ocr_line' id='line_1_84' title="bbox 1730 4890 3321 4959; baseline 0 -16"><span class='ocrx_word' id='word_1_655' title='bbox 1730 4904 1786 4944; x_wconf 85' lang='lat' dir='ltr'><strong>et</strong></span> <span class='ocrx_word' id='word_1_656' title='bbox 1816 4892 2053 4944; x_wconf 84' lang='lat' dir='ltr'><strong>humida.</strong></span> <span class='ocrx_word' id='word_1_657' title='bbox 2102 4890 2158 4945; x_wconf 84' lang='lat' dir='ltr'><strong>In</strong></span> <span class='ocrx_word' id='word_1_658' title='bbox 2188 4892 2381 4946; x_wconf 88' lang='lat' dir='ltr'><strong>eodem</strong></span> <span class='ocrx_word' id='word_1_659' title='bbox 2416 4907 2474 4946; x_wconf 87' lang='lat' dir='ltr'><strong>se</strong></span> <span class='ocrx_word' id='word_1_660' title='bbox 2496 4892 2687 4946; x_wconf 90' lang='lat' dir='ltr'><strong>melius</strong></span> <span class='ocrx_word' id='word_1_661' title='bbox 2719 4892 2913 4947; x_wconf 85' lang='lat' dir='ltr'><strong>habent</strong></span> <span class='ocrx_word' id='word_1_662' title='bbox 2932 4890 3205 4956; x_wconf 78' lang='lat' dir='ltr'><strong>eltolerici,</strong></span> <span class='ocrx_word' id='word_1_663' title='bbox 3235 4907 3321 4959; x_wconf 79' lang='lat' dir='ltr'><strong>pe-</strong></span> 
     </span>
    </p>
   </div>
   <div class='ocr_carea' id='block_1_85' title="bbox 1724 4960 3313 5032">
    <p class='ocr_par' dir='ltr' id='par_1_85' title="bbox 1724 4960 3313 5032">
     <span class='ocr_line' id='line_1_85' title="bbox 1724 4960 3313 5032; baseline 0.002 -23"><span class='ocrx_word' id='word_1_664' title='bbox 1724 4960 1817 5032; x_wconf 82' lang='lat' dir='ltr'><strong>j_us</strong></span> <span class='ocrx_word' id='word_1_665' title='bbox 1868 4961 2233 5031; x_wconf 74' lang='lat' dir='ltr'><strong>plilegmatiei.</strong></span> <span class='ocrx_word' id='word_1_666' title='bbox 2288 4964 2479 5017; x_wconf 82' lang='lat' dir='ltr'><strong>melius</strong></span> <span class='ocrx_word' id='word_1_667' title='bbox 2532 4961 2781 5032; x_wconf 70' lang='lat' dir='ltr'><strong>juvenes,</strong></span> <span class='ocrx_word' id='word_1_668' title='bbox 2836 4966 2984 5031; x_wconf 80' lang='lat' dir='ltr'><strong>pejus</strong></span> <span class='ocrx_word' id='word_1_669' title='bbox 3036 4962 3313 5028; x_wconf 77' lang='lat' dir='ltr'><strong>decrepiti.</strong></span> 
     </span>
    </p>
   </div>
   <div class='ocr_carea' id='block_1_86' title="bbox 1732 5029 3318 5101">
    <p class='ocr_par' dir='ltr' id='par_1_86' title="bbox 1732 5029 3318 5101">
     <span class='ocr_line' id='line_1_86' title="bbox 1732 5029 3318 5101; baseline 0.001 -20"><span class='ocrx_word' id='word_1_670' title='bbox 1732 5029 1968 5101; x_wconf 87' lang='lat' dir='ltr'><strong>Pessima</strong></span> <span class='ocrx_word' id='word_1_671' title='bbox 1997 5029 2079 5083; x_wconf 79' lang='lat' dir='ltr'><strong>est</strong></span> <span class='ocrx_word' id='word_1_672' title='bbox 2110 5031 2418 5097; x_wconf 88' lang='lat' dir='ltr'><strong>inﬁrmitas,</strong></span> <span class='ocrx_word' id='word_1_673' title='bbox 2449 5029 2569 5101; x_wconf 69' lang='lat' dir='ltr'><strong>quae</strong></span> <span class='ocrx_word' id='word_1_674' title='bbox 2595 5042 2681 5087; x_wconf 81' lang='lat' dir='ltr'><strong>est</strong></span> <span class='ocrx_word' id='word_1_675' title='bbox 2708 5050 2771 5087; x_wconf 74' lang='lat' dir='ltr'><strong>es</strong></span> <span class='ocrx_word' id='word_1_676' title='bbox 2801 5029 3117 5101; x_wconf 74' lang='lat' dir='ltr'><strong>phlegmate.</strong></span> <span class='ocrx_word' id='word_1_677' title='bbox 3154 5040 3209 5083; x_wconf 91' lang='lat' dir='ltr'><strong>ut</strong></span> <span class='ocrx_word' id='word_1_678' title='bbox 3239 5032 3318 5085; x_wconf 86' lang='lat' dir='ltr'><strong>fe-</strong></span> 
     </span>
    </p>
   </div>
   <div class='ocr_carea' id='block_1_87' title="bbox 1732 5100 3319 5171">
    <p class='ocr_par' dir='ltr' id='par_1_87' title="bbox 1732 5100 3319 5171">
     <span class='ocr_line' id='line_1_87' title="bbox 1732 5100 3319 5171; baseline 0.002 -20"><span class='ocrx_word' id='word_1_679' title='bbox 1732 5100 1851 5171; x_wconf 11' lang='lat' dir='ltr'><strong>bris,</strong></span> <span class='ocrx_word' id='word_1_680' title='bbox 1870 5100 2175 5171; x_wconf 76' lang='lat' dir='ltr'><strong>quotidiana</strong></span> <span class='ocrx_word' id='word_1_681' title='bbox 2210 5104 2385 5155; x_wconf 88' lang='lat' dir='ltr'><strong>minus</strong></span> <span class='ocrx_word' id='word_1_682' title='bbox 2426 5100 2586 5168; x_wconf 81' lang='lat' dir='ltr'><strong>mala,</strong></span> <span class='ocrx_word' id='word_1_683' title='bbox 2616 5120 2737 5171; x_wconf 68' lang='lat' dir='ltr'><strong>quae</strong></span> <span class='ocrx_word' id='word_1_684' title='bbox 2765 5100 2933 5158; x_wconf 77' lang='lat' dir='ltr'><strong>estex</strong></span> <span class='ocrx_word' id='word_1_685' title='bbox 2970 5100 3225 5171; x_wconf 57' lang='lat' dir='ltr'><strong>choleraL</strong></span> <span class='ocrx_word' id='word_1_686' title='bbox 3261 5112 3319 5154; x_wconf 90' lang='lat' dir='ltr'><strong>ttt</strong></span> 
     </span>
    </p>
   </div>
   <div class='ocr_carea' id='block_1_88' title="bbox 1735 5168 3318 5239">
    <p class='ocr_par' dir='ltr' id='par_1_88' title="bbox 1735 5168 3318 5239">
     <span class='ocr_line' id='line_1_88' title="bbox 1735 5168 3318 5239; baseline 0.003 -18"><span class='ocrx_word' id='word_1_687' title='bbox 1735 5170 1983 5223; x_wconf 85' lang='lat' dir='ltr'><strong>tertiana.</strong></span> <span class='ocrx_word' id='word_1_688' title='bbox 2019 5169 2163 5229; x_wconf 87' lang='lat' dir='ltr'><strong>Utile</strong></span> <span class='ocrx_word' id='word_1_689' title='bbox 2194 5182 2278 5227; x_wconf 81' lang='lat' dir='ltr'><strong>est</strong></span> <span class='ocrx_word' id='word_1_690' title='bbox 2307 5174 2360 5225; x_wconf 92' lang='lat' dir='ltr'><strong>in</strong></span> <span class='ocrx_word' id='word_1_691' title='bbox 2381 5174 2573 5226; x_wconf 86' lang='lat' dir='ltr'><strong>eodem</strong></span> <span class='ocrx_word' id='word_1_692' title='bbox 2600 5168 2945 5239; x_wconf 73' lang='lat' dir='ltr'><strong>augmentare</strong></span> <span class='ocrx_word' id='word_1_693' title='bbox 2968 5172 3165 5225; x_wconf 88' lang='lat' dir='ltr'><strong>cibum.</strong></span> <span class='ocrx_word' id='word_1_694' title='bbox 3196 5168 3318 5224; x_wconf 82' lang='lat' dir='ltr'><strong>Pori</strong></span> 
     </span>
    </p>
   </div>
   <div class='ocr_carea' id='block_1_89' title="bbox 1734 5240 3312 5309">
    <p class='ocr_par' dir='ltr' id='par_1_89' title="bbox 1734 5240 3312 5309">
     <span class='ocr_line' id='line_1_89' title="bbox 1734 5240 3312 5309; baseline 0.001 -17"><span class='ocrx_word' id='word_1_695' title='bbox 1734 5241 1877 5293; x_wconf 90' lang='lat' dir='ltr'><strong>enim</strong></span> <span class='ocrx_word' id='word_1_696' title='bbox 1911 5241 2131 5297; x_wconf 84' lang='lat' dir='ltr'><strong>humani</strong></span> <span class='ocrx_word' id='word_1_697' title='bbox 2155 5242 2401 5307; x_wconf 85' lang='lat' dir='ltr'><strong>corporis</strong></span> <span class='ocrx_word' id='word_1_698' title='bbox 2436 5256 2503 5294; x_wconf 81' lang='lat' dir='ltr'><strong>ex</strong></span> <span class='ocrx_word' id='word_1_699' title='bbox 2537 5241 2829 5309; x_wconf 69' lang='lat' dir='ltr'><strong>frigidm-te</strong></span> <span class='ocrx_word' id='word_1_700' title='bbox 2850 5240 3312 5309; x_wconf 74' lang='lat' dir='ltr'><strong>constringuntur,</strong></span> 
     </span>
    </p>
   </div>
   <div class='ocr_carea' id='block_1_90' title="bbox 1736 5311 3319 5379">
    <p class='ocr_par' dir='ltr' id='par_1_90' title="bbox 1736 5311 3319 5379">
     <span class='ocr_line' id='line_1_90' title="bbox 1736 5311 3319 5379; baseline 0.001 -17"><span class='ocrx_word' id='word_1_701' title='bbox 1736 5324 1835 5363; x_wconf 88' lang='lat' dir='ltr'><strong>nec</strong></span> <span class='ocrx_word' id='word_1_702' title='bbox 1876 5322 2049 5379; x_wconf 84' lang='lat' dir='ltr'><strong>potest</strong></span> <span class='ocrx_word' id='word_1_703' title='bbox 2073 5311 2227 5365; x_wconf 86' lang='lat' dir='ltr'><strong>calor</strong></span> <span class='ocrx_word' id='word_1_704' title='bbox 2255 5324 2553 5378; x_wconf 81' lang='lat' dir='ltr'><strong>evaporare</strong></span> <span class='ocrx_word' id='word_1_705' title='bbox 2587 5312 2677 5379; x_wconf 89' lang='lat' dir='ltr'><strong>qui</strong></span> <span class='ocrx_word' id='word_1_706' title='bbox 2707 5314 2851 5364; x_wconf 87' lang='lat' dir='ltr'><strong>intus</strong></span> <span class='ocrx_word' id='word_1_707' title='bbox 2880 5325 3165 5365; x_wconf 84' lang='lat' dir='ltr'><strong>remanens</strong></span> <span class='ocrx_word' id='word_1_708' title='bbox 3200 5314 3319 5378; x_wconf 72' lang='lat' dir='ltr'><strong>plus</strong></span> 
     </span>
    </p>
   </div>
   <div class='ocr_carea' id='block_1_91' title="bbox 1737 5380 3317 5449">
    <p class='ocr_par' dir='ltr' id='par_1_91' title="bbox 1737 5380 3317 5449">
     <span class='ocr_line' id='line_1_91' title="bbox 1737 5380 3317 5449; baseline -0.001 -15"><span class='ocrx_word' id='word_1_709' title='bbox 1737 5383 2043 5444; x_wconf 88' lang='lat' dir='ltr'><strong>consumit;</strong></span> <span class='ocrx_word' id='word_1_710' title='bbox 2074 5390 2260 5434; x_wconf 82' lang='lat' dir='ltr'><strong>eontra</strong></span> <span class='ocrx_word' id='word_1_711' title='bbox 2288 5380 2448 5449; x_wconf 76' lang='lat' dir='ltr'><strong>igitur</strong></span> <span class='ocrx_word' id='word_1_712' title='bbox 2479 5382 2789 5449; x_wconf 81' lang='lat' dir='ltr'><strong>interiorem</strong></span> <span class='ocrx_word' id='word_1_713' title='bbox 2820 5381 3187 5435; x_wconf 76' lang='lat' dir='ltr'><strong>decuctionem</strong></span> <span class='ocrx_word' id='word_1_714' title='bbox 3224 5396 3317 5433; x_wconf 88' lang='lat' dir='ltr'><strong>ne-</strong></span> 
     </span>
    </p>
   </div>
   <div class='ocr_carea' id='block_1_92' title="bbox 1736 5446 3317 5508">
    <p class='ocr_par' dir='ltr' id='par_1_92' title="bbox 1736 5446 3317 5508">
     <span class='ocr_line' id='line_1_92' title="bbox 1736 5446 3317 5508; baseline -0.002 -2"><span class='ocrx_word' id='word_1_715' title='bbox 1736 5464 1889 5506; x_wconf 76' lang='lat' dir='ltr'><strong>cesse</strong></span> <span class='ocrx_word' id='word_1_716' title='bbox 1912 5458 1996 5504; x_wconf 83' lang='lat' dir='ltr'><strong>est</strong></span> <span class='ocrx_word' id='word_1_717' title='bbox 2020 5446 2655 5505; x_wconf 65' lang='lat' dir='ltr'><strong>infundere&#39;exteriorem</strong></span> <span class='ocrx_word' id='word_1_718' title='bbox 2684 5446 3046 5508; x_wconf 82' lang='lat' dir='ltr'><strong>refectionem.</strong></span> <span class='ocrx_word' id='word_1_719' title='bbox 3080 5452 3205 5504; x_wconf 88' lang='lat' dir='ltr'><strong>Inde</strong></span> <span class='ocrx_word' id='word_1_720' title='bbox 3233 5458 3317 5503; x_wconf 86' lang='lat' dir='ltr'><strong>est</strong></span> 
     </span>
    </p>
   </div>
   <div class='ocr_carea' id='block_1_93' title="bbox 1738 5520 3311 5592">
    <p class='ocr_par' dir='ltr' id='par_1_93' title="bbox 1738 5520 3311 5592">
     <span class='ocr_line' id='line_1_93' title="bbox 1738 5520 3311 5592; baseline -0.001 -21"><span class='ocrx_word' id='word_1_721' title='bbox 1738 5520 1876 5592; x_wconf 84' lang='lat' dir='ltr'><strong>quod</strong></span> <span class='ocrx_word' id='word_1_722' title='bbox 1903 5523 2042 5587; x_wconf 88' lang='lat' dir='ltr'><strong>apud</strong></span> <span class='ocrx_word' id='word_1_723' title='bbox 2072 5520 2322 5592; x_wconf 76' lang='lat' dir='ltr'><strong>antiquos</strong></span> <span class='ocrx_word' id='word_1_724' title='bbox 2359 5520 2492 5592; x_wconf 79' lang='lat' dir='ltr'><strong>deus</strong></span> <span class='ocrx_word' id='word_1_725' title='bbox 2517 5522 2710 5576; x_wconf 81' lang='lat' dir='ltr'><strong>hiemis</strong></span> <span class='ocrx_word' id='word_1_726' title='bbox 2750 5522 2957 5592; x_wconf 73' lang='lat' dir='ltr'><strong>ninguis</strong></span> <span class='ocrx_word' id='word_1_727' title='bbox 2987 5533 3171 5574; x_wconf 82' lang='lat' dir='ltr'><strong>ventre</strong></span> <span class='ocrx_word' id='word_1_728' title='bbox 3199 5520 3311 5592; x_wconf 86' lang='lat' dir='ltr'><strong>pin-</strong></span> 
     </span>
    </p>
   </div>
   <div class='ocr_carea' id='block_1_94' title="bbox 1736 5588 3311 5658">
    <p class='ocr_par' dir='ltr' id='par_1_94' title="bbox 1736 5588 3311 5658">
     <span class='ocr_line' id='line_1_94' title="bbox 1736 5588 3311 5658; baseline -0.002 -14"><span class='ocrx_word' id='word_1_729' title='bbox 1736 5591 1988 5656; x_wconf 71' lang='lat' dir='ltr'><strong>gebatur,</strong></span> <span class='ocrx_word' id='word_1_730' title='bbox 2018 5596 2076 5643; x_wconf 91' lang='lat' dir='ltr'><strong>et</strong></span> <span class='ocrx_word' id='word_1_731' title='bbox 2094 5589 2165 5642; x_wconf 88' lang='lat' dir='ltr'><strong>ab</strong></span> <span class='ocrx_word' id='word_1_732' title='bbox 2191 5590 2528 5645; x_wconf 85' lang='lat' dir='ltr'><strong>immunditia</strong></span> <span class='ocrx_word' id='word_1_733' title='bbox 2577 5592 2787 5658; x_wconf 84' lang='lat' dir='ltr'><strong>paludis</strong></span> <span class='ocrx_word' id='word_1_734' title='bbox 2812 5588 3036 5656; x_wconf 69' lang='lat' dir='ltr'><strong>spurius</strong></span> <span class='ocrx_word' id='word_1_735' title='bbox 3075 5588 3311 5655; x_wconf 80' lang='lat' dir='ltr'><strong>appella-</strong></span> 
     </span>
    </p>
   </div>
   <div class='ocr_carea' id='block_1_95' title="bbox 1736 5658 3140 5715">
    <p class='ocr_par' dir='ltr' id='par_1_95' title="bbox 1736 5658 3140 5715">
     <span class='ocr_line' id='line_1_95' title="bbox 1736 5658 3140 5715; baseline -0.002 -2"><span class='ocrx_word' id='word_1_736' title='bbox 1736 5665 1905 5713; x_wconf 80' lang='lat' dir='ltr'><strong>batur.</strong></span> <span class='ocrx_word' id='word_1_737' title='bbox 1938 5658 1995 5713; x_wconf 86' lang='lat' dir='ltr'><strong>ln</strong></span> <span class='ocrx_word' id='word_1_738' title='bbox 2021 5660 2213 5715; x_wconf 80' lang='lat' dir='ltr'><strong>eodem</strong></span> <span class='ocrx_word' id='word_1_739' title='bbox 2238 5662 2434 5715; x_wconf 82' lang='lat' dir='ltr'><strong>bonum</strong></span> <span class='ocrx_word' id='word_1_740' title='bbox 2453 5670 2539 5715; x_wconf 85' lang='lat' dir='ltr'><strong>est</strong></span> <span class='ocrx_word' id='word_1_741' title='bbox 2562 5660 2639 5715; x_wconf 85' lang='lat' dir='ltr'><strong>uti</strong></span> <span class='ocrx_word' id='word_1_742' title='bbox 2663 5661 2853 5713; x_wconf 87' lang='lat' dir='ltr'><strong>calidis</strong></span> <span class='ocrx_word' id='word_1_743' title='bbox 2882 5667 2935 5713; x_wconf 85' lang='lat' dir='ltr'><strong>et</strong></span> <span class='ocrx_word' id='word_1_744' title='bbox 2965 5660 3140 5713; x_wconf 78' lang='lat' dir='ltr'><strong>siccis.</strong></span> 
     </span>
    </p>
   </div>
   <div class='ocr_carea' id='block_1_96' title="bbox 1810 5728 3314 5802">
    <p class='ocr_par' dir='ltr' id='par_1_96' title="bbox 1810 5728 3314 5802">
     <span class='ocr_line' id='line_1_96' title="bbox 1810 5728 3314 5802; baseline 0.003 -22"><span class='ocrx_word' id='word_1_745' title='bbox 1810 5728 1961 5802; x_wconf 59' lang='lat' dir='ltr'><strong>tunc</strong></span> <span class='ocrx_word' id='word_1_746' title='bbox 1986 5730 2146 5802; x_wconf 65' lang='lat' dir='ltr'><strong>igitur</strong></span> <span class='ocrx_word' id='word_1_747' title='bbox 2164 5731 2247 5802; x_wconf 83' lang='lat' dir='ltr'><strong>sol</strong></span> <span class='ocrx_word' id='word_1_748' title='bbox 2269 5730 2610 5802; x_wconf 74' lang='lat' dir='ltr'><strong>ascendendo</strong></span> <span class='ocrx_word' id='word_1_749' title='bbox 2638 5744 2808 5802; x_wconf 81' lang='lat' dir='ltr'><strong>usque</strong></span> <span class='ocrx_word' id='word_1_750' title='bbox 2835 5730 3160 5802; x_wconf 79' lang='lat' dir='ltr'><strong>adArietem</strong></span> <span class='ocrx_word' id='word_1_751' title='bbox 3188 5744 3314 5799; x_wconf 86' lang='lat' dir='ltr'><strong>per-</strong></span> 
     </span>
    </p>
   </div>
   <div class='ocr_carea' id='block_1_97' title="bbox 1736 5798 3316 5871">
    <p class='ocr_par' dir='ltr' id='par_1_97' title="bbox 1736 5798 3316 5871">
     <span class='ocr_line' id='line_1_97' title="bbox 1736 5798 3316 5871; baseline 0.003 -17"><span class='ocrx_word' id='word_1_752' title='bbox 1736 5798 1896 5868; x_wconf 76' lang='lat' dir='ltr'><strong>venit,</strong></span> <span class='ocrx_word' id='word_1_753' title='bbox 1920 5801 2009 5869; x_wconf 85' lang='lat' dir='ltr'><strong>qui</strong></span> <span class='ocrx_word' id='word_1_754' title='bbox 2041 5801 2096 5858; x_wconf 78' lang='lat' dir='ltr'><strong>in</strong></span> <span class='ocrx_word' id='word_1_755' title='bbox 2124 5800 2303 5859; x_wconf 70' lang='lat' dir='ltr'><strong>medio</strong></span> <span class='ocrx_word' id='word_1_756' title='bbox 2324 5799 2499 5859; x_wconf 73' lang='grc' dir='ltr'><strong>κυιιι</strong></span> <span class='ocrx_word' id='word_1_757' title='bbox 2522 5798 2842 5871; x_wconf 55' lang='grc' dir='ltr'><strong>είκαίως</strong></span> <span class='ocrx_word' id='word_1_758' title='bbox 2863 5800 3025 5858; x_wconf 73' lang='lat' dir='ltr'><strong>nimis</strong></span> <span class='ocrx_word' id='word_1_759' title='bbox 3054 5798 3316 5867; x_wconf 64' lang='lat' dir='ltr'><strong>renotus,</strong></span> 
     </span>
    </p>
   </div>
  </div>
