3868 6256
483 443 616 500 1151

916 441 1123 498 “Eli/8
1165 439 1620 496 VENERABILIS
1656 435 1808 494 OPP.
1852 437 2030 495 PARS
2069 437 2112 494 I.
2153 436 2347 494 SEC‘I‘.
2383 438 2448 492 11.
2473 467 2541 478 -
2585 435 2788 494 DUBIA
2825 433 2915 491 ετ
2951 435 3223 492 SPUBIA.

3629 439 3752 492 H'i!

479 572 579 635 nec
618 557 969 635 propinquus,
1000 559 1274 635 utpote_in_
1298 553 1492 635 .medin
1528 552 1743 635 torrida!
1763 567 2061 635 .zomepo-
2096 581 2134 635 Α
2169 554 2382 635 melius,
2409 551 2797 635 peiussenes."
2818 549 3058 630 PeSsima
3087 558 3172 604 est
3209 549 3504 635 infirmitas
3531 570 3653 624 qua:
3679 575 3758 611 oa-

478 622 632 681 situs.
670 622 931 682 Undeaer
962 636 1160 678 nostra:
1189 624 1493 677 habitabilis
1520 638 1620 677 nec
1649 623 1807 677 nimis
1858 622 2062 676 calidus

478 709 578 760 est,
612 714 708 752 nec
737 697 977 763 frigidus.
1013 711 1110 750 nec
1141 696 1296 748 nimis
1315 694 1588 759 humidus,
1623 707 1722 747 nec
1742 692 1936 757 siccus,
1969 693 2063 746 sed

479 768 618 821 inter
645 777 872 835 quat-tor
901 769 1185 834 qualitates
1227 773 1586 835 temperatus.
1610 764 1686 818 Ex
1725 779 1826 833 qua
1860 774 2065 835 tempe-

481 839 559 891 rie
609 833 719 904 pori
770 833 1103 898 aperiuntur,
1162 846 1523 901 cvaporatque
1567 834 1744 887 fumus
1790 833 2060 897 humidus,

480 922 574 966 per
601 910 806 961 radices
839 911 1120 962 herbarum
1155 918 1208 961 et
1235 908 1484 959 arborum
1516 905 1906 965 conscendens.
1935 922 2065 958 con-

481 977 582 1032 fert
609 981 686 1032 eis
717 992 1054 1039 augmentum
1105 991 1156 1029 et
1208 979 1620 1039 vegetationem.
1673 976 1819 1029 Unde
1848 975 2062 1043 quidam

483 1051 684 1103 mensis
717 1051 872 1115 huius
899 1050 1154 1116 temporis
1183 1049 1379 1102 dicitur
1401 1049 1620 1111 Aprilis.
1647 1046 1796 1113 quasi
1821 1047 2062 1111 aperilis,

479 1123 599 1179 quia
630 1131 752 1172 tunc
783 1131 922 1172 terra
954 1120 1189 1183 aperitur
1231 1119 1281 1173 in
1311 1118 1492 1172 ﬂores.
1546 1117 1745 1183 Estque
1790 1119 2062 1182 proprium

480 1191 615 1253 ejus,
651 1192 790 1252 qunti
816 1192 1121 1244 inconstans
1153 1191 1240 1250 sit.
1270 1189 1454 1253 modo,
1502 1189 1728 1247 scilicet.
1763 1188 2062 1248 pluviosnm

478 1275 544 1312 ex
565 1262 835 1315 vicinitate
865 1261 1075 1323 hiemis,
1104 1261 1265 1312 modo
1291 1261 1492 1313 siccum
1519 1273 1583 1313 ex
1611 1258 1883 1311 vicinitate
1907 1265 2066 1310 aesta-

480 1329 568 1392 tis,
601 1337 764 1384 modo
787 1333 970 1385 eadem
997 1331 1204 1383 ratione
1218 1331 1449 1395 calidus,
1475 1330 1632 1381 modo
1660 1329 1900 1394 frigidus.
1939 1327 2066 1381 lude

479 1411 564 1454 est
595 1403 733 1466 quod
787 1402 837 1455 itt
872 1403 1057 1456 Martio
1083 1417 1228 1469 stepe
1255 1401 1594 1454 infirmantur
1627 1399 1890 1458 homines,
1927 1398 2051 1464 quia

479 1488 602 1525 cum
651 1488 872 1537 corpora
908 1473 1134 1525 humana
1169 1471 1328 1524 modo
1359 1478 1541 1532 aperta
1592 1477 1719 1522 sunt
1759 1485 1822 1522 ex
1857 1469 2060 1529 calore,

481 1544 661 1596 statim
692 1552 1107 1608 corrumpuntur
1139 1543 1316 1595 subito
1364 1541 1578 1607 frigore.
1631 1541 1736 1594 Sed
1785 1542 1829 1592 si
1869 1539 1988 1607 quis
2015 1538 2065 1593 in

485 1613 588 1666 hoc
635 1622 876 1679 tempore
907 1629 964 1665 se
1013 1621 1359 1666 conservaret
1407 1612 1643 1672 tardius,
1696 1612 1838 1673 prius
1869 1611 1920 1661 iu
1975 1610 2067 1663 illo

477 1699 638 1750 qrtam
667 1686 718 1737 in
748 1678 867 1738 aliis
893 1684 1257 1737 infirmitatem
1309 1683 1622 1736 incurreret.
1679 1681 1776 1735 llic
1817 1680 2068 1749 subiiciet

480 1754 715 1822 aliquis:
744 1755 896 1809 Unde
936 1762 1192 1824 ergoest
1217 1754 1380 1820 ‘quod
1415 1753 1458 1804 si
1508 1752 1703 1818 aliquis
1750 1753 1912 1804 intret
1945 1753 2062 1805 hie-

480 1839 623 1879 mem
653 1839 775 1880 cum
805 1825 978 1891 aliqua
1011 1823 1340 1882 infirmitate.
1369 1838 1471 1876 non
1501 1834 1604 1873 tam
1656 1837 1799 1885 smpe
1840 1827 2067 1878 moritur

481 1895 537 1949 in
569 1895 745 1950 hieme
769 1911 922 1961 quam
954 1896 1006 1948 in
1039 1894 1208 1949 vere?
1259 1893 1392 1947 Cum
1441 1893 1777 1945 infirmitates
1820 1893 2066 1948 oriuntur

476 1980 545 2018 ex
576 1965 718 2020 malo
750 1968 992 2026 hutnore,
1018 1981 1112 2032 per
1144 1965 1384 2018 membra
1414 1979 1472 2017 se
1500 1963 1852 2027 diffundente,
1879 1978 1940 2016 ex
1971 1963 2063 2015 fri-

480 2036 702 2102 giditate
729 2037 920 2091 hiemis
959 2036 1362 2101 Confringuntur
1390 2034 1664 2094 humore~,
1701 2048 1798 2087 nec
1843 2045 2066 2100 possunt
2094 2048 2095 2052 ‘

475 2106 761 2164 difﬂuere:
804 2124 865 2160 ex
899 2107 1078 2160 calore
1115 2117 1294 2158 autem
1327 2106 1466 2158 veris
1498 2105 1636 2156 idem
1677 2103 2061 2168 dissolvuntur,

475 2178 670 2242 quilms
700 2177 1122 2231 discurrentibus
1162 2192 1253 2242 per
1285 2175 1543 2237 membra,
1576 2176 1874 2228 succumbit
1904 2174 2064 2230 homo

475 2254 534 2300 et
557 2248 800 2301 moritur.
845 2248 969 2302 Haec
995 2249 1280 2311 temperies
1319 2249 1385 2301 ab
1418 2246 1598 2299 Arietc
1638 2245 1920 2310 incipiens,
1967 2262 2062 2300 ex-

475 2318 714 2370 tenditur
739 2321 862 2370 dum
886 2319 966 2372 sol
997 2329 1078 2372 est
1105 2319 1156 2372 in
1173 2319 1369 2383 Tauro,
1399 2325 1452 2371 et
1478 2317 1528 2370 in
1547 2315 1788 2370 Geminis
1810 2318 2059 2382 primum,

473 2402 702 2452 quorum
733 2389 892 2442 intrat
922 2389 1098 2442 medio
1132 2389 1346 2457 Aprilis,
1397 2389 1686 2440 secundum
1711 2387 1887 2440 medio
1919 2387 2060 2441 Maii.

477 2457 611 2512 lluic
636 2459 860 2522 tempori
888 2460 1194 2513 consimiles
1222 2469 1342 2512 sunt
1367 2473 1481 2519 aer,
1529 2457 1765 2523 sanguis.
1811 2457 2062 2522 pueritia,

473 2531 596 2596 quia
627 2530 783 2583 calidi
815 2540 869 2583 et
901 2530 1099 2583 humidi
1128 2539 1268 2584 sunt.
1317 2530 1370 2583 In
1396 2527 1586 2581 eodem
1627 2527 1815 2580 ntelius
1867 2528 2063 2583 habent

471 2600 867 2664 melancholici,
903 2599 1052 2669 pejus
1076 2601 1393 2663 sanguinei;
1441 2599 1632 2650 melius
1680 2613 1856 2660 senes,
1912 2599 2062 2663 pi-jus

472 2669 647 2736 pueri.
685 2671 919 2749 Pessima
956 2680 1038 2724 est
1066 2671 1346 2749 infirmitas
1371 2683 1487 2736 quae
1521 2670 1753 2749 venitcx
1778 2670 2061 2749 sanguine,

471 2749 529 2792 ut
557 2755 752 2812 synoca
783 2760 796 2806 ;
845 2744 1021 2794 minus
1053 2741 1188 2794 mala
1220 2757 1338 2805 qum
1366 2749 1446 2792 est
1476 2754 1540 2792 ex
1576 2739 1952 2812 ntelaticliolia,
2005 2753 2062 2792 ut

469 2809 748 2893 quartana.
803 2813 856 2867 In
897 2814 1090 2868 eodem
1137 2823 1222 2868 est
1267 2812 1593 2866 conveniens
1633 2810 1707 2862 uti
1756 2809 1960 2880 frigidis
2008 2822 2062 2865 et

468 2896 571 2936 Ilcl'
584 2897 645 2936 ΞΒ.

542 2952 672 3005 Cum
702 2963 878 3006 autem
927 2956 1004 3007 sol
1056 2966 1224 3020 usque
1253 2953 1319 3006 ad
1369 2950 1635 3005 Cancrum
1679 2951 1936 3008 ascendit.
1996 2966 2059 3002 ex

469 3025 865 3092 propinquitate
896 3027 974 3076 sui
1012 3033 1206 3078 terram
1241 3024 1476 3076 incendit
1510 3032 1563 3092 et
1592 3021 2061 3092 desiccatauiide

470 3102 549 3144 est
582 3090 738 3144 testas
767 3095 938 3147 calida
967 3107 1019 3149 et
1042 3095 1203 3155 sicca,
1233 3109 1350 3160 qnte
1377 3090 1635 3159 incipiens
1679 3091 1728 3144 in
1755 3091 1930 3145 medio
1960 3093 2061 3144 lu-

477 3162 571 3222 nii,
589 3165 799 3229 quando
814 3165 890 3217 sol
914 3167 1071 3220 intrat
1088 3165 1375 3226 Cancrum,
1404 3163 1708 3218 extenditur
1731 3162 1857 3215 dum
1881 3163 1961 3216 sol
1978 3172 2062 3217 est

471 3234 525 3285 in
553 3233 748 3294 Leone.
800 3250 958 3295 quem
990 3237 1165 3288 medio
1192 3235 1316 3288 Julii
1367 3238 1568 3294 intrat;
1618 3235 1854 3294 dumque
1876 3246 1959 3286 est
2005 3236 2054 3286 in

471 3302 708 3373 Virgine.
739 3289 898 3371 quam
931 3307 1090 3358 intrat
1114 3306 1289 3358 medio
1319 3289 1567 3372 Augusti.
1599 3289 1776 3370 llujus'
1800 3307 2055 3371 temporis
2082 3289 2128 3350 C

469 3388 548 3427 e~t
584 3376 869 3429 herbarum
901 3385 953 3429 et
982 3379 1232 3429 arborum
1259 3375 1466 3429 radices
1511 3374 1806 3426 desiccare.
1862 3374 2057 3426 Consi-

471 3445 598 3498 mile
620 3456 700 3499 est
736 3446 863 3510 igni.
895 3448 1148 3511 cholera,
1175 3446 1464 3514 jnvcntuti,
1516 3445 1631 3497 hzec
1659 3443 1854 3496 etenim
1885 3444 2057 3498 calida

469 3525 524 3567 et
550 3516 690 3568 sicca
742 3528 884 3570 sunt.
936 3518 987 3571 Ιιι
1019 3533 1085 3572 eo
1124 3533 1182 3572 se
1213 3517 1403 3571 melius
1455 3515 1652 3568 habent
1695 3515 2054 3583 pblegmatici.

474 3584 626 3652 pejus
676 3585 968 3656 cholerici;
1019 3588 1210 3643 melius
1255 3588 1549 3656 decrepiti,
1613 3585 1763 3652 pcjus
1808 3589 2054 3654 juvenes.

471 3656 710 3709 Pessima
742 3666 825 3711 est
853 3655 1133 3711 infirmitas
1164 3675 1283 3723 quae
1315 3660 1458 3710 venit
1485 3674 1548 3709 ex
1580 3657 1820 3719 cholera,
1850 3667 1904 3709 ut
1953 3666 2057 3710 ter-

469 3729 608 3780 tiana
639 3743 652 3790 ;
702 3728 876 3779 minus
907 3728 1067 3792 mala,
1093 3743 1212 3793 quae
1235 3738 1403 3781 estex
1434 3727 1757 3794 phlegmate.
1790 3727 1842 3777 Ιιι
1866 3730 2055 3780 eodem

467 3798 597 3849 ntlbt
633 3806 719 3850 est
743 3798 816 3850 uti
849 3797 1054 3864 frigidis
1095 3806 1146 3852 et
1181 3797 1432 3850 humidis.
1487 3796 1929 3861 Augmentandns
1975 3808 2058 3849 est

467 3877 649 3936 potu‘.
700 3869 852 3922 cibus
902 3868 1242 3923 minuendus.
1299 3867 1505 3921 Etenim
1551 3881 1615 3919 ex
1663 3864 1844 3919 calore
1887 3868 2056 3933 aperti

469 3947 594 3991 sunt
627 3938 740 4004 pori
771 3942 1031 4007 corporis,
1083 3949 1342 4007 evaporat
1379 3940 1529 3991 calor
1561 3938 1863 4001 naturalis;
1916 3939 2058 3991 unde

472 4023 580 4062 non
614 4009 682 4059 ita
715 4009 865 4062 cibtts
916 4011 1196 4075 digeritur.
1239 4007 1346 4063 Sed
1378 4010 1499 4076 quia
1534 4017 1689 4076 potus
1717 4008 1826 4060 cito
1871 4009 2060 4062 transit

468 4079 522 4132 in
553 4081 894 4145 sanguinem,
934 4079 1364 4141 augmentaudus
1415 4087 1521 4132 est.
1575 4079 1670 4131 llic
1700 4078 1871 4131 oritur
1902 4096 2058 4144 qna)-

467 4148 576 4203 stio
603 4166 614 4200 :
660 4148 792 4202 Cum
821 4152 932 4203 ista:
961 4150 1301 4202 diversitates
1325 4150 1374 4203 in
1406 4148 1676 4217 praedictis
1700 4150 2056 4214 temporibus,

467 4233 532 4272 ex
562 4222 955 4286 propinquitate
985 4229 1041 4274 et
1070 4221 1369 4275 remotione
1411 4219 1542 4271 Solis
1580 4219 1812 4270 habeant
1841 4220 2052 4273 contin-

470 4303 619 4354 κει-ε,
661 4292 739 4341 sol
773 4306 900 4343 vero
925 4292 1162 4343 exisrens
1194 4297 1243 4343 iu
1274 4292 1453 4344 Leone
1478 4298 1682 4342 tantum
1712 4289 1874 4341 distat
1899 4305 1927 4342 a
1960 4307 2054 4343 no-

468 4368 576 4410 stra
599 4359 899 4422 habitahili,
927 4370 1185 4427 quantum
1214 4364 1450 4413 exis'ens
1482 4362 1532 4411 in
1557 4360 1818 4420 Getninis.
1852 4362 1902 4412 in
1937 4361 2052 4414 Vir-

469 4428 594 4496 gine
613 4438 873 4495 quantum
900 4431 951 4482 itt
993 4429 1191 4490 Tauro,
1226 4432 1275 4483 in
1303 4431 1454 4482 Libra
1479 4441 1736 4498 quantum
1767 4431 1820 4481 in
1851 4433 2054 4496 Ariete,

469 4515 635 4565 qnare
665 4500 717 4552 in
751 4499 853 4553 illis
882 4501 1211 4567 temporibus
1240 4509 1490 4568 operetur
1518 4501 1756 4554 calorem
1782 4499 2054 4556 ethunio-

467 4583 601 4628 rem.
646 4571 697 4624 in
744 4571 953 4625 duobus
1002 4574 1225 4626 istorum
1273 4572 1506 4626 calorem
1549 4580 1603 4623 et
1652 4569 1968 4632 siccitatem,
2003 4571 2054 4623 in

2168 627 2336 678 scitur
2379 636 2443 693 es
2476 621 2830 674 melancholia
2859 619 3104 693 animus
3152 621 3322 687 mala,
3372 640 3498 693 quae
3534 619 3607 680 ex
3645 643 3755 681 san-

2168 697 2347 763 guine.
2398 691 2466 747 Ut
2492 693 2636 745 enim
2680 692 3004 759 generaliter
3042 691 3304 756 dicamus,
3359 691 3412 748 in
3446 699 3595 749 omni
3628 708 3753 763 tem:

2176 759 2306 826 imm
2334 764 2458 818 anni
2494 764 2722 828 pessima
2757 770 2840 817 est
2887 763 3169 814 infirmitas
3193 779 3312 827 qua:
3343 766 3402 818 fit
3431 780 3497 818 ex
3533 759 3757 822 humoé

2169 837 2329 889 simili
2385 833 2635 905 tempori.
2683 832 3038 905 Qualitatibus
3071 832 3212 905 enim
3248 836 3509 895 temporis
3535 847 3757 905 augetur

2173 910 2393 960 materia
2429 904 2625 957 morbi.
2679 904 2847 956 Minus
2874 912 2957 956 est
3004 904 3138 955 mala
3170 920 3290 969 qure
3324 909 3383 957 fit
3429 922 3498 960 ex
3535 904 3756 962 hutnore

2175 976 2455 1029 contrario
2482 975 2732 1047 tempori,
2768 975 3026 1047 minuitur
3054 989 3244 1040 nempe
3269 977 3532 1042 qua'itate
3561 989 3759 1047 temp".

2169 1047 2242 1100 ris
2275 1047 2494 1099 materia
2529 1045 2718 1096 morbi.
2769 1045 2822 1096 ln
2858 1044 3043 1096 eodem
3076 1051 3164 1098 est
3195 1048 3342 1109 utile,
3377 1049 3452 1100 uti
3485 1044 3756 1102 calidis‘et

2171 1118 2421 1170 humidis.
2455 1115 2717 1179 Inmqnale
2740 1125 2821 1167 est
2853 1115 2954 1166 hoc
2977 1124 3190 1177 tempus
3213 1133 3276 1170 ex
3308 1118 3586 1172 vicinitate
3619 1136 3754 1184 prc-

2169 1189 2407 1241 cedenlis
2433 1188 2652 1257 :estatis.
2695 1193 2749 1237 et
2775 1185 3150 1257 subsequentis
3183 1186 3398 1242 hiemis.
3455 1185 3529 1242 Et
3557 1205 3668 1255 quo
3699 1205 3748 1244 et

2169 1273 2231 1311 ex
2267 1259 2442 1312 succis
2496 1256 2762 1308 fructuum
2806 1255 2930 1308 tunc
2975 1255 3385 1324 abundantiam,
3436 1260 3752 1324 periclitan-

2172 1339 2256 1382 lttr
2287 1327 2561 1381 intl'screti
2613 1327 2878 1380 homines.
2937 1326 3030 1380 Hic
3076 1327 3251 1382 oritur
3294 1330 3524 1394 qumstio
3568 1332 3758 1388 similis

2171 1399 2490 1467 praecedenti
2520 1415 2530 1448 :
2583 1396 2717 1451 Cum
2749 1399 2824 1449 sol
2860 1399 3180 1470 existensiin
3209 1397 3509 1470 Scorpione
3552 1408 3754 1456 tantum

2169 1471 2334 1523 distet
2365 1486 2392 1524 a
2442 1470 2598 1522 nobis
2646 1477 2905 1534 quantum
2953 1467 3004 1520 in
3057 1467 3434 1535 l’iscibus,'in
3468 1470 3756 1537 Sagittario

2169 1551 2424 1608 quantum
2460 1541 2509 1593 in
2545 1540 2796 1608 Aqmrio.
2848 1553 3016 1607 quare
3052 1539 3188 1594 alias
3239 1540 3290 1593 iu
3342 1542 3460 1596 istis
3498 1553 3756 1606 operetur

2170 1603 2477 1679 qualitates.
2532 1627 2559 1661 a
2587 1603 2661 1664 ias
2691 1610 2740 1662 in
2790 1603 2950 1663 istis?
3002 1609 3166 1675 lluius
3192 1611 3363 1667 facilis
3403 1621 3488 1667 est
3535 1603 3752 1666 solutio.

2174 1683 2228 1734 In
2261 1683 2707 1749 przecedentibus,
2735 1682 2782 1733 id
2814 1691 2916 1741 est.
2948 1680 3000 1733 in
3031 1679 3327 1746 Scorpione
3357 1693 3412 1738 ct
3433 1684 3750 1747 Sagittario.

2169 1767 2292 1818 quia
2342 1769 2404 1806 ex
2440 1762 2624 1805 testate
2671 1754 2972 1805 desiccatus
2999 1761 3078 1804 est
3132 1752 3345 1816 humor,
3391 1755 3616 1820 jamnne
3670 1759 3747 1809 sol

2173 1823 2406 1877 medium
2459 1822 2674 1875 torridas
2707 1823 2935 1888 transiit,
2985 1834 3063 1874 cst
3097 1823 3264 1888 frigus
3305 1835 3358 1879 et
3408 1826 3648 1878 siccitas.
3706 1828 3755 1880 in

2172 1893 2292 1945 aliis
2322 1893 2570 1946 similiter
2620 1904 2855 1946 remotus
2904 1901 3005 1953 est,
3057 1907 3124 1945 ex
3157 1911 3266 1960 quo
3311 1905 3396 1949 est
3440 1895 3750 1961 frigidius;

2170 1964 2263 2016 sed
2294 1965 2414 2034 quia
2444 1962 2759 2030 jamdudum
2789 1962 2987 2015 defecit
3011 1963 3176 2024 calor.
3220 1966 3310 2029 qui
3346 1980 3472 2022 aera
3495 1965 3756 2028 desiccat.

2169 2037 2438 2104 paulisper
2467 2035 2728 2100 spiss'atur
2770 2048 2864 2086 aer
2904 2034 2955 2086 in
2987 2034 3174 2096 nubes,
3223 2035 3387 2104 fitque
3419 2046 3636 2094 tempus
3663 2037 3755 2088 hu-

2170 2105 2391 2158 midum.
2440 2104 2696 2168 Quamvis
2721 2120 2869 2170 ergo.
2916 2111 2974 2157 ιιι
3002 2107 3316 2171 pnedictum
3348 2115 3452 2172 est,
3489 2107 3669 2161 hiems
3695 2111 3756 2162 sit

2169 2175 2353 2242 frigida
2388 2172 2543 2226 nimis
2566 2184 2620 2227 et
2652 2175 2891 2231 humida.
2943 2174 2991 2225 in
3020 2177 3124 2228 fine
3150 2178 3320 2244 magis
3350 2179 3594 2241 humida,
3650 2182 3748 2232 mi-

2169 2260 2267 2298 nus
2299 2246 2503 2307 frigida.
2539 2247 2588 2296 in
2625 2246 2798 2296 medio
2826 2243 3127 2311 :cqnalitcr.
3165 2243 3266 2299 Ver
3307 2258 3486 2302 autem
3520 2249 3572 2302 in
3608 2252 3755 2315 priu-

2168 2318 2308 2380 ripio
2339 2316 2510 2383 magis
2541 2315 2839 2377 humidum,
2888 2316 3064 2368 minus
3093 2317 3324 2371 calidum
3355 2360 3368 2380 .
3419 2319 3474 2372 in
3507 2318 3614 2372 line
3648 2335 3754 2373 ma-

2167 2385 2247 2459 gis
2271 2387 2524 2443 calidum.
2557 2385 2734 2437 minus
2763 2386 3061 2459 lmmidum,
3115 2387 3164 2440 in
3216 2389 3397 2459 medio
3443 2389 3751 2459 aequaliter.

2169 2458 2470 2510 Notandum
2503 2472 2634 2510 vero
2663 2465 2748 2510 est
2777 2471 2882 2524 quo
2906 2457 2916 2503 Ι
2947 2459 3194 2524 quamvis
3221 2458 3338 2514 ista!
3367 2461 3477 2514 sint
3514 2457 3753 2527 quatuor

2170 2537 2466 2594 temporum
2497 2529 2852 2596 proprietates
2887 2542 2951 2579 ex
2982 2528 3287 2592 accidente,
3322 2538 3504 2585 tamen
3537 2534 3753 2586 varian-

2169 2607 2273 2657 tur,
2309 2600 2436 2651 utsi
2467 2615 2586 2650 cum
2632 2598 2743 2670 sole
2776 2599 2825 2649 in
2857 2597 3175 2670 hiemalibus
3217 2601 3386 2666 signis
3438 2605 3510 2654 sit
3556 2602 3750 2670 aliquis

2165 2671 2372 2720 calidus
2404 2677 2459 2721 et
2486 2670 2658 2720 siccus
2682 2669 2917 2732 plaueta,
2963 2675 3021 2719 ut
3051 2668 3210 2731 Mars,
3261 2679 3348 2722 est
3381 2679 3576 2738 praeter
3603 2668 3752 2726 natu-

2167 2753 2280 2808 ram
2311 2740 2479 2791 caiida
2512 2748 2566 2789 et
2587 2739 2726 2789 sicca
2755 2755 2769 2802 ;
2806 2738 3060 2791 similiter
3083 2740 3127 2793 μὶ
3160 2743 3210 2792 in
3240 2752 3432 2797 aestate
3461 2744 3532 2794 sit
3557 2741 3751 2808 aliquis

2168 2807 2392 2876 frigidus
2422 2817 2477 2861 et
2512 2810 2760 2881 humidus
2784 2809 3082 2881 cumsole,
3129 2811 3178 2864 id
3210 2823 3313 2873 est,
3349 2823 3551 2881 praeter
3594 2807 3746 2868 natu-

2167 2895 2277 2932 ram
2313 2881 2500 2954 frigida
2533 2889 2586 2954 et
2618 2878 2854 2932 humida.
2887 2879 3014 2954 Ideo
3058 2882 3310 2948 prudenti
3352 2878 3585 2954 physico
3612 2900 3750 2940 sem-

2167 2966 2261 3014 per
2294 2952 2798 3022 providendumest
2825 2965 2946 3022 qua:
2972 2950 3122 3019 signa
3153 2950 3398 3007 obtineat
3428 2950 3532 3014 sol,
3562 2963 3616 3005 et
3638 2954 3750 3022 quis

2167 3022 2378 3084 planeta
2412 3036 2533 3074 cum
2565 3036 2631 3072 eo
2661 3021 2730 3073 sit
2761 3023 2811 3071 in
2845 3021 3038 3074 eodem
3082 3024 3254 3088 signo,
3311 3033 3368 3076 ut
3410 3026 3551 3076 sciat
3575 3021 3750 3090 qualis

2166 3095 2340 3144 futura
2365 3091 2436 3146 sit
2458 3099 2638 3151 mstis.
2674 3090 2754 3144 vel
2785 3091 2887 3144 alia
2921 3098 3185 3158 tempora,
3217 3100 3274 3146 ut
3301 3101 3490 3146 contra
3523 3091 3750 3145 futuram

2163 3163 2472 3235 qualitatem
2509 3172 2706 3228 praesto
2755 3163 2824 3214 sit
2851 3161 3208 3235 medicamen.
3259 3162 3395 3235 Cum
3447 3163 3610 3235 igitur
3661 3165 3751 3216 bas

2162 3233 2498 3288 diversitates
2528 3245 2783 3299 npcretur
2812 3233 2891 3285 sol
2938 3232 3156 3302 oblique
3186 3232 3537 3290 ascendendo
3577 3246 3633 3290 et
3662 3235 3752 3289 deo

2163 3304 2490 3367 sccndendo,
2525 3305 2798 3356 videamus
2825 3302 2953 3368 quid
2987 3305 3114 3358 mali
3146 3316 3488 3374 sequeretur,
3539 3307 3583 3361 si
3612 3322 3754 3361 sem-

2166 3389 2259 3440 per
2286 3383 2437 3427 recto
2461 3375 2619 3425 modo
2650 3377 2974 3427 volveretur.
3005 3374 3114 3428 Sed
3145 3378 3212 3428 de
3245 3377 3348 3430 hoc
3381 3377 3563 3431 nullus
3603 3376 3753 3429 dubi-

2166 3453 2239 3495 tit
2271 3447 2410 3510 quod
2439 3444 2482 3497 si
2515 3458 2730 3511 semper
2759 3447 2830 3497 ita
2870 3446 3203 3513 propinquus
3253 3447 3414 3501 nobis
3444 3448 3751 3501 volveretur

2163 3524 2219 3565 ut
2251 3525 2332 3566 est
2361 3516 2412 3566 in
2444 3523 2653 3577 testate,
2684 3528 2898 3582 semper
2928 3523 3118 3568 :estum
3149 3515 3497 3580 haberemus.
3533 3531 3631 3570 nec
3661 3517 3755 3568 ιιι.

2161 3584 2285 3650 quid
2313 3599 2562 3639 cre~cere
2590 3594 2792 3650 posset.
2825 3585 3090 3640 Similiter
3115 3588 3158 3640 si
3187 3602 3406 3654 semper
3435 3595 3679 3641 remotus
3701 3596 3754 3636 ιιι

2160 3665 2244 3708 est
2273 3654 2324 3708 in
2370 3658 2568 3721 hieme,
2623 3655 2768 3724 rigor
2799 3653 3014 3724 frigoris
3049 3670 3276 3724 semper
3316 3653 3488 3724 esset,
3542 3671 3640 3711 nec
3690 3671 3754 3709 cx

2164 3737 2302 3779 terra
2329 3727 2533 3782 fructus
2561 3739 2615 3781 et
2642 3727 2822 3780 herba:
2845 3739 3220 3781 nascerentur.
3245 3726 3354 3783 Sed
3378 3727 3511 3782 dicit
3531 3726 3750 3795 aliquis.

2159 3796 2212 3848 Si
2245 3799 2313 3848 ita
2349 3814 2406 3850 se
2439 3805 2682 3867 moveret
2719 3806 2775 3850 ιιι
2813 3806 2896 3850 est
2946 3799 2998 3850 in
3048 3797 3260 3864 Aricte,
3307 3799 3451 3867 quod
3480 3799 3756 3866 aqualiter

2160 3880 2374 3931 semper
2404 3884 2432 3918 a
2461 3869 2616 3920 nobis
2642 3866 2883 3928 distaret,
2918 3880 3132 3936 seraper
3163 3866 3482 3935 temperiem
3515 3869 3659 3924 veris
3688 3868 3756 3921 fa-

2159 3947 2327 3995 ceret.
2384 3952 2483 3990 nec
2512 3937 2712 4003 aliquid
2764 3937 2888 3989 mali
2930 3937 3058 3993 inde
3108 3941 3440 4004 proveniret.
3495 3938 3605 3994 Nos
3628 3954 3754 3993 vero

2161 4019 2350 4061 eontra
2401 4008 2628 4060 dicimus
2673 4006 2960 4072 pessimum
3009 4010 3208 4062 malum
3263 4009 3393 4062 inde
3447 4010 3751 4074 provenire.

2162 4095 2432 4146 nunquam
2458 4077 2602 4132 enim
2624 4088 2784 4148 _terra
2813 4077 2956 4130 intus
2996 4079 3334 4148 conciperet,
3359 4080 3505 4146 quod
3534 4079 3644 4146 agit
3700 4079 3748 4130 in

2163 4150 2336 4203 hieme
2363 4167 2377 4214 ;
2412 4163 2583 4217 neque
2616 4146 2840 4213 fructus,
2873 4148 2918 4202 si
2951 4148 3118 4217 aliqui
3142 4146 3516 4214 nascerentur,
3551 4149 3615 4202 ad
3646 4163 3754 4200 ma-

2164 4222 2437 4274 tttritatetn
2471 4220 2780 4284 tenderent,
2827 4220 2948 4273 sine
2973 4221 3168 4288 quibus
3195 4221 3374 4275 nullus
3402 4222 3752 4274 animantium

2161 4292 2339 4343 vivere
2372 4297 2572 4356 posset.
2625 4289 2732 4345 Sed
2765 4290 2887 4359 quia
2913 4291 3158 4346 disitnus
3187 4292 3479 4350 elementa.
3513 4301 3754 4360 tempora

2160 4363 2305 4423 anni,
2352 4363 2626 4422 humores,
2679 4360 3116 4425 comp'exiones,
3149 4370 3336 4414 tetates
3365 4361 3574 4414 similes
3610 4376 3753 4420 esse.

2159 4432 2260 4482 sub
2290 4433 2458 4483 oculis
2492 4433 2541 4501 in
2575 4430 2740 4501 figura
2767 4428 2929 4497 (Vide
2953 4433 3172 4501 primum
3198 4433 3419 4500 ﬁguram
3449 4448 3574 4501 pag.

2160 4501 2301 4566 quod
2333 4501 2418 4554 cui
2469 4500 2538 4552 sit
2582 4500 2781 4562 simile.
2831 4500 3202 4555 ostendamus.

2233 4570 2495 4634 Quoniam
2527 4570 2594 4622 de
2623 4568 2848 4622 na'urali
2877 4581 3022 4623 tnotn
3052 4573 3184 4626 solis
3199 4583 3255 4627 et
3283 4573 3350 4626 de
3371 4572 3451 4626 eis
3473 4571 3619 4632 quod
3650 4574 3759 4638 agit

466 4640 626 4694 tertio
660 4641 1000 4710 frigiditatem
1028 4651 1080 4698 et
1124 4643 1468 4698 siccitatem?
1498 4641 1590 4694 (lui
1624 4641 2054 4707 respondendmn
2092 4633 2138 4690 D
2165 4633 2376 4708 oblique
2407 4642 2750 4694 ascendendo
2779 4652 2828 4694 et
2865 4641 3246 4696 descendendo
3269 4645 3406 4705 satis
3443 4633 3756 4701 docuimus.

466 4721 552 4764 est
579 4714 721 4778 quod
753 4714 992 4768 existens
1033 4715 1083 4767 in
1116 4717 1287 4770 tribus
1314 4713 1641 4775 vernalibus.
1681 4727 1747 4765 οι
1791 4727 1898 4778 fl“0
1931 4727 2056 4776 υτο-

473 4783 704 4848 pinqnus
734 4793 838 4845 est,
881 4795 1134 4851 operatur
1161 4788 1420 4848 calorem,
1452 4800 1519 4846 ex
1564 4784 1835 4838 vicinitate
1868 4782 2060 4836 hiemis

474 4867 599 4919 prmi
618 4853 830 4906 edentis
880 4854 1185 4914 humorem.
1237 4858 1371 4912 Cum
1417 4871 1549 4909 vero
1592 4866 1675 4909 est
1705 4857 1754 4907 in
1800 4854 1979 4908 Leone
2007 4863 2061 4908 et

479 4921 740 4988 Virgine,
787 4939 850 4977 ex
903 4929 1302 4994 propinquitate
1338 4939 1590 4992 operatur
1631 4927 1908 4988 calorem;
1964 4925 2058 4978 sed

471 4994 725 5058 quoniam
758 5008 822 5048 ex
855 4997 1036 5048 calore
1085 4997 1226 5050 veris
1254 5009 1308 5051 et
1347 4998 1548 5050 aestatis
1589 4997 1699 5064 jam
1749 5008 1832 5049 est
1866 4996 2060 5048 humor

473 5065 797 5133 desiccatus,
850 5079 956 5116 non
987 5073 1072 5119 est
1098 5080 1206 5133 quo
1252 5075 1580 5132 temperetur
1609 5069 1778 5126 calor.
1833 5082 1934 5121 nec
1976 5075 2062 5121 est

470 5132 610 5186 unde
633 5136 705 5187 sit
737 5135 1066 5197 humiditas;
1099 5132 1240 5188 unde
1263 5151 1339 5188 es:
1368 5144 1581 5204 tempus
1607 5139 1840 5193 calidum
1871 5147 1928 5193 et
1955 5138 2061 5191 sic-

467 5215 611 5256 cum.
645 5205 780 5258 Cum
823 5221 951 5258 vero
980 5206 1140 5260 estin
1172 5205 1349 5268 Libra,
1397 5207 1523 5272 quia
1563 5206 1673 5269 iam
1701 5211 1922 5263 omnino
1965 5209 2061 5262 de-

468 5273 703 5329 siccatus
746 5285 832 5331 est
883 5279 1118 5340 humor,
1172 5285 1229 5330 et
1293 5280 1597 5330 exstinctus
1643 5277 1834 5340 calor,
1882 5280 2060 5332 oritur

471 5349 762 5412 autumnus
792 5348 1012 5412 frigidus
1041 5356 1096 5402 et
1117 5347 1312 5410 siccus,
1341 5347 1393 5400 in
1421 5362 1528 5412 quo
1560 5348 1760 5404 fructus
1789 5349 1932 5400 intus
1965 5349 2057 5400 ha-

473 5411 662 5485 benti-s
695 5411 998 5484 humorem,
1040 5428 1100 5473 ut
1141 5419 1368 5477 racemi,
1419 5411 1484 5470 ex
1533 5417 1744 5485 gemina
1793 5417 2056 5479 siccitate,

469 5482 701 5548 scilicet,
744 5482 1004 5552 autumni,
1037 5490 1230 5544 maturi
1263 5482 1608 5554 colliguntur.
1663 5487 1852 5555 Incipit
1877 5495 2058 5539 autem

467 5563 757 5629 autumnus
785 5559 962 5629 medio
987 5561 1290 5629 Septembri
1318 5560 1433 5614 sole
1461 5559 1694 5612 intrante
1717 5559 2061 5620 Liliram,-du-

468 5637 597 5678 rans
623 5627 752 5700 dum
785 5627 863 5680 sol
896 5639 976 5681 est
1007 5627 1388 5700 in'Seorpioi-e
1409 5642 1464 5684 et
1489 5630 1794 5699 Sagittario,
1823 5636 2055 5700 primum

472 5711 703 5762 quorum
731 5699 895 5768 intrat
924 5699 1103 5752 medio
1130 5697 1398 5768 Octobris,
1427 5697 1719 5757 secundum
1742 5699 1920 5755 medio
1946 5697 2057 5753 No-

471 5768 732 5841 vembris.
767 5767 1112 5841 Assimilatnr
1141 5770 1262 5824 huic
1287 5767 1511 5841 tempori
1544 5782 1709 5838 terra,
1742 5772 2059 5826 melancho-

469 5833 563 5908 lia,
590 5850 860 5905 senectus,
889 5841 1011 5906 quia
1039 5837 1243 5908 frigida
1263 5851 1317 5894 et
1337 5833 1494 5896 sicca
1512 5853 1656 5897 sunt.
1686 5833 1741 5898 1η
1768 5857 1836 5897 oo
1856 5858 1916 5898 se
1942 5856 2055 5898 tne-

471 5904 572 5962 lius
617 5908 819 5966 habent
847 5904 1138 5982 sanguinei
1162 5949 1179 5975 ,
1234 5925 1388 5981 pejus
1438 5913 1850 5980 inelancholici;
1901 5912 2052 5987 pueri

2161 4725 2499 4778 consequens
2546 4718 2631 4762 est
2673 4719 2938 4778 quatenus
2966 4711 3035 4764 de
3063 4715 3143 4765 eis
3172 4728 3292 4778 qua:
3338 4712 3448 4776 agit
3494 4714 3704 4765 relatus
3731 4729 3758 4764 ι

2165 4783 2506 4836 lirmamento
2535 4783 2796 4835 dicamus.
2850 4782 2983 4833 (Iuni
3023 4783 3184 4851 igitur
3214 4784 3293 4838 sol
3343 4784 3574 4835 naturali
3609 4793 3759 4836 motu

2161 4852 2230 4905 ab
2259 4853 2554 4906 Occidente
2583 4854 2637 4903 in
2664 4853 2938 4906 Orientem
2968 4866 3155 4906 contra
3187 4854 3592 4907 firmamentum
3627 4855 3765 4905 niu-

2163 4933 2267 4990 tur,
2297 4924 2536 4992 quotidie
2568 4933 2745 4977 tamen
2778 4939 2807 4976 a
2836 4921 3178 4979 lirmamento
3207 4927 3272 4979 ad
3297 4939 3554 4980 occasum
3588 4925 3764 4980 refer-

2163 5005 2266 5056 tnr.
2308 4997 2656 5062 cxistensque
2678 5009 2840 5064 super
2873 5005 3092 5063 terram,
3124 4997 3236 5062 agit
3259 4997 3642 5064 splendorem.
3671 4995 3760 5064 qui

2160 5066 2360 5120 dicitur
2389 5069 2524 5120 dies.
2562 5066 2762 5119 Eodem
2795 5080 2923 5116 vero
2947 5068 3215 5124 existente
3255 5068 3357 5121 sub
3379 5076 3550 5128 terra,
3588 5069 3646 5119 in
3673 5084 3764 5119 su-

2163 5139 2357 5201 periori
2389 5149 2538 5200 parte
2567 5147 2650 5189 est
2676 5137 3003 5201 obscuritas,
3053 5153 3177 5207 quae
3227 5153 3334 5192 nox
3363 5145 3618 5207 vocatur.
3671 5142 3766 5207 ῥι-

2163 5209 2601 5275 tendendumquc
2635 5218 2720 5260 est
2756 5207 2898 5274 quod
2937 5205 3242 5264 dies—alius
3287 5205 3575 5269 naturalis,
3631 5206 3768 5260 alios

2163 5281 2404 5348 usualis:
2457 5279 2526 5333 de
2571 5277 2800 5332 naturali
2847 5292 2976 5346 ergo
3027 5279 3209 5348 prius,
3257 5277 3452 5331 deinde
3481 5277 3558 5330 de
3592 5278 3765 5330 usuali

2161 5347 2510 5404 disseramus.
2557 5349 2828 5402 Naturalis
2878 5364 3006 5404 vero
3030 5347 3149 5404 dies
3190 5359 3273 5404 est
3294 5349 3542 5418 spatium
3574 5349 3767 5418 viginti

2160 5429 2391 5480 quatuor
2416 5424 2690 5478 horarum.
2709 5419 2994 5474 continens
3019 5418 3259 5476 naualem
3273 5417 3415 5473 diem
3438 5427 3492 5471 et
3515 5417 3768 5474 rhoeteia.

2164 5487 2314 5543 Unde
2342 5489 2570 5544 dicimus
2600 5490 2812 5556 triginti
2844 5490 2963 5544 dies
2993 5490 3046 5543 in
3077 5503 3286 5557 mense,
3317 5504 3440 5544 cum
3470 5491 3528 5543 in
3561 5506 3640 5545 eo
3665 5494 3772 5544 sint

2161 5558 2278 5611 dies
2308 5570 2364 5614 et
2390 5573 2594 5614 noctes.
2649 5561 2801 5614 llunc
2830 5559 3132 5627 philosophi
3164 5562 3218 5613 lu
3268 5570 3503 5630 quatuor
3549 5561 3773 5619 divise-

2165 5638 2308 5700 runt,
2333 5647 2363 5684 a
2396 5647 2534 5684 nona
2568 5641 2718 5700 parte
2737 5631 2910 5682 noctis
2934 5644 3104 5700 usque
3129 5630 3197 5684 ad
3227 5632 3440 5688 tertiam
3461 5632 3584 5690 diei
3607 5649 3772 5690 Illne-

2162 5697 2226 5751 hs
2254 5740 2270 5764 ,
2317 5697 2656 5756 calidum'et
2703 5700 2978 5755 humidum
3019 5697 3315 5765 dicentes:
3363 5719 3392 5757 ι
3447 5707 3622 5760 tertia
3670 5705 3770 5759 did

2160 5772 2360 5826 usualis
2390 5789 2556 5840 usque
2577 5775 2640 5826 ad
2665 5787 2885 5834 nonam,
2915 5770 3151 5837 calidum
3182 5785 3236 5829 et
3263 5775 3470 5832 siccum
3496 5789 3512 5840 ζ
3552 5791 3588 5830 ι
3625 5791 3770 5834 om

2166 5843 2410 5908 ejusdem
2457 5858 2623 5919 usque
2644 5843 2709 5897 ad
2744 5846 2954 5919 tertiam
2986 5846 3197 5919 noctis,
3250 5847 3502 5919 frigidum
3549 5860 3617 5903 et
3668 5851 3770 5902 ιὶθ

2159 5927 2280 5969 cum
2307 5933 2319 5974 ;
2375 5933 2405 5970 a
2436 5917 2589 5970 tertia
2624 5917 2797 5970 noctis
2824 5930 2991 5988 usque
3020 5915 3090 5973 ad
3119 5915 3345 5986 nontam;
3394 5918 3674 5989 triﬁdum
3723 5929 3772 5975 et

3866 3480 3868 3625 ι

3866 3480 3868 3625 ι

3866 3480 3868 3625 |

3866 4836 3868 4987 |
