3868 6256
201 443 326 502 Ιιῦι

1156 429 1681 493 ΕΙΕΜΕΝΤΟΜῚΜ
1726 429 2202 487 1³11110801³111Ᾱί
2246 432 2372 486 LIB.
2418 431 2502 486 111.

3331 432 3468 486 1102

195 555 376 621 frigus.
432 557 558 608 t‘ars
603 553 878 620 supposita
927 552 1144 605 torridze
1171 552 1392 608 torrida,
1428 565 1532 600 non
1564 547 1768 621 quiain
1806 547 1847 601 Λ
1879 543 2167 621 splendore
2213 542 2366 621 solis,
2401 541 2486 592 ubi
2511 549 2592 621 est
2621 539 2832 620 tenuior
2864 548 2915 592 ct
2945 539 3188 601 calid'or,
3237 542 3459 621 rubeuni

195 619 393 679 mtbcre
442 624 514 678 sit
557 619 749 690 aliquis
797 624 974 676 fervor
1001 624 1212 674 caloris.
1248 623 1334 672 l-Tst
1365 623 1505 670 enim
1529 619 1772 684 superior

197 708 299 746 tam
348 695 580 756 subtilis,
629 695 770 763 quod
821 694 1111 746 accendt-re
1163 694 1358 757 aliquid
1412 706 1514 742 non
1555 699 1769 763 potest,

194 767 362 818 donec
391 765 611 816 humido
649 760 712 818 se
745 765 963 816 lliiSCt‘al
994 772 1048 814 et
1075 763 1266 828 spisso.
1305 763 1422 812 ista:
1451 762 1655 812 emdcm
1688 760 1771 808 di-

198 838 480 888 Versitales
520 850 583 886 ex
639 849 766 887 aere
807 834 1082 899 supposito
1111 836 1160 882 in
1197 843 1334 883 terra
1368 841 1510 887 sunt,
1543 829 1772 897 qualitas

193 907 386 970 quippe
441 904 583 956 aeris
629 914 827 958 terram
878 902 1066 954 inlicit.
1119 904 1253 952 Sunt
1293 917 1421 966 ergo
1453 902 1688 968 quinch
1721 901 1770 950 in

195 984 358 1038 terra,
391 977 626 1042 quinque
672 987 820 1025 zona:
863 974 913 1023 in
947 987 1087 1024 acre.
1123 972 1197 1024 De
1229 986 1352 1022 aere
1385 971 1542 1042 igitur
1575 978 1771 1020 nostra!

194 1045 463 1094 habilalnli
505 1046 843 1111 superpouto
882 1045 1240 1103 disseramus,
1279 1041 1624 1093 ostendenti-5
1653 1053 1772 1111 qua;

195 1113 243 1162 in
288 1127 354 1165 eo
401 1122 456 1166 et
505 1115 644 1166 unde
672 1109 798 1166 sint
829 1112 1191 1172 diversitates,
1224 1124 1251 1160 a
1276 1112 1451 1176 pluvia
1484 1125 1600 1178 qua:
1627 1109 1770 1160 ιιιιιιιὶ

193 1183 418 1240 tempori
449 1193 531 1235 est
561 1181 859 1236 communis
891 1183 1231 1243 incipientes.

264 1251 564 1304 Pluviarum
617 1251 905 1319 aliquando
955 1251 1180 1303 diversae
1241 1259 1365 1302 sunt
1415 1263 1611 1301 causze.
1655 1248 1771 1300 Ali-

192 1320 408 1387 quando
441 1336 670 1388 namque
697 1321 901 1389 spissus
929 1321 1104 1373 fumus
1133 1329 1411 1386 evaporat,
1444 1331 1498 1372 et
1521 1319 1772 1372 humidus

189 1391 279 1458 qui
333 1402 388 1441 ut
433 1392 697 1453 ascendit,
751 1390 1124 1443 minutissima:
1173 1402 1336 1457 gnum
1366 1406 1424 1442 se
1465 1390 1768 1449 involvunt,

189 1474 307 1524 quae
337 1463 639 1525 grossior-es
665 1471 720 1512 et
747 1475 934 1526 graves
958 1459 1109 1510 facta
1131 1460 1352 1519 cadunt,
1379 1459 1543 1525 fitqtte
1563 1458 1766 1525 pluvia.

191 1529 488 1594 Atiquando
521 1545 645 1582 vero
673 1545 765 1583 aer
787 1545 850 1582 ex
883 1529 1168 1596 frigiditate
1199 1541 1356 1582 terra!
1387 1538 1442 1582 et
1465 1545 1614 1595 aqua!
1629 1529 1771 1594 Spis~

188 1607 352 1660 aatur,
386 1601 679 1667 transitque
703 1598 753 1651 in
777 1613 1001 1667 aqucam
1033 1599 1411 1662 substantiam,
1444 1614 1565 1666 qua!
1591 1600 1772 1652 calore

188 1668 338 1726 solis.
394 1677 451 1720 ut
497 1669 696 1736 glacies
742 1670 884 1736 igne,
919 1668 1201 1736 dissoluta,
1236 1683 1328 1734 per
1360 1669 1773 1723 minutas‘radit

191 1739 498 1803 particulas.
545 1739 848 1806 Aliquando
879 1739 944 1790 ad
974 1737 1358 1791 nutrimentum
1384 1739 1464 1790 sui
1493 1739 1660 1790 solem
1687 1749 1770 1792 at-

190 1809 408 1858 trahere
454 1807 732 1864 humorem
783 1809 1060 1874 contingit,
1101 1818 1152 1860 et
1181 1809 1320 1876 quod
1347 1809 1396 1859 in
1422 1823 1489 1859 eo
1521 1809 1802 1872 liquidius,

1879 614 2110 665 osmndit
2165 614 2401 666 colorem
2431 629 2444 675 ;
2494 611 2581 662 ubi
2625 611 2873 678 Spissior,
2909 626 3255 678 purpureum,
3281 614 3361 663 vel
3389 614 3466 666 ni-

1880 698 2055 749 grum.
2111 683 2236 734 Inde
2281 691 2364 734 est
2396 684 2534 746 quod
2563 695 2717 732 arcus
2753 681 2837 732 ille
2870 697 3134 747 nunquam
3169 683 3265 733 nisi
3293 684 3342 733 in
3371 701 3466 748 op-

1882 754 2047 818 posita
2102 763 2250 816 parte
2299 753 2427 804 solis
2471 754 2692 802 relucet.
2725 754 2830 803 Aer
2855 752 2997 803 enim
3033 751 3238 801 vicinus
3268 754 3363 804 soli
3397 770 3462 806 et

1879 825 1992 890 ejus
2024 822 2314 889 splendore
2350 823 2417 874 ita
2447 823 2748 885 irradiatur,
2781 824 2919 888 qutid
2955 823 3150 874 diversi
3175 823 3387 875 colores
3412 825 3465 876 itt

1879 909 1944 943 eo
1993 908 2098 944 non
2149 902 2426 957 apparent.
2485 891 2617 942 Visis
2664 906 2790 946 ergo
2839 893 3131 955 pluviarum
3167 894 3363 954 Cf‘illsls,
3412 905 3472 946 et

1880 970 2036 1015 Jrcns
2057 963 2314 1016 ctelestis.
2347 961 2413 1014 de
2435 961 2782 1026 grandinibus
2806 962 3151 1014 disseramus.
3179 962 3307 1014 Cum
3335 977 3463 1021 ergo

1879 1033 2134 1096 prmdirto
2182 1031 2340 1083 modo
2377 1035 2568 1082 btnuor
2617 1033 2878 1088 elevatur,
2928 1032 3186 1093 contingit
3233 1047 3377 1100 smpe
3408 1033 3462 1086 in

1876 1102 2243 1167 superioribus
2294 1115 2323 1154 e
2356 1115 2413 1153 se
2456 1111 2673 1172 ventum
2736 1101 2982 1167 frigidam
3011 1109 3064 1152 ct
3092 1103 3313 1164 siccum,
3345 1103 3462 1172 qui,

1875 1184 2053 1237 guttas
2105 1187 2256 1240 aqua!
2306 1185 2368 1222 ex
2422 1171 2662 1223 siccitate
2712 1181 2765 1223 et
2818 1172 3101 1237 frigiditate
3153 1171 3458 1235 rongelans,

1878 1251 2196 1293 transmutat
2238 1255 2329 1293 eas
2382 1241 2431 1291 in
2483 1241 2744 1307 lapideam
2803 1241 3185 1300 substantiam;
3243 1255 3296 1295 et
3342 1244 3465 1308 quia

1877 1321 2040 1374 gtltla!
2068 1311 2312 1363 rotunda:
2342 1320 2487 1376 sunt,
2523 1310 2662 1377 quod
2690 1319 2864 1377 potest
2889 1311 3102 1375 probari
3130 1328 3219 1374 per
3245 1315 3470 1366 rotunda

1877 1381 2162 1440 foramina,
2217 1395 2337 1448 qua
2378 1389 2543 1450 agunt
2589 1379 2639 1450 in
2669 1381 2844 1448 lapide
2884 1381 3199 1432 assiduitate
3221 1383 3466 1446 cadendi,

1874 1451 2081 1518 grando
2145 1455 2370 1503 rotunda
2404 1449 2704 1503 descendit.
2738 1450 2900 1502 Nives
2921 1465 3048 1501 vero
3081 1453 3229 1512 llnnt,
3261 1453 3304 1504 si
3335 1468 3474 1519 prze-

1875 1522 2031 1572 dictae
2075 1531 2262 1588 guttze,
2309 1531 2615 1588 antequam
2648 1535 2848 1586 grossae
2900 1521 3028 1580 sint,
3081 1522 3384 1587 spissantur
3415 1534 3473 1576 et

1876 1587 2252 1656 congelantur.
2307 1590 2402 1641 llic
2428 1587 2722 1660 subjicient
2744 1607 2762 1660 7:
2797 1589 2930 1641 Cum
2964 1590 3014 1641 in
3049 1601 3236 1660 testate
3262 1595 3469 1660 grando

1875 1675 2021 1728 sarpe
2051 1663 2346 1728 contingat,
2373 1673 2539 1727 quare
2571 1656 2624 1709 in
2655 1659 2841 1712 eadem
2875 1660 3011 1712 circa
3042 1656 3293 1714 inferiora
3319 1678 3471 1716 mon-

1877 1730 2010 1783 tium
2059 1745 2329 1798 nunquam
2380 1729 2530 1783 nives
2566 1731 2929 1797 contingunt?
2987 1733 3183 1782 tionlra
3217 1731 3314 1784 hoc
3341 1734 3470 1786 dici-

1884 1814 2002 1852 mus
2033 1801 2084 1852 in
2136 1811 2325 1853 testate
2367 1801 2651 1854 humorem
2691 1815 2755 1853 ex
2789 1802 2968 1852 calore
2996 1800 3218 1851 alterius
3241 1803 3467 1862 elevari.

185 1889 264 1929 εει
320 1877 374 1928 in
419 1880 628 1945 igneam
675 1881 866 1929 transit
917 1864 1293 1940 stfbsiantiém,
1325 1879 1464 1944 quod
1500 1864 1627 1930 vero
1654 1864 2253 1947 gra-p‘glpvandoquc
2300 1879 2478 1947 guttas
2531 1871 2772 1947 ἱηνοινίεΔ
2811 1884 2930 1937 qua:
2969 1871 3465 1947 gressi-iresfaclm.

192 1947 309 1998 vius
337 1947 585 1998 deorsum
618 1947 778 1999 cadit.
810 1947 958 2002 Unde
993 1957 1110 2011 post
1138 1947 1504 1999 acutissimum
1536 1949 1768 2002 calorem

190 2016 433 2068 videmus
484 2018 796 2084 contingere
843 2017 1034 2082 pluviae
1082 2018 1505 2069 inundationem.
1543 2017 1776 2070 llabctur

187 2094 366 2137 autem
415 2089 661 2152 quaestio,
694 2101 814 2138 cum
837 2089 906 2137 sit
937 2087 1208 2152 proprium
1241 2086 1376 2155 ignis
1413 2088 1633 2139 tendere
1656 2103 1774 2141 sur-

187 2169 331 2216 sum,
389 2156 528 2208 unde
573 2155 642 2208 sit
692 2155 833 2222 quod
891 2156 1023 2208 radii
1069 2157 1199 2208 solis
1230 2168 1283 2209 et
1313 2156 1459 2208 calor
1482 2157 1544 2207 ad
1577 2169 1774 2212 terram

187 2225 435 2277 tendunt.
493 2225 568 2278 Ad
617 2227 759 2294 quod
804 2226 1034 2278 dicimus
1065 2225 1208 2292 quod
1241 2227 1318 2279 sol
1349 2225 1518 2292 ignea:
1546 2239 1772 2289 naturzc,

185 2308 294 2347 non
344 2295 464 2360 quia
495 2309 556 2346 ex
588 2299 703 2346 solo
732 2296 850 2364 igne
881 2304 1112 2359 constet,
1146 2296 1241 2348 sed
1271 2297 1392 2362 quia
1424 2299 1474 2347 in
1507 2313 1570 2348 eo
1601 2298 1775 2350 domi-

187 2375 365 2415 natur.
401 2364 800 2434 l’rtedocuimus
820 2366 966 2417 enim
995 2378 1221 2430 corpora
1252 2367 1524 2418 stellarum
1556 2382 1620 2419 ex
1646 2382 1776 2434 qua-

186 2441 312 2486 tuor
326 2434 605 2486 elementis
619 2433 780 2498 facta,
804 2435 1114 2505 dominante
1134 2445 1310 2488 tamen
1335 2435 1474 2503 igne.
1494 2436 1624 2488 Cum
1647 2451 1776 2505 ergo

182 2515 251 2554 ex
301 2513 529 2568 quatuor
569 2513 820 2556 eonstent
847 2503 1154 2566 elementis,
1182 2505 1426 2571 quamvis
1459 2506 1578 2572 igne
1601 2503 1776 2557 domi-

184 2582 370 2635 nante,
427 2572 568 2640 quod
617 2573 668 2624 in
721 2587 787 2626 eo
832 2587 896 2626 ex
949 2587 1084 2640 aqua
1135 2585 1184 2626 et
1216 2586 1357 2626 terra
1393 2584 1474 2626 est
1503 2574 1567 2624 ad
1599 2575 1776 2628 simile

183 2641 380 2710 tendit.
415 2643 521 2696 St'd
567 2643 688 2710 quia
721 2657 748 2693 a
781 2643 976 2696 caloris
1002 2643 1147 2696 fonte
1179 2642 1438 2710 procedit,
1467 2659 1649 2696 secum
1681 2646 1776 2697 de-

180 2709 288 2762 fert
337 2711 536 2778 aliquid
583 2709 798 2774 ealoris,
852 2727 959 2780 quo
992 2724 1133 2768 terra
1165 2709 1219 2766 et
1241 2729 1377 2780 aqua
1405 2715 1689 2776 caleliunt;
1721 2725 1776 2768 et

180 2781 438 2844 quoniam
471 2791 657 2834 natura
689 2792 770 2834 est
795 2784 990 2836 caloris
1020 2784 1337 2849 ascendere,
1367 2783 1616 2850 calorqui
1639 2796 1775 2848 pra:-

178 2851 330 2902 dicto
374 2851 534 2902 modo
577 2852 955 2914 descenderat,
981 2861 1278 2913 revertens,
1305 2853 1504 2919 aliquid
1530 2855 1772 2906 humoris

177 2931 370 2971 secum
424 2920 624 2983 trahit,
680 2922 822 2988 quod
869 2921 1139 2974 bulliendo
1188 2923 1238 2975 in
1294 2923 1374 2974 sui
1416 2923 1772 2976 substantiam

182 2999 534 3060 transmutat.
589 2992 643 3042 Si
673 3005 804 3058 ergo
829 2991 1042 3058 proprie
1072 2991 1299 3044 velimus
1332 2992 1497 3060 loqui,
1527 2994 1773 3050 dicemus

175 3058 327 3124 quod
358 3059 438 3112 sol
471 3057 753 3113 humorem
777 3076 992 3114 sursum
1014 3061 1215 3125 elevat,
1235 3076 1339 3115 n0u
1363 3057 1605 3116 attrahit.
1626 3065 1775 3120 Ideo-

176 3142 288 3201 que
342 3128 460 3180 fons
516 3129 717 3201 dicitur
757 3131 976 3194 caloris,
1004 3133 1125 3198 quia
1158 3133 1234 3184 sic
1259 3135 1468 3186 subdita
1499 3134 1771 3201 calefacit,

177 3197 320 3264 ignis
368 3211 497 3284 vero
540 3200 789 3284 superipr
835 3214 962 3252 non.
1011 3197 1146 3284 ςξιιξιι
1177 3201 1318 3281 enim
1345 3203 1412 3254 sit
1435 3197 1766 3284 elementum
1799 3222 1848 3284 ο

174 3281 292 3339 non
323 3281 387 3319 ex
410 3269 693 3339 clementis
726 3268 944 3332 factum,
975 3269 1107 3323 nihil
1129 3279 1212 3324 est
1242 3271 1294 3324 in
1325 3286 1390 3326 eo
1417 3275 1556 3339 quod
1585 3273 1650 3326 ad
1683 3274 1768 3326 in-
1801 3268 1821 3295 "

176 3335 382 3388 leriora
429 3336 744 3410 descendat.
796 3339 922 3410 Inde
955 3354 1084 3393 vero
1115 3351 1196 3393 est
1226 3343 1364 3406 quod
1400 3335 1522 3410 pars
1551 3344 1691 3396 aeris
1718 3354 1772 3397 et

180 3415 349 3459 terra:
368 3405 468 3478 soli
496 3407 702 3478 subdita
736 3419 816 3478 est
847 3408 1068 3473 fervida,
1093 3405 1313 3464 remota)
1336 3405 1512 3465 autem
1541 3415 1768 3478 frigida),

173 3479 285 3548 etsi
333 3477 667 3548 sima-lberi
696 3477 970 3546 sulijectre.
1005 3479 1110 3532 Sed
1141 3481 1284 3532 dicet
1309 3481 1501 3548 aliquis
1533 3499 1545 3534 :
1582 3477 1770 3537 Nonne

172 3545 346 3612 ignis,
381 3545 682 3614 ubicunque
705 3545 808 3609 est,
835 3549 1042 3601 calidus
1075 3549 1196 3603 est?
1225 3548 1320 3603 Cui
1350 3545 1578 3606 dicimus
1604 3571 1615 3604 :
1650 3553 1769 3608 Non

176 3616 290 3689 nisi
342 3615 518 3689 spisso
559 3628 613 3689 et
646 3617 867 3671 humido
889 3619 1100 3689 niistus.
1136 3620 1392 3689 Quamvis
1414 3621 1576 3687 igitur
1608 3639 1770 3689 super

172 3682 368 3740 lunam
393 3685 464 3737 sit
485 3687 642 3755 ignis,
670 3697 878 3741 nonest
908 3687 1130 3741 inferior
1148 3682 1536 3754 ;'d,éfvcitenim
1553 3682 1766 3746 humida

171 3763 232 3806 at
257 3757 433 3829 spissa
465 3759 682 3829 materia
728 3771 830 3829 qua
858 3757 995 3823 ignis
1017 3759 1363 3829 accendatur,
1399 3775 1571 3829 neque
1605 3761 1770 3829 frigus

170 3837 359 3900 neque
373 3823 1301 3900 obscuritas,seditnnsetcontinuus
1318 3823 1771 3900 splendormeque

168 3892 748 3964 aliquagmutabilitas.
783 3895 887 3948 Sed
907 3895 1084 3949 dicent
1106 3899 1246 3964 quod
1281 3892 1630 3954 Aristoteles:
1668 3892 1771 3953 liu-

170 3962 442 4032 possibile
465 3975 544 4015 est
579 3965 754 4032 ignem
789 3979 892 4018 neu
925 3962 1394 4021 calereIDicimus
1425 3970 1769 4024 Aristote’em

311 4032 546 4106 locutum
593 4031 714 4088 esse
758 4035 824 4106 de
867 4037 969 4088 hoc
1000 4035 1237 4090 inferiori
1272 4039 1416 4106 igne,
1448 4039 1536 4106 qui
1558 4055 1774 4106 semper

169 4101 561 4174 alicuispissm
591 4105 830 4156 materia:
874 4106 1082 4168 mistus,
1119 4101 1597 4174 nunquam’calere
1626 4101 1772 4162 desi-

169 4172 280 4242 nit,
337 4168 432 4222 Vel
471 4171 712 4225 dicamus
760 4176 902 4241 quod
944 4175 1070 4227 dicit
1099 4168 1271 4242 ignem
1299 4178 1476 4231 calere
1499 4192 1603 4231 non
1629 4191 1771 4242 actu,

167 4237 277 4292 sed
326 4248 540 4292 natura.
587 4237 789 4305 Quarta
807 4255 968 4295 causa
1015 4237 1314 4310 pluviarum
1343 4255 1427 4299 est
1457 4259 1645 4302 ventus
1672 4237 1776 4303 ele;

165 4321 320 4380 vana
372 4310 650 4363 humorem
692 4310 760 4363 de
810 4312 1036 4380 sttgnis,
1089 4325 1144 4368 et
1169 4315 1380 4378 fluviis,
1423 4328 1478 4371 et
1531 4320 1772 4373 lacubus.

167 4377 315 4451 [nde
359 4389 440 4431 est
483 4383 622 4449 quod
655 4377 935 4435 ranuncuii
963 4393 1017 4436 et
1047 4386 1216 4451 pisces
1245 4399 1274 4438 a
1304 4389 1490 4440 multis
1522 4390 1618 4441 visi
1650 4401 1773 4442 sunt

164 4448 242 4501 de
293 4461 427 4524 aere
479 4448 691 4524 cadere.
743 4451 877 4524 Cum
927 4448 1089 4516 enim,
1141 4465 1197 4507 ιιι
1241 4457 1606 4522 pnediximns.
1636 4473 1771 4524 aqua

166 4526 350 4569 Vento
375 4519 707 4589 sustollatur,
731 4522 989 4589 contingit
1015 4525 1155 4587 quod
1181 4519 1501 4580 ranunculos
1525 4536 1579 4579 ct
1598 4519 1768 4587 pisces

165 4599 371 4660 eccum
427 4587 618 4658 elevat,
671 4603 741 4655 qu
768 4591 865 4642 bus
893 4587 957 4643 ei:
985 4593 1210 4645 naturali
1232 4595 1519 4660 gravedine
1548 4598 1768 4650 descen-

163 4656 477 4733 dentibus,
508 4669 722 4722 Stupent
769 4663 1098 4733 ignorantes.
1147 4656 1360 4722 Nullum
1403 4680 1536 4733 ergo
1565 4676 1773 4733 tempus

162 4725 311 4776 anui
342 4727 596 4804 .imntttno
639 4739 724 4781 est
755 4725 807 4779 a'
831 4731 1032 4804 pluvia.
1075 4731 1128 4784 In
1151 4735 1292 4786 omni
1325 4725 1554 4804 namque
1578 4725 1774 4789 vel-fu—

166 4809 307 4848 tnus
340 4797 588 4872 Ιιιιιιιὶάιιε
618 4808 894 4865 evaporat,
930 4802 1009 4872 vel
1041 4816 1134 4855 aer
1158 4819 1224 4856 ex
1255 4797 1542 4869 frigiditate
1573 4809 1773 4872 spissa-

164 4874 292 4941 tur,
327 4867 410 4942 vel
443 4866 633 4942 immor
658 4872 836 4942 calore
869 4871 952 4922 vel
974 4866 1582 4942 ventoeleran'turJlaec
1597 4866 1770 4942 pluvia

163 4934 515 5006 quandoque
555 4936 672 5001 plus
719 4937 877 4991 solito
931 4940 1178 5006 spissata,
1212 4952 1266 4993 et
1304 4958 1370 4996 ex
1405 4944 1569 4998 nimio
1594 4934 1771 4998 calore

163 5003 550 5080 hicettsa,_0t
600 5006 665 5059 ad
700 5010 934 5080 modum
963 5003 1237 5076 sanguinis
1269 5013 1430 5065 rubea
1461 5023 1515 5066 et
1551 5017 1720 5080 spissa
1757 5031 1769 5066 :

161 5073 336 5141 quod
385 5073 1301 5152 videntesphysicam‘ignorantes,
1335 5081 1521 5135 dicunt
1553 5073 1770 5152 sangui-

167 5157 313 5220 gem
339 5191 343 5194 .
372 5145 572 5220 pluere.
633 5145 761 5220 Inde
803 5145 1091 5202 verisimile
1115 5150 1314 5204 dictum
1344 5163 1448 5215 est,
1479 5157 1620 5220 quod
1649 5145 1774 5209 ante

163 5214 356 5290 ςιρω
385 5215 540 5282 hujus
564 5218 744 5290 surculi
775 5227 941 5288 gutta:
964 5220 1239 5287 sanguinis
1261 5214 1475 5282 cadent,
1498 5214 1624 5290 quia
1649 5239 1771 5277 cum

159 5282 683 5361 dgheatpsqstione
707 5282 869 5355 finiri,
901 5299 957 5343 ut
988 5282 1213 5361 tesiatur
1239 5282 1534 5359 Scriptura,
1553 5295 1771 5361 quaedi-

162 5354 260 5429 cili
305 5369 328 5406 ι
380 5351 528 5424 ignis
574 5351 942 5429 incomperta
986 5360 1298 5412 exardescct.
1342 5351 1490 5429 liqua
1522 5351 1678 5414 enim
1707 5378 1772 5415 ex

162 5421 382 5498 calore
416 5421 480 5476 in
507 5424 738 5479 nubibus
781 5421 1043 5497 miserisa
1086 5442 1156 5483 ex
1182 5421 1770 5498 AfervOre'Spissabilur,

159 5506 307 5561 qua:
343 5493 585 5564 incensa,
617 5493 893 5564 rubeaque
909 5498 1101 5553 eti‘ecta
1131 5496 1196 5552 ad
1223 5493 1627 5554 similitudinem
1650 5493 1774 5555 sani-

161 5564 373 5633 σκιαῖς
392 5563 584 5636 cadet;
615 5577 670 5618 et
697 5570 952 5633 quoniam
988 5572 1040 5621 in
1085 5568 1331 5636 pluvioso
1351 5579 1595 5634 tempore
1617 5586 1776 5626 arcus

157 5636 431 5689 disertior
477 5633 532 5685 iu
576 5637 804 5688 nubibus
848 5633 1096 5705 apparet,
1144 5637 1284 5692 unde
1305 5633 1520 5702 existat,
1550 5649 1605 5694 et
1634 5643 1776 5696 unde

161 5711 259 5757 tot
289 5705 356 5756 in
379 5715 443 5756 eo
469 5716 764 5770 appareant
779 5704 990 5759 colores
1010 5709 1318 5761 doceamus.
1340 5709 1472 5763 Cum
1495 5709 1770 5765 diximus:

160 5775 343 5828 ator
369 5774 498 5828 solis
523 5777 803 5828 Minorem
829 5777 1021 5838 elevat,
1055 5779 1135 5842 vel
1164 5779 1344 5832 fumus
1373 5780 1624 5834 humidus
1643 5795 1774 5844 era,-

162 5851 377 5914 φατι,
428 5857 565 5912 aqua
611 5844 664 5896 in
689 5845 832 5899 nube
875 5845 1140 5901 illustrata
1177 5858 1237 5904 ut
1275 5851 1328 5906 in
1361 5853 1527 5908 vitreo
1557 5857 1681 5908 vase
1709 5864 1775 5908 ex

484 5938 757 5999 PATIOL.
807 5937 934 5999 VC.

1801 4561 1849 4619 D

1880 1940 2187 2005 frigoreque
2217 1941 2539 2006 congelatas,
2585 1940 2904 2007 grandinem
2934 1939 3174 2006 gignunt.
3212 1940 3264 1992 In
3293 1942 3470 1994 hieme

1879 2024 2008 2063 vero
2060 2009 2227 2077 frigus
2284 2011 2428 2062 circa
2463 2020 2811 2081 terramest.
2871 2019 2924 2081 et
2978 2012 3240 2077 contingit
3290 2020 3469 2081 guttas

1876 2093 2031 2146 aqua:
2083 2088 2368 2144 antequam
2423 2093 2624 2144 gressa:
2676 2078 2826 2131 fat-tre
2879 2080 3008 2140 sint,
3067 2094 3131 2133 ex
3183 2078 3470 2148 frigiditate

1881 2149 2140 2215 temporis
2172 2148 2414 2213 astringi,
2449 2159 2500 2200 et
2533 2150 2581 2200 in
2617 2149 2791 2202 nivem
2819 2151 3198 2213 transmutari;
3231 2151 3280 2202 in
3308 2160 3465 2205 :esta-

1882 2229 1931 2270 te
1964 2232 2112 2280 vero,
2143 2220 2262 2284 quia
2303 2218 2468 2283 frigus
2491 2221 2631 2270 circa
2665 2228 2863 2271 terram
2893 2234 2994 2270 non
3023 2227 3126 2280 est,
3155 2219 3324 2273 donec
3354 2224 3467 2274 elc-

1881 2299 2017 2340 vatce
2052 2289 2101 2339 in
2130 2290 2296 2339 altum
2329 2303 2530 2354 gressa:
2561 2297 2613 2338 ut
2644 2290 2834 2355 spissa:
2868 2288 3017 2350 fiant,
3047 2303 3150 2340 non
3183 2292 3471 2358 congelan-

1881 2367 1987 2410 tur.
2039 2357 2318 2422 Nunquam
2373 2372 2500 2424 ergo
2551 2359 2638 2410 nix
2686 2369 2769 2410 est
2824 2359 2875 2410 in
2918 2368 3126 2420 testate,
3172 2357 3379 2414 lit-etin
3409 2379 3469 2414 ea

1877 2441 2021 2494 smpe
2045 2429 2152 2478 siut
2179 2428 2491 2493 grandines.
2533 2428 2607 2481 De
2635 2430 2886 2480 tonitrnis
2905 2439 2956 2481 et
2977 2429 3307 2495 fulminibus.
3329 2433 3470 2484 unde

1878 2506 1948 2569 et_
1977 2497 2219 2569 qualiter
2266 2498 2982 2569 contingant,disseramus.
3024 2498 3190 2559 Ftuno
3221 2515 3348 2569 ergo
3379 2505 3474 2553 liu-

1879 2565 2046 2628 mido,
2076 2574 2131 2617 ut
2162 2565 2527 2630 praediximus,
2562 2567 2624 2616 ad
2656 2567 2931 2634 superiora
2966 2565 3313 2632 ascendente,
3344 2585 3468 2623 cum

1879 2635 1946 2685 ad
1980 2651 2250 2686 summum
2284 2636 2425 2687 aeris
2456 2636 2718 2702 pervenit,
2753 2651 2816 2689 ex
2853 2637 3242 2701 ponderatione
3271 2639 3467 2694 humo-

1880 2703 1952 2756 ris
1985 2715 2228 2756 movetur
2250 2705 2531 2756 summitas
2557 2705 2722 2769 aeris,
2757 2709 2907 2771 cujus
2944 2706 3216 2772 paniculaa
3247 2711 3310 2760 ad
3347 2725 3463 2762 mo-

1879 2773 2004 2843 dum
2027 2774 2300 2843 undarum
2329 2789 2483 2840 aquae
2513 2775 2611 2827 sibi
2645 2784 2992 2828 occurrentes
3036 2775 3297 2843 fragorem
3328 2781 3468 2832 toni-

1881 2841 1983 2893 trui
2016 2842 2236 2916 faciunt.
2268 2843 2529 2916 Ex_motu_
2552 2859 2678 2897 vero
2701 2860 2792 2897 aer
2817 2841 3135 2916 calefactus,
3164 2849 3216 2898 in
3251 2849 3461 2916 igneam

1869 2913 2074 2985 transit
2101 2913 2475 2975 substantiam,
2507 2914 2670 2983 fitque
2700 2914 3031 2979 coruscatio;
3078 2930 3196 2983 qam
3226 2913 3471 2985 quamvis

1880 2997 2004 3036 cum
2036 2984 2244 3052 fragore
2279 2987 2390 3043 tiat,
2437 2987 2594 3037 citius
2621 2986 2684 3036 ad
2721 3000 2816 3038 nos
2849 2989 3112 3052 pervenit,
3146 2984 3269 3052 quia
3325 2989 3475 3043 visus

1879 3055 2122 3126 velocior
2167 3064 2250 3107 est
2293 3053 2499 3107 auditu.
2526 3056 2657 3107 Cum
2689 3068 2818 3123 ergo
2851 3057 2908 3126 lit
2939 3058 3314 3123 prmtlictarum
3346 3073 3468 3126 ptr-

1879 3125 2161 3194 ticularum
2213 3138 2490 3187 occursus,
2547 3135 2832 3191 generatur
2883 3125 3136 3191 impetus,
3181 3127 3274 3194 qui
3304 3125 3465 3182 stas-

1879 3193 2122 3248 cenderit
2163 3208 2396 3256 sursum,
2424 3204 2504 3246 est
2537 3195 2714 3260 fragor
2743 3194 2860 3247 sine
2888 3196 3142 3256 inluniae;
3171 3193 3252 3250 sin
3284 3208 3463 3253 autem

1881 3263 2114 3331 impetus
2160 3263 2250 3316 ille
2289 3263 2541 3316 deorsum
2591 3264 2796 3326 tendat,
2823 3271 3000 3317 tamen
3031 3273 3212 3319 tantus
3236 3281 3341 3319 non
3366 3269 3458 3331 sit,

1874 3333 2017 3400 quod
2070 3347 2243 3402 usque
2292 3333 2356 3384 ad
2404 3333 2475 3385 ob
2507 3332 2742 3386 iaculum
2788 3334 3084 3400 perveniat,
3111 3337 3346 3388 nondum
3381 3347 3468 3390 cst

1876 3403 2112 3466 fulmen;
2142 3418 2265 3456 cum
2290 3417 2417 3454 vero
2439 3402 2504 3456 ad
2535 3403 2872 3464 obstaculum
2899 3403 3161 3470 perve..it,
3189 3405 3465 3460 obstantia

1875 3473 2050 3527 findit.
2098 3474 2203 3527 Sed
2257 3473 2382 3541 quia
2431 3474 2704 3542 proprium
2750 3474 2833 3526 εει
2863 3481 3041 3524 motus
3069 3478 3212 3527 aeris
3242 3477 3462 3530 tendere

1874 3557 2088 3597 sursum
2116 3585 2132 3607 ,
2203 3544 2348 3596 nulla
2405 3541 2627 3595 materia
2675 3544 2824 3595 exire
2871 3552 3104 3608 vetante,
3151 3549 3459 3610 revertitur,

1873 3627 2198 3680 sparsosque
2247 3611 2511 3680 recolligit
2556 3613 2726 3680 ignes.
2763 3611 2820 3666 Si
2863 3627 2992 3665 vero
3018 3613 3069 3666 in
3097 3616 3194 3668 hac
3226 3615 3463 3670 inferiori

1876 3693 2024 3747 parte
2073 3683 2211 3734 aeris
2255 3682 2454 3735 multus
2503 3683 2572 3735 sit
2619 3685 2833 3745 humor,
2875 3697 2968 3737 aer
3022 3686 3260 3738 existens
3297 3685 3347 3738 in
3377 3689 3468 3740 illo

1876 3754 2074 3819 impetu
2121 3766 2281 3806 urere
2332 3765 2437 3804 non
2495 3761 2688 3819 potest,
2742 3752 2904 3820 fitquc
2944 3753 3146 3805 fulmen
3181 3754 3386 3807 findens
3412 3767 3470 3809 et

1875 3837 1980 3874 non
2023 3837 2208 3875 urens.
2265 3823 2358 3874 E~t
2387 3834 2518 3890 ergo
2550 3821 2750 3874 fulmen
2785 3833 2906 3888 pars
2929 3822 3070 3874 aeris
3099 3822 3273 3890 aliqua
3305 3823 3464 3878 colli-
3549 3864 3563 3885 κ

1875 3895 2028 3945 sione
2077 3906 2244 3959 usque
2310 3890 2376 3943 ad
2429 3892 2764 3944 onstaculum
2808 3906 2930 3945 cum
2978 3893 3177 3956 impetu
3219 3895 3462 3948 veniens.

1876 3961 2196 4013 'louirruum
2241 3975 2369 4012 vero
2417 3968 2500 4012 cst
2529 3965 2763 4028 partium
2797 3963 2937 4015 aeris
2960 3961 3167 4015 diversa
3201 3964 3462 4018 incursio.

1877 4029 1990 4081 Non
2041 4041 2124 4083 est
2172 4045 2301 4102 ergo
2334 4030 2534 4102 fulmen
2569 4032 2780 4102 lapidea
2809 4031 3130 4096 substantia,
3165 4043 3223 4086 ut
3247 4033 3464 4102 quidam

1877 4113 2142 4153 asserunt.
2187 4100 2242 4154 Si
2289 4102 2433 4153 enim
2467 4100 2670 4168 lapidea
2703 4110 2848 4154 esset
2871 4102 3191 4165 substantia,
3226 4100 3460 4171 noiibuc

1876 4179 1932 4223 et
1965 4171 2088 4224 illuc
2115 4171 2467 4231 discurreret,
2501 4185 2600 4224 nec
2633 4184 2844 4223 rursum
2868 4180 3251 4238 reverteretur,
3276 4182 3466 4226 etcum

1878 4242 2080 4308 aliquid
2136 4243 2343 4296 feriret.
2395 4254 2615 4292 carnem
2659 4249 2714 4293 et
2742 4252 2861 4292 ossa
2894 4241 3308 4295 comminueret.
3344 4242 3468 4296 Ideo

1882 4312 1932 4364 fu
1959 4326 2080 4364 men
2138 4311 2336 4374 smptus
2364 4309 2493 4380 alta
2551 4312 2766 4374 sternit,
2817 4309 2940 4376 quia
2970 4326 3090 4364 ettnt
3119 4311 3334 4380 oblique
3361 4315 3462 4366 ali-

1878 4380 2094 4445 quando
2142 4379 2442 4441 descendit,
2476 4380 2632 4432 citius
2664 4380 2768 4432 alta
2805 4382 3018 4447 repetit.
3050 4381 3154 4434 Sed
3183 4379 3304 4448 quia
3333 4398 3464 4449 quo-

1879 4451 2122 4500 rmndam
2148 4457 2232 4501 est
2254 4451 2520 4501 sententia
2546 4450 2813 4516 quoddam
2834 4452 3034 4502 fulmen
3061 4452 3321 4518 lapideam
3343 4469 3468 4506 esse

1884 4520 2263 4582 substantiam,
2309 4534 2374 4571 ne
2403 4534 2469 4572 ex
2513 4520 2811 4586 ignorantia
2840 4522 2923 4571 vel
2959 4520 3155 4572 invidia
3186 4524 3463 4574 videamur

1882 4604 1999 4641 eam
2051 4591 2404 4655 vitupt-t'asse,
2464 4594 2546 4642 vel
2600 4591 2848 4649 tacuisse,
2885 4591 3121 4642 breviter
3147 4605 3264 4642 eam
3299 4609 3465 4657 pone-

1877 4674 2016 4711 mus.
2062 4659 2218 4710 Aiunt
2273 4659 2359 4710 isti
2393 4659 2533 4725 quod
2566 4673 2686 4728 cum
2719 4657 2899 4710 fumus
2933 4659 3180 4710 humidus
3210 4663 3275 4712 ad
3304 4675 3464 4728 supc-

1878 4731 2016 4780 riora
2063 4729 2323 4790 ascendit,
2348 4743 2469 4779 cum
2493 4741 2559 4780 co
2587 4727 2825 4780 elevatur
2855 4728 3057 4796 aliquid
3082 4738 3309 4784 terreare
3338 4727 3474 4784 sub.

1875 4802 2110 4859 stantiae,
2137 4799 2278 4865 quod
2319 4812 2384 4847 ex
2419 4799 2600 4850 calore
2643 4796 2771 4849 soli.
2819 4799 2872 4849 in
2905 4799 3164 4865 tapideam
3200 4803 3277 4862 ενι
3312 4812 3465 4854 satur

1875 4870 2254 4932 substantiam,
2307 4866 2723 4934 contineturque
2772 4868 2823 4919 in
2859 4869 3079 4921 nubium
3111 4875 3464 4929 roncavitate.

1875 4937 2050 4991 donec
2081 4940 2281 5005 impetu
2303 4935 2486 5001 aliquo
2525 4936 2691 4989 nubes
2718 4936 2995 5002 dividitur,
3030 4939 3169 4992 unde
3201 4939 3334 5005 lapis
3375 4942 3466 4996 ille

1878 5007 2160 5073 impulsus,
2209 5005 2375 5058 altum
2429 5006 2629 5075 aliquid
2663 5015 2917 5076 percutit.
2946 5010 3042 5063 ll.c
3072 5009 3203 5062 dicit
3233 5011 3421 5076 aliquis
3451 5031 3462 5064 ;

1876 5082 2006 5148 ῼιιιη
2038 5076 2263 5129 inomni
2296 5079 2692 5143 temporeanni
2732 5081 2908 5132 fumus
2935 5079 3205 5141 humidus,
3243 5092 3296 5132 ut
3330 5095 3468 5148 prte-

1875 5146 2130 5210 dixunus,
2185 5148 2464 5211 ascendat,
2513 5161 2680 5213 quare
2728 5151 2782 5202 in
2833 5152 2981 5202 omni
3014 5166 3118 5203 non
3151 5146 3470 5215 contingunt

1878 5216 2096 5269 fulmina
2143 5225 2199 5268 et
2246 5215 2518 5269 tonitrua?
2548 5215 2645 5270 Cui
2670 5216 2902 5272 dicimus
2936 5237 2949 5272 :
3008 5219 3118 5272 Etsi
3151 5235 3214 5270 ex
3245 5222 3468 5272 hinni-lo

1877 5287 2022 5357 tullio
2071 5289 2403 5357 ascendente
2457 5289 2690 5344 habeant
2749 5293 2893 5357 lteri,
2954 5305 3060 5342 non
3118 5289 3252 5342 fiant
3291 5300 3470 5345 tamen

1878 5356 2024 5429 inde,
2051 5356 2226 5412 donec
2251 5359 2315 5410 ad
2347 5372 2616 5429 summum
2651 5363 2795 5414 aeris
2826 5363 3162 5429 perveniunt,
3194 5362 3333 5424 quod
3371 5376 3470 5427 per

1876 5428 2051 5480 simile
2082 5431 2246 5480 maris
2274 5428 2484 5496 probari
2519 5440 2715 5496 petest.
2746 5428 2882 5482 Cum
2916 5430 3060 5483 enim
3082 5433 3213 5484 mari
3238 5446 3302 5485 es
3316 5432 3472 5484 fumo

1879 5509 2036 5552 terra
2059 5497 2386 5552 ascendente
2403 5499 2453 5548 iu
2481 5499 2644 5552 fundo
2662 5512 2975 5553 removetur
2999 5514 3064 5555 ex
3092 5501 3466 5569 spissitudine,

1879 5577 2057 5621 tamen
2086 5582 2192 5620 non
2220 5575 2399 5635 potest
2428 5571 2531 5640 huc
2549 5578 2603 5640 et
2624 5570 2750 5623 illuc
2769 5573 3003 5640 impelli;
3033 5574 3128 5624 sed
3152 5586 3273 5640 cum
3298 5586 3467 5636 usque

1878 5651 2146 5707 summum
2187 5637 2480 5691 commotio
2508 5638 2594 5691 illa
2620 5637 2946 5707 pervenerit,
2981 5643 3086 5694 huc
3122 5649 3180 5694 et
3214 5639 3340 5692 'rtlnc
3373 5655 3472 5691 un-

1879 5710 1961 5760 dae
1982 5706 2350 5775 impelluntur,
2377 5707 2540 5776 fitque
2561 5717 2874 5777 tempestas.
2909 5706 3062 5776 Quod
3093 5723 3224 5762 vero
3254 5725 3282 5761 a
3302 5710 3470 5763 fiiudo

1880 5777 2046 5849 maris
2093 5788 2388 5849 tempestas
2433 5779 2678 5849 incipiat,
2731 5795 2822 5834 ex.
2857 5782 2958 5835 hoc
3010 5788 3188 5844 potest
3255 5781 3468 5846 probari

1879 5847 2024 5919 quod
2055 5847 2253 5920 phocas
2279 5850 2448 5907 undas
2475 5847 2738 5923 agitantes
2764 5863 2887 5905 ante
2918 5849 3186 5905 videmus.
3240 5850 3307 5906 Ut
3326 5857 3469 5907 enim

2959 5946 3036 6005 37
