3868 6256
328 447 508 501 1173

834 451 1034 507 ticius
1080 452 1529 508 VENERABILIS
1566 452 1716 509 ore.
1759 448 1941 507 rans
1984 448 2019 503 t.
2063 446 2255 505 sscr.
2298 449 2374 506 ir.
2409 434 2716 508 locum
2762 451 2847 508 cr
2884 443 3159 510 scortis:

3512 448 3645 511 U76

370 562 476 611 tia'.
496 560 547 609 In
579 560 748 633 capite
780 563 918 615 t'nim
953 562 1148 633 habent
1175 563 1355 618 sedem
1388 579 1505 632 qua:
1536 564 1737 617 faciunt
1769 561 1946 615 homi—
1977 561 2024 618 Α
2055 558 2276 633 ceperit,
2311 561 2775 633 exienstrimam
2804 560 3188 633 partemaerts
3207 575 3370 633 quam
3400 563 3608 632 reperit
3631 606 3645 625 .

371 645 491 679 tit‘ltl
523 631 840 694 sapientem,
871 632 1003 684 St'lllt
1024 644 1095 693 et.
1127 631 1445 696 intellectus,
1475 634 1630 699 ratio,
1662 633 1940 686 memoria.

367 700 448 751 Ab
481 699 578 751 hoc
606 703 829 752 cerebro
863 703 1122 765 prodeunt
1164 705 1309 757 nervi
1339 705 1402 755 ad
1440 704 1658 768 oculos,
1689 717 1781 767 per
1811 717 1945 769 quos

369 770 859 840 aniinalisspiritus
889 773 1074 826 exiens
1106 777 1272 825 visunt
1306 783 1584 840 operatur,
1622 784 1675 825 ut
1702 772 1945 825 ostendi-

368 855 505 890 mus.
536 839 638 910 Sed
676 841 821 900 prius
848 841 913 892 de
941 844 1185 895 substant
1211 860 1235 895 a
1266 846 1543 896 oculorum
1576 842 1773 910 aliquid
1800 841 1943 895 dica-

367 923 506 960 mus.
539 907 732 961 Oculus
781 911 937 977 igitur
977 923 1057 964 est
1097 914 1335 977 ιμι;ιοι1;ιιιι
1368 907 1675 965 ιπΙιοιιΙίιιίί
1709 922 1760 964 et
1800 911 1941 964 clara

365 980 679 1038 substantia,
712 981 804 1031 scil
836 982 884 1032 in
917 985 1201 1047 superficie
1240 983 1628 1049 aliquantulum
1664 982 1838 1049 plana,
1876 997 1940 1034 ex

370 1048 535 1101 trilan
567 1048 877 1102 humoribus
904 1060 957 1103 et
1000 1062 1201 1116 Sd‘plclll
1235 1053 1426 1106 tunicis
1471 1048 1741 1106 constans.
1788 1051 1942 1104 Urbi-

366 1118 539 1189 rulata
579 1128 677 1180 est,
730 1130 785 1171 ut
826 1119 927 1173 huc
958 1128 1009 1173 et
1042 1123 1147 1175 illic
1174 1121 1303 1176 verti
1336 1124 1523 1189 possit.
1577 1124 1626 1173 Ιιι
1657 1122 1942 1187 supr-rlicic

367 1187 542 1258 plana,
570 1199 627 1242 ut
654 1189 841 1242 melius
868 1193 1061 1244 turmas
1090 1207 1265 1245 rerum
1308 1187 1359 1246 in
1390 1208 1450 1245 se
1477 1194 1645 1258 possit
1676 1191 1939 1258 recipere.

364 1255 572 1310 Lucoris
619 1273 682 1311 ex
716 1258 1025 1313 humoribus
1053 1271 1325 1326 constans,
1370 1270 1427 1315 ut
1456 1255 1489 1314 δ’
1517 1261 1706 1315 visuali
1749 1255 1939 1327 spiritu

366 1329 529 1392 possit
562 1329 845 1392 penetrari.
884 1330 957 1383 Ex
994 1333 1181 1384 tunicis
1210 1346 1435 1399 sep:em,
1466 1343 1520 1383 ut
1544 1332 1942 1396 supertluitates

365 1411 497 1461 expc
522 1398 611 1457 lat,
647 1413 711 1449 ne
741 1400 886 1451 illum
921 1400 1132 1453 Ιςιιάτιιιι.
1168 1398 1339 1456 Sedsi
1370 1405 1489 1467 quis
1520 1416 1722 1455 nomen.
1746 1402 1935 1453 humo-

366 1480 480 1518 inm
512 1478 562 1519 ct
591 1470 883 1520 tunicarum
926 1470 1299 1534 dispositioncs
1328 1474 1468 1525 scire
1507 1470 1796 1532 desiderat,
1833 1470 1941 1521 Ca-

363 1534 537 1588 lenum
569 1538 722 1606 legat.
761 1537 900 1591 Duos
930 1553 1057 1591 vero
1087 1543 1269 1594 oculos
1308 1541 1584 1594 constituit
1625 1551 1845 1601 natura,
1882 1548 1940 1597 ut

362 1605 410 1677 si
437 1622 571 1659 unus
604 1607 913 1677 lmderetur,
956 1609 1091 1663 alter
1120 1620 1441 1664 remaneret.
1486 1610 1694 1677 Deinde
1723 1611 1788 1663 de
1820 1609 1935 1661 visu

362 1676 619 1748 dicamus.
651 1676 782 1748 Cum
816 1679 969 1743 igitur
999 1680 1244 1732 animalis
1274 1679 1511 1748 spiritus,
1556 1676 1651 1748 per
1683 1693 1877 1733 nervos
1907 1693 1936 1731 a

360 1746 583 1816 cerebro
616 1747 933 1810 prodeuntes
955 1788 969 1811 ,
1001 1759 1051 1801 et
1083 1750 1148 1801 ad
1188 1746 1370 1804 oculos
1403 1746 1572 1816 usque
1614 1750 1932 1816 pervenerit,

361 1814 547 1868 exiens
572 1816 615 1869 si
645 1817 874 1885 aliquem
905 1818 1223 1873 exteriorem
1256 1814 1629 1886 splendorem,
1671 1820 1750 1873 vel
1783 1818 1931 1881 stilis,

361 1885 442 1937 vel
466 1887 703 1964 alterius,
733 1890 1016 1964 receperit,
1039 1906 1206 1958 usque
1227 1885 1644 1964 ait'obstacutnm
1668 1889 1930 1964 dirigitur,
1970 1905 2013 1964 Β

360 1956 500 2027 quod
527 1957 801 2009 otfcndens
842 1972 935 2023 per
958 1956 1133 2025 ipsum
1154 1973 1211 2013 se
1239 1959 1505 2022 diffundit,
1552 1956 1841 2027 famisque
1870 1960 1933 2011 il-

362 2024 463 2077 lius
492 2034 545 2078 et
572 2027 842 2080 coloribus
868 2024 1184 2080 informatur
1212 2044 1305 2094 per
1336 2030 1538 2089 oculos,
1572 2039 1625 2081 et
1658 2024 1933 2096 perpluan-

363 2103 605 2147 tasttcam
634 2096 821 2150 cellam
852 2097 917 2148 ad
960 2096 1254 2163 logisticarn
1302 2098 1489 2150 cellam
1523 2099 1733 2161 transit,
1766 2099 1935 2151 visus-

360 2178 463 2228 que
492 2163 736 2237 efﬁcitur.
789 2165 912 2237 Inde
944 2168 1190 2237 estquod
1224 2168 1339 2221 visu
1388 2170 1583 2237 tignras
1632 2178 1686 2223 et
1723 2172 1934 2222 colores

359 2247 537 2303 rerum
587 2236 963 2289 discernimus.
1014 2236 1178 2291 Stoici
1231 2246 1405 2291 tamen
1434 2236 1635 2291 dicunt
1677 2239 1931 2303 visualein

358 2302 600 2375 spiritum
633 2318 803 2375 usque
824 2305 889 2357 ad
920 2320 1028 2359 rem
1069 2323 1172 2359 non
1214 2308 1493 2375 pervenire
1518 2349 1532 2372 ,
1579 2308 1673 2361 sed
1719 2302 1931 2362 oculum

359 2374 553 2445 figuras
584 2388 763 2445 rerum
792 2372 843 2426 in
876 2388 934 2427 se
966 2372 1228 2441 recipere,
1250 2376 1314 2429 ad
1338 2390 1471 2445 quas
1499 2379 1818 2445 perveniens
1843 2377 1933 2433 ille

360 2442 576 2507 radius,
625 2444 977 2511 similiterque
1023 2442 1378 2511 informatus,
1430 2442 1602 2502 visum
1656 2458 1927 2513 operatur.

356 2513 488 2564 Sunt
516 2512 605 2584 alii
630 2528 719 2581 qui
746 2516 929 2566 dicunt
950 2531 1120 2582 neque
1144 2516 1482 2584 illuinusque
1508 2518 1572 2568 ad
1596 2512 1928 2571 obstaculum

359 2583 663 2647 pervenire,
700 2598 869 2649 neque
899 2585 1056 2636 oculo
1085 2583 1506 2650 inforrnari,’sed
1541 2587 1771 2639 medium
1803 2600 1929 2639 aera

356 2650 494 2703 inter
521 2652 788 2707 videntem
836 2662 891 2706 et
936 2654 1288 2717 obstaculum,
1338 2656 1520 2709 formis
1566 2664 1617 2708 et
1660 2656 1931 2709 coloribus

355 2718 654 2787 informari,
672 2724 736 2775 ad
762 2738 916 2788 quem
942 2725 1121 2777 radius
1146 2725 1487 2791 perveniens,
1509 2725 1932 2791 inforinatusque

356 2800 668 2856 revertens,
716 2792 885 2862 νίριιιιι
933 2803 1205 2858 operatur.
1258 2794 1419 2847 Nobis
1460 2808 1586 2846 vero
1633 2795 1718 2847 illa
1760 2795 1933 2862 placet

354 2862 652 2930 sententia,
686 2861 825 2925 quod
857 2861 1073 2915 visualis
1104 2864 1317 2930 spiritus
1362 2876 1529 2929 usque
1567 2863 1632 2915 ad
1667 2861 1776 2916 rem
1812 2878 1930 2928 per-
1988 2918 1991 2919 ν

355 2930 550 3000 veniat.
577 2929 739 2998 Cujus
770 2929 846 2984 rei
877 2932 992 2983 tunc
1022 2941 1103 2985 est
1134 2929 1394 2997 probatio,
1420 2948 1487 3000 qu
1518 2932 1559 2984 id
1592 2948 1654 2986 ex
1690 2935 1802 2988 visu
1832 2934 1931 2999 lip-

356 2998 548 3062 pientis
575 3000 800 3070 alicujus
842 3016 987 3068 sarpe
1025 3002 1267 3055 eamdem
1309 2998 1675 3055 contrahimus
1702 2998 1930 3067 infirmi,-

357 3076 539 3122 tatem.
575 3072 640 3123 Et
668 3071 808 3125 unde
838 3071 958 3134 hoc,
992 3072 1091 3124 nisi
1124 3071 1262 3140 quod
1288 3072 1469 3127 visuali
1499 3073 1689 3139 spiritu
1722 3074 1787 3126 ad
1811 3087 1941 3133 cora

357 3151 567 3206 ruptum
588 3140 808 3211 oculum
842 3142 1186 3211 perveniente
1211 3142 1594 3207 corrumpitur,
1627 3152 1930 3198 revertens-

354 3222 459 3269 que
488 3210 688 3278 oculos
710 3210 1047 3277 corrumpit?
1096 3212 1347 3276 Ejusdem
1394 3212 1469 3265 rei
1519 3212 1763 3278 probatio
1810 3224 1926 3275 cst,

355 3277 496 3342 quod
526 3280 601 3332 sic
627 3278 917 3347 contingit:
950 3278 1083 3333 Curii
1128 3279 1370 3334 homines
1409 3277 1927 3341 sintcontrariarum

353 3348 803 3418 coniplcxionum.
835 3349 924 3401 alii
954 3350 1097 3403 enim
1129 3362 1250 3402 sunt
1281 3349 1478 3418 frigidi,
1510 3351 1595 3403 alii
1627 3350 1808 3414 caLdi,
1840 3352 1929 3405 alii

355 3413 579 3479 humidi,
610 3419 697 3471 alii
728 3420 879 3481 sicci,
910 3419 1127 3473 visualis
1168 3413 1389 3487 εβίιὶαιέ
1428 3413 1495 3473 ab
1521 3420 1699 3487 aliquo
1725 3413 1930 3487 exiens,

355 3487 637 3556 qualitates
670 3490 809 3542 illius
846 3503 1027 3543 secum
1059 3492 1298 3551 trahens,
1329 3489 1553 3545 diffusus
1602 3507 1695 3556 per
1742 3491 1930 3545 facient

354 3555 575 3627 alterius
606 3558 995 3625 complexionis
1044 3560 1331 3611 contrariae
1356 3601 1369 3621 ,
1423 3562 1566 3612 illum
1606 3555 1930 3627 Corrumpit.

354 3622 634 3697 Contraria
660 3622 890 3697 namque
918 3627 1197 3682 contrariis
1228 3628 1511 3689 Iredimtur.
1531 3628 1654 3682 lude
1681 3643 1762 3682 est
1788 3622 1931 3697 quod

355 3696 541 3766 vetule
575 3696 832 3766 tingentes
862 3696 1073 3762 faciem,
1106 3709 1159 3754 et
1190 3708 1504 3764 eripuentes.
1536 3698 1627 3750 illo
1654 3708 1928 3762 curantur,

355 3765 491 3837 quod
522 3765 667 3837 enini
686 3777 768 3820 est
789 3769 856 3822 ibi
882 3768 1127 3822 nocivum
1156 3778 1413 3835 eximunt.
1438 3767 1679 3837 Utigitur
1693 3769 1834 3823 visus
1856 3772 1930 3823 ef-

357 3832 584 3896 iiciatur,
604 3835 700 3887 tria
729 3846 854 3889 sunt
876 3840 1205 3892 necessaria:
1230 3832 1454 3893 interior
1479 3832 1678 3904 radius,
1698 3840 1931 3893 exterior

354 3904 640 3977 splendor,
672 3907 1003 3961 ob-taculum
1037 3908 1132 3960 rei.
1176 3909 1265 3960 llis
1297 3909 1452 3977 igitur
1490 3910 1929 3962 concurrentibus

355 3983 435 4044 cst
465 3974 644 4037 visus;
686 3977 862 4044 a'iquo
891 3986 1067 4030 autem
1120 3974 1340 4030 Horum
1383 3977 1693 4041 deficiente,
1727 3980 1925 4031 deficit.

358 4041 510 4114 Visus
539 4056 715 4097 autem
742 4041 947 4113 species
982 4047 1090 4100 sint
1122 4058 1265 4100 tres:
1308 4047 1451 4100 detui
1483 4047 1533 4098 io
1556 4087 1570 4111 ,
1616 4050 1877 4102 contuitio
1909 4089 1924 4114 ,

355 4112 581 4167 intuitio.
616 4117 681 4167 Et
711 4112 791 4169 est
821 4118 1028 4171 intuitio
1057 4118 1269 4186 quando
1290 4117 1485 4184 aliquid
1521 4118 1759 4170 videmus
1785 4119 1835 4171 in
1863 4112 1928 4172 co

354 4195 669 4256 oceurrente
696 4188 1013 4250 simulacro;
1041 4190 1135 4241 sed
1165 4188 1507 4241 ostendentes
1528 4188 1755 4256 qualiter
1785 4190 1928 4243 visus

356 4254 481 4327 tiat,_
499 4253 564 4327 de
585 4266 653 4327 ca
695 4255 822 4307 satis
852 4256 1101 4310 diximus.
1139 4256 1410 4309 Cootuitio
1458 4253 1789 4327 est'quaiido
1829 4259 1926 4310 ali-

356 4322 482 4387 quid
515 4323 785 4386 videmus,
830 4327 878 4377 in
920 4326 1072 4393 cujus
1114 4328 1395 4393 superlicie
1436 4322 1649 4393 aliquod
1695 4329 1928 4380 occurrit

354 4392 717 4464 simulacrum.
760 4392 995 4449 Detuitio
1024 4405 1102 4448 est
1131 4392 1342 4463 quando
1381 4396 1564 4447 nonin
1608 4396 1923 4464 superficie,
1962 4444 1963 4447 η

352 4462 524 4534 sedin
560 4463 817 4529 profundo
847 4475 1086 4534 apparet,
1121 4462 1177 4518 ut
1210 4470 1260 4520 in
1291 4480 1452 4534 aqua;
1486 4462 1786 4534 diciturque
1826 4466 1923 4520 dc-

355 4532 540 4603 Initio,
571 4536 718 4601 quasi
765 4532 1013 4589 deorsum
1057 4538 1227 4590 tuitio.
1282 4532 1466 4590 ltestat
1509 4551 1635 4603 ergo
1665 4532 1732 4589 de
1765 4537 1925 4590 intui-

2054 628 2218 682 simili
2249 628 2501 683 informat
2529 632 2719 693 forma,
2754 641 2808 684 et
2847 631 2933 683 illa
2968 632 3125 684 aliain
3148 672 3165 695 ,
3195 628 3367 698 donec
3394 628 3647 687 ad'aurcs

2054 700 2394 765 perveniatur
2422 701 2486 752 ad
2520 700 2734 752 inodum
2765 702 3001 769 tympani
3026 700 3156 754 ‘s‘cei
3189 712 3238 754 et
3264 704 3530 765 concavi;
3555 706 3643 757 cui

2052 771 2321 821 resonanti
2376 771 2639 822 excitatur
2684 770 2773 822 ille
2824 771 3045 836 Spiritus
3095 770 3378 833 animalis.
3430 774 3647 827 descen-

2049 836 2289 904 densque
2314 840 2377 892 ad
2409 854 2566 892 aures
2599 855 2691 905 per
2716 855 2783 904 qu
2808 841 2973 892 .sdain
3022 856 3217 893 nervos
3242 882 3257 901 ,
3300 841 3561 896 informat
3586 858 3644 896 se

2048 907 2207 960 simili
2236 908 2429 971 forma,
2468 909 2652 976 alt'tllw
2680 908 2996 962 informatus
3026 910 3090 961 ad
3118 911 3414 975 logisticam
3443 910 3636 966 cellam

2050 991 2366 1042 revertens,
2419 979 2655 1030 auditum
2689 991 2959 1045 operatur.
3011 980 3271 1033 Similiter
3314 981 3403 1032 alii
3449 996 3643 1035 sensus

2049 1046 2179 1099 finiit
2205 1050 2393 1101 eodem
2434 1047 2650 1100 animali
2694 1048 2887 1113 Spiritu
2916 1049 2979 1099 ad
3013 1050 3223 1101 illorum
3258 1049 3640 1114 instrumenta,

2050 1129 2142 1181 per
2174 1131 2367 1188 nervos
2410 1132 2439 1168 a
2486 1117 2711 1170 cerebro
2740 1117 3123 1188 descendente.
3175 1117 3272 1173 llis
3313 1118 3497 1187 itaque
3527 1134 3639 1188 per-

2045 1190 2250 1252 ceptis.
2283 1187 2350 1242 de
2396 1189 2572 1240 anima
2612 1194 2665 1240 et
2708 1185 2828 1256 ejus
2880 1187 3162 1241 virtutibus
3192 1185 3644 1257 tempus'est—dil.

2045 1267 2248 1311 serere.

2116 1326 2309 1379 Anima
2354 1326 2702 1396 est‘quid'im
2752 1326 2971 1393 spiritus
3019 1328 3339 1395 coniunctus
3384 1334 3637 1396 corpori,

2045 1392 2393 1465 ideircitatem
2443 1392 2793 1449 discernendi
2833 1410 2887 1450 et
2941 1392 3271 1465 intelligendi
3326 1392 3633 1454 coiiferens.

2044 1462 2195 1537 Quod
2224 1466 2367 1519 enirn
2400 1479 2462 1519 ex
2488 1468 2664 1537 animi
2694 1467 2759 1519 sit
2785 1466 3092 1521 discernere
3117 1462 3173 1519 et
3207 1468 3526 1537 intelligere,
3556 1471 3639 1524 sic

2046 1535 2325 1611 probum:
2361 1536 2509 1611 quod
2543 1547 2820 1589 crescente
2858 1551 2992 1611 cura
3040 1540 3288 1602 Corporis
3314 1578 3330 1599 ,
3381 1535 3631 1593 oriuntur

2044 1603 2149 1656 illa:
2176 1606 2393 1658 virtutes
2420 1621 2435 1668 ;
2477 1603 2822 1659 decr-ece-ute
2857 1605 2944 1659 illa
2972 1616 3024 1659 et
3052 1618 3333 1660 cresrente
3361 1622 3489 1662 cura
3518 1612 3642 1662 ani-

2045 1687 2164 1737 mae,
2196 1683 2444 1727 crescunt
2472 1676 2599 1725 itltc.
2617 1673 2672 1726 Si
2697 1676 2836 1727 enirn
2862 1691 2923 1728 ex
2951 1686 3135 1728 natura
3163 1676 3408 1743 corporis
3430 1691 3633 1745 essent,

2042 1754 2318 1797 crescente
2339 1759 2467 1796 cura
2491 1745 2730 1807 corporis
2752 1754 3075 1815 crescerent.
3106 1750 3461 1815 Augrnentata
3487 1763 3643 1801 nam-

2043 1825 2147 1878 que
2184 1827 2328 1876 cura,
2370 1823 2741 1881 augmentatnr
2785 1814 3026 1866 eﬂectus.
3079 1814 3272 1868 Itertiin
3301 1830 3430 1869 cum
3458 1818 3635 1872 omnis

2042 1892 2286 1935 creatura
2315 1898 2575 1950 corporea
2625 1885 2702 1937 vel
2740 1884 2957 1950 spiritus
2984 1885 3071 1945 sit,
3102 1887 3436 1940 conveniens
3461 1886 3559 1941 fuit
3582 1900 3639 1941 ut

2043 1952 2201 2025 homo
2221 1968 2283 2006 ex
2313 1968 2539 2025 corpore
2562 1964 2615 2007 et
2634 1954 2822 2025 Spiritu
2849 1963 3143 2025 constaret,
3176 1965 3231 2007 ut
3257 1969 3379 2008 cum
3405 1965 3637 2025 utroque

2038 2020 2268 2088 aliq-iarn
2317 2022 2628 2075 affinitatem
2674 2022 2916 2077 haberet.
2968 2023 3138 2077 Ilahet
3179 2025 3323 2077 enim
3354 2041 3476 2078 cuni
3506 2020 3633 2081 eor-

2040 2096 2255 2153 poribus
2293 2094 2395 2143 vita
2421 2092 2748 2153 carentibus,
2766 2107 3051 2146 commune
3070 2095 3329 2156 exisrere,
3355 2109 3474 2147 cum
3503 2093 3629 2149 her-

2047 2160 2127 2213 bis
2159 2172 2210 2213 et
2240 2162 2519 2215 arboribus
2550 2162 2730 2215 vivere
2751 2202 2765 2221 .
2797 2176 2917 2215 cuni
2947 2162 3119 2216 hrntis
3151 2164 3477 2217 animalibus
3506 2180 3631 2219 sen-

2041 2230 2141 2301 tire
2167 2271 2181 2295 ,
2232 2246 2375 2301 cum,
2401 2232 2678 2298 spiritibus
2723 2231 3053 2286 discernere.
3090 2232 3218 2286 Inde
3260 2242 3344 2285 est
3389 2235 3527 2301 quod
3571 2236 3626 2288 in

2037 2298 2215 2352 divina
2262 2299 2450 2368 pagina
2498 2301 2693 2354 dicitur
2734 2304 2903 2358 homo
2951 2317 3042 2354 om
3066 2302 3127 2355 iis
3171 2298 3439 2356 creatura.
3491 2303 3624 2358 Cum

2040 2383 2169 2437 ergo
2197 2386 2259 2423 ex
2295 2384 2521 2438 corpore
2546 2381 2596 2424 et
2628 2370 2805 2423 anima
2834 2383 3048 2425 coriStet
3088 2373 3250 2426 homo
3270 2414 3284 2435 ,
3316 2374 3631 2429 dominante

2036 2448 2211 2492 tamen
2244 2441 2442 2501 anima,
2468 2440 2520 2494 in
2554 2454 2654 2509 qua
2686 2441 2889 2509 quippe
2918 2442 3113 2495 similis
3139 2452 3222 2495 est
3244 2441 3514 2507 Creatori,
3543 2447 3631 2499 in-

2033 2512 2361 2563 conveniens
2409 2522 2552 2563 esset
2609 2510 2654 2564 si
2705 2510 2936 2563 hominis
2982 2525 3176 2578 corpus
3219 2527 3350 2565 suas
3406 2515 3631 2569 traheret

2033 2588 2295 2648 actiones,
2314 2582 2487 2631 anima
2512 2594 2641 2632 vero
2659 2595 2787 2633 non.
2812 2582 2916 2633 Sed
2936 2582 3319 2648 dicctaliquis:
3345 2581 3633 2647 Quomodo

2034 2646 2337 2700 disctrrnani
2369 2662 2487 2715 quin
2528 2649 2770 2719 aetiones
2803 2649 2855 2701 in
2888 2650 3103 2703 homine
3133 2646 3630 2719 debeaut'judicari

2033 2731 2244 2779 anznize,
2277 2733 2395 2785 qua:
2422 2719 2677 2784 corpori?
2710 2718 2949 2773 Dicimus
2998 2720 3138 2787 quod
3188 2718 3299 2774 illte
3346 2718 3624 2788 actiones,

2032 2800 2157 2852 qua:
2186 2798 2310 2840 sunt
2339 2802 2653 2842 communes
2688 2789 2889 2842 homini
2918 2804 3038 2842 cum
3068 2790 3225 2841 bruto
3271 2792 3509 2857 animati,
3542 2793 3630 2847 vet

2036 2870 2166 2922 corp
2190 2859 2353 2910 tribus
2376 2858 2482 2910 vita
2503 2858 2839 2923 carentibus,
2860 2861 2959 2912 etsi
2994 2859 3110 2912 illas
3134 2859 3188 2911 in
3210 2861 3430 2915 homine
3448 2862 3628 2916 anima

2032 2937 2301 2999 operetur,
2336 2940 2439 2999 non
2470 2928 2669 2999 debent
2690 2928 2794 2980 dici
2820 2929 3037 2992 anim-.e,
3069 2928 3161 2981 sed
3192 2932 3470 2999 corporis;
3503 2946 3629 2999 qua:

2036 3009 2165 3046 vero
2194 2996 2540 3051 inveniuntur
2572 2996 2623 3048 in
2658 2998 2895 3060 homine,
2930 3012 2984 3051 et
3014 3000 3067 3050 in
3092 2997 3241 3050 nullo
3268 2996 3377 3052 alio
3400 2996 3630 3066 corpore

2032 3078 2152 3117 esse
2184 3074 2425 3133 possunt,
2456 3066 2649 3120 animai
2678 3077 2826 3120 sunt.
2855 3068 3171 3121 hiseernere
3199 3083 3328 3134 ergo
3353 3077 3407 3122 et
3431 3071 3627 3124 intelli-

2035 3148 2202 3207 gere,
2220 3137 2413 3207 anima:
2440 3146 2553 3201 est;
2585 3137 2789 3191 sentire
2821 3151 2948 3191 vero
2969 3178 2983 3201 ,
3013 3146 3066 3191 et
3097 3138 3293 3190 sundra
3317 3179 3330 3199 ,
3358 3140 3624 3207 corporis.

2042 3205 2147 3257 Sed
2174 3205 2315 3258 dicet
2346 3205 2538 3272 aliquis
2565 3225 2575 3257 :
2603 3207 2657 3260 Si
2691 3208 2951 3261 actiones-
2975 3207 3169 3260 anima:
3197 3222 3303 3261 non
3330 3205 3489 3273 sunt,
3519 3209 3621 3265 do-

2040 3276 2236 3327 bentne
2416 3274 2497 3349 vel
2546 3278 2768 3329 virtutes
2804 3278 2891 3349 vel
2924 3278 3048 3330 vitia
3096 3277 3328 3343 auium,
3361 3290 3418 3333 et
3459 3295 3626 3349 quam

2040 3354 2257 3410 propter
2287 3344 2374 3397 illa
2418 3345 2705 3399 damnatur
2732 3347 2814 3399 vel
2861 3357 3235 3400 remuneratur
3263 3350 3443 3404 anima
3460 3344 3623 3406 flius

2038 3426 2165 3466 vero
2186 3414 2451 3487 dicimus:
2480 3414 2588 3487 Etsi
2618 3416 2763 3487 illius
2782 3432 2887 3470 non
2908 3425 3044 3487 sunt
3073 3418 3335 3481 actiones,
3363 3421 3482 3487 ejus
3508 3435 3625 3487 pos-

2036 3492 2160 3535 sunt
2189 3497 2307 3537 esse
2333 3484 2487 3537 vitia.
2508 3483 2640 3539 Cum
2682 3486 2825 3539 enim
2854 3485 2921 3539 ad
2953 3489 3055 3540 hoc
3086 3488 3157 3540 sit
3186 3483 3409 3541 homini
3449 3483 3623 3544 anima

2036 3552 2155 3626 data
2190 3552 2497 3626 utillicitos
2534 3564 2715 3626 motus
2747 3554 2996 3626 corporis
3015 3558 3250 3623 corrigat
3274 3598 3289 3621 ,
3323 3558 3624 3626 ignorantia

2036 3624 2116 3673 vel
2156 3623 2949 3695 negligentiaejnscontingit.
2979 3625 3132 3680 Sicut
3160 3640 3290 3695 ergo
3334 3623 3624 3695 discipulus

2036 3695 2115 3743 vel
2148 3708 2337 3766 servus
2366 3694 2689 3766 negligentia
2736 3696 2974 3748 doctoris
3014 3696 3101 3748 vel
3149 3694 3357 3750 domini
3406 3709 3622 3766 peccet,

2036 3763 2288 3831 magister
2328 3770 2384 3815 et
2431 3764 2680 3816 dominus
2711 3775 2861 3819 extra
2892 3766 3103 3831 culpam
3140 3781 3245 3818 non
3277 3763 3497 3831 est;'sic
3521 3763 3625 3823 nec

2032 3833 2210 3905 auium
2244 3830 2350 3905 illis
2375 3833 2812 3905 contingentibus
2838 3849 2944 3888 non
2966 3830 3048 3889 est
3068 3845 3219 3889 extra
3251 3837 3488 3905 culpam,
3516 3838 3624 3894 etsi

2037 3901 2180 3953 illius
2209 3903 2451 3954 actiones
2477 3917 2582 3954 non
2611 3903 2739 3956 sint.
2770 3906 2903 3958 Cum
2949 3906 3109 3973 igitur
3142 3908 3305 3960 homo
3346 3901 3413 3960 ex
3445 3907 3620 3963 animo

2034 3982 2088 4024 et
2116 3984 2347 4038 corpore
2376 3980 2607 4033 constet,
2635 3975 2896 4039 quzeritur
2917 3975 3076 4039 all/all.
3105 3976 3349 4044 apposita
3381 3978 3612 4044 corpori,

2032 4056 2097 4115 an
2126 4050 2403 4115 concreta,
2433 4055 2501 4094 an
2531 4044 2842 4105 commixta,
2870 4059 2937 4097 an
2961 4044 3271 4115 conjuncta.
3300 4042 3402 4100 Uni
3424 4042 3621 4115 quippe

2034 4111 2255 4183 istorum
2288 4110 2487 4176 insunt,
2518 4126 2637 4179 quae
2667 4117 2849 4183 insunt
2876 4115 2927 4167 in
2948 4110 3175 4182 alicujus
3200 4110 3619 4183 compositione.

2033 4182 2288 4249 Apposita
2320 4195 2424 4234 non
2457 4192 2574 4251 est,
2607 4182 2733 4249 quia
2769 4192 2895 4238 tunc
2922 4196 3074 4238 extra
3104 4200 3300 4251 corpus
3331 4182 3511 4241 anima
3534 4200 3621 4243 α-

2029 4261 2132 4312 set,
2162 4265 2259 4305 nec
2289 4249 2563 4325 arqiialiter
2590 4252 3000 4325 illudnmoveret.
3023 4249 3369 4308 Omne‘enim
3398 4256 3619 4325 appost-

2034 4328 2143 4395 tum
2175 4327 2325 4395 extra
2356 4318 2486 4395 illud
2517 4329 2619 4395 est
2647 4322 2731 4374 cui
2784 4330 2870 4375 est
2916 4325 3216 4395 appositum
3237 4364 3258 4395 ,_
3288 4335 3344 4379 et
3389 4318 3620 4395 majores

2032 4388 2171 4463 vires
2197 4390 2358 4442 habet
2386 4389 2439 4441 in
2472 4389 2758 4458 proxima,
2806 4400 2865 4445 ut
2914 4388 3051 4461 ignis
3101 4393 3262 4447 alicui
3312 4388 3615 4463 appositus.

2031 4456 2291 4532 Concreta
2346 4456 2579 4532 non'est
2608 4478 2620 4511 ε
2653 4456 2963 4516 concretum
3009 4472 3092 4517 est
3145 4463 3198 4517 i.t
3250 4456 3490 4532 quodex
3517 4480 3614 4522 sua

2030 4529 2326 4607 snbstar‘itia
2351 4530 2543 4607 transit
2564 4532 2614 4607 in
2637 4532 2857 4607 alterius
2874 4534 3253 4607 substantiam,
3269 4529 3335 4589 ἰιι
3360 4552 3497 4603 aqua
3520 4552 3615 4607 per

357 4601 499 4653 tione
526 4598 675 4655 et'de
705 4606 925 4658 tuitioue
966 4604 1146 4658 dicere
1165 4647 1177 4669 ,
1227 4622 1448 4674 quarum
1476 4598 1596 4673 quia
1630 4606 1814 4659 eadem
1843 4615 1925 4663 est

2038 4598 2397 4674 ebullitionem
2429 4598 2483 4651 in
2501 4602 2700 4674 saleni.
2727 4601 2861 4655 Cum
2889 4615 3018 4674 ergo
3039 4606 3221 4657 anima
3246 4619 3351 4674 non
3381 4598 3622 4662 transeat

352 4683 533 4742 causa,
562 4674 627 4724 de
655 4674 929 4727 intuitione
959 4675 1310 4739 diSputenius,
1337 4685 1393 4729 ut
1419 4676 1557 4742 quod
1580 4674 1646 4728 de
1668 4689 1731 4727 ea
1754 4684 1927 4728 osten-

354 4741 603 4814 derimus,
630 4742 695 4796 de
727 4745 947 4814 tuitione
976 4745 1322 4813 intelligatur.
1356 4744 1486 4797 Cum
1518 4744 1680 4814 igitur
1710 4745 1929 4801 visuatis

353 4810 667 4885 spiritusad
694 4812 892 4881 aliquid
926 4810 1213 4885 videndum
1253 4810 1632 4885 dirigiturfex
1671 4815 1928 4869 lahilitate

354 4883 457 4931 huc
486 4891 539 4953 et
560 4883 684 4934 illuc
708 4886 1017 4952 impellitur,
1046 4883 1469 4953 informatusque
1492 4886 1676 4939 formis
1698 4886 1926 4940 circum.

355 4951 631 5023 stantium,
659 4953 703 5003 si
731 4951 794 5003 ad
832 4954 1028 5021 aliquid
1075 4957 1361 5009 obscurum
1386 4951 1717 5023 pervenerit,
1751 4972 1815 5009 cx
1845 4958 1926 5009 Sui

354 5018 644 5095 subtilitate
690 5023 853 5075 videri
882 5018 1006 5095 non
1058 5031 1251 5095 potest.
1285 5025 1343 5079 Si
1374 5018 1550 5079 autem
1598 5027 1664 5079 ad
1712 5026 1926 5095 aliquod

354 5090 623 5161 radiosuin
652 5130 669 5155 ,
708 5105 771 5144 ex
812 5091 1097 5160 splendore
1142 5092 1283 5147 illius
1318 5105 1557 5161 apparet.
1609 5090 1929 5151 Aristoteles

355 5172 480 5230 vero
506 5160 638 5213 dixit
668 5162 869 5215 nntlurn
902 5162 969 5214 ibi
1002 5178 1257 5230 apparere
1297 5160 1663 5226 simulacrum,
1707 5167 1800 5220 sed
1834 5168 1925 5219 lio-

356 5228 550 5303 inincin
566 5245 638 5303 ,εις
667 5243 719 5303 et
750 5234 1039 5299 posteriora
1074 5228 1251 5287 videre
1280 5236 1366 5285 tali
1400 5236 1593 5286 modo:
1634 5236 1763 5287 Cum
1799 5253 1929 5303 prte-

355 5298 778 5371 ilictusjspiritus
804 5303 1015 5371 aliquod
1050 5304 1318 5357 radiosuai
1353 5304 1586 5357 ollendat
1612 5346 1625 5369 ,
1672 5298 1835 5359 radiis
1865 5309 1923 5359 il-

354 5367 455 5442 lius
485 5369 648 5442 elisus
675 5367 1067 5440 repercuiitur,
1122 5389 1473 5442 reversusque
1510 5376 1575 5427 ad
1614 5367 1806 5429 iaciem
1851 5378 1927 5431 vi;

353 5437 550 5502 dentis,
598 5438 771 5511 ipsum
812 5454 863 5492 ct
903 5437 1196 5509 posteriora
1242 5437 1483 5511 percipit.
1516 5445 1619 5498 Sed
1665 5449 1784 5511 quia
1817 5462 1928 5500 ine-

354 5510 535 5563 diante
560 5510 781 5584 spec_ulo
811 5512 1216 5584 hoccontingit,
1249 5510 1453 5568 videtur
1489 5516 1593 5568 hoc
1628 5516 1680 5567 in
1709 5518 1928 5584 speculo

357 5594 637 5647 apparere.
664 5580 801 5635 Sunt
840 5581 928 5648 qui
976 5580 1160 5637 dicunt
1208 5599 1330 5637 aera
1371 5585 1513 5638 inter
1558 5580 1829 5638 hominem
1875 5598 1930 5642 et

356 5650 629 5723 speculum
659 5650 889 5723 diversis
934 5652 1116 5705 formis
1160 5654 1469 5723 insignitum
1517 5664 1570 5709 et
1612 5656 1924 5719 enloribus,

359 5719 495 5774 unde
525 5722 565 5771 si
590 5722 784 5789 aliquid
808 5732 1126 5789 oitponatur,
1151 5719 1489 5790 splendidum
1514 5737 1789 5791 appareat,
1817 5729 1927 5781 sive

359 5791 643 5863 contrario,
672 5808 797 5863 nun.
828 5790 1093 5863 Contingit
1117 5806 1288 5863 autem
1311 5796 1389 5847 sic
1416 5790 1655 5848 auditus:
1683 5795 1813 5847 Cirin
1838 5814 1929 5851 aer

362 5857 687 5913 naturalibus
719 5860 1087 5917 instrumentis
1107 5859 1389 5929 percussus
1418 5869 1642 5922 turmam
1674 5866 1819 5923 vocis
1842 5882 1902 5923 at:

2032 4671 2087 4725 in
2139 4668 2382 4741 corporis
2431 4669 2821 4741 substantiam,
2854 4668 3203 4741 secl’semper
3243 4673 3467 4740 spiritus
3513 4677 3617 4741 sit,

2032 4750 2283 4794 concreta
2309 4738 2380 4791 illi
2414 4753 2519 4791 non
2550 4747 2655 4792 est.
2684 4738 2983 4793 Commixta
3015 4754 3122 4793 non
3151 4751 3235 4795 est
3264 4738 3339 4796 illi
3364 4758 3381 4797 :
3408 4738 3619 4800 nultum

2032 4809 2173 4864 enim
2195 4807 2604 4883 commixtorum
2629 4823 2749 4864 esse
2768 4810 3171 4883 _suum__retinet,
3202 4828 3307 4866 non
3328 4823 3453 4867 sunt
3481 4829 3618 4883 ergo

2032 4882 2319 4933 commixta
2360 4893 2554 4950 corpus
2601 4890 2655 4933 et
2698 4878 2896 4933 anima.
2934 4880 3073 4947 Ergo
3119 4891 3245 4935 sunt
3285 4878 3617 4950 conjuncti,

2032 4952 2123 5003 sed
2158 4950 2229 5003 ita
2259 4949 2402 5017 quod
2436 4959 2545 5003 tota
2578 4950 2756 5003 anima
2788 4952 2840 5003 in
2868 4951 3121 5005 erunibus
3165 4949 3407 5019 corporis
3437 4949 3620 5018 parii;

2030 5020 2132 5093 bus
2155 5030 2237 5072 est
2266 5034 2389 5093 esse
2413 5034 2569 5073 suum
2602 5019 2857 5093 retinens,
2892 5030 3002 5093 tota
3026 5029 3084 5074 et
3112 5021 3337 5093 integra.
3366 5023 3459 5076 llic
3488 5028 3621 5078 sub-

2025 5088 2252 5158 jicient:
2286 5087 2344 5142 Si
2375 5087 2429 5141 in
2476 5087 2726 5158 omnibus
2772 5090 3011 5156 partibus
3054 5100 3165 5146 tota
3207 5087 3322 5156 εει,
3371 5096 3620 5148 διδάξει

2032 5157 2136 5213 una
2170 5169 2318 5227 parte
2345 5157 2606 5229 corporis,
2636 5159 2815 5212 ablata
2845 5167 2931 5214 est
2960 5168 3069 5213 tota
3092 5163 3268 5217 animi
3299 5176 3330 5214 δ
3356 5176 3617 5229 corpore.

2029 5230 2135 5284 Nos
2168 5243 2294 5285 vero
2322 5227 2551 5304 dicimus
2598 5233 2836 5283 animam
2872 5243 2978 5282 non
3005 5245 3128 5284 esse
3155 5230 3413 5304 in_aliqua
3457 5227 3623 5304 parte

2033 5304 2293 5369 corporis,
2327 5296 2427 5353 nisi
2454 5298 2579 5353 dum
2605 5307 2689 5353 est
2707 5304 2992 5369 conjuncta
3014 5299 3230 5366 corpori
3252 5296 3439 5361 idoneo
3458 5296 3623 5360 vita.

2028 5368 2287 5440 Separata
2318 5370 2478 5440 igitur
2499 5384 2528 5422 a
2554 5368 2802 5436 corporis
2834 5379 3015 5435 parte,
3048 5383 3292 5425 remanet
3330 5376 3511 5436 anima
3560 5378 3617 5432 in

2029 5439 2147 5495 aliis
2174 5442 2409 5516 partibus
2438 5439 2491 5492 in
2521 5441 2715 5507 quibus
2740 5446 2867 5516 ante
2890 5450 2997 5491 tota
3021 5447 3157 5493 erat.
3188 5441 3383 5496 lterum
3402 5445 3615 5516 qunti-

2031 5523 2113 5565 tur
2143 5529 2209 5565 an
2241 5512 2419 5565 anima
2447 5521 2503 5563 et
2530 5522 2727 5575 corpus
2772 5512 2879 5561 sint
2913 5524 2975 5561 ex
3008 5523 3077 5563 eo
3098 5518 3233 5577 tem,
3265 5527 3331 5566 an
3374 5512 3443 5567 ei
3481 5516 3625 5571 alio.

2030 5582 2139 5637 Nos
2165 5597 2291 5637 vero
2335 5581 2565 5634 dicimus
2609 5577 2809 5639 nullam
2853 5593 2977 5633 esse
3016 5580 3160 5635 illius
3189 5596 3442 5647 causam,

2032 5597 2139 5637 [VOS
2165 5597 2291 5637 vero
2335 5597 2565 5634 UICIIIIUS
2609 5597 2809 5639 uuuain
2853 5597 2977 5633 €556
3016 5597 3160 5635 unus
3189 5597 3442 5647 Causam,

2032 5664 2111 5706 tcr
2149 5654 2321 5707 solum
2351 5650 2661 5703 Creatorem
2683 5688 2699 5713 ,
2746 5649 2837 5718 qui
2884 5648 3139 5702 omnibus
3167 5650 3260 5703 dat
3288 5664 3434 5706 esse.
3456 5597 3629 5716 δεῖ,

2032 5722 2217 5790 l'lato,
2266 5721 2507 5774 omnium
2562 5718 3003 5791 plnlosopliorutn
3045 5719 3430 5791 doctissimus,
3481 5724 3629 5791 dicit

2033 5788 2209 5848 Deum
2225 5800 2525 5845 creatorem
2550 5789 2719 5844 stellis
2749 5808 2777 5843 a
2809 5804 2869 5842 se
2896 5788 3090 5843 creatis
3112 5799 3163 5842 ct
3183 5790 3460 5858 spiritibus
3481 5788 3627 5853 es...

2034 5877 2146 5919 sam
2190 5860 2453 5917 formandi
2509 5860 2776 5917 hominem
2827 5858 3096 5931 iiijccissc,
3132 5860 3304 5930 ipS'lm
3336 5879 3465 5921 vero
3491 5874 3624 5927 ani-
