3868 6256
205 411 327 478 tt'n

1153 374 1670 466 stansnrouun
1711 401 2189 461 PUILOSOPHLE
2231 403 2362 457 un.
2407 402 2487 458 tv.

3333 403 3468 457 H18

203 554 336 597 mam
367 534 561 590 fecisse
585 542 638 588 et
660 533 734 587 tllt
765 529 1045 587 tradidisse
1072 548 1085 584 ι
1116 530 1237 599 quia
1271 526 1570 582 ministerio
1602 523 1762 592 spiri-
1797 522 1841 583 Α
1869 520 2170 599 dissolutio.
2206 519 2319 599 Non
2361 520 2516 599 enirn.
2545 518 2816 599 cvs'tincto
2854 519 3079 599 nattrali
3113 519 3310 599 etlp're.
3365 521 3462 575 dtu

203 623 364 670 tuum,
392 615 446 660 et
471 605 662 659 cﬂ'ectu
700 604 971 656 stellarum
1003 601 1227 653 humana
1271 613 1493 670 corpora
1524 599 1767 670 existunt

204 666 254 736 et
277 666 546 738 crescmtt,
577 674 668 728 sed
701 673 814 726 sola
847 673 1116 724 voluntate
1147 669 1420 722 Creatoris
1449 669 1624 718 anima
1649 666 1766 738 eti-

207 751 311 806 s'it.
341 737 541 801 lterum
566 746 820 812 qumritur
843 757 908 794 an
942 741 1116 812 anima
1151 739 1382 812 humana
1425 737 1770 812 ante‘ex‘istat

207 831 356 883 quam
384 807 610 881 corpus,
656 820 709 866 et
735 812 970 883 quando
1016 811 1085 883 illi
1127 811 1500 883 coniungatur.
1535 807 1770 883 Dicimus

211 877 347 940 illam
379 877 633 936 nou'ante
661 877 913 941 existere,
945 879 1081 946 quod
1109 879 1316 945 probari
1351 884 1528 943 potest
1559 877 1769 946 ra'ione

210 969 261 1010 et
288 954 624 1007 auctoritate.
651 952 704 1004 Si
734 953 875 1004 enim
909 945 1029 1002 ante
1055 958 1215 1007 esset,
1252 948 1327 999 \cl
1362 949 1410 998 in
1445 948 1654 998 miseria
1687 945 1772 999 vel

211 1027 259 1080 iu
283 1022 606 1078 beatitudine
630 1031 789 1082 esset,
819 1022 962 1073 nullo
985 1018 1315 1086 praecedente
1347 1017 1555 1069 metito.
1578 1019 1772 1069 Aucto-

213 1098 362 1148 ritate
388 1094 528 1147 beati
561 1091 833 1159 Augustini
863 1091 961 1143 hoc
993 1089 1262 1156 probatur,
1297 1088 1384 1153 qui
1416 1087 1547 1139 dicit
1582 1103 1593 1136 :
1628 1088 1774 1159 Quo-

215 1164 337 1218 tidie
366 1175 511 1216 creat
545 1157 683 1215 Deus
713 1175 877 1214 novas
907 1161 1132 1222 animas,
1161 1168 1368 1224 tempus
1396 1172 1520 1209 vero
1547 1157 1771 1222 conjun—

214 1235 400 1294 ctionis
429 1233 568 1285 illius
609 1245 730 1285 cum
773 1245 997 1296 corpore
1038 1244 1067 1280 a
1117 1228 1261 1280 nullo
1301 1225 1572 1279 delinitur.
1614 1227 1778 1296 Nobis

217 1315 387 1356 tamen
422 1311 538 1369 post
576 1295 939 1365 operationem
971 1298 1280 1369 formativa
1307 1304 1384 1369 et,
1411 1295 1774 1349 concava'iva;

215 1367 693 1427 virtutis‘videtur:
729 1379 856 1422 tunc
903 1385 1006 1422 non
1055 1367 1315 1432 naturalis
1343 1367 1509 1420 virtus
1540 1383 1630 1433 per
1660 1383 1774 1418 um-

216 1442 362 1496 bram
385 1452 560 1510 potest
576 1440 1153 1510 discurt'crc,sine_qua
1175 1438 1279 1488 vita
1305 1447 1606 1510 nonpotest
1631 1451 1774 1498 esse,

216 1527 314 1567 nec
343 1506 519 1564 anima
569 1511 621 1563 in
664 1523 912 1574 corpore.
945 1508 1109 1574 llojus
1156 1517 1333 1559 autem
1381 1506 1604 1560 diversa:
1652 1517 1779 1559 sunt

217 1581 496 1650 potentia;
522 1579 892 1650 intelligentia,
925 1575 1384 1650 ratio,_m_emoria.
1421 1577 1486 1628 Et
1513 1588 1595 1650 est
1623 1577 1777 1629 intel-

219 1647 426 1720 ligentia
457 1650 536 1703 vis
556 1647 748 1702 anima:
777 1662 881 1720 qua
903 1648 1121 1720 percipit
1150 1647 1309 1720 homo
1337 1648 1633 1713 corporalia
1655 1661 1774 1720 eum

218 1717 360 1774 certa
389 1721 594 1773 ratione
617 1759 633 1782 ,
676 1733 841 1785 quare
875 1719 944 1770 ita
971 1717 1069 1786 sit;
1103 1717 1390 1786 ratiogvero
1419 1726 1500 1769 est
1535 1717 1776 1784 quazdatn

218 1793 298 1844 vis
320 1789 533 1852 animae,
563 1803 665 1856 qua
697 1789 918 1854 percipit
945 1789 1102 1840 homo
1133 1785 1256 1856 quid
1287 1787 1357 1839 sit
1386 1801 1491 1850 res,
1512 1797 1566 1839 et
1595 1789 1645 1838 in
1671 1802 1778 1853 quo

219 1861 497 1914 conveniat
521 1855 640 1913 cum
665 1859 802 1916 aliis.
829 1868 881 1910 et
905 1860 952 1909 in
977 1872 1080 1924 quo
1102 1855 1337 1918 differat;
1367 1859 1622 1908 memoria
1652 1871 1777 1907 vero

218 1939 300 1984 est
328 1931 430 1991 vis.
457 1943 561 1996 qua
593 1930 743 1980 lirme
790 1927 983 1980 retinet
1029 1927 1188 1978 homo
1237 1935 1361 1979 ante
1409 1928 1638 1996 cognita.
1673 1925 1777 1979 Sed

218 1995 497 2065 queritur,
526 2013 646 2050 cum
693 1997 804 2049 ista:
830 1999 936 2048 sint
968 1997 1317 2065 prpprietatcs
1361 1995 1584 2055 animae,
1618 2010 1785 2064 quare

219 2063 410 2130 iitl’aus,
441 2067 492 2120 in
523 2082 628 2135 quo
656 2077 738 2120 est
764 2067 939 2119 anima
961 2107 974 2125 ,
1006 2081 1110 2117 non
1136 2063 1420 2135 discernit,
1450 2077 1552 2119 etc.
1582 2063 1658 2118 Ad
1687 2067 1786 2120 hoc

218 2137 444 2191 dicimus
468 2134 606 2204 quod
637 2136 814 2188 anima
841 2135 1069 2188 hominis
1093 2150 1120 2186 a
1143 2134 1398 2186 CreatOte
1421 2135 1620 2188 habens
1644 2152 1789 2202 prin-

222 2208 417 2274 cipium
446 2248 459 2269 ,
490 2221 554 2260 ex
585 2220 690 2273 quo
719 2215 800 2259 est
849 2207 1080 2272 perl‘eCIa
1129 2205 1182 2256 in
1227 2219 1322 2255 suo
1353 2218 1548 2274 genere
1573 2247 1585 2266 ,
1627 2207 1789 2258 sciret

217 2273 336 2342 quae
365 2277 433 2330 ab
465 2277 677 2328 homine
722 2275 846 2328 seiri
889 2283 1148 2341 possunt,
1198 2273 1296 2325 nisi
1340 2273 1574 2340 gravitas
1613 2280 1789 2328 earnis

215 2356 382 2410 esset,
411 2347 550 2413 quod
585 2360 679 2411 per
724 2345 951 2411 primum
985 2347 1257 2396 hominem
1299 2345 1388 2410 qui
1434 2356 1557 2398 ante
1601 2360 1790 2398 corru-

217 2416 451 2483 ptiouetu
486 2415 852 2476 humanitatis,
886 2429 948 2466 ex
981 2427 1084 2483 quo
1127 2414 1252 2472 fuit,
1287 2415 1573 2479 perfectam
1608 2415 1792 2465 habuit

215 2481 492 2539 scientiam
523 2486 830 2545 humanam,
866 2481 1078 2550 probari
1112 2491 1307 2548 potest.
1332 2483 1436 2535 Sed
1468 2483 1627 2536 modo
1671 2499 1794 2536 cor-

215 2566 371 2622 rupta
425 2554 786 2617 humanitate,
835 2568 899 2605 cx
956 2569 1061 2620 quo
1110 2552 1450 2620 conjungitur
1497 2563 1790 2618 corrupto,

215 2625 577 2690 corrumpitur
605 2643 617 2676 :
652 2638 748 2676 nec
781 2625 1131 2690 preprietates
1159 2636 1283 2675 suas
1310 2631 1484 2687 potest
1512 2637 1793 2686 exercere,

213 2695 387 2747 donec
408 2708 530 2746 usus
547 2693 901 2760 experientia,
925 2694 1005 2745 vel
1027 2692 1248 2758 alicujus
1271 2692 1510 2760 doctrina
1536 2693 1791 2755 excitata,

215 2763 405 2830 incipit
435 2759 782 2825 discernere,
835 2763 977 2814 velut
1033 2775 1152 2812 cum
1203 2759 1393 2825 aliquis
1442 2761 1624 2813 subtili
1679 2764 1795 2816 acie

211 2834 512 2897 oculorum,
549 2833 835 2886 tenebroso
856 2831 1056 2884 carceri
1077 2831 1384 2896 deputatur,
1407 2832 1586 2884 videre
1613 2841 1792 2885 tamen

214 2916 321 2955 non
355 2912 531 2970 potest
561 2901 663 2954 nisi
693 2909 966 2954 assuescat
989 2899 1250 2961 tenebris,
1279 2901 1358 2954 vel
1394 2901 1571 2956 lumen
1600 2916 1796 2956 accen-

213 2972 393 3025 datur.
427 2972 578 3026 Unde
609 2971 856 3040 Virgilius
884 2989 896 3023 :

330 3069 650 3140 '...Quantum
674 3093 760 3129 nos
778 3082 926 3130 noxia
950 3091 1152 3141 corpora
1179 3082 1386 3130 tardant.

211 3161 268 3217 lu
301 3163 474 3232 prima
507 3176 636 3215 vero
666 3173 822 3216 actate
847 3178 945 3216 nec
979 3163 1251 3232 praecessit
1275 3177 1398 3217 usus
1423 3166 1782 3232 experientia,

208 3247 313 3287 nec
341 3241 428 3288 est
455 3243 662 3300 tempus
691 3233 944 3286 doctrina:
973 3234 1320 3288 conveniens.
1353 3235 1485 3288 Cum
1520 3238 1662 3289 enim
1699 3238 1789 3290 illa

209 3311 344 3356 actas
367 3303 537 3357 calida
570 3304 637 3355 sit
665 3312 718 3357 et
747 3303 962 3356 humida
997 3313 1235 3368 tantum,
1267 3303 1446 3356 statim
1487 3305 1662 3360 cibum
1707 3309 1788 3362 di-

209 3376 433 3448 gerit_et
455 3374 659 3448 appetit
685 3390 710 3448 τ’
735 3371 874 3426 unde
927 3372 1189 3448 frequenti
1245 3375 1534 3428 intlutione
1587 3378 1789 3444 indiget

210 3441 266 3517 et
287 3441 607 3517 efﬂuxione,
631 3442 942 3517 spissusque
965 3442 1465 3517 fumusgencratur,
1489 3449 1572 3512 qui
1598 3441 1786 3500 ascen-

206 3510 348 3566 deus
379 3513 681 3572 cerebrum,
712 3511 762 3564 in
792 3510 895 3580 quo
917 3522 999 3566 est
1029 3510 1467 3568 vis'discernendi
1497 3510 1548 3567 et
1582 3517 1783 3570 intelli-

203 3581 393 3649 gendi,
430 3582 796 3652 turbat.l|auc
826 3591 1035 3636 aetatem
1079 3584 1318 3652 sequitur
1341 3583 1594 3649 juventus
1620 3625 1634 3647 ,
1666 3602 1786 3651 qua}

205 3659 294 3705 est
318 3653 494 3705 calida
522 3662 576 3707 et
601 3651 762 3706 sicea.
797 3653 1100 3708 Desiccatus
1125 3651 1206 3706 est
1227 3653 1368 3707 enim
1403 3655 1494 3706 ille
1525 3657 1785 3710 naturalis

205 3719 427 3787 humor,
451 3737 612 3790 quem
634 3724 902 3775 contrahit
932 3723 1092 3776 homo
1122 3738 1189 3776 ex
1223 3723 1408 3774 matris
1432 3735 1605 3777 utero.
1638 3725 1786 3780 Unde

201 3804 314 3844 non
349 3794 423 3844 ita
455 3794 658 3858 spissus
683 3793 854 3845 fumus
880 3804 1186 3858 generatur,
1219 3807 1388 3860 neque
1411 3795 1688 3847 cerebrum
1718 3799 1784 3848 ita

202 3861 478 3927 turbatur,
507 3871 694 3927 estque
724 3871 852 3915 aetas
883 3866 1208 3916 conveniens
1255 3865 1318 3914 ad
1351 3863 1666 3917 discendum
1686 3911 1698 3929 ,
1733 3877 1787 3920 ct

199 3932 472 4001 maxime,
504 3933 548 3985 si
579 3931 783 3999 lampas
832 3933 1097 4001 diligentis
1141 3933 1399 3985 doctrina:
1440 3936 1782 3990 accendatur.

197 3999 464 4068 Sequitur
480 4013 730 4054 senectus
752 3999 1002 4069 frigida‘et
1024 4003 1181 4055 sicca.
1203 4003 1512 4054 Exstincms
1535 4015 1616 4055 est
1638 4009 1782 4057 enim

195 4069 289 4123 ille
324 4072 587 4123 naturalis
623 4073 790 4133 calor,
819 4073 956 4124 unde
991 4073 1042 4123 in
1076 4075 1175 4124 hac
1204 4084 1361 4123 tetatc
1401 4073 1540 4138 viget
1575 4089 1748 4125 mento

192 4152 299 4205 ria,
334 4140 434 4193 sed
463 4139 602 4194 vires
623 4142 862 4208 corporis
890 4141 1165 4206 deﬁciunt,
1192 4157 1256 4194 ex
1289 4142 1531 4195 siccitate
1560 4145 1700 4194 enim
1729 4154 1785 4196 ct

191 4209 528 4277 irigiditate,
561 4212 714 4279 cujus
742 4221 824 4264 est
849 4215 1214 4280 constringere
1235 4253 1249 4277 ,
1277 4221 1359 4266 est
1391 4212 1667 4264 tnemotia.
1706 4214 1782 4266 Ex

127 4315 130 4318 ~
187 4281 405 4344 Calorc,
439 4281 591 4347 cujus
620 4291 703 4336 e~t
731 4283 986 4350 impetum
1015 4283 1221 4347 facere,
1269 4285 1410 4334 Vll'CS
1441 4286 1686 4346 corporis
1717 4299 1784 4335 eo

191 4351 488 4421 deﬁciente
515 4351 768 4404 deliciunt
795 4368 806 4413 ;
837 4353 973 4404 hanc
995 4355 1236 4419 sequitur
1267 4352 1499 4414 senium,
1528 4351 1781 4421 frigidum

192 4429 251 4473 et
280 4420 588 4473 humidum.
618 4421 896 4474 E\Sllllt:l0
918 4422 1060 4475 enim
1087 4423 1314 4474 naturali
1355 4423 1556 4484 calore,
1583 4420 1781 4478 cresett

153 4530 166 4536 -
190 4490 454 4560 (rigidum
486 4491 766 4560 phlegma;
802 4494 942 4544 unde
974 4492 1026 4544 in
1060 4493 1147 4546 illa
1177 4503 1336 4546 mtate
1361 4493 1540 4545 delicit
1572 4509 1775 4547 memo-

189 4559 291 4623 ria,
309 4562 555 4628 liuntque
580 4559 824 4614 humines
851 4562 1080 4630 pueriles
1108 4579 1123 4616 :
1156 4573 1237 4616 est
1258 4564 1402 4616 enim
1425 4577 1454 4614 a
1474 4565 1777 4630 phlegutate

189 4635 269 4688 lis
321 4635 623 4700 exputsiva.
707 4635 854 4688 Hanc
911 4637 1152 4702 sequitur
1197 4634 1389 4686 unione
1437 4642 1492 4685 et
1536 4636 1778 4704 corporis

1874 601 2045 656 potest
2069 595 2245 642 vivere
2272 591 2449 642 homo.
2481 590 2540 642 Et
2564 591 2682 654 quia
2708 591 2773 641 de
2791 590 3006 643 h-uniue
3030 591 3162 642 satis
3191 589 3459 656 diximus,

1871 660 2024 727 cujus
2052 671 2129 712 est
2166 661 2341 712 doceri
2389 661 2631 711 dicamus
2659 700 2673 719 ,
2726 659 2912 726 quales
2958 671 3012 712 ut
3053 659 3284 711 doceant
3318 677 3468 726 qna:-

1876 730 2023 782 reudi
2081 730 2220 791 sint,
2255 728 2441 794 quales
2472 739 2528 780 ut
2576 730 2891 792 doceantur,
2933 730 3108 796 qualis
3160 731 3470 786 complexio

1874 800 2204 852 conveniens
2235 800 2306 849 sit
2337 799 2625 860 doctrinm,
2662 801 2711 850 in
2742 814 2844 864 qua
2877 809 3036 850 mtate
3067 799 3175 850 sint
3208 799 3470 864 incipieno

1872 869 1959 928 da,
1993 880 2046 920 et
2072 868 2280 934 quando
2316 869 2562 932 ﬁnienda,
2598 869 2714 934 quis
2745 869 2812 921 sit
2842 867 2977 920 ordo
3011 867 3279 922 discendi.
3313 870 3463 924 Talis

1876 940 2033 1005 igitur
2082 947 2139 991 ut
2189 941 2374 990 doceat
2419 939 2738 1003 querendus
2785 949 2901 998 est,
2937 939 3027 1006 qui
3081 954 3258 1006 neque
3301 955 3466 1003 causa

1877 1009 1996 1060 laud
2023 1024 2071 1072 s,
2105 1024 2200 1060 nec
2223 1023 2316 1074 Spe
2339 1008 2652 1073 te'nporalis
2678 1009 2994 1070 indumenti,
3023 1011 3114 1059 sed
3135 1011 3250 1059 solo
3277 1023 3470 1063 amore

1875 1092 2063 1143 sapere
2113 1080 2324 1130 doceat.
2375 1077 2428 1130 Si
2477 1078 2618 1131 enim
2674 1082 2940 1142 propriam
2999 1078 3208 1130 Iaudem
3255 1079 3468 1146 diligit,

1878 1163 2145 1212 nunquam
2179 1147 2500 1210 discipulum
2533 1149 2596 1198 ad
2626 1149 2707 1198 sui
2745 1147 3132 1212 perfectionem
3170 1148 3352 1202 venire
3385 1164 3469 1201 vo-

1879 1216 1971 1268 let.
1996 1216 2278 1271 Subtraltit
2303 1219 2443 1269 enim
2478 1217 2780 1269 doctrinam
2804 1260 2817 1280 ,
2851 1235 2918 1268 tte
2965 1220 3016 1269 itt
3059 1235 3122 1269 eo
3164 1218 3303 1284 quod
3351 1217 3471 1285 plus

1877 1286 2049 1355 diligit
2097 1299 2334 1352 atquetur
2368 1287 2448 1339 Vel
2490 1298 2792 1350 superetur.
2828 1287 2883 1341 Si
2916 1288 3108 1340 iterum
3156 1290 3466 1351 temporalis

1879 1357 2151 1410 commodi
2180 1371 2272 1423 spe
2306 1358 2551 1408 inductus
2583 1357 2802 1421 doceat,
2841 1373 2944 1410 rion
2999 1359 3207 1410 curabit
3239 1358 3362 1421 quid
3392 1359 3468 1410 die

1879 1433 1993 1490 cat,
2027 1426 2151 1478 dum
2205 1426 2424 1486 nimium
2473 1436 2807 1493 extorqueat.
2853 1426 3008 1493 Smpe
3058 1431 3200 1480 enim
3257 1428 3501 1494 placent'

1882 1510 2033 1562 nuga:
2067 1511 2184 1564 mag
2210 1510 2234 1547 s
2265 1513 2420 1562 quant
2470 1495 2637 1548 utilia.
2671 1496 2778 1550 Sed
2822 1497 2866 1549 si
2911 1512 3098 1549 amore
3132 1497 3370 1550 scientic
3401 1497 3467 1550 ad

1880 1566 2176 1618 docendum
2208 1567 2520 1628 acCesserit,
2557 1582 2652 1620 nec
2701 1577 2917 1632 propter
2963 1567 3224 1619 invidiam
3268 1567 3466 1620 doctri-

1882 1651 2002 1687 nam
2035 1636 2312 1688 subtrahet
2342 1653 2354 1688 :
2386 1652 2482 1688 nec
2513 1648 2565 1686 ut
2592 1636 2792 1704 a'iqn‘d
2820 1644 3156 1701 extorqueat,
3185 1639 3464 1688 veritatem

1883 1706 2152 1769 Cognitatn
2187 1705 2380 1771 fugiet;
2419 1721 2512 1758 nec
2542 1709 2582 1756 si
2615 1707 2826 1758 deficiat
2856 1705 3142 1758 multitudo
3170 1706 3462 1767 sociarum,

1882 1774 2112 1844 delriciet,
2139 1777 2230 1827 sed
2261 1776 2324 1827 ad
2356 1777 2755 1835 instruetioin-tn
2787 1775 2867 1828 sui
2899 1786 2956 1828 et
2992 1777 3227 1827 aliorum
3262 1775 3383 1844 vigil
3415 1786 3468 1828 et

1886 1843 2110 1911 diligens
2144 1846 2250 1896 lict.
2282 1845 2347 1898 Ut
2371 1845 2623 1896 doceatur
2653 1860 2814 1909 ergo,
2848 1845 2968 1898 talis
3014 1844 3317 1912 diligendus
3345 1854 3427 1898 est
3450 1885 3463 1906 ,

1891 1915 1978 1979 qui
2023 1929 2124 1964 non
2177 1913 2249 1966 sit
2296 1914 2552 1968 doetrina:
2595 1925 2876 1980 strepens,
2923 1929 3021 1968 uce
3067 1918 3356 1983 superbus,
3406 1929 3472 1966 ne

1892 1983 2136 2035 videatur
2161 1983 2360 2048 aliquid
2404 2000 2556 2045 esse,
2591 1999 2711 2036 eum
2747 1983 2873 2035 nihil
2905 1984 3010 2048 sit;
3037 1985 3125 2051 qui
3159 1985 3470 2050 magistrum

1891 2060 1950 2105 ut
1983 2065 2181 2116 patrem
2215 2053 2421 2120 diligat,
2456 2054 2537 2106 vel
2573 2057 2733 2107 etiam
2767 2053 2884 2118 plus
2916 2065 3086 2120 paLre.
3117 2055 3158 2106 A
3190 2069 3296 2120 quo
3325 2054 3469 2105 cnim

1893 2121 2091 2195 majora
2119 2132 2172 2176 et
2202 2125 2441 2195 digniora
2486 2123 2807 2195 arcipimus,
2841 2122 3012 2195 magis
3052 2124 3275 2195 diligere
3305 2122 3471 2195 debe-

1893 2206 2033 2242 mus.
2065 2193 2102 2244 A
2135 2204 2282 2258 patre
2311 2192 2453 2245 enim
2494 2193 2650 2263 rudes
2679 2206 2801 2263 esse
2831 2193 3128 2260 capimus,
3155 2192 3181 2244 ἐι
3212 2193 3471 2263 magistro

1895 2274 2019 2313 vero
2045 2275 2163 2332 esse
2191 2263 2481 2327 sapieites,
2512 2262 2651 2329 quod
2681 2260 2853 2329 majus
2879 2271 2965 2315 est
2994 2273 3048 2316 et
3076 2260 3327 2332 dignius:
3347 2263 3471 2315 l‘lus

1893 2344 2021 2396 ergo
2061 2330 2316 2399 diligendi
2350 2341 2472 2384 sunt
2523 2332 2644 2384 boni
2692 2332 2941 2385 doctores
2988 2330 3157 2398 quant
3198 2343 3468 2398 parentes,

1901 2415 2003 2451 nec
2035 2411 2211 2451 tamen
2245 2412 2324 2453 est
2345 2401 2550 2468 justum
2583 2401 2722 2467 quod
2753 2403 2921 2468 magis
2965 2401 3254 2469 diligantur
3284 2402 3471 2455 docto-

1895 2482 2004 2530 res,
2029 2469 2122 2521 sed
2151 2471 2278 2522 utile
2313 2479 2372 2523 ut
2401 2470 2640 2523 scientiae
2671 2470 2814 2522 illius
2837 2471 2999 2523 verba
3024 2473 3178 2523 nobis
3203 2473 3468 2536 placeant,

1895 2538 2019 2604 quia
2071 2539 2122 2589 in
2172 2553 2238 2591 eo
2285 2554 2441 2606 quem
2491 2555 2594 2592 non
2627 2539 2899 2606 diligimus
2931 2554 3074 2606 smpe
3107 2541 3266 2594 etiam
3319 2543 3474 2595 nobis

1901 2606 2038 2660 bona
2071 2608 2393 2675 displicent,
2427 2610 2618 2676 illaque
2651 2610 2877 2676 fugimus
2907 2609 3030 2661 dum
3062 2610 3338 2662 studemus
3369 2625 3473 2664 non

1901 2677 2095 2729 imitati
2128 2678 2243 2730 illos
2273 2693 2404 2746 quos
2438 2694 2540 2730 tton
2572 2679 2863 2745 diligimus.
2890 2681 3151 2743 Quamvis
3183 2681 3324 2733 enim
3353 2695 3475 2734 san-

1899 2747 2087 2822 guinca
2113 2749 2432 2822 complexio
2482 2747 2677 2801 habilis
2706 2747 2775 2801 sit
2810 2751 2883 2822 ad
2926 2750 3246 2822 doctrinam,
3281 2751 3478 2817 quipoe

1899 2818 1952 2866 in
1981 2818 2227 2870 omnibus
2257 2826 2568 2886 temperata,
2602 2830 2775 2872 tamen
2809 2818 2860 2871 in
2891 2821 3036 2872 oumi
3067 2821 3228 2870 alim-'-
3300 2838 3307 2873 '.
3455 2850 3474 2857 -

1899 2894 2015 2955 ctus
2060 2901 2177 2939 esse
2211 2897 2404 2953 potest,
2440 2893 2538 2942 etsi
2577 2905 2696 2941 cum
2748 2889 2968 2952 labore;
3002 2906 3148 2955 quia,
3197 2903 3253 2941 ut
3297 2899 3479 2940 narrat

1906 2954 2252 3025 Pamphilus:
2290 2958 2462 3010 Labor
2513 2959 2787 3025 improbus
2839 2954 3232 3012 omnia’vincit.
3277 2957 3477 3010 l’rinci-

1903 3024 2046 3094 pium
2079 3040 2204 3078 vero
2232 3027 2491 3080 doctrinae
2517 3024 2971 3080 ab'adolesccntia
3006 3039 3088 3080 est
3117 3029 3470 3094 conveniens,

1899 3093 2042 3161 quia,
2076 3103 2133 3146 ut
2159 3097 2231 3147 ait
2263 3098 2410 3148 l’lato
2440 3115 2453 3162 ;
2488 3095 2639 3149 [Etas
2681 3097 2914 3150 hominis
2943 3099 3134 3150 similis
3179 3106 3262 3150 est
3304 3093 3480 3162 cerae,

1902 3156 2020 3229 qua:
2061 3166 2104 3217 si
2150 3164 2305 3218 nimis
2352 3156 2526 3218 mollis
2573 3167 2680 3229 sit,
2717 3181 2815 3220 nec
2863 3169 3086 3234 liguraut
3130 3169 3350 3234 recipit;
3386 3156 3482 3221 nec

1894 3233 2086 3306 retinet
2119 3236 2383 3302 similiter,
2414 3238 2456 3289 si
2488 3237 2557 3288 sit
2581 3237 2712 3288 dura
2741 3254 2751 3288 :
2781 3233 2915 3306 ergo,
2937 3253 3036 3290 nec
3065 3233 3479 3298 nimis’teuera,

1896 3319 1994 3356 nec
2027 3305 2186 3357 nimis
2215 3307 2364 3367 dura,
2402 3307 2730 3360 conveniens
2757 3305 3149 3359 est’doctrinzc.
3191 3306 3479 3358 Terminus

1891 3373 2149 3428 doctrina:
2179 3385 2259 3428 est
2284 3391 2458 3443 mors.
2487 3375 2636 3437 Unde
2666 3374 2878 3441 quidam
2903 3375 3139 3441 sapiens,
3174 3389 3294 3427 cum
3322 3374 3390 3426 ab
3412 3389 3478 3427 eo

1889 3444 1967 3516 sic
1999 3454 2364 3516 quereretur:
2399 3446 2495 3516 Ubi
2528 3444 2612 3516 est
2643 3444 2908 3516 terminus
2938 3444 3227 3516 discendi?
3257 3459 3482 3512 respon-

1890 3512 2022 3582 det':
2062 3512 2160 3566 Ubi
2188 3521 2243 3566 et
2277 3515 2412 3566 vitae.
2443 3514 2670 3579 Quidam
2714 3512 3066 3582 philosophus
3093 3530 3214 3568 cum
3249 3529 3479 3582 nonage—

1889 3581 2069 3653 narius
2101 3591 2418 3646 moreretur,
2461 3592 2516 3637 et
2558 3585 2813 3652 quaesitus
2854 3600 2884 3638 a
2929 3581 3162 3652 quodam
3217 3581 3482 3653 discipulo

1887 3665 1987 3703 suo
2015 3652 2059 3704 si
2083 3653 2150 3706 de
2181 3664 2353 3706 morte
2380 3654 2622 3713 doleret;
2650 3655 2728 3707 sic
2752 3655 3107 3719 interroganti
3139 3655 3433 3718 respondet
3459 3670 3473 3703 :

1888 3722 2020 3786 Quia
2075 3737 2214 3776 nunc
2255 3724 2543 3792 incipiebat
2580 3725 2812 3792 discere.
2861 3723 3008 3774 Ordo
3054 3736 3185 3792 vero
3229 3721 3472 3774 discendi

1892 3793 2013 3844 talis
2040 3802 2224 3854 eSt,ut
2253 3791 2375 3860 quia
2403 3810 2497 3862 per
2523 3791 2887 3862 eloquentiam
2920 3791 3096 3862 omnis
3121 3792 3178 3843 lit
3205 3792 3476 3862 doctrina,

1893 3863 2040 3928 prius
2093 3859 2423 3915 instruantur
2479 3864 2529 3914 itt
2583 3861 2914 3927 eloquentia.
2965 3861 3134 3930 Cujus
3187 3859 3294 3914 tres
3351 3866 3478 3913 sunt

1890 3942 2068 3998 partes
2100 3948 2111 3980 :
2150 3944 2296 3983 recte
2323 3934 2561 3985 scribere
2589 3941 2642 3982 et
2671 3940 2818 3983 recte
2858 3933 3058 3998 scripta
3092 3931 3439 3996 pronuntiare
3460 3967 3479 3994 ,

1890 4004 2119 4065 probare
2149 4000 2200 4050 id
2233 4002 2372 4067 quod
2403 4013 2486 4054 est
2519 4001 2857 4068 probandum
2887 4043 2902 4064 ,
2944 3999 3084 4066 quod
3125 4001 3286 4053 docet
3311 4000 3479 4052 diale-

1885 4070 2048 4131 ctica;
2083 4085 2275 4122 ornare
2303 4072 2460 4124 verba
2487 4082 2540 4124 et
2569 4072 2892 4132 sententias,
2925 4072 3066 4137 quod
3102 4071 3262 4121 tradit
3295 4070 3475 4122 rheto-

1886 4141 2014 4210 rica.
2051 4139 2294 4191 lnittaudi
2329 4158 2456 4210 ergo
2485 4154 2674 4194 sumus
2707 4141 2757 4191 in
2788 4139 3161 4205 grammatica,
3194 4141 3390 4191 deinde
3423 4139 3476 4192 itt

1885 4209 2202 4270 dialectica,
2239 4209 2422 4276 postea
2476 4210 2527 4262 in
2582 4212 2872 4262 rhetorica.
2912 4211 3117 4275 Quibus
3148 4211 3388 4262 instructi
3424 4217 3483 4262 ut

1887 4281 2071 4346 armis,
2106 4280 2172 4332 ad
2203 4282 2437 4335 studium
2475 4281 2834 4349 philosophia:
2881 4281 3141 4334 debemus
3193 4281 3476 4349 accedere.

1884 4349 2048 4418 Cujus
2079 4351 2167 4401 hic
2196 4359 2278 4402 est
2307 4348 2549 4415 ordo,’ut
2577 4351 2723 4416 prius
2754 4351 2807 4400 in
2842 4351 3138 4416 quadruvio
3177 4361 3232 4402 et
3279 4349 3330 4401 in
3363 4348 3479 4414 ipso

1887 4421 2032 4486 prius
2061 4421 2112 4472 in
2142 4420 2476 4473 arithmetica
2503 4461 2520 4486 ,
2560 4418 2802 4472 Secundo
2849 4419 2902 4472 itt
2949 4420 3150 4472 musica
3177 4459 3190 4481 ,
3225 4419 3381 4477 tertio
3427 4420 3478 4470 in

1887 4488 2203 4556 geometria,
2236 4499 2428 4555 quarto
2459 4492 2511 4543 in
2543 4489 2906 4553 astronomia,
2958 4489 3154 4543 deinde
3204 4489 3257 4541 in
3303 4489 3480 4540 divina

1887 4560 2096 4625 pagina,
2127 4559 2324 4624 quippe
2357 4569 2414 4612 ut
2440 4577 2532 4628 per
2555 4561 2917 4628 cognitionem
2949 4571 3212 4615 ereaturte
3239 4602 3253 4621 ,
3288 4558 3358 4612 ad
3384 4571 3472 4610 co-

1885 4631 2176 4697 gnttiouem
2202 4631 2471 4687 Creatoris
2502 4632 2878 4701 perveniamus
