3868 6256
227 393 367 456 “85

1509 399 1865 458 HISPERICA
1911 402 2192 459 FAMINA.

3369 409 3492 469 118⁸

228 510 349 590 erit
370 512 422 590 in
455 520 616 567 terra.
646 511 817 590 Roma
849 512 1297 590 inpersecutione
1327 519 1381 566 et
1416 513 1592 590 gladio
1619 529 1786 590 expu-
1825 522 1866 576 Α
1901 516 2156 590 rusalcm.
2191 514 2466 590 Regnantc
2496 527 2673 590 autem
2719 533 2804 582 eo,
2836 520 3179 590 egredientur
3225 523 3330 578 duo
3379 528 3482 584 eta.

228 583 499 651 gnabitur.
527 593 581 636 et
607 584 710 638 erit
745 583 1080 650 deprehensa
1130 584 1383 654 inmanu
1435 585 1600 651 ipsius
1628 588 1786 654 regis.

234 655 300 708 Et
321 665 477 707 erunt
506 653 747 708 homines
778 667 1017 723 rapaces,
1059 653 1254 720 cupidi,
1289 656 1518 723 tyranni,
1549 653 1792 710 odicntes

265 737 512 792 superes,
535 727 898 792 opprimente:
929 722 1186 788 insontes,
1216 735 1267 777 et
1291 722 1554 778 salvantes
1583 726 1788 778 noxios.

255 795 505 862 Ertmtque
533 792 715 860 injusti
744 802 797 847 et
836 793 1166 863 nequissimi,
1215 803 1268 848 et
1304 794 1663 850 dominatores
1695 811 1790 850 ex-

229 864 462 920 terminii
493 865 938 933 captivabuntur-;
966 873 1018 917 et
1059 879 1161 916 non
1193 875 1274 917 est
1305 867 1355 934 in
1403 874 1543 918 terra
1575 866 1665 933 qui
1695 881 1792 934 pro

228 936 307 990 eis
337 934 554 990 resistat
585 943 640 988 et
669 944 821 988 eruat
849 947 962 997 eos,
1012 945 1227 1002 propter
1257 933 1486 987 malitias
1517 933 1707 988 eorum
1733 945 1791 990 et

227 1005 567 1073 cupiditates.
621 1003 689 1056 Et
718 1015 844 1058 tunc
884 1014 1132 1070 exsurget
1163 1020 1251 1057 rex
1283 1006 1499 1059 nomine
1526 1004 1569 1058 ll
1615 1006 1793 1059 animo

225 1085 500 1130 constans.
552 1074 592 1127 Il
643 1075 729 1126 ille
775 1073 912 1127 idem
960 1083 1208 1127 constans
1254 1075 1356 1127 erit
1387 1091 1477 1128 rex
1529 1075 1684 1128 Rom.
1742 1089 1795 1130 et

228 1144 575 1201 Gtmcorum:
631 1144 716 1197 hic
749 1151 952 1197 statura
1000 1145 1236 1212 grandis,
1269 1157 1486 1212 aspecm
1542 1147 1791 1210 decorus,

228 1215 376 1270 vultu
433 1213 764 1280 Splendidus,
816 1224 973 1282 atque
1028 1229 1120 1282 per
1175 1216 1377 1283 singula
1431 1216 1792 1270 membrorum

228 1285 548 1340 lineamenta
581 1285 836 1338 decenter
883 1285 1230 1350 compositus,
1261 1296 1313 1337 et
1353 1285 1521 1350 ipsius
1573 1301 1791 1351 regnum

225 1370 367 1408 cxxtt
400 1353 550 1408 annis
599 1354 986 1407 tertninabitnr.
1030 1352 1084 1406 lu
1117 1355 1220 1406 illis
1251 1369 1379 1423 ergo
1424 1357 1610 1409 diebus
1637 1369 1796 1410 erunt

223 1425 426 1479 divitiae
470 1439 695 1491 magnae,
746 1437 799 1479 et
845 1435 982 1478 terra
1030 1426 1362 1479 abundanter
1391 1426 1535 1478 dabit
1568 1426 1792 1479 fructum

225 1511 406 1558 suum,
439 1496 507 1548 ita
542 1503 599 1547 ut
650 1496 805 1547 tritici
839 1495 1071 1547 modium
1122 1496 1342 1548 denario
1386 1512 1488 1549 uno
1514 1497 1792 1550 venunde-

225 1575 332 1630 tur,
361 1564 598 1618 modium
630 1564 737 1617 vini
766 1565 986 1618 denario
1020 1581 1141 1626 uno,
1176 1567 1409 1617 mollium
1439 1566 1541 1620 olei
1573 1569 1793 1620 denario

224 1651 352 1689 uno.
386 1635 451 1688 Et
499 1636 613 1701 ipse
654 1649 745 1688 rex
775 1635 1102 1702 Scripturam
1155 1635 1371 1688 habebit
1415 1647 1540 1690 ante
1583 1639 1788 1701 oculos,

223 1705 536 1766 dicentem:
590 1705 698 1759 ilex
735 1705 891 1774 item.
925 1720 1083 1758 omne
1132 1706 1233 1757 sibi
1287 1706 1516 1759 vindicat
1571 1721 1791 1768 regnum

222 1775 670 1832 Christianorum.
714 1777 912 1829 Omnes
943 1790 1068 1842 ergo
1099 1775 1296 1828 insulas
1332 1789 1384 1828 et
1414 1775 1656 1828 civitates
1703 1791 1794 1843 pa-

221 1861 482 1932 ganorum
529 1847 849 1908 dct'astabit,
899 1857 949 1900 et
997 1846 1238 1932 universa
1290 1843 1550 1925 idolorum
1598 1849 1791 1910 templa
1828 1875 1870 1932 Β

224 1917 486 1981 destruet,
522 1926 575 1968 et
604 1930 792 1970 omnes
820 1931 1050 1983 paganos
1088 1915 1151 1967 ad
1184 1916 1501 1980 baptismum
1533 1930 1793 1968 convoca-

224 1987 324 2053 bit,
355 1995 408 2040 et
440 2002 534 2052 per
564 1987 738 2038 omnia
771 1991 962 2048 templa
997 2000 1126 2038 crux
1158 1985 1351 2037 Christi
1382 1985 1506 2038 .lesu
1539 1986 1788 2053 erigetur.

222 2054 373 2109 Tunc
400 2071 628 2123 namque
655 2057 943 2124 pratvenict
967 2055 1225 2125 [Egyptue
1251 2055 1370 2107 .JEth
1397 2058 1574 2122 opiam
1605 2072 1795 2110 munus

220 2128 354 2180 dare
384 2126 510 2180 Deo.
546 2127 644 2192 Qui
671 2142 796 2180 vero
828 2141 1035 2179 crucem
1068 2125 1191 2180 Jesu
1222 2125 1418 2178 Christi
1463 2142 1564 2177 non
1597 2125 1791 2178 adora—

219 2195 416 2261 verint,
459 2197 636 2265 gladio
685 2197 986 2260 punientur.
1047 2197 1108 2248 Et
1139 2209 1258 2248 cum
1289 2196 1542 2261 completi
1576 2195 1789 2248 fuerunt

217 2281 362 2320 oxxtt
391 2268 537 2327 anui,
561 2265 730 2319 Judaei
760 2273 1133 2318 convertentur
1163 2267 1226 2316 ad
1278 2266 1580 2327 Dominum,
1612 2275 1665 2317 et
1693 2268 1791 2318 erit

218 2338 286 2388 ab
309 2337 560 2390 omnibus
589 2337 890 2402 sepulcrum
913 2337 1026 2402 ejus
1057 2337 1364 2402 gloriosum.
1396 2337 1448 2388 in
1479 2336 1664 2390 diebus
1691 2336 1795 2390 illis

218 2407 516 2460 salvabitur
537 2405 715 2471 lsrael,
735 2415 787 2458 et
814 2406 1072 2457 habitabt
1095 2406 1440 2458 conﬁdenter.
1472 2405 1524 2455 in
1551 2405 1642 2456 illo
1668 2417 1822 2458 tem-~

219 2490 355 2543 pore
377 2485 560 2544 surget
584 2476 830 2543 princeps
857 2475 1147 2542 iniquitatis
1170 2476 1236 2526 de
1261 2475 1397 2527 tribu
1426 2474 1559 2541 Dan,
1584 2477 1671 2540 qui
1698 2490 1792 2527 vo-

217 2547 427 2599 cabitur
449 2547 829 2602 Antichristus.
858 2544 950 2600 llic
977 2547 1077 2599 erit
1101 2545 1236 2598 (ilius
1265 2546 1598 2608 perditionrs,
1629 2555 1791 2610 caput

216 2619 507 2682 superbius,
545 2617 800 2685 magister
834 2619 1054 2680 erroris,
1097 2617 1370 2679 plenitudo
1412 2614 1659 2674 malitim,
1705 2617 1791 2678 qui

217 2688 495 2740 subvertet
537 2689 742 2750 orbem,
777 2694 830 2739 et
877 2685 1030 2740 faciet
1073 2685 1306 2752 prodigia
1338 2694 1392 2736 et
1421 2686 1565 2750 signa
1599 2699 1790 2751 magna

216 2753 505 2822 perfalsas
531 2755 936 2818 simulationes;
993 2757 1204 2808 deludet
1252 2766 1428 2806 autem
1481 2767 1574 2820 per
1621 2765 1791 2805 arte.n

219 2829 480 2895 magicam
508 2828 725 2891 multos,
756 2826 826 2879 ita
855 2836 911 2878 ut
943 2825 1078 2893 ignis
1109 2826 1173 2877 de
1196 2825 1332 2877 cutio
1360 2823 1686 2876 descendere
1717 2823 1793 2874 vi-

215 2895 432 2948 deatur.
469 2896 530 2949 Et
565 2897 874 2950 minuentur
900 2896 1022 2948 anni
1052 2896 1187 2949 sicut
1221 2908 1460 2956 menses,
1495 2904 1547 2946 et
1581 2905 1792 2946 menses

217 2966 358 3018 sicut
386 2971 704 3032 septimana,
730 2975 784 3020 et
805 2968 1101 3032 septimana
1130 2965 1416 3028 sicutdies,
1435 2972 1485 3017 et
1511 2964 1624 3016 dies
1655 2965 1793 3015 sicut

217 3035 370 3087 hora.
408 3035 474 3088 Et
497 3045 792 3106 exsurgant
835 3039 902 3089 ab
945 3037 1201 3104 Aquilone
1242 3035 1604 3106 spurcissimge
1655 3047 1785 3100 gett-

216 3115 322 3169 Ies,
356 3121 489 3170 quas
535 3101 835 3160 Alexander
865 3121 958 3158 rex
993 3101 1225 3170 inclusit,
1261 3106 1395 3172 Gog,
1436 3101 1706 3168 videlicet,
1737 3111 1793 3155 et

216 3173 427 3243 Magog.
465 3176 590 3228 iixc
631 3173 912 3228 duodecim
947 3189 1129 3243 regna,
1161 3189 1388 3244 quorum
1425 3187 1678 3244 numerus
1709 3184 1788 3227 est

212 3245 356 3298 sicut
382 3260 542 3298 arena
568 3248 751 3299 maris.
786 3247 916 3299 Cum
946 3257 1120 3300 autem
1151 3243 1396 3298 audietur
1413 3259 1503 3298 rex
1534 3243 1788 3307 Romam,

212 3325 514 3369 convocato
544 3317 809 3380 exercitu,
841 3317 1195 3369 debellabitur
1225 3331 1335 3379 eos,
1363 3325 1520 3384 atque
1554 3323 1793 3382 proster~

213 3393 308 3438 net
340 3401 508 3454 usque
539 3387 603 3438 ad
637 3389 1076 3440 internecionem.
1113 3387 1174 3439 Et
1226 3397 1405 3453 postea
1463 3400 1556 3438 rex
1617 3388 1793 3437 veniet

211 3455 551 3519 Jerusalem,
614 3465 668 3509 et
723 3457 792 3509 ibi
847 3457 1092 3520 deposito
1137 3458 1324 3524 capitis
1373 3456 1703 3524 diademate,
1742 3465 1793 3506 et

212 3525 362 3577 omni
398 3524 579 3579 habitu
609 3529 792 3594 regali,
841 3541 1058 3592 regnum
1087 3523 1510 3579 Christianorum
1545 3523 1653 3577 Deo
1687 3523 1788 3576 Pa-

216 3595 284 3648 tti
314 3595 603 3664 relinquet,
633 3608 684 3649 et
711 3596 845 3648 Filio
873 3597 989 3664 ejus
1013 3596 1136 3648 Jesn
1161 3597 1396 3646 Christo.
1437 3595 1646 3646 Etcum
1675 3608 1792 3646 ces-

211 3665 414 3716 saverit
447 3666 726 3731 imperium
755 3666 1076 3729 Romanum,
1109 3674 1234 3717 tunc
1266 3664 1588 3717 revelabitur
1612 3665 1791 3716 mani-

212 3731 346 3786 feste
379 3735 760 3796 Antichristus,
791 3745 842 3788 et
869 3732 1076 3789 sedebit
1104 3735 1153 3787 iu
1186 3734 1346 3787 domo
1383 3734 1588 3787 Demini
1613 3741 1665 3788 in
1697 3734 1790 3788 Je-

1899 587 2097 656 rissimi
2157 585 2279 650 viri,
2345 587 2487 641 Elias
2532 599 2585 643 et
2632 585 2895 656 lienocb,"
2936 593 3001 645 ad
3065 597 3492 656 annuntiandum

1898 655 2182 733 adventum
2218 656 2458 733 Domini;
2502 667 2556 733 et
2614 655 2972 733 AntichriStus
3025 662 3238 716 occidet
3285 681 3400 733 eos,
3433 655 3489 725 et

1901 734 2022 791 post
2051 726 2164 780 dies
2193 735 2300 782 tres
2331 743 2359 780 a
2405 727 2632 782 Domino
2663 732 3149 786 resuscitabuntur.
3197 734 3346 790 Tunc
3381 726 3486 794 erit

1900 797 2202 872 persecutio
2233 812 2444 872 magna,
2475 799 2648 872 qualis
2680 816 2784 854 non
2821 800 2917 855 fuit
2947 813 3126 866 antea,
3165 819 3260 856 nec
3297 818 3486 872 postea

1897 866 2270 946 subsequetur.
2301 869 2877 946 Ahbreviabi_t_autem_
2900 873 3160 927 Dominus
3191 866 3308 929 dies
3343 879 3484 946 illos,

1899 948 2115 1004 propter
2161 937 2385 1004 electos,
2433 949 2488 992 et
2517 939 2791 994 occidetur
2832 942 3026 996 virtute
3073 946 3280 997 Domini
3335 937 3486 1000 Αηιίξ

1895 1006 2185 1080 christusa
2242 1007 2500 1080 Michaele
2554 1011 2878 1080 archangelo
2929 1013 2980 1064 in
3030 1024 3211 1066 monte
3263 1015 3479 1072 Olivc-ti.

1898 1074 2139 1150 Cumque
2171 1076 2284 1131 hch
2315 1077 2515 1150 Sibylla
2547 1089 2601 1133 et
2631 1081 2734 1133 alia
2760 1074 2948 1134 'multa
2996 1081 3251 1136 Romanis
3285 1088 3487 1150 pretii-

1897 1159 2045 1220 ceret
2092 1149 2286 1210 iutura,
2320 1149 2537 1217 .quibus
2591 1151 2753 1220 etiam
2804 1150 2970 1220 signis
3019 1156 3082 1206 ad
3137 1154 3491 1220 judiCandum

1897 1217 2151 1339 (Dominus
2179 1227 2437 1273 venturus
2465 1227 2566 1281 est.
2596 1217 2944 1276 vaticinando
3000 1217 3189 1280 versus
3224 1226 3480 1293 intonuit,

1937 1301 2083 1339 tcens
2120 1304 2132 1339 :

1937 1301 2083 1340 tcens
2120 1304 2132 1339 ζ

2271 1379 2461 1436 Versus
2500 1383 2732 1453 sibyllini
2785 1384 2850 1436 de
2909 1383 3141 1438 Christo.

1972 1467 2165 1522 Judicii
2195 1469 2442 1535 signum:
2477 1471 2636 1524 tellus
2659 1472 2856 1524 sudore
2882 1473 3174 1534 madescet,

1975 1538 2014 1590 Ε
2047 1540 2184 1591 caelo
2209 1555 2301 1592 rex
2334 1541 2584 1593 adveniet
2617 1555 2712 1607 per
2732 1543 2877 1595 secla
2915 1543 3143 1605 futurus,

1973 1609 2191 1663 Scilicet
2224 1611 2274 1661 in
2305 1624 2469 1663 carne
2499 1625 2758 1678 prmsens,
2793 1622 2848 1664 ut
2885 1612 3088 1679 judicct
3119 1613 3303 1666 orbem
3336 1634 3346 1666 ε

1969 1679 2124 1750 Unde
2155 1681 2320 1732 Deum
2351 1689 2578 1735 cernent
2617 1682 2925 1735 incredulus
2957 1693 3116 1750 atque
3148 1684 3342 1748 ﬁdelis,

1971 1749 2184 1822 Celsum
2218 1765 2340 1802 cum
2371 1752 2572 1804 sanctis
2595 1751 2703 1818 jam
2734 1756 2994 1822 terminus
3023 1749 3200 1805 exstat
3247 1755 3297 1806 in
3344 1755 3484 1822 ipso,

1973 1819 2063 1894 Sic
2095 1822 2441 1894 animmcum
2479 1837 2642 1894 carne
2681 1821 2930 1894 aderunt,
2963 1837 3094 1890 quas
3118 1823 3323 1890 judicat
3351 1819 3486 1894 ipse,

1969 1890 2103 1942 Cum
2132 1889 2278 1958 jacet
2302 1891 2534 1942 incultus
2564 1892 2743 1944 densis
2779 1895 2827 1944 in
2855 1889 3104 1958 vepribus
3124 1889 3302 1952 orbis,

1977 1960 2240 2032 [jejich-nt
2271 1962 2557 2032 simulacra
2590 1963 2686 2014 viri
2722 1971 2969 2015 cunctam
3007 1978 3218 2030 quoque
3249 1979 3457 2032 gazam,

1971 2029 2167 2082 Exuret
2199 2043 2366 2082 terras
2400 2030 2532 2096 ignis
2576 2042 2905 2099 pontumque
2943 2029 3268 2099 polumque}

1973 2101 2254 2166 luquirens
2296 2103 2415 2152 tetri
2452 2109 2628 2166 portas
2673 2101 2912 2168 cii‘ringct
2956 2105 3172 2161 Averni,

1975 2171 2291 2223 Sanctorum
2315 2171 2415 2241 sed
2451 2173 2592 2222 enim
2623 2184 2826 2222 cuncta:
2854 2174 2941 2224 lux
2975 2173 3139 2224 libera
3171 2175 3341 2233 carni,

1971 2241 2270 2293 'l‘radcntur
2302 2240 2496 2302 fontes,
2533 2249 2839 2309 atternaque
2880 2244 3092 2294 llammt
3125 2245 3408 2296 cremabit.

1968 2310 2218 2363 Occultos
2249 2309 2780 2381 actustnanil'estans
2811 2314 3039 2378 quisque
3073 2315 3339 2381 loquetur,

1969 2382 2183 2433 Secreta
2218 2391 2376 2447 atque
2414 2380 2551 2432 Deus
2587 2384 2849 2434 reserabit
2875 2395 3088 2447 pectora
3130 2380 3258 2435 lucis
3289 2400 3302 2444 ;

1969 2449 2117 2502 Tunc
2147 2451 2246 2501 erit
2287 2459 2340 2501 ct
2372 2453 2565 2512 luctus,
2597 2452 2900 2502 stridebuut
2922 2453 3169 2506 dentith
3202 2468 3413 2507 omnes.

1975 2520 2210 2586 Eripitur
2240 2519 2367 2571 aulis
2392 2518 2572 2586 jubar,
2607 2529 2661 2573 et
2682 2520 2881 2573 chorus
2912 2523 3095 2574 interit
3127 2524 3307 2586 a~tris,

1974 2588 2232 2642 Volvetnr
2271 2591 2489 2650 caelum,
2525 2589 2728 2643 lunaris
2759 2592 3013 2652 Splendor
3041 2593 3234 2654 obibit,

1970 2657 2200 2724 Dejiciet
2223 2660 2414 2722 eulles,
2442 2659 2608 2711 valles
2631 2662 2856 2713 extollet
2883 2665 2949 2713 ab
2979 2663 3084 2712 imo
3116 2680 3126 2712 :

1967 2726 2080 2797 [fleo
2113 2729 2212 2778 erit
2246 2729 2295 2779 iu
2328 2728 2487 2797 rebus
2529 2728 2802 2781 hominum
2836 2730 3065 2783 sublime
3091 2733 3167 2782 vel
3209 2732 3394 2797 altum,

1963 2795 2079 2850 Jam
2107 2795 2611 2866 mquantur‘campis
2636 2809 2844 2853 montes
2875 2808 2928 2854 et
2960 2802 3156 2854 merula
3194 2803 3365 2867 ponti,

1963 2868 2154 2923 Omnia
2186 2869 2492 2932 cessabunt,
2528 2868 2683 2922 tellus
2709 2869 2977 2922 enniracta
3011 2873 3233 2935 peribit;

1963 2940 2048 2992 Sic
2075 2938 2269 3005 pariter
2302 2938 2472 2991 fontes
2503 2949 2771 2991 torrentur
2796 2939 3127 3007 ﬂuminaque
3166 2943 3294 2998 igni.

1964 3009 2072 3061 Sed
2104 3007 2226 3060 tuba
2257 3022 2350 3073 per
2372 3009 2605 3060 sonitum
2641 3013 2845 3062 tristem
2879 3009 3114 3062 dimittet
3141 3010 3206 3060 ab
3240 3011 3369 3070 alto,

1967 3078 2108 3131 Orbe
2138 3091 2307 3146 genus
2330 3077 2540 3129 lacinus
2570 3078 2826 3130 miserum
2852 3083 3138 3146 variosque
3172 3080 3409 3142 labores,

1966 3149 2390 3213 Tartareumque
2425 3148 2590 3200 chaos
2623 3149 2942 3201 monstrabit
2991 3158 3130 3202 terra
3170 3151 3484 3204 dehiscens.

1818 3215 1865 3278 C
1972 3219 2037 3272 Et
2067 3233 2246 3272 coram
2278 3217 2382 3272 hoc
2409 3218 2634 3271 Domino
2658 3231 2809 3287 rcges
2839 3220 3098 3272 siStentur
3128 3221 3191 3271 ad
3219 3236 3410 3283 unum,

1975 3289 2194 3344 itecidet
2219 3303 2250 3340 e
2275 3289 2424 3342 caelis
2458 3289 2701 3358 ignisque
2725 3298 2779 3341 et
2809 3289 3078 3355 sulphuris
3101 3293 3293 3342 amnis.

1971 3380 2403 3461 Tuncjudicabit
2436 3380 2689 3461 Dominus
2733 3381 3028 3460 secundum
3063 3381 3481 3461 uniuscujusque

1856 3476 1864 3486 -
1899 3466 2055 3519 opus,
2086 3462 2139 3502 et
2163 3451 2311 3502 ibunt
2339 3450 2483 3516 impii
2517 3450 2566 3501 in
2594 3449 2892 3515 gehennam
2927 3452 3058 3517 ignis
3085 3452 3307 3511 :czerni;
3355 3451 3484 3519 justi

1899 3537 2023 3575 vero
2079 3521 2199 3572 vitm.
2248 3530 2463 3572 mternre
2514 3522 2789 3586 praemium
2835 3522 3124 3586 recipient;
3190 3531 3241 3573 et
3289 3533 3482 3574 cinium

1899 3604 2117 3654 novum,
2149 3599 2202 3643 et
2233 3599 2429 3642 terram
2464 3604 2689 3654 novam;
2745 3603 2794 3644 et
2831 3606 2978 3643 mare
3023 3591 3134 3658 jam
3188 3609 3294 3642 nun
3353 3596 3478 3644 erit.

1903 3662 1966 3714 Et
1999 3661 2240 3782 regxaliit
2271 3659 2526 3715 Dominus
2554 3677 2672 3713 cum
2720 3662 2920 3714 sanctis
2954 3665 3002 3713 in
3033 3677 3106 3713 διε
3145 3663 3224 3712 ula
3259 3663 3486 3712 s:eculo-

1904 3750 2041 3782 rum.
2136 3745 2279 3782 men.

1904 3750 2041 3786 i'ltttl.
2086 3745 2279 3783 Amen.

214 3861 237 3902 ε
1807 3864 2034 3869 _____
2049 3861 3493 3884 _.___________________

1496 3974 2154 4154 appetiuit

1496 4025 1700 4154 ap
1798 4025 2154 4115 suum

350 4245 612 4356 an
691 4025 2552 4411 vnnnnnmgrignnm
2637 4231 3384 4345 spunm.

829 4505 1902 4661 HISPERICA
2007 4502 2770 4643 FAMINA
2817 4606 2859 4660 .,

1801 4721 1917 4759 δικ-ε

447 4853 1125 4940 LATINITATIS
1190 4841 1775 4924 lNUSITAT/E
1830 4844 2028 4919 VEL
2092 4837 2507 4915 ARCAN/E
2568 4834 3189 4911 OPUSCUI.UM
3229 4889 3249 4924 ,

1448 5005 1818 5076 AUCTORE
1866 4999 2233 5063 INCERTO.

603 5164 687 5218 an
727 5164 1015 5214 ANGELO
1053 5159 1283 5217 nmo,
1324 5151 1546 5208 JUXTA
1591 5146 1793 5211 ANTIQ

1911 5143 1943 5195 il
1982 5138 2279 5194 CODICEM
2324 5137 2722 5194 VATICANU“
2750 5176 2765 5201 ,
2811 5135 3089 5192 EDITUM.

763 5275 768 5278 ’
1417 5279 1754 5339 (Classicornm
1774 5277 2024 5324 auctorum
2046 5278 2160 5322 tom.
2185 5271 2272 5333 γ.)

1424 5499 1646 5585 ΜΑΙΙ
1710 5502 2238 5582 MONITUM.

283 5666 337 5721 1.
387 5660 502 5716 line
553 5655 802 5710 inauditae
857 5652 1160 5706 Latinitatis
1213 5646 1528 5721 opusculum
1558 5640 1784 5721 __jam_din

210 5711 344 5795 mihi
374 5711 712 5787 observatum
746 5726 916 5777 inerat
949 5711 1433 5795 ittreginzeSttecm
1459 5711 1792 5795 Cmiirenva:

209 5780 683 5869 Vx.
711 5797 792 5852 vel
827 5809 900 5863 ιι,
931 5793 1019 5862 qui
1051 5780 1145 5844 [υἷι
1191 5792 1316 5844 ⁰¹¹¹¹¹
1359 5783 1624 5842 ⁸⁹¹¹³¹⁰τί⁸
1655 5780 1789 5840 eam

856 5877 876 5906 ἲ

1897 5638 2099 5693 Petavii
2145 5654 2159 5692 :
2213 5629 2561 5702 expectabam
2618 5644 2795 5688 autem
2846 5633 3090 5688 idoneam
3141 5633 3476 5686 occasionem

1893 5711 2083 5764 edendi
2113 5710 2250 5776 ejus,
2276 5717 2608 5776 quamnunc
2634 5707 3014 5776 grammaticus
3040 5703 3286 5768 Virgilius
3314 5705 3479 5755 obtu-

1897 5781 1976 5848 lit,
2008 5781 2073 5834 ad
2101 5773 2258 5849 quem
2288 5773 2573 5845 singularis
2617 5775 2911 5830 Latinitatis
2956 5780 3339 5843 prmocptoretn
3371 5790 3477 5829 non
