3866 6248
310 416 380 471 t5
1574 429 2029 483 tlEXAl-JilliltUN
2072 429 2195 485 Lis.
2241 435 2278 487 ι.
3457 446 3520 514 η

322 581 1281 606 Μ

1373 590 2677 614 ————___._____.._________

1298 711 1720 791 ’lNCIPlT
1791 717 2083 793 LIBER
2136 721 2542 796 PRIMUS.

390 883 453 936 lit
482 884 728 952 principio
756 885 936 937 creavit
963 883 1093 936 Deus
1115 885 1292 937 calum
1325 895 1372 937 ιι
1398 894 1602 970 terram.
1631 884 1870 941 Creatio-
1901 897 1942 949 Α
1974 889 2212 955 superius
2244 890 2368 944 illud
2397 894 2587 947 caelum
2615 936 2628 959 ,
2663 895 2798 961 quod
2833 900 3128 954 mortalium
3158 909 3390 964 omnium
3434 929 3514 969 est

312 991 440 1028 nem
474 977 650 1028 mutuli
699 976 972 1029 insinuans
1001 977 1270 1043 Scriptura
1309 976 1507 1039 divina,
1557 989 1676 1044 apte
1707 981 1872 1045 primo

312 1068 498 1116 statim
531 1066 695 1119 verbo
725 1067 1068 1122 mternitatem
1124 1077 1279 1132 atque
1321 1069 1754 1135 omnipotentiam
1782 1070 1872 1124 Dei

311 1159 572 1209 creatoris
601 1158 851 1209 ostendit.
872 1157 1039 1222 Quem
1069 1160 1207 1210 enim
1231 1157 1560 1230 inprincipio
1581 1169 1892 1226 temporum-

313 1245 570 1299 mundum
601 1260 808 1300 creasse
837 1247 1096 1313 perhﬂiet,
1125 1246 1293 1312 ipsum
1323 1251 1558 1314 proiecto
1592 1261 1712 1304 ante
1744 1261 1876 1304 tem—

315 1347 447 1398 pora
475 1334 792 1387 :eterualiter
838 1326 1107 1389 exstitisse
1155 1337 1416 1404 designat.
1469 1336 1532 1390 Et
1578 1353 1731 1407 quem
1765 1341 1875 1405 ipso

311 1421 630 1476 conditionis
659 1423 805 1475 initio
835 1426 1026 1478 coelum
1058 1435 1108 1478 et
1139 1435 1330 1478 terram
1360 1440 1566 1479 creasse
1596 1436 1790 1486 narrat,
1823 1428 1872 1479 in

313 1518 461 1562 tanta
508 1509 778 1564 celeritate
813 1511 1135 1578 operationis
1182 1514 1590 1579 omnipotentem
1637 1529 1754 1568 case
1783 1516 1874 1568 de-

311 1602 482 1651 clarat
515 1608 538 1633 ⁸
567 1600 648 1653 cui
680 1600 908 1653 voluisse
931 1601 1116 1656 fecisse
1143 1612 1243 1656 est.
1271 1604 1398 1656 Nam
1429 1604 1649 1656 humana
1681 1607 1875 1671 fragili-

311 1695 400 1738 tas
429 1702 544 1739 cum
575 1689 769 1754 aliquid
801 1701 1077 1755 operatur:
1108 1692 1253 1744 verbi
1303 1693 1485 1760 gratia,
1517 1709 1634 1744 cum
1661 1693 1870 1746 domum

309 1775 655 1840 aediﬁcamus,
699 1779 748 1829 in
781 1779 1035 1844 principio
1082 1781 1258 1845 Oper-is
1279 1781 1558 1854 materiam
1616 1797 1874 1850 praepara-

309 1881 454 1928 inus,
482 1876 534 1918 et
562 1876 680 1934 post
723 1869 820 1920 hoc
869 1869 1177 1938 principium
1225 1870 1452 1922 fodimus
1483 1873 1532 1923 in
1563 1872 1752 1936 altum,
1783 1875 1872 1926 dc-

310 1954 440 2009 in'de
485 1956 814 2008 itntniltitnus
864 1958 1063 2022 lapides
1112 1958 1162 2010 in
1211 1959 1628 2024 luudatuenttmi,
1681 1962 1872 2016 deinde

309 2044 539 2110 parietes
585 2046 988 2111 augescentibus
1043 2046 1272 2115 lapidum
1326 2049 1599 2102 ordinibus
1628 2051 1870 2117 ,apponi-

310 2145 456 2194 ntus,
503 2133 681 2199 sicque
724 2135 970 2200 paulatim
1011 2137 1074 2184 ad
1123 2136 1494 2199 perfectionem
1544 2141 1718 2203 operis
1751 2156 1864 2204 pro-

1975 977 2336 1034 inaccessibile
2363 985 2760 1051 conspectibus,
2803 988 2956 1042 inane
2985 1003 3212 1047 creatum
3243 1009 3324 1052 est
3351 1013 3404 1056 «τι
3424 1019 3515 1058 va-

1973 1081 2125 1120 cuum
2165 1069 2215 1120 in
2245 1079 2420 1134 terra,
2451 1088 2567 1138 quae
2620 1074 2748 1128 nihil
2799 1080 2850 1129 in
2901 1081 3060 1145 prima
3106 1097 3195 1135 sui
3246 1091 3512 1148 creatione

1973 1155 2250 1210 virentium
2300 1161 2594 1227 germinum
2644 1164 2725 1216 vel
2777 1152 3076 1222 viventium
3107 1175 3349 1240 produxit
3395 1185 3510 1236 ani-

1976 1245 2226 1297 mantium
2251 1288 2265 1312 ,
2295 1248 2414 1315 quia
2447 1248 2688 1304 nimirum
2730 1256 2840 1307 suis
2884 1256 3070 1312 incolis
3117 1253 3233 1316 max
3263 1280 3349 1319 cre
3385 1279 3513 1335 tum,

1974 1333 2073 1388 hoc
2101 1346 2180 1388 est
2210 1338 2528 1393 beatissintis
2568 1345 2873 1411 angelorum
2913 1351 3204 1415 agminibus
3245 1333 3509 1424 impletum

1974 1433 2090 1485 est;
2138 1439 2268 1491 quos
2317 1427 2368 1478 in
2402 1428 2651 1494 principio
2697 1447 2814 1486 cum
2855 1440 2988 1488 etelo
3016 1449 3066 1490 et
3113 1450 3246 1495 terra
3278 1450 3514 1502 Condito:

1974 1526 2109 1574 csse,
2128 1530 2189 1566 ac
2216 1531 2331 1567 nios
2365 1518 2716 1574 conditionem
2741 1538 2890 1578 suam
2919 1529 3072 1581 simul
3098 1542 3145 1583 et
3176 1536 3329 1589 totius
3357 1554 3509 1593 crea-

1977 1612 2102 1652 tura-
2150 1606 2500 1666 primordialis
2564 1611 2626 1662 ad
2674 1611 2877 1666 laudem
2925 1622 3176 1674 creatoris
3229 1627 3507 1693 retulisse,

1976 1700 2192 1743 tesatur
2223 1694 2330 1759 ipse
2378 1697 2655 1762 Conditor,
2700 1704 2785 1766 qtti
2816 1704 3032 1770 loquens
3072 1710 3134 1762 ad
3165 1723 3395 1768 sanctum
3427 1718 3503 1772 la-

1976 1783 2167 1834 utulunt
2211 1799 2363 1839 suum
2405 1788 2503 1840 Job
2532 1791 2696 1843 dicit:
2750 1793 2844 1846 [ω
2869 1812 2981 1850 erus
3023 1807 3221 1869 quando
3267 1812 3505 1872 ponebant

1973 1871 2298 1936 fundamenta
2344 1884 2490 1929 terra:
2523 1877 2637 1944 (Job
2691 1896 2920 1947 XXXVIII,
2953 1885 3052 1952 li)?
3085 1889 3147 1942 Et
3174 1871 3323 1957 paulo
3355 1883 3461 1959 ριῖδο
3488 1917 3502 1952 ε

1973 1959 2099 2012 Cum
2122 1977 2200 2014 me
2227 1963 2489 2018 laudarent
2526 1971 2675 2020 simul
2708 1984 2844 2024 astra
2877 1977 3148 2039 matutina,
3176 1993 3220 2032 et
3247 1985 3512 2046 iubilareut

1971 2068 2138 2105 omnes
2175 2055 2271 2119 ﬁlii
2302 2054 2394 2107 0ιοί
2435 2058 2452 2126 (
2483 2055 2638 2124 ibid.,
2662 2062 2712 2128 7)
2743 2079 2756 2124 ;
2799 2074 2936 2116 astra
2987 2068 3226 2122 videlicet
3260 2077 3508 2128 matutim

1971 2143 2183 2194 eosdem
2211 2146 2448 2210 angelos.
2479 2164 2609 2215 quos
2632 2159 2681 2199 et
2705 2151 2837 2202 lilios
2864 2153 2951 2204 Dei
2980 2169 3307 2222 nuncupatis,
3338 2163 3399 2212 ad
3430 2165 3510 2214 di.

311 2221 470 2287 positi
517 2223 838 2288 proliciendo
885 2225 1240 2292 pervenimus.
1297 2226 1435 2278 Deus
1488 2238 1660 2280 autem
1717 2245 1866 2292 Ctljlts
1901 2222 1942 2278 Β
1970 2231 2301 2284 stlnctiouem
2325 2234 2567 2287 nimirum
2601 2238 2868 2292 hominum
2891 2253 3225 2309 sanctorum,
3254 2221 3339 2316 qui
3370 2261 3509 2315 post-

306 2314 644 2379 0t.nipotens
693 2327 876 2365 manus
923 2323 1005 2366 est
1046 2315 1110 2366 ad
1160 2315 1472 2378 explendum
1515 2332 1644 2382 Opus
1694 2333 1866 2379 suum,

311 2417 420 2451 taou
468 2402 610 2469 eguit
661 2418 807 2455 mora
868 2411 1199 2470 temporum,
1256 2405 1373 2470 quia
1439 2405 1690 2472 scriptum
1753 2421 1869 2458 est:

311 2490 501 2542 Omnia
537 2505 846 2560 quacunque
876 2493 1034 2544 voluit
1065 2494 1180 2560 fecit
1231 2491 1396 2556 (Psal.
1431 2509 1581 2556 cxiii,
1607 2495 1682 2560 ⁸5).
1730 2493 1874 2547 Unde

309 2577 696 2644 beueplacuutn
729 2588 835 2641 est,
885 2581 1006 2646 quia
1044 2581 1094 2631 in
1125 2582 1370 2648 principio
1413 2586 1591 2633 creavit
1619 2583 1747 2641 bats
1775 2598 1873 2634 (tr.-

309 2670 422 2719 lum
449 2680 494 2718 et
517 2677 724 2729 terram,
759 2679 811 2720 ut
852 2677 1030 2735 aperte
1056 2669 1208 2721 detur
1243 2669 1460 2737 intelligi
1500 2674 1637 2738 quoi
1671 2685 1872 2726 utrum-

309 2771 418 2822 que
461 2761 611 2808 simul
645 2755 671 2793 δ
699 2771 728 2809 a
762 2759 867 2812 Deo
921 2760 1112 2810 laetum
1159 2755 1261 2822 est,
1308 2763 1545 2827 quamvis
1599 2773 1872 2830 utrumque

309 2844 471 2895 simul
503 2846 568 2894 ah
598 2845 809 2898 homine
836 2847 936 2898 dici
982 2861 1084 2898 non
1120 2850 1305 2910 possit.
1335 2848 1567 2917 Denique
1597 2853 1721 2904 dicit
1752 2869 1870 2918 pro-

313 2933 470 2998 pheta
505 2949 519 2987 :
554 2930 710 2986 Initio
747 2943 930 2987 terram
968 2946 1022 2988 tu
1071 2939 1316 3004 fundasti,
1361 2936 1576 2992 Domine
1597 2939 1766 3011 (Paul.
1793 2959 1866 3005 Ci,

307 3024 431 3088 26).
476 3027 569 3079 Hic
595 3036 768 3081 autem
803 3029 1075 3096 Dominus,
1107 3032 1157 3083 in
1185 3033 1438 3100 principio
1466 3035 1655 3088 etclam
1683 3046 1736 3088 ct
1765 3049 1865 3091 ter-

309 3129 427 3166 ram
459 3129 665 3168 creasse
713 3129 983 3182 narratur;
1036 3120 1174 3174 unde
1217 3123 1408 3190 liquido
1458 3126 1720 3192 colligitur
1747 3129 1866 3196 quia

310 3202 513 3256 factura
562 3215 639 3257 est
685 3208 956 3284 utriusque
998 3209 1238 3264 elementi
1292 3214 1484 3280 pariter
1536 3217 1772 3281 expleta,
1817 3229 1868 3270 ct

313 3298 420 3349 hoc
451 3309 592 3351 tanta
623 3282 903 3363 velocitate
930 3304 1120 3358 divina:
1162 3307 1390 3371 virtutis,
1423 3319 1477 3361 ut
1508 3309 1727 3363 necdum
1759 3313 1868 3374 (ri-

306 3401 457 3438 mum
486 3388 660 3440 mundi
692 3392 955 3446 nascentis
977 3406 1297 3447 momentum
1320 3408 1458 3449 esset
1485 3407 1864 3451 transcensum.

387 3478 561 3531 i’utest
587 3490 758 3533 autem
790 3497 888 3533 non
917 3485 1327 3551 improbabiliter
1370 3487 1585 3554 intelligi
1627 3489 1678 3540 itt
1718 3490 1861 3555 prin-

305 3565 453 3632 cipio
478 3565 666 3620 fecisse
683 3573 842 3621 Deum
865 3572 1053 3624 cmlum
1080 3582 1133 3624 et
1155 3584 1344 3626 terram
1368 3575 1416 3628 in
1438 3574 1714 3643 Uuigenito
1738 3576 1862 3628 Filio

305 3669 447 3717 suo,
479 3659 566 3720 qui
595 3657 1039 3725 interrogantibus
1077 3677 1136 3713 se
1165 3662 1391 3725 Judavis,
1443 3666 1565 3730 quid
1599 3680 1714 3717 eum
1748 3680 1862 3717 crc-

305 3743 440 3796 dere
475 3744 758 3811 deberent,
809 3749 1078 3814 respondit
1104 3767 1116 3800 :
1170 3750 1482 3814 Priitripinm
1508 3763 1530 3790 ε
1555 3756 1688 3816 quod
1717 3763 1762 3805 et
1788 3755 1862 3805 lo-

303 3846 437 3898 quar
463 3831 592 3884 vobis
614 3831 790 3901 (Joan.
821 3849 932 3898 vni,
956 3835 1068 3902 25).
1088 3837 1214 3901 Quia
1239 3839 1288 3889 in
1315 3839 1442 3904 ipso,
1467 3849 1522 3893 ut
1550 3841 1622 3892 ait
1643 3844 1862 3908 Aposto-

307 3922 394 3970 Itis
436 3917 623 3986 (Calas.
668 3935 705 3982 ι,
751 3923 837 3989 16)
861 3963 874 3983 ,
909 3925 1110 3975 condita
1149 3935 1263 3977 sunt
1291 3930 1456 3978 omnia
1496 3929 1546 3978 in
1576 3928 1711 3981 (telis
1734 3938 1778 3981 et
1810 3931 1861 3981 in

305 4019 466 4061 terra.
505 4010 605 4061 Sed
633 4009 914 4077 diligenter
941 4013 1264 4072 intuendum.
1301 4029 1353 4066 ιιι
1384 4016 1460 4066 ita“
1491 4022 1710 4083 quisque
1737 4035 1858 4070 sen-

305 4097 460 4151 sibus
488 4099 782 4164 allegoricis
827 4099 1058 4152 studium
1091 4102 1393 4170 impendat,
1423 4120 1682 4172 quatenus
1712 4123 1860 4176 aper-

308 4198 420 4241 tam
452 4187 681 4241 histor-ite
709 4187 862 4240 Iidem
894 4191 1249 4256 allegoriando
1273 4210 1375 4246 non
1405 4197 1750 4264 derelinquat.

384 4281 532 4344 Quod
563 4290 737 4333 autem
766 4281 844 4330 vel
873 4282 1030 4348 quale
1067 4283 1134 4335 sit
1161 4285 1350 4338 cmlum
1374 4327 1388 4348 ,
1421 4288 1557 4353 quod
1591 4288 1643 4340 in
1673 4290 1861 4354 princi-

310 4374 404 4437 pio
431 4385 548 4424 cum
576 4383 714 4424 terra
765 4370 955 4424 iactum
985 4383 1065 4425 est
1087 4414 1101 4436 ,
1145 4377 1486 4444 sequentibus
1528 4378 1698 4431 verbis
1730 4379 1858 4433 insi-

307 4469 506 4512 nuatur
532 4476 647 4513 cum
678 4459 886 4512 dicitur.

385 4544 542 4599 Terra
563 4559 725 4599 autem
768 4558 872 4600 erat
903 4549 1066 4601 inanis
1113 4561 1158 4603 rt
1185 4568 1374 4616 vacua,
1406 4564 1450 4606 et
1480 4556 1692 4609 tenebra:
1711 4575 1860 4625 super

307 4635 495 4702 [aciem
521 4639 708 4706 abyssi.
747 4639 952 4707 thuid
1005 4655 1142 4694 enim
1176 4642 1286 4694 haec
1332 4642 1397 4696 de
1439 4655 1572 4696 terra
1596 4686 1608 4708 ,
1639 4657 1856 4712 preter-

309 4725 479 4778 misso
505 4731 661 4792 caelo,
689 4730 861 4782 intulit
889 4773 902 4792 ,
937 4733 1032 4784 nisi
1064 4735 1183 4798 quia
1225 4734 1351 4785 nihil
1386 4737 1486 4787 tale
1525 4739 1591 4788 de
1615 4742 1750 4791 ctelo
1779 4740 1858 4791 itt-

309 4815 481 4882 telligi
507 4817 713 4870 voluit?
743 4819 912 4886 Ipsum
939 4833 1018 4873 est
1046 4820 1187 4873 enim
1211 4824 1401 4876 ctelum
1429 4825 1690 4890 superius,
1716 4830 1852 4894 quod

305 4902 377 4954 ab
409 4905 547 4953 omni
583 4904 737 4971 bujus
768 4907 944 4958 mutuli
992 4909 1201 4960 volubili
1243 4920 1380 4960 statu
1426 4922 1686 4963 secretum
1715 4913 1855 4963 divi-

307 5007 395 5043 tire
426 4993 586 5056 gloria
633 4999 970 5060 prcscieutize
995 4986 1416 5065 mantu’semper
1440 5000 1690 5066 quietum.
1724 5003 1851 5056 Nam

305 5086 375 5132 de
411 5080 588 5134 nostro
615 5088 780 5145 cmlo.
812 5086 863 5139 itt
894 5101 995 5152 quo
1034 5098 1157 5139 sunt
1189 5093 1348 5153 po.~ita
1400 5089 1702 5152 luminaria,
1733 5093 1852 5145 huic

305 5173 508 5224 saeculo
557 5177 888 5242 necessaria,
939 5178 989 5226 in
1034 5181 1373 5243 sequentibus
1438 5183 1722 5247 scriptura,
1771 5186 1850 5235 vel

307 5269 595 5331 quomodo,
626 5270 704 5322 vel
743 5269 952 5337 quando
990 5269 1056 5321 sit
1088 5268 1276 5324 factum
1307 5271 1556 5324 declarat.
1587 5271 1697 5322 Non
1727 5286 1850 5338 ergo

385 5385 411 5412 ⁸
453 5378 532 5430 ΑΙ.
564 5380 725 5447 cujus.

382 5447 412 5483 δ
450 5447 603 5511 Editi,
630 5451 691 5499 ab
717 5466 793 5501 ro.

385 5526 409 5552 ε
451 5514 522 5567 Ita
550 5517 867 5579 antiquiores
908 5517 1010 5568 dno
1037 5517 1256 5569 Codices
1305 5536 1432 5572 tuss.
1466 5521 1809 5572 Floriacensis
1836 5561 1848 5581 ,

306 5594 361 5638 et
391 5581 722 5639 Curlieieosis
751 5601 913 5645 mins.
943 5596 1097 5651 atque
1130 5587 1197 5637 ita
1231 5587 1413 5655 legunt
1457 5595 1622 5643 sancti
1673 5589 1850 5641 Patres

306 5655 636 5716 Atttbrosins,
668 5655 754 5708 lib.
786 5671 830 5718 t,
865 5655 916 5703 in
947 5655 1289 5722 llesamnron,
1318 5672 1434 5722 cap.
1462 5659 1496 5709 ‘2
1519 5667 1571 5710 et
1599 5658 1629 5706 4
1677 5667 1727 5708 et
1760 5661 1847 5708 lib.

305 5737 362 5774 ut
406 5724 472 5776 de
500 5723 623 5776 Fide
646 5723 710 5776 ad
738 5723 914 5784 Grat.,
944 5735 990 5772 c.
1021 5720 1072 5784 4,
1118 5734 1166 5774 et
1201 5725 1290 5776 liti.
1328 5720 1455 5790 v,'c.
1486 5727 1537 5790 4,
1568 5737 1621 5780 et
1642 5736 1845 5780 sanctus

1888 4869 1936 4925 D

1974 2320 2181 2373 modum
2215 2322 2445 2389 creandi,
2479 2338 2539 2377 ac
2566 2327 2702 2378 velut
2729 2339 2868 2381 astra
2918 2334 3210 2399 vespertina
3235 2349 3348 2403 post
3376 2355 3513 2394 cun-

1975 2413 2255 2467 fessionem
2284 2415 2471 2468 divina:
2499 2416 2811 2472 laudationis
2856 2435 2946 2486 per
2978 2436 3194 2477 murti-tu
3223 2440 3369 2483 erant
3393 2447 3507 2484 car.

1983 2500 2062 2552 uis
2109 2505 2382 2566 ocrasuri;
2433 2520 2462 2556 e
2507 2506 2690 2571 quibus
2734 2509 2975 2562 vnleltht
3019 2515 3175 2565 astris
3223 2521 3509 2583 matutinis,

1975 2601 2129 2638 unum
2171 2590 2239 2641 ob
2281 2592 2583 2657 despectum
2623 2595 2779 2645 sociae
2829 2596 2916 2647 Dei
2969 2598 3277 2655 laudationis
3324 2610 3506 2662 audire
3575 2653 3581 2659 .

1974 2676 2154 2728 metuit
2184 2694 2196 2727 :
2233 2678 2491 2741 Quomodo
2545 2683 2760 2734 cecidisti
2787 2685 2846 2735 de
2867 2686 3008 2748 calo,
3046 2685 3265 2755 Lucifer,
3295 2695 3382 2760 qui
3402 2713 3509 2748 ma.

1973 2779 2034 2812 ne
2062 2765 2238 2815 orieba.
2257 2767 2298 2816 is
2322 2767 2346 2819 Ρ
2387 2765 2628 2820 Corruiin
2654 2769 2704 2821 in
2730 2781 2913 2823 terram
2959 2775 3042 2840 qui
3069 2778 3362 2832 vulnerubas
3386 2801 3505 2850 gen-

1973 2859 2064 2913 les,
2090 2853 2172 2916 qui
2211 2854 2405 2905 dicebas
2450 2857 2500 2906 in
2527 2859 2674 2909 corde
2713 2871 2831 2911 tuo:
2882 2860 2942 2912 In
2971 2864 3146 2915 (celum
3197 2873 3461 2925 ascendam
3490 2919 3500 2938 ,

1969 2954 2116 3005 super
2159 2940 2324 2992 sidera
2366 2940 2472 2994 ’Dei
2518 2948 2744 2999 exaltabo
2783 2947 2960 3006 saliunt
3009 2968 3167 3005 meum
3211 2958 3352 3023 (lsa.
3398 2976 3502 3014 Its.

1972 3025 2037 3078 12
2066 3029 2102 3090 ).
2153 3027 2202 3078 lu
2247 3032 2394 3094 cujus
2436 3035 2764 3097 expositione
2812 3042 3088 3094 sententia:
3137 3055 3345 3099 sanctus
3385 3051 3510 3105 llic.

1971 3129 2221 3182 routmus
2243 3119 2476 3172 meminit
2507 3125 2660 3174 e-iam
2689 3127 2912 3193 superim
2929 3128 2971 3182 is
2992 3133 3130 3194 cudi,
3151 3134 3215 3186 ita
3240 3139 3501 3194 saribeis.

1955 3222 1994 3255 .t
2022 3204 2109 3257 Vel
2140 3216 2416 3275 antequam
2447 3210 2512 3263 de
2537 3212 2669 3266 coelo
2699 3226 2968 3271 corrueret
2989 3260 3001 3281 ,
3033 3219 3126 3272 ista
3151 3225 3389 3288 dicebat;
3425 3246 3503 3283 ve.

1971 3311 2246 3365 postquam
2274 3301 2339 3354 de
2367 3303 2500 3355 caelo
2527 3306 2727 3358 corruit
2751 3324 2762 3356 :
2795 3307 2837 3359 si
2861 3310 3028 3362 adlmc
3057 3312 3105 3364 in
3127 3314 3260 3368 cudo
3284 3320 3498 3386 positus,

1969 3391 2228 3453 quomodo
2271 3392 2437 3446 dicit:
2492 3396 2763 3450 Ascendam
2810 3401 2858 3449 in
2898 3401 3118 3454 malum?
3152 3405 3241 3455 sed
3285 3409 3402 3470 quia
3435 3411 3504 3460 le-

1970 3481 2134 3542 gimus
2155 3518 2170 3542 ,
2209 3482 2394 3533 Caium
2435 3485 2544 3535 caeli
2585 3483 2798 3536 Domino
2819 3529 2832 3548 ,
2867 3501 2985 3539 cum
3016 3500 3152 3541 esset
3180 3492 3228 3541 itt
3251 3495 3385 3546 cwlo
3405 3536 3420 3559 ,
3449 3498 3495 3550 ἰδ’

1965 3577 2066 3628 est,
2098 3571 2442 3629 lirtnamento,
2487 3573 2534 3621 iu
2565 3573 2776 3634 caelum,
2813 3575 2896 3626 tibi
2943 3577 3128 3629 solium
3167 3583 3366 3635 Ποιηῑηὶ
3397 3596 3496 3649 est,

1964 3657 2205 3721 cupiebat
2229 3660 2548 3719 ascendere,
2603 3676 2702 3712 non
2739 3665 3069 3732 humilitate,
3121 3672 3207 3723 scel
3236 3678 3495 3742 superbia.

1965 3744 2054 3797 Sin
2082 3756 2254 3798 autem
2306 3759 2574 3813 postquam
2615 3750 2680 3802 de
2707 3752 2842 3804 caalo
2887 3759 3083 3810 corruit
3126 3760 3217 3813 ista
3248 3758 3492 3828 loquitur:

1967 3835 2118 3886 verba
2147 3838 2455 3904 arrogantiae
2493 3838 2744 3891 debemus
2772 3842 3080 3911 intelligere,
3128 3852 3211 3915 qui
3242 3868 3334 3904 nec
3360 3870 3490 3920 prai-

1961 3928 2200 3991 cipitatus
2228 3928 2472 3993 quiescat,
2498 3928 2587 3980 sed
2615 3930 2784 3983 adhuc
2810 3930 2904 3984 sibi
2923 3933 2946 3969 ἀ
2967 3940 3180 4002 grandia
3214 3948 3485 4009 repromit-

1964 4027 2064 4077 tat.
2098 4034 2199 4068 non
2227 4028 2280 4068 ut
2324 4019 2458 4069 inter
2485 4031 2642 4083 astra,
2675 4022 2766 4073 sed
2807 4010 2965 4090 super
3000 4035 3137 4077 astra
3171 4029 3256 4082 Dei
3288 4034 3348 4083 sit
3377 4037 3489 4101 (lib.

1961 4123 2027 4170 vr,
2059 4108 2109 4159 in
2134 4105 2398 4174 Isaiam)»
2432 4109 2614 4162 Merito
2642 4112 2814 4180 itaque
2842 4118 3174 4172 cmlum'ruili
3200 4140 3297 4174 ttttll
3341 4125 3495 4181 inane

1960 4197 2039 4249 vel
2070 4212 2287 4250 vacuum
2334 4213 2452 4252 esse
2497 4196 2686 4253 factum
2735 4211 3083 4270 memoratur,
3115 4211 3204 4261 sed
3236 4226 3329 4264 nec
3353 4224 3491 4267 lene-

1959 4285 2067 4338 bris
2095 4287 2144 4337 in
2172 4301 2234 4337 eo
2265 4288 2341 4338 vel
2372 4287 2562 4355 abysso
2594 4289 2733 4338 locus
2775 4306 3047 4346 remanere
3087 4297 3219 4349 ullus
3247 4301 3488 4366 perhibe—

1961 4383 2062 4437 tur,
2090 4375 2225 4442 quud
2275 4375 2520 4427 Dominus
2555 4376 2686 4428 Deus
2713 4377 2966 4431 ia'luuiinat
2991 4423 3004 4445 ,
3035 4393 3087 4435 et
3112 4389 3258 4452 cujus
3285 4390 3490 4444 lucerna

1958 4476 2040 4519 cst
2068 4467 2263 4535 Agnus.
2292 4466 2351 4519 Et
2377 4469 2559 4519 merito
2583 4469 2744 4520 inanis
2767 4485 2876 4521 erat
2906 4486 2965 4522 ac
2997 4489 3152 4527 vacua
3186 4487 3342 4542 terra,
3373 4497 3489 4536 cum

1958 4556 2128 4610 adhuc
2156 4568 2260 4610 tota
2291 4558 2500 4627 abysso,
2531 4559 2578 4609 id
2607 4567 2714 4622 est,
2752 4561 3001 4614 immensa
3035 4565 3382 4627 profunditate
3413 4584 3490 4626 te-

1957 4645 2171 4711 gebatur
2197 4661 2466 4710 aquarum.

2025 4735 2212 4788 Merito
2242 4735 2471 4787 tenebrte
2522 4750 2677 4802 super
2704 4735 2884 4789 faciem
2930 4748 3079 4791 erant
3125 4742 3322 4811 abyssi,
3371 4763 3488 4803 cum

1959 4825 2177 4877 necdum
2206 4825 2288 4877 lux
2313 4864 2329 4886 ,
2359 4838 2473 4891 qua?
2497 4825 2588 4874 has
2617 4829 2811 4891 lngaret
2837 4835 3007 4881 creata
3037 4841 3132 4882 est.
3167 4833 3277 4885 Non
3316 4847 3488 4891 autem

1958 4915 2198 4968 audiendi
2242 4923 2364 4966 sunt
2401 4914 2486 4980 qui
2515 4955 2529 4973 ,
2578 4916 3020 4981 reprehendentes
3070 4920 3227 4974 Deum
3254 4963 3268 4986 ,
3314 4924 3492 4978 dicunt

1960 5003 2199 5056 tenebras
2250 5018 2367 5054 etttn
2416 5014 2692 5073 antequam
2738 5007 2901 5060 lucem
2951 5024 3194 5076 creasse,
3242 5016 3491 5082 quianon

1957 5093 2093 5145 Deus
2122 5093 2361 5145 tenebras
2409 5093 2458 5144 iu
2491 5110 2620 5161 aqua
2649 5098 2727 5148 vel
2759 5113 2878 5149 aere
2907 5083 3027 5152 fecit
3055 5102 3206 5166 ullas,
3239 5103 3326 5156 secl
3354 5085 3514 5156 ordi:

1955 5198 2020 5236 ne
2046 5182 2291 5236 distincto
2321 5182 2664 5261 providentia;
2709 5202 2835 5251 sum,
2872 5189 3012 5253 prius
3040 5205 3200 5257 aquas
3225 5207 3339 5244 cum
3361 5194 3499 5248 cwlo

1952 5274 2148 5325 creavit
2175 5285 2236 5322 ac
2268 5281 2402 5324 terra
2427 5313 2441 5336 ,
2469 5284 2522 5327 et
2553 5275 2646 5327 bas
2675 5279 3148 5340 postmodumrcum
3177 5283 3338 5334 voluit
3363 5281 3495 5349 ipse.

1960 5385 2120 5446 Aug.,
2154 5382 2202 5431 iu
2236 5380 2326 5432 lib.
2361 5380 2665 5448 imperfecto
2718 5384 2780 5436 de
2811 5384 2998 5437 Genesi
3031 5387 3094 5438 ad
3123 5388 3370 5441 littt-ratn.
3423 5392 3491 5442 Ita

1956 5461 2107 5503 etiam
2140 5449 2263 5513 legit
2289 5453 2534 5528 antiquus
2557 5455 2732 5506 Codex
2775 5469 2871 5504 tus.
2905 5456 3297 5528 Evangeliorum
3329 5459 3494 5528 majo-

1957 5536 2028 5570 ris
2058 5520 2355 5570 monasterii
2406 5533 2525 5574 ante
2550 5537 2714 5574 annos
2758 5536 2881 5574 DCCC
2919 5520 3178 5577 exaratos.
3213 5527 3341 5578 Editi
3370 5520 3486 5580 cum

1956 5588 2151 5656 minori
2169 5586 2470 5641 Curbeiensi
2503 5591 2595 5642 iis.
2621 5632 2634 5653 ,
2665 5593 2747 5656 qui
2773 5602 2819 5643 et
2845 5592 3037 5644 loauor.

2022 5658 2044 5690 ά
2083 5653 2176 5707 Ld.
2207 5658 2411 5720 gaudia.
