3866 6248
583 450 640 499 ιε
1039 448 1235 502 uenas
1279 418 1722 508 verissimus
1759 435 2038 507 apsumi
2092 449 2269 505 cans
2307 450 2367 504 ιι.
2415 479 2476 492 α-
2516 452 2901 508 EXEGETICA
2949 453 3248 510 CENUIN.\
3451 482 3454 484 ν
3660 461 3704 512 l6

579 562 708 616 lucis
745 576 906 629 gratia
939 564 1226 615 vcnustavit
1248 602 1263 625 ,
1303 565 1438 630 quod
1461 580 1580 618 eum
1607 581 1768 634 usque
1795 569 1949 619 modo
1975 565 2102 618 etin
2130 566 2183 624 Α
2207 564 2413 633 quando
2456 567 2505 619 in
2542 566 2710 620 locum
2735 581 2824 620 eas
2871 577 3172 631 secerneret
3221 585 3410 632 unum,
3445 581 3502 625 ut
3531 587 3707 640 appare-
3785 562 3805 640 Il

577 663 711 715 aqua
739 651 848 717 ipsa
877 659 928 702 et
951 650 1001 702 in
1027 665 1146 702 sere
1176 665 1268 716 per
1296 651 1654 718 quotidianum
1682 652 1811 706 solis
1838 667 2105 707 accessum

570 752 633 790 ac
668 739 949 790 discessum
1001 737 1171 791 facere
1219 738 1472 792 videmus.
1533 739 1710 808 Neque
1757 740 1896 794 enim
1942 744 2106 806 aquas

569 829 666 878 nisi
695 841 722 878 a
750 827 855 879 Deo
880 826 1040 879 factas
1071 827 1285 880 credere
1309 827 1387 880 fas
1407 837 1512 892 est,
1535 829 1670 897 quod
1696 832 1792 884 etsi
1821 831 1904 884 hic
1927 824 2131 898 Scrip?

568 925 682 968 tura
711 917 879 982 palam
924 930 1026 968 non
1056 915 1212 980 dicit,
1249 917 1418 984 palam
1441 925 1612 972 tamen
1642 919 1936 987 significat,
1983 935 2102 975 cum

569 1011 662 1057 tias
689 1020 716 1056 a
751 1005 856 1059 Deo
883 1007 1163 1059 illustratas
1193 1015 1347 1075 atque
1377 1008 1438 1061 ad
1466 1007 1667 1075 jussum
1695 1010 1811 1078 ejus
1840 1010 2104 1065 ordinatas

564 1094 818 1155 insinuat,
865 1094 956 1146 sed
1007 1104 1058 1147 et
1099 1095 1327 1160 psalmus
1370 1096 1496 1148 dicit
1544 1107 1726 1163 aperte
1770 1115 1781 1149 :
1849 1096 1915 1149 Et
1957 1113 2103 1164 aqua:

562 1197 672 1248 quae
699 1196 846 1247 super
887 1181 1035 1234 celos
1061 1191 1207 1244 sunt,
1258 1165 1460 1235 lai‘tdent
1506 1199 1684 1236 nomen
1727 1183 1931 1236 Domini
1945 1185 2105 1253 ,quia

563 1273 669 1333 ipse
696 1271 841 1330 dixit,
872 1280 917 1321 et
941 1270 1074 1336 facta
1101 1279 1216 1322 sunt
1248 1268 1411 1340 (Psal.
1437 1285 1654 1334 CXLVIII,
1685 1273 1761 1339 ι).
1786 1270 1884 1326 Ubi
1914 1282 2101 1326 notan-

558 1358 679 1409 dum
712 1357 846 1423 quod
874 1372 990 1409 cum
1017 1358 1153 1416 caelo
1191 1357 1243 1410 in
1273 1358 1528 1426 principio
1571 1359 1678 1411 duo
1715 1356 1894 1411 mundi
1947 1359 2103 1426 hujus

512 1440 518 1446 ’
561 1449 837 1509 elementa,
869 1460 1000 1513 aqua
1028 1446 1272 1500 videlicet
1317 1453 1369 1500 et
1410 1457 1582 1511 terra,
1635 1447 1939 1500 nominatim
1968 1446 2100 1502 facta

564 1544 922 1587 memorantur
942 1578 955 1600 ,
1000 1534 1187 1601 quibus
1214 1543 1384 1588 tamen
1428 1534 1531 1588 duo
1559 1535 1757 1603 reliqua
1789 1534 1949 1590 fuisse
1976 1551 2093 1590 con-

559 1631 660 1674 stat
689 1623 868 1687 indita,
897 1624 1064 1690 ignem
1087 1622 1327 1697 videlicet
1350 1623 1401 1676 in
1423 1618 1566 1676 ferro
1593 1630 1647 1676 et
1672 1621 1950 1690 lapidibus,
1982 1638 2101 1692 quas

559 1723 710 1768 terra:
739 1717 939 1769 viscere
961 1715 1073 1783 jam
1099 1723 1221 1768 tunc
1249 1716 1455 1770 condita
1483 1715 1738 1779 latebant,
1769 1728 1947 1770 aerem
1975 1728 2098 1769 vero

555 1803 606 1855 in
634 1807 743 1870 ipsa
772 1813 930 1866 terra,
959 1804 1042 1856 cui
1070 1816 1187 1856 esse
1230 1803 1508 1868 permistus
1557 1815 1624 1855 ex
1651 1815 1717 1856 eo
1742 1803 2095 1869 cognoscitur,

2207 662 2286 706 ret
2312 654 2478 718 arida,
2500 655 2712 722 quando
2731 665 2783 708 et
2810 660 3075 724 quomodo
3100 669 3368 712 creaturas
3407 670 3614 714 caeteras
3639 677 3704 727 pro

2205 755 2300 795 suo
2328 752 2454 795 nutu
2476 742 2800 810 disponeret,
2830 744 2880 797 in
2907 744 3300 799 similitudinem
3328 746 3571 800 videlicet
3587 747 3703 810 fabri,

2203 833 2350 898 cujus
2378 833 2624 886 voluntas
2655 835 2735 885 his
2780 848 2902 901 qua:
2930 834 3242 888 fabricandae
3286 845 3408 889 sunt
3433 839 3583 890 rebus
3604 840 3702 892 solet

2202 919 2504 984 superferri.
2535 919 2682 984 Quod
2708 921 2874 987 ipsum
2903 936 3110 990 quoque
3156 925 3220 975 ad
3242 921 3614 977 distinctionem
3636 939 3700 977 suo

2206 1004 2424 1069 perieris
2473 1004 2592 1058 caeli
2644 1008 2898 1074 pertinet,
2941 1008 2992 1059 in
3017 1023 3122 1072 quo
3162 1023 3284 1070 mox
3315 1008 3542 1076 perfecte
3566 1014 3698 1062 omnia

2205 1095 2455 1161 dispOsita
2484 1096 2709 1160 Spiritus
2737 1099 2902 1154 sancti
2932 1098 3208 1166 praesentia
3256 1099 3544 1154 illustrabat
3573 1117 3585 1152 :
3611 1101 3699 1155 [lac

2204 1195 2400 1246 autem,
2433 1192 2489 1236 ut
2510 1174 2929 1239 ln‘inferioribus
2959 1186 3059 1238 hoc
3082 1196 3183 1253 est,
3215 1187 3368 1255 hujus
3395 1188 3568 1240 mundi
3589 1203 3700 1241 crea-

2205 1269 2333 1321 turis
2385 1271 2517 1322 bene
2563 1272 2845 1338 primordia
2907 1273 3228 1327 conditionis
3290 1287 3354 1326 ex
3402 1282 3622 1341 tempore
3654 1274 3699 1325 ad

2203 1355 2489 1422 perfectum
2570 1358 2834 1412 deducere
2905 1359 3228 1412 intendebat.
3318 1359 3448 1413 Nam
3523 1371 3573 1413 et
3618 1359 3703 1412 ideo

2196 1443 2404 1528 μίσγεαι
2430 1447 2716 1512 superioris
2762 1448 2939 1501 mundi
2987 1458 3092 1501 tam
3124 1448 3353 1502 breviter
3379 1450 3498 1502 fecit
3527 1451 3702 1502 mentio-

2201 1547 2320 1586 nem
2370 1534 2489 1602 qui‘a
2536 1534 2602 1588 de
2631 1536 2825 1588 mundo
2869 1535 2968 1590 hoc
3011 1538 3061 1590 in
3091 1551 3196 1605 quo
3232 1536 3389 1590 homo
3430 1536 3590 1592 factus
3619 1549 3702 1599 est,

2199 1623 2265 1676 ad
2304 1623 2694 1677 instructionem
2725 1628 2937 1693 generis
2980 1625 3193 1678 humani
3229 1637 3533 1679 sermonem
3569 1626 3702 1678 facere

2201 1711 2525 1774 instituerat,
2575 1714 2819 1766 sufficere
2861 1712 3115 1774 credens,
3156 1712 3198 1764 si
3234 1727 3447 1766 omnem
3489 1723 3700 1766 creatura

2201 1800 2451 1868 spiritalis
2496 1810 2550 1853 et
2574 1799 2850 1853 invisibilis
2896 1810 3093 1853 statum
3138 1809 3297 1867 atque
3335 1812 3600 1865 ornatum,
3626 1814 3702 1854 uso

556 1893 692 1958 quod
721 1907 838 1945 cum
869 1891 1022 1944 fuerit
1053 1891 1346 1943 humectata
1371 1928 1386 1952 ,
1435 1898 1489 1942 et
1517 1889 1821 1957 temperiem
1853 1888 1982 1943 solis
2007 1903 2094 1942 ac-
2125 1875 2174 1937 Β
2198 1892 2318 1945 οωιι
2350 1890 2597 1952 nomine,
2624 1889 2764 1957 quod
2809 1889 2860 1940 in
2890 1889 3143 1956 principio
3172 1891 3366 1943 factum
3407 1892 3567 1954 dixit,
3592 1905 3701 1944 eom-

555 1981 776 2049 ceperit,
827 1995 944 2033 mox
996 1993 1220 2046 vapores
1271 1975 1479 2032 exhalat
1526 1978 1866 2046 largissimas.
1917 1979 2092 2048 Ignem

551 2085 760 2139 quinque
786 2071 1052 2122 ardentem
1105 2076 1254 2120 terra:
1298 2067 1630 2121 interioribus
1677 2067 1891 2121 insitum
1940 2066 2094 2121 calidi

553 2174 800 2224 aquarum
831 2158 999 2211 fontes
1025 2167 1047 2191 ι·
1082 2157 1303 2223 produnt
1321 2196 1352 2223 λ
1377 2172 1501 2230 qua:
1527 2170 1658 2209 cum'
1677 2165 1922 2225 percepta
1951 2173 2093 2224 qua:-

551 2249 668 2300 daut
698 2247 900 2299 metalla
933 2248 982 2298 in
1015 2244 1268 2310 profundo
1288 2241 1540 2309 aquarum
1569 2254 1956 2308 transcurrunt,
1987 2260 2091 2298 non

552 2337 717 2390 solum
745 2336 957 2397 calidae,
986 2336 1074 2387 sed
1105 2342 1158 2388 et
1185 2334 1446 2390 ferventes
1489 2333 1700 2400 insuper
1727 2335 1910 2388 faciem
1941 2335 2094 2388 tellu-

555 2427 626 2477 ris
650 2434 912 2479 emanant.
954 2422 1064 2475 Non
1094 2421 1231 2477 enim
1249 2423 1374 2488 ,baec
1395 2461 1410 2485 ,
1467 2431 1524 2488 ut
1563 2421 1772 2489 quidem
1802 2421 2090 2491 disputant,

550 2514 840 2568 inforniiter
868 2514 1087 2565 invicem
1118 2512 1267 2564 mists
1289 2551 1303 2576 ,
1361 2509 1454 2564 sed
1497 2518 1637 2564 terra
1669 2509 1796 2576 ipsis
1823 2511 2010 2576 quibus
2039 2519 2093 2564 et

551 2618 688 2654 nunc
713 2610 795 2654 est
825 2601 1013 2654 finibus
1052 2599 1278 2667 undique
1315 2611 1522 2652 versum
1547 2597 1944 2668 circumscripta
1975 2600 2092 2653 talis

552 2705 673 2745 tunc
701 2703 814 2745 erat
845 2700 947 2743 tota
968 2728 982 2752 ,
1033 2690 1201 2758 qualis
1247 2690 1419 2744 adhuc
1466 2690 1564 2744 sub
1590 2692 1694 2743 imo
1722 2690 1748 2727 δ
1783 2688 1942 2742 maris
1973 2704 2092 2756 pro-

554 2781 714 2832 fundo
766 2795 828 2832 ex
863 2788 1004 2845 parte
1051 2787 1305 2832 remanet.
1358 2779 1522 2845 Aquas
1573 2788 1746 2831 autem
1796 2776 2087 2830 universam

547 2869 662 2937 ejus
685 2868 1011 2936 superficiem
1054 2868 1106 2920 in
1137 2876 1334 2920 tantam
1368 2868 1615 2936 tegebant
1638 2865 1990 2929 altitudinem,
2035 2877 2087 2918 ut

545 2960 611 3010 ad
647 2967 669 2995 ε
701 2957 783 3009 illa
810 2971 971 3024 usque
997 2957 1105 3010 loca
1133 2955 1504 3024 pertingerent,
1530 2957 1617 3008 ubi
1644 2969 1780 3009 nunc
1806 2970 1972 3024 usque
2000 2969 2088 3031 su-

552 3061 643 3110 per
669 3047 1048 3096 lirmamentum
1076 3043 1192 3097 caeli
1242 3059 1303 3096 ex
1332 3053 1477 3110 parte
1522 3044 1842 3105 residentes,
1895 3033 2086 3097 nomen

551 3133 640 3186 Dei
668 3134 948 3193 creatoris,
976 3145 1091 3184 cum
1119 3131 1266 3183 caelis
1290 3131 1542 3183 caelorum
1577 3131 1789 3184 laudare
1820 3145 1922 3183 non
1948 3129 2086 3184 desi-

2199 1981 2546 2050 prehenderet
2570 1996 2585 2044 ;
2625 1978 2956 2046 corporalem
3002 1993 3125 2032 vero
3146 2016 3162 2041 ,
3190 1979 3452 2032 visibilem
3481 1989 3532 2031 et
3557 1994 3702 2032 corru-

2195 2071 2429 2141 ptibilem
2466 2079 2765 2133 creaturam
2814 2069 2968 2122 latius
2995 2083 3061 2122 ex
3086 2068 3267 2122 ordine
3292 2067 3632 2131 describeret;
3663 2067 3700 2119 id

2165 2166 2275 2213 .est
2305 2157 2480 2212 tacitis
2519 2161 2597 2211 eis
2626 2170 2744 2225 qua:
2784 2157 2976 2220 altiora
3015 2157 3236 2223 quaesito
3274 2165 3327 2209 et
3355 2157 3568 2216 fortiora
3591 2171 3701 2208 scrip

2196 2249 2285 2300 tati
2315 2249 2438 2299 sunt
2466 2247 2725 2309 homines,
2757 2245 2842 2296 illa
2871 2244 3040 2310 potius
3069 2239 3186 2310 qua
3213 2252 3398 2297 essent
3423 2259 3453 2295 a
3483 2245 3583 2296 Deo
3605 2259 3700 2306 prai-

2192 2345 2343 2400 cepta
2371 2334 2484 2386 sive
2505 2333 2756 2398 promissa
2781 2331 3075 2384 hominibus
3095 2331 3368 2398 cogitanda
3397 2339 3697 2398 prapnni-ret.

2196 2421 2340 2477 Unde
2369 2423 2527 2474 etiam
2561 2421 2803 2489 consulte
2848 2418 2914 2470 de
2939 2432 3063 2471 casu
3116 2419 3528 2486 praevaricatoris
3556 2420 3694 2483 angeli

2191 2520 2244 2565 et
2272 2512 2530 2565 sociorum
2563 2510 2679 2577 ejus
2710 2507 2916 2575 penitus
2944 2507 3171 2572 reticuit,
3201 2509 3320 2573 quia
3361 2507 3463 2560 hoc
3494 2507 3698 2559 nimirum

2195 2601 2259 2652 ad
2289 2609 2481 2651 statum
2539 2597 2815 2651 invisibilis
2867 2596 3005 2650 illius
3053 2611 3114 2648 ac
3141 2595 3432 2662 spiritualis
3483 2608 3700 2651 creatura!

2192 2688 2509 2754 pertinebat,
2555 2686 2704 2754 cujus
2735 2688 3025 2753 superioris
3071 2697 3124 2740 et
3154 2688 3435 2741 invisibilis
3485 2699 3700 2742 creatura

2189 2783 2400 2827 sanctus
2424 2774 2647 2826 Basilius
2673 2777 2722 2827 in
2755 2775 2887 2828 libro
2917 2775 3246 2828 Hexameron
3276 2779 3508 2828 secundo
3532 2779 3594 2828 ita
3620 2792 3703 2826 mr-

2189 2862 2370 2915 minit:
2412 2860 2780 2914 «Arbitrantur
2812 2863 2950 2914 enim
2978 2863 3096 2927 quia
3121 2863 3165 2916 si
3200 2863 3293 2915 luit
3321 2865 3582 2931 quidpiam
3608 2871 3701 2912 ante

2193 2949 2578 3002 institutionem
2607 2948 2869 3002 sensibilis
2901 2948 3054 3017 hujus
3079 2959 3129 3002 et
3151 2949 3510 3017 corruptibitis
3535 2952 3700 3004 monili.

2189 3035 2427 3103 profecto
2475 3039 2526 3089 in
2558 3039 2673 3090 luce
2703 3036 2819 3090 fuit.
2865 3036 3047 3102 Neque
3085 3039 3224 3091 enim
3271 3038 3500 3107 dignitas
3524 3038 3702 3106 angelo-

2191 3143 2327 3193 rum,
2359 3141 2455 3184 nec
2481 3128 2712 3183 omnium
2737 3129 3026 3184 cmlestium
3054 3130 3272 3196 militiae,
3299 3118 3385 3183 vel
3409 3134 3454 3183 si
3479 3132 3596 3199 quid
3619 3140 3699 3193 est,

554 3230 700 3274 nunt.
751 3219 828 3272 Ad
856 3191 967 3272 lure
999 3227 1194 3271 tantum
1223 3219 1459 3272 informis
1488 3230 1569 3272 est
1597 3219 1683 3271 illa
1715 3217 1978 3283 materies,
2025 3219 2089 3273 de
2114 3191 2162 3254 δ
2195 3191 2521 3271 nominatum
2575 3227 2666 3270 aut
2695 3217 3111 3286 incompellabile
3161 3191 3454 3287 aut-aliqua
3496 3191 3703 3272 rationa-

553 3324 650 3374 qua
682 3308 929 3360 mundum
959 3320 1076 3359 esse
1114 3310 1299 3359 factum
1326 3316 1548 3360 testatur
1576 3306 1864 3372 Scriptura,
1893 3290 2006 3373 quae
2036 3305 2088 3358 in

552 3400 640 3453 Dei
674 3399 908 3451 laudibus
952 3397 1117 3450 dicit:
1170 3398 1267 3461 Qui
1310 3398 1463 3465 fecisti
1505 3397 1746 3450 mundum
1794 3397 1856 3449 de
1881 3397 2091 3448 materia

550 3489 775 3556 informi.
807 3487 934 3539 Nam
962 3494 1146 3539 cuncta
1171 3500 1284 3554 quae
1313 3499 1431 3539 cum
1470 3487 1621 3552 aquis
1669 3493 1726 3538 et
1751 3493 1885 3538 terra
1916 3482 2091 3537 videre

550 3578 775 3629 solemus
820 3574 1095 3627 inmundo
1116 3613 1132 3635 ,
1180 3573 1262 3626 vel
1297 3573 1364 3627 de
1394 3573 1524 3642 ipsis
1558 3573 1832 3627 exordium
1866 3579 2086 3636 naturae,

552 3663 633 3716 vel
665 3675 934 3728 sumpsere
978 3661 1042 3712 de
1067 3659 1263 3723 nihilo;
1319 3661 1428 3726 ipsa
1470 3671 1642 3713 autem
1696 3669 1834 3712 terra
1875 3668 1926 3712 et
1963 3659 2090 3725 ipsa;

551 3765 696 3819 aquae
723 3758 997 3818 propterea
1028 3762 1215 3802 nomen
1262 3749 1461 3801 sortitas
1501 3756 1623 3800 sunt
1651 3749 1883 3801 materiae
1922 3747 2086 3801 infor-

550 3845 665 3904 mis,
696 3842 831 3909 quia_
879 3841 1175 3907 priusquam
1225 3838 1275 3891 in
1304 3837 1469 3891 lucem
1503 3836 1774 3899 venirent,
1799 3837 1936 3890 unde
1979 3837 2087 3888 for-

550 3933 842 3984 mositatem
878 3929 1126 3982 haberent
1164 3943 1266 4002 non
1314 3934 1445 3980 erat.
1474 3926 1608 3991 Quid
1642 3935 1816 3979 autem
1841 3926 2083 3976 inconve-

549 4022 699 4073 niens
744 4020 787 4071 si
819 4017 1091 4071 mundana:
1138 4015 1366 4068 materia!
1411 4013 1620 4065 fuerant
1661 4011 1934 4064 tenebrosa
1985 4011 2088 4076 pri-

553 4095 775 4168 uiordia,
821 4114 877 4157 ut
921 4104 1198 4157 accedente
1246 4103 1360 4154 luce
1390 4101 1574 4153 melius
1618 4098 1755 4166 quod
1789 4100 1976 4152 factum
2006 4106 2089 4151 est

548 4199 875 4257 redderetur.
906 4205 960 4249 et
1007 4204 1249 4261 tanquam
1300 4189 1618 4257 proficientis
1658 4188 1913 4252 hominis,
1946 4189 2083 4257 quod

547 4297 725 4355 postea
749 4286 975 4338 futurum
999 4291 1128 4346 erat,
1158 4283 1256 4334 hoc
1281 4279 1433 4333 modo
1453 4279 1834 4349 significaretur
1857 4279 2081 4342 adectio,

545 4386 840 4444 exponente
868 4373 1114 4441 Apostolo
1167 4385 1229 4425 ac
1276 4371 1486 4424 dicente
1515 4385 1529 4420 :
1565 4370 1816 4434 Quoniam
1840 4367 1972 4421 Deus
1997 4368 2084 4435 qui

2193 3307 2309 3363 bilis
2336 3311 2536 3375 virtus,
2566 3309 2645 3361 vel
2677 3310 3002 3362 ministratur
3048 3311 3263 3375 spiritus
3284 3351 3298 3370 ,
3327 3310 3524 3380 degere
3553 3319 3704 3380 posset

2190 3398 2244 3452 is
2275 3400 2544 3461 tenebris;
2559 3399 2649 3450 sed
2683 3400 2734 3450 in
2760 3398 2879 3451 luce
2904 3405 2958 3450 et
2985 3398 3164 3450 laetitia
3189 3397 3466 3452 decentem
3493 3402 3588 3453 sibi
3628 3401 3706 3449 lis-

2191 3488 2351 3539 bitum
2407 3488 2759 3553 possidebat.»
2815 3487 2951 3539 Bene
2991 3497 3164 3540 autem
3211 3502 3330 3541 cum
3381 3492 3430 3542 in
3482 3488 3708 3556 principio

2191 3577 2388 3640 Deum,
2419 3577 2469 3630 id
2496 3587 2598 3640 est,
2635 3579 2683 3628 in
2713 3576 2848 3629 Filio
2878 3576 3085 3631 Patrem
3114 3576 3299 3631 fecisse
3317 3579 3512 3632 caelum
3552 3588 3602 3630 et
3627 3587 3690 3629 ter

2190 3683 2300 3722 ram
2334 3669 2670 3735 praediceret,
2700 3669 2858 3721 etiam
2909 3669 3076 3723 sancti
3116 3647 3346 3736 Spiritus
3377 3669 3551 3722 intulit
3582 3681 3707 3720 taen-

2191 3761 2381 3812 tionem
2410 3758 2650 3811 addendo
2679 3775 2691 3809 :
2731 3755 2798 3810 Et
2829 3757 3051 3826 Spiritus
3083 3758 3176 3810 Dei
3213 3757 3617 3827 “perferebatur
3638 3772 3706 3808 ss-

2188 3862 2275 3913 per
2299 3863 2476 3911 aquas,
2509 3858 2563 3898 ut
2590 3847 2831 3900 videlicet
2853 3848 3007 3898 totius
3031 3845 3185 3898 simul
3215 3845 3488 3900 Trinitatis
3514 3847 3566 3899 in
3587 3857 3702 3899 cres-

2189 3937 2329 3988 tione
2357 3934 2534 3986 mundi
2560 3935 2804 3986 virtutem
2837 3925 3169 4000 cooperatam
3200 3948 3318 3987 esse
3346 3937 3597 4002 signaret.

2257 4044 2322 4098 Et
2349 4043 2478 4099 dixit
2507 4043 2681 4098 Deus:
2715 4043 2830 4097 Fiat
2857 4046 2966 4107 lux,
2997 4055 3042 4096 et
3069 4044 3203 4110 facta
3229 4055 3302 4096 est
3344 4042 3454 4096 ιη.
3484 4042 3710 4110 Cougruit

2187 4135 2434 4204 operibus
2463 4135 2577 4197 Dei,
2608 4143 2662 4184 ut
2688 4135 2868 4185 mundi
2901 4143 3142 4185 ornatum
3171 4134 3336 4186 a'luee
3367 4133 3613 4200 incipiat:
3640 4135 3706 4198 qui

2187 4238 2303 4277 cum
2335 4222 2445 4290 ipse
2473 4223 2541 4274 sit
2568 4222 2657 4272 lux
2684 4234 2806 4272 vera
2829 4259 2844 4282 ,
2878 4220 3151 4288 lucemque
3189 4219 3389 4273 habitet
3448 4223 3708 4274 inaccessi-

2185 4310 2380 4372 bilem,
2404 4308 2552 4375 cujus
2582 4307 2879 4362 beatissima
2910 4309 3110 4373 visione
3141 4323 3262 4363 mox
3287 4311 3458 4365 creati
3503 4296 3556 4365 in
3584 4308 3709 4364 ecelis

2185 4400 2436 4454 calorum
2485 4397 2656 4463 angeli
2702 4397 2810 4463 jam
2865 4398 3056 4462 perfrui
3106 4409 3408 4466 cmperant,
3465 4409 3584 4464 apte
3613 4400 3711 4450 huic

545 4471 670 4522 dixit
695 4469 755 4520 de
779 4466 988 4519 tenebris
1018 4465 1182 4516 lumen
1209 4460 1569 4527 splendescere,
1591 4459 1676 4526 qui
1699 4457 1869 4510 illuxit
1899 4459 1949 4509 in
1969 4471 2077 4509 cor-

2194 4474 2392 4556 quoque
2419 4486 2612 4538 sa'culo
2654 4484 2889 4536 ornando
2931 4485 3148 4550 primani
3188 4486 3483 4539 materialis
3511 4486 3708 4554 gratiam

544 4549 687 4610 ditius
716 4553 894 4606 nostris
926 4548 1010 4619 (ll
1039 4548 1156 4604 Cor.
1188 4561 1237 4600 tv
1259 4587 1276 4611 ,
1304 4544 1393 4614 6)?
1439 4545 1588 4599 Unde
1612 4545 1731 4597 alibi
1760 4545 1885 4598 dicit
1909 4562 1922 4596 :
1953 4542 2079 4596 Fui-

545 4650 632 4700 stis
677 4644 944 4712 aliquando
993 4639 1233 4702 tenebrae,
1284 4651 1418 4688 nunc
1463 4645 1629 4689 autem
1659 4635 1746 4688 luat
1786 4636 1838 4688 in
1867 4635 2078 4688 Domino

547 4733 708 4803 (Eph.
740 4746 788 4792 v,
819 4729 909 4792 8);
958 4729 1044 4781 illo
1067 4725 1305 4779 videlicet
1356 4723 1445 4791 qni
1479 4739 1596 4777 cum
1643 4724 1867 4776 tenebrae
1905 4733 2080 4781 essent

544 4834 704 4886 super
733 4818 915 4870 faciem
938 4813 1130 4881 abyssi,
1159 4811 1310 4878 dixit,
1331 4809 1445 4862 Fiat
1471 4811 1578 4872 lux,
1603 4821 1647 4862 et
1673 4813 1807 4876 facta
1835 4818 1906 4860 est
1936 4806 2038 4859 lux.

618 4929 682 4983 Et
708 4928 911 4994 spiritus
963 4922 1054 4973 Dei
1099 4917 1499 4985 superferebatur
1545 4933 1693 4985 super
1738 4933 1914 4984 aquas.
1966 4915 2077 4969 Non

547 5028 631 5072 est
658 5015 972 5084 opinandum
994 5009 1270 5078 pueriliter
1312 5007 1454 5078 quod
1495 5006 1718 5075 Spiritus
1742 5015 1950 5061 creator
1971 5044 1986 5068 ,
2016 5007 2083 5058 de

547 5124 650 5177 quo
680 5105 931 5172 scriptum
950 5109 1059 5163 est,
1080 5100 1194 5167 quia
1219 5098 1438 5168 Spiritus
1465 5093 1665 5149 Domini
1690 5095 1890 5162 replevit
1917 5094 2082 5145 orbem

549 5210 796 5250 terrarum
835 5192 985 5260 (Sap.
1019 5205 1056 5253 ι,
1087 5189 1172 5252 7),
1220 5186 1475 5253 poSillOtle
1513 5186 1640 5247 loci,
1693 5185 1773 5238 his
1799 5197 1915 5251 quae
1937 5191 2084 5234 erant

549 5282 770 5338 creando
792 5277 1175 5346 superferretur
1200 5289 1214 5337 ;
1238 5274 1330 5329 sed
1360 5272 1745 5338 intelligendum
1769 5270 1941 5339 potius
1967 5270 2083 5336 quia

552 5376 738 5425 virtute
759 5370 927 5422 divina
958 5363 1284 5432 praecellebat
1312 5363 1567 5413 creaturis
1587 5397 1602 5423 ,
1635 5359 1835 5413 habens
1882 5359 1933 5410 in
1968 5372 2086 5425 pro.

555 5463 661 5527 prin
704 5465 959 5526 potestate
987 5453 1196 5520 quando
1222 5464 1471 5518 aquarum
1503 5448 1786 5502 illustraret
1815 5448 2081 5514 abyssum,

620 5603 643 5626 ⁸·
678 5591 833 5652 Editi,
867 5587 1108 5652 prodeunt
1131 5623 1149 5645 ,
1184 5581 1351 5632 minus
1381 5580 1533 5652 bene.

620 5662 645 5697 ι’
687 5650 827 5710 Flor.
853 5650 942 5706 sub
964 5657 1063 5705 into
1087 5663 1251 5709 terrae,
1282 5651 1431 5700 maris
1460 5650 1724 5717 profundo.

624 5744 642 5767 ε
686 5730 792 5788 AL,
824 5725 936 5778 illos
966 5735 1113 5786 usque
1147 5720 1295 5770 iocos.

2179 4575 2311 4628 lucis
2339 4573 2586 4635 donavit,
2633 4583 2690 4624 ut
2715 4581 2857 4624 esset
2886 4575 3036 4624 unde.
3054 4579 3241 4624 cateia
3269 4576 3618 4638 quae‘crearet
3637 4587 3713 4635 ap.

2179 4669 2444 4730 parerent.
2479 4660 2632 4726 Quod
2659 4670 2830 4712 autem
2859 4659 3056 4714 dixisse
3088 4659 3221 4714 Deus
3244 4699 3260 4724 ,
3290 4662 3402 4714 sive
3430 4672 3490 4716 ut
3520 4667 3604 4717 lux
3632 4663 3709 4714 lie-

2178 4760 2284 4816 ret,
2340 4750 2449 4804 sive
2492 4761 2548 4801 ut
2576 4751 2674 4800 alia
2721 4763 2976 4817 quaeque,
3029 4750 3369 4816 perhibetur,
3417 4768 3528 4805 non
3555 4733 3711 4806 aestio

2179 4853 2326 4893 more
2349 4840 2465 4906 ‘per
2506 4851 2691 4890 sonum
2721 4839 2862 4890 vocis
2891 4851 3199 4904 corporeum
3229 4835 3258 4875 ἀ
3287 4841 3591 4895 credendus
3619 4851 3712 4900 est.

2179 4927 2270 4982 sed
2298 4928 2451 4982 altius
2475 4926 2870 4992 intelligendum
2906 4926 3102 4981 dixisse
3124 4927 3288 4981 Deum
3320 4937 3374 4980 ut
3406 4929 3567 4984 fleret
3591 4941 3711 4980 erea-

2182 5027 2331 5077 tura,
2378 5014 2498 5081 quia
2539 5029 2629 5080 per
2670 5015 2892 5068 Verbum
2941 5029 3094 5069 suum
3137 5019 3348 5081 omnia,
3403 5017 3455 5068 id
3504 5026 3619 5078 est,
3645 5025 3712 5079 rel

2183 5102 2504 5171 unigenitum
2535 5101 2723 5154 Filium
2755 5101 2874 5156 fecit
2905 5119 2918 5154 :
2951 5103 3017 5156 de
3045 5118 3147 5170 quo
3193 5102 3536 5158 manifestius
3583 5116 3718 5155 evan-

2182 5189 2366 5258 gelista
2418 5188 2648 5243 Joannes
2680 5206 2692 5241 :
2727 5189 2792 5240 In
2821 5190 3072 5257 principio
3095 5229 3109 5252 ,
3145 5189 3349 5256 inquit,
3375 5200 3488 5242 erat
3523 5188 3717 5243 Verbs:

2183 5285 2229 5328 et
2256 5275 2472 5329 Verbum
2514 5285 2622 5328 erat
2667 5275 2804 5341 apud
2835 5272 2996 5329 Deum
3019 5315 3034 5338 ,
3065 5269 3126 5326 ‘et
3168 5274 3301 5326 Deus
3347 5284 3455 5328 erat
3500 5275 3717 5330 Verum.

2190 5364 2294 5418 Hoc
2316 5372 2421 5417 erat
2468 5366 2520 5415 in
2547 5363 2793 5431 principio
2840 5366 2978 5432 apud
3002 5361 3161 5413 Deum
3184 5401 3198 5426 ,
3243 5363 3414 5416 omnia
3459 5381 3554 5432 per
3576 5365 3718 5429 ipsa

2185 5454 2319 5521 facta
2343 5462 2458 5506 sunt
2487 5449 2660 5519 (lc-an.
2695 5466 2731 5517 t,
2759 5451 2834 5521 l).
2862 5451 3010 5517 Quod
3033 5463 3156 5518 ergo
3176 5449 3248 5502 ait
3271 5449 3534 5514 Joannes,
3563 5450 3718 5506 omnis
3757 5483 3760 5488 -

2257 5581 2281 5618 δ
2323 5578 2459 5635 [diti
2484 5579 2676 5634 addunt
2705 5581 2907 5648 fecisse,
2940 5578 3074 5647 quod
3101 5581 3249 5633 deest
3291 5580 3344 5633 in
3377 5579 3510 5634 llas.
3536 5594 3632 5634 nec
3657 5590 3718 5629 rce

2141 5640 2144 5644 ί
2188 5650 2428 5718 quiritur.
