3866 6248
144 360 205 412 n
888 334 890 338 ’
1384 337 1846 398 ιικχΑειιειιοΝ
1884 341 2008 395 un.
2047 341 2088 395 ι.
3271 342 3333 400 σε

144 473 276 524 tacta
305 474 430 525 sunt
459 479 553 534 per
607 462 831 518 Verbum
860 460 952 516 Dei
973 500 993 526 ,
1036 459 1135 513 hoc
1165 465 1267 524 est,
1299 455 1436 522 quod
1483 454 1684 522 Moyses
1713 450 1762 505 Δ
1790 450 1928 504 diem
1957 449 2227 515 initiante;
2256 460 2303 504 et
2348 449 2449 502 buc
2473 462 2637 516 usque
2664 447 2777 503 dies
2802 448 3040 516 expletus
3067 458 3148 503 est
3175 465 3332 515 unus,

143 561 233 621 ait,
262 561 382 628 quia
405 557 536 619 dixit
564 554 703 608 Deus
727 568 744 606 :
771 551 886 605 Fiat
915 552 1030 614 ius;
1061 550 1218 602 dixit:
1250 546 1364 600 Fiat
1392 548 1688 598 llrmamenv
1784 539 1968 611 viginti
1999 543 2199 598 scilicet
2240 553 2297 596 et
2325 551 2548 611 quatuor
2576 541 2847 604 horarum,
2876 541 3023 610 cujus
3058 556 3329 597 commen-

146 660 292 710 tum;
342 647 512 700 dixit:
568 645 681 698 Fiat
726 653 780 696 et
831 652 1024 695 cetera
1082 645 1342 692 creatura.
1392 636 1503 690 Hoc
1549 633 1688 701 quod
1786 634 1995 685 datione
2026 632 2168 685 verbi
2195 631 2461 699 Scriptura
2492 631 2769 698 vigilanter
2796 630 3041 684 admonet
3067 640 3124 684 ut
3163 632 3331 686 lucem

146 735 371 803 psalmus
392 733 636 800 adjuncta
657 731 885 797 Spiritus
906 729 1072 782 sancti
1099 741 1320 791 persona
1347 725 1496 780 dicit:
1529 724 1689 777 Verbo

146 823 345 876 Domini
389 823 497 875 ccli
542 820 726 888 ﬁrmati
765 828 880 871 sunt
929 827 974 871 et
1005 817 1202 883 Spiritu
1246 817 1346 868 oris
1392 817 1502 884 ejus
1532 814 1692 867 omnis

145 917 297 967 uirtus
320 928 490 966 eorum
522 909 690 979 (Psal.
722 923 890 974 sunt,
919 908 994 973 6).
1021 908 1074 960 Si
1098 915 1270 959 autem
1302 907 1552 974 quaritur
1579 907 1694 971 qni—

147 1002 243 1055 bus
270 1003 321 1054 in
351 1001 499 1062 locis,
526 999 746 1069 iubente
800 995 1084 1060 DeoJacta
1139 998 1208 1049 sit
1234 996 1339 1057 lux,
1381 1008 1498 1047 cum
1523 993 1693 1045 adhuc

95 1114 104 1119 ~
145 1089 368 1159 abyssus
394 1102 606 1140 omnem
637 1096 791 1139 terra!
815 1083 1208 1152 amplitudinem
1239 1091 1564 1148 contegeret,
1599 1094 1691 1145 pa-

149 1185 218 1228 tet
250 1174 480 1243 proiecto
501 1173 620 1241 quia
658 1173 708 1224 in
737 1170 1096 1236 superioribus
1123 1169 1363 1238 ejusdem
1390 1178 1544 1221 terra
1574 1181 1694 1234 par-

151 1263 284 1315 tibus
309 1301 325 1324 ,
354 1276 480 1328 quas
515 1271 568 1313 et
597 1274 734 1313 nunc
762 1259 948 1312 diurna
992 1258 1122 1312 solis
1151 1258 1237 1310 lux
1265 1257 1528 1308 illustrare
1563 1269 1692 1307 con-

149 1352 337 1415 suevit,
395 1360 518 1404 tunc
567 1348 865 1415 principalis
921 1350 1003 1401 illa
1051 1348 1135 1401 lus
1181 1347 1416 1400 emicuit.
1447 1345 1552 1399 Nec
1599 1345 1697 1396 mi-

152 1439 369 1492 randum
427 1438 578 1490 nobis
629 1437 804 1490 divina
853 1438 1160 1501 Operatione
1210 1436 1380 1488 lucem
1432 1435 1485 1486 in
1546 1434 1698 1500 aquis

151 1542 304 1593 posse
332 1527 687 1594 resplendere,
717 1541 835 1578 cum
873 1536 926 1578 et
948 1525 1216 1577 hominum
1241 1524 1545 1590 Operatione
1574 1539 1700 1575 cono

151 1625 250 1667 stet
279 1616 589 1682 eas'saapius
639 1613 906 1676 illustrari,
951 1600 1225 1666 nautarum
1253 1613 1522 1674 videlicet,
1549 1622 1573 1647 ⁸
1608 1613 1696 1678 qui

151 1700 202 1753 in
228 1701 488 1767 profundo
516 1701 672 1754 maris
699 1701 923 1754 demersi
941 1739 954 1764 ,
988 1701 1183 1753 emisso
1210 1716 1273 1753 ex
1299 1717 1391 1753 ore
1417 1701 1552 1764 oleo,
1585 1716 1698 1768 per—

1787 735 1901 787 quaa
1953 717 2085 771 facta
2131 727 2211 772 est
2260 719 2507 773 inferiora
2551 720 2692 774 orbis
2736 734 2924 777 occasu
2960 735 3055 774 suo
3083 720 3334 775 lustrasse

1789 795 2069 863 discamus.
2110 808 2238 861 Nam
2265 809 2309 862 si
2339 823 2442 862 non
2487 809 2585 862 hoc
2631 809 2842 869 taceret.
2885 810 2974 862 sed
3003 810 3168 877 magis
3198 809 3335 864 laeto

1792 910 2007 962 vespere
2054 897 2303 964 paulatim
2349 907 2453 950 tota
2505 896 2715 964 periret,
2746 913 2805 951 ac
2848 912 3054 952 rursum
3085 900 3331 964 paulatim

1792 999 1945 1038 mane
1989 996 2218 1039 recreata
2249 997 2564 1054 resurgeret.
2594 1000 2694 1039 non
2717 986 2824 1052 jam
2856 986 2905 1038 in
2946 1000 3096 1039 mane
3125 986 3226 1039 diei
3255 1001 3336 1039 se-

1790 1073 2017 1141 quentis,
2069 1074 2159 1128 sed
2208 1075 2376 1142 potius
2419 1074 2470 1126 in
2523 1089 2739 1142 vespera
2784 1075 2934 1141 primi
2994 1091 3153 1128 unutn
3197 1075 3337 1128 dice-

1792 1170 1873 1214 ret
1917 1174 2032 1215 esse
2073 1162 2210 1214 diem
2259 1162 2565 1229 perlectum,
2596 1162 2731 1215 unde
2775 1162 2930 1216 etiam
2978 1177 3246 1230 vesperam
3284 1174 3336 1218 et

1793 1261 1966 1310 mane,
1995 1263 2147 1316 quam
2177 1257 2379 1303 noctem
2407 1259 2461 1302 et
2505 1250 2642 1302 diem
2691 1248 2878 1302 laetam
2926 1248 3102 1303 dicere
3131 1251 3331 1313 maluit,

1794 1344 1850 1398 ut
1875 1335 2161 1389 insinuaret
2186 1344 2306 1387 tunc
2331 1336 2586 1400 primariae
2613 1336 2740 1389 lucis
2762 1344 2931 1388 actum
2959 1351 3076 1390 esse
3096 1338 3334 1401 circuitu,

1795 1421 1930 1487 quod
1961 1437 2097 1475 nunc
2125 1423 2342 1477 circuitu
2388 1423 2515 1476 solis
2543 1424 2628 1476 die
2657 1435 2914 1491 noctuque
2957 1423 3063 1490 geri
3101 1435 3331 1484 constat;

1802 1507 1820 1543 ί
1856 1520 2044 1573 praeter
2086 1511 2183 1562 hoc
2226 1511 2576 1576 solummodo,
2605 1512 2741 1579 quod
2790 1523 2903 1578 post
2949 1523 3120 1567 creata
3165 1514 3334 1567 sidera

1800 1614 1900 1652 nox
1950 1614 2152 1667 quoque
2186 1611 2290 1653 tam
2319 1616 2431 1667 sua,
2474 1602 2572 1655 etsi
2620 1602 2807 1655 minori
2855 1617 3009 1671 quam
3050 1604 3180 1663 dies.
3225 1604 3339 1657 luce

1800 1687 2142 1754 perfunditur.
2169 1687 2362 1741 Triduo
2389 1701 2560 1742 autem
2586 1690 2674 1743 illo
2692 1691 2857 1754 primo
2889 1690 3162 1745 tenebrosa
3191 1707 3339 1758 pror-

152 1760 387 1856 έριξυυω
435 1791 534 1843 sibi
587 1791 686 1842 hoc
731 1805 793 1842 ac
824 1760 1055 1846 lucidum
1109 1791 1353 1842 τεάιιυηι,
1395 1790 1420 1827 b
1462 1789 1514 1843 Si
1545 1760 1695 1842 ῥἠίη,
1731 1760 1776 1818 Β
1800 1790 1890 1827 sus
1913 1777 2206 1828 etobscnra
2239 1777 2502 1837 manebat.
2537 1775 2755 1829 decebat
2781 1784 3006 1844 namque
3031 1779 3341 1830 omnimodLs

153 1877 312 1930 homo
341 1879 458 1931 talia
492 1893 582 1944 per
609 1879 782 1930 oleum
821 1880 900 1947 sui
931 1878 1037 1930 oris
1065 1886 1256 1944 potest,
1283 1887 1532 1942 quantum
1563 1877 1700 1930 Deus

154 1980 246 2033 per
273 1967 522 2033 Spiritum
571 1969 682 2019 oris
723 1967 802 2018 sui
844 1981 1042 2019 creare-
1073 1981 1227 2032 posse
1263 1966 1554 2017 credendus
1584 1977 1697 2031 est,

155 2051 442 2120 praesrtim
469 2067 590 2105 cum
618 2053 782 2106 multo
813 2052 1040 2104 rariores
1089 2067 1242 2116 quam
1276 2053 1433 2104 modo
1462 2053 1513 2104 in
1546 2052 1702 2105 terris

157 2141 333 2196 videre
358 2143 619 2206 colemus;
659 2159 806 2211 aqua
850 2144 901 2195 in
933 2142 1190 2209 principio
1219 2143 1380 2195 fuisse
1407 2141 1559 2195 facta:
1586 2156 1699 2195 cre-

157 2231 342 2285 denda:
366 2233 828 2298 sint,.priusquam
878 2231 926 2282 in
958 2232 1128 2285 locum
1176 2240 1355 2286 essent
1384 2247 1566 2294 unum,
1594 2244 1616 2270 ε
1651 2242 1703 2286 ιιι

159 2329 435 2388 appareret
461 2320 626 2385 arida,
656 2329 1002 2388 congregatae.

235 2409 298 2462 Et
338 2414 457 2464 vidit
490 2411 622 2464 Deus
649 2409 812 2462 lucem
838 2413 971 2479 quod
995 2421 1118 2463 esset
1149 2413 1298 2465 bona.
1323 2409 1433 2465 Non
1463 2413 1602 2466 velut
1629 2413 1706 2467 in-

168 2501 434 2566 cvgnitam
465 2512 616 2554 antea
646 2509 860 2567 repente
887 2501 1052 2552 lucem
1085 2500 1266 2552 videns
1307 2502 1551 2566 laudavit,
1589 2503 1706 2570 quia

164 2586 353 2638 bonam
381 2584 408 2622 ἀ
443 2587 600 2651 dicit;
632 2587 726 2640 sed
757 2591 871 2641 eam
901 2602 1057 2654 quam
1097 2587 1405 2640 laudabilem
1452 2604 1510 2642 se
1552 2590 1710 2643 lactu-

167 2689 279 2727 rnm
324 2685 560 2738 noverat,
602 2675 710 2744 jam
741 2675 931 2729 factam
982 2678 1279 2730 hominibus
1307 2678 1456 2732 laude
1502 2680 1708 2746 dignam

160 2775 222 2814 ac
250 2763 543 2815 mirandam
572 2777 689 2815 esse
718 2763 1020 2819 declaravit.
1055 2765 1246 2818 Verum
1277 2769 1394 2830 quia
1427 2782 1527 2818 non
1574 2777 1709 2834 totas

163 2851 340 2903 mundi
372 2852 612 2906 tenebras
640 2852 756 2905 luce
801 2851 966 2905 inlusa
1019 2854 1233 2921 dispulit
1277 2856 1400 2920 (hoc
1446 2855 1584 2908 enim
1623 2870 1711 2908 su-

165 2937 311 3003 perni
341 2946 421 2990 est
450 2938 628 2990 saeculi
657 2937 756 2990 lixa
799 2951 861 2990 ac
903 2947 1148 3004 perpetua
1189 2941 1303 2992 luce
1343 2940 1576 3007 perfrui),
1619 2941 1710 2994 sed

159 3023 224 3076 ab
248 3039 352 3076 una
383 3024 525 3078 illum
572 3034 716 3090 parte
745 3027 1036 3091 illustrans,
1068 3027 1221 3080 aliam
1273 3029 1482 3096 reliquit
1519 3031 1708 3084 obscu-

160 3129 293 3176 ram,
324 3124 470 3168 recte
495 3116 733 3169 subditur
761 3133 775 3168 :

236 3201 300 3255 Et
328 3202 496 3254 divisit
542 3203 706 3256 lucem
757 3220 816 3257 ac
844 3207 1088 3258 tenebras.
1141 3204 1322 3257 Divisit
1365 3220 1587 3273 namque
1619 3221 1708 3260 eas

162 3302 266 3341 non
295 3288 469 3342 solum
498 3290 783 3354 qualitatis,
830 3294 920 3349 sed
972 3303 1023 3344 et
1064 3293 1303 3354 locorum
1334 3293 1598 3352 distantia,
1631 3292 1710 3345 lu-

161 3370 278 3439 cem
322 3376 560 3431 videlicet
614 3377 666 3430 in
713 3379 982 3443 superiore
1011 3380 1156 3433 orbis
1180 3374 1324 3447 parte
1352 3380 1708 3444 dill‘undendo,

164 3465 216 3517 itt
260 3481 363 3532 qua
409 3465 634 3517 humana
680 3473 795 3519 erat
834 3469 1167 3520 conversatio
1216 3470 1418 3530 futura,
1471 3469 1708 3522 inferiora

167 3568 293 3608 vero
320 3553 437 3620 eius
467 3552 648 3620 priscis
675 3554 727 3605 in
758 3556 990 3607 tenebris
1017 3566 1289 3608 remanere
1314 3555 1552 3608 sinendo.

233 3642 611 3709 Appellavitque
639 3644 798 3694 lucem
836 3643 966 3692 diem
995 3651 1039 3693 et
1080 3643 1302 3696 tenebras
1345 3653 1556 3697 noctem.
1605 3643 1713 3697 Hoc

166 3728 228 3780 ad
261 3727 584 3783 intellectum
619 3741 855 3792 nostran
886 3729 1079 3783 dictum
1102 3745 1209 3794 est;
1241 3748 1339 3800 qua
1377 3734 1514 3785 enim
1539 3733 1709 3801 lingua

167 3815 454 3883 appellavit
499 3817 636 3877 Deus
685 3820 850 3871 lucem
897 3817 1033 3871 diem
1079 3834 1140 3872 ac
1188 3823 1428 3873 tenebras
1474 3833 1710 3889 noctem;

169 3911 342 3956 utrum
380 3902 619 3968 Hebrira,
668 3922 733 3959 an
780 3906 982 3971 Greca,
1033 3919 1098 3958 an
1137 3907 1232 3959 alia
1279 3908 1476 3976 aliquai
1531 3912 1596 3965 Et
1639 3915 1715 3967 sic

169 3991 343 4044 omnia
374 4005 492 4059 qua:
521 3995 726 4046 vocavit
753 3995 917 4062 quaeri
948 4002 1119 4061 potest
1145 4009 1244 4063 qua
1295 3995 1466 4064 lingua
1493 4012 1715 4051 vocave-

173 4082 272 4144 rit;
304 4079 401 4133 sed
431 4078 566 4147 apud
615 4079 776 4134 Deum
822 4097 980 4151 purus
1004 4083 1304 4137 intellectus
1341 4087 1559 4138 estsine
1583 4097 1713 4138 stre.

173 4170 280 4236 pitu
309 4179 364 4222 et
389 4167 691 4222 diversitate
721 4169 1035 4238 linguarum.
1085 4172 1376 4239 Appellavit
1420 4181 1590 4227 autem
1638 4173 1717 4225 dio

171 4267 313 4311 ctum
339 4269 426 4327 est
453 4274 466 4310 :
497 4256 758 4326 Appellari
811 4258 953 4322 fecit,
983 4260 1105 4328 quia
1149 4261 1224 4313 sic
1261 4261 1504 4315 distinxit
1542 4264 1715 4316 omnia

1803 1876 1860 1918 ut
1887 1866 1998 1918 dies
2026 1865 2283 1933 incipiens
2315 1879 2342 1916 a
2376 1865 2492 1919 luce
2525 1867 2574 1917 in
2602 1880 2753 1918 mane
2781 1866 2884 1918 diei
2915 1867 3178 1933 sequentis
3204 1875 3344 1920 esset

1771 1959 1774 1961 λ
1803 1957 2110 2024 protelatus,
2137 1963 2396 2021 quatenus
2444 1955 2771 2007 intimaretur
2816 1969 2972 2020 Opera
3000 1955 3114 2019 ejus
3142 1956 3228 2020 qui
3264 1964 3342 2007 est
3389 1962 3402 1978 '

1805 2048 1894 2100 lux
1927 2062 2070 2110 vera,
2100 2047 2228 2100 etin
2277 2060 2379 2114 quo
2426 2046 2651 2099 tenebras
2682 2060 2784 2099 non
2827 2055 2946 2099 sunt
2992 2046 3186 2108 ullaa,a
3231 2046 3344 2098 luco

1804 2137 2056 2201 inchoari,
2084 2146 2136 2191 et
2165 2137 2217 2189 in
2248 2138 2412 2190 lucem
2437 2149 2618 2190 cuncta
2642 2150 2758 2190 esse
2786 2137 3064 2202 completa.

1869 2227 2017 2280 ‘Dixit
2056 2243 2247 2295 quoque
2283 2226 2417 2285 Deus
2465 2241 2484 2277 :
2531 2223 2650 2278 Fiat
2697 2226 3064 2289 ﬁrmamentum
3093 2224 3142 2275 in
3181 2224 3345 2274 medio

1804 2332 2067 2381 aquarum,
2093 2327 2139 2366 et
2164 2316 2353 2367 diuidat
2379 2330 2534 2382 aquas
2563 2313 2624 2366 ab
2648 2317 2824 2379 aquis;
2870 2324 2914 2363 et
2951 2313 3064 2378 fecit
3097 2311 3225 2363 Deus
3251 2311 3346 2376 ﬁr-
3389 2379 3393 2383 ἦ

1805 2412 2126 2464 ammentum,
2155 2402 2413 2464 diuisitque
2439 2416 2595 2466 aquas
2613 2415 2726 2467 qua:
2744 2387 2881 2452 erant
2903 2399 2992 2451 sub
3013 2400 3345 2462 ﬁrmamento.

1805 2495 1865 2546 ab
1896 2494 1970 2545 Itis
1991 2509 2104 2562 qua:
2131 2501 2268 2545 erant
2305 2507 2452 2557 super
2500 2490 2880 2554 ﬁrmamentum.
2930 2486 2995 2539 Et
3040 2488 3227 2554 factum
3276 2495 3345 2537 est

1800 2585 1897 2635 ita.
1939 2581 2234 2648 Vocavitque
2261 2580 2392 2631 Deus
2419 2575 2787 2646 ﬁrmamentum
2833 2575 3030 2642 caelum,
3072 2586 3118 2626 et
3161 2579 3346 2642 factum

1807 2686 1880 2726 est
1907 2690 2102 2741 vespere
2130 2685 2173 2724 et
2201 2688 2348 2724 mane
2372 2672 2479 2724 dies
2505 2672 2769 2723 secundus.
2807 2670 2900 2723 ilic
2930 2669 3091 2722 nostri
3121 2669 3260 2729 cmli,
3293 2667 3346 2719 iu

1808 2775 1912 2827 quo
1946 2763 2044 2812 lixa
2075 2770 2197 2813 sunt
2223 2760 2414 2821 sidera,
2467 2759 2662 2811 erratio
2711 2755 3054 2818 describitur;
3098 2756 3236 2822 quod
3291 2757 3342 2808 in

1809 2849 1984 2901 medio
2015 2856 2220 2900 constat
2252 2847 2508 2900 ﬁrmatum
2540 2862 2658 2916 esse
2685 2860 2955 2912 aquarum.
2995 2844 3123 2896 Nam
3154 2833 3345 2910 suppo-

1771 3005 1773 3007 ι
1811 2937 1936 2989 sitas
1964 2935 2012 2988 ei
2042 2949 2159 2988 esse
2188 2948 2366 3002 aquas,
2399 2944 2452 2987 et
2501 2935 2596 3002 ipsi
2625 2947 2746 2988 aere
2776 2934 3030 3000 terrisque
3075 2933 3306 2986 videmus
3332 2951 3344 2992 ;

1811 3024 2164 3090 superpositas
2193 3033 2364 3098 autem
2393 3038 2492 3074 non
2544 3022 2710 3074 solum
2768 3020 3226 3088 hujus.Scriptur:e
3254 3037 3350 3074 au-

1810 3110 2068 3172 ctoritate,
2113 3109 2202 3164 sed
2254 3095 2518 3177 pioiilietze
2556 3109 2726 3184 verbis
2766 3110 3066 3171 edocemur,
3099 3109 3181 3174 qui
3229 3110 3303 3159 ait
3336 3127 3346 3158 :

1812 3201 2100 3255 Extendens
2136 3203 2312 3254 caelum
2346 3203 2473 3254 sicut
2505 3199 2702 3266 pellem,
2734 3200 2818 3266 qui
2858 3201 2978 3268 tegis
3021 3199 3069 3249 in
3100 3200 3238 3264 aquis
3269 3212 3359 3249 δυσ·

1812 3292 2007 3364 periora
2030 3292 2139 3360 ejus
2181 3291 2349 3358 (Psal.
2380 3305 2490 3353 cm,
2516 3289 2592 3356 2).
2622 3291 2675 3341 ln
2724 3288 2896 3340 medio
2939 3301 3063 3354 ergo
3098 3300 3348 3351 aquarum

1814 3381 2071 3434 lirmatum
2113 3392 2228 3430 esse
2259 3385 2463 3431 constat
2501 3376 2760 3429 sidereum
2790 3375 2976 3428 malum
3006 3415 3018 3438 ,
3052 3389 3218 3440 neque
3254 3375 3350 3424 ali-

1811 3466 1932 3532 quid
1966 3464 2205 3530 probibet
2234 3471 2288 3516 ut
2313 3465 2468 3517 etiam
2499 3463 2565 3516 de
2594 3463 2740 3530 aquis
2787 3464 2974 3514 factum
3025 3475 3140 3512 esse
3169 3460 3350 3512 ereda-

1814 3565 1927 3613 tur;
1951 3551 2038 3621 qui
2069 3552 2206 3605 enim
2233 3551 2501 3605 cristallini
2534 3550 2717 3620 lapidis
2747 3559 2936 3617 quanta
2967 3550 3204 3611 ﬁrmitas,
3235 3563 3351 3614 qua:

1812 3642 1879 3695 sit
1921 3641 2363 3716 perspicuitagac
2406 3639 2606 3706 puritas
2636 3640 2900 3701 novimus,‘
2923 3653 3075 3705 quem
3104 3637 3169 3690 de
3197 3650 3354 3701 aqua-

1815 3746 1930 3783 rutn
1960 3729 2292 3783 concretione
2316 3735 2517 3781 certum
2557 3737 2640 3780 est
2683 3741 2801 3781 esse
2845 3734 3191 3793 procreatum,
3231 3725 3354 3792 quid

1815 3825 1987 3874 obstat
2014 3818 2152 3873 credi
2182 3817 2319 3886 quod
2351 3817 2489 3870 idem
2521 3816 2802 3884 dispositor
2838 3825 3137 3868 naturarutn
3188 3814 3238 3865 in
3272 3815 3357 3866 lir-

1817 3915 2078 3960 matnento
2126 3904 2247 3959 cteli
2293 3903 2639 3958 substantiam
2683 3902 2920 3958 solidarit
2966 3901 3249 3969 aquarum?
3298 3901 3355 3954 Si

1816 4012 1970 4062 quem
2017 4010 2143 4049 vero
2183 4002 2360 4047 movet
2407 3993 2673 4061 quomodo
2719 4006 2888 4060 aquae,
2917 4005 3135 4059 quarum
3173 3998 3357 4044 natura

1816 4090 1898 4136 est
1925 4083 2129 4134 fluitare
2158 4094 2366 4147 semper
2391 4090 2548 4146 atque
2574 4081 2638 4132 ad
2688 4080 2791 4133 ima
2836 4080 3027 4143 delabi,
3057 4094 3215 4146 super
3249 4094 3358 4132 coe-

1817 4173 1923 4225 lum
1952 4171 2242 4223 censistere
2271 4168 2489 4237 possint,
2533 4168 2684 4236 cujus
2729 4169 2951 4222 rotunda
2993 4169 3195 4221 videtur
3238 4184 3358 4223 esse

1820 4261 2006 4331 ﬁgura,
2037 4260 2333 4315 meminerit
2378 4259 2661 4326 Scriptura
2700 4258 2922 4314 dicentis
2966 4258 3031 4312 de
3081 4260 3228 4313 Deo:
3261 4260 3360 4324 Qui

171 4355 219 4398 et
249 4346 535 4410 ordinavit,
562 4354 697 4398 utet
725 4345 836 4399 dies
863 4350 1005 4400 cerni
1035 4357 1268 4415 possent,
1300 4358 1354 4403 et
1391 4352 1596 4403 nomine
1625 4366 1712 4403 ac-
1747 4380 1796 4439 ο
1821 4352 1942 4422 ligat
1967 4371 2123 4423 aquas
2142 4353 2200 4406 in
2230 4353 2442 4405 nubibus
2469 4353 2596 4416 suis,
2635 4360 2689 4403 ut
2732 4367 2831 4404 non
2877 4360 3136 4417 erumpant
3177 4345 3362 4417 pariter

172 4431 374 4500 cipere.
406 4436 492 4488 Sic
518 4438 657 4490 enim
686 4434 907 4488 dicimus
939 4431 953 4486 ἑ
985 4435 1074 4490 Ille
1100 4440 1466 4505 paterfamilias
1493 4442 1716 4494 aediﬁca-

176 4521 247 4573 vit
273 4522 429 4573 istam
459 4522 693 4587 domum,
727 4521 776 4574 id
806 4528 887 4575 est
914 4521 1160 4576 aediﬁcari
1191 4525 1332 4590 fecit,
1362 4536 1414 4579 et
1455 4530 1611 4579 multa
1645 4538 1726 4580 ta-

127 4641 138 4646 -
179 4612 244 4663 lia
289 4625 386 4678 per
413 4625 598 4665 omnes
625 4613 787 4665 libros
811 4611 1104 4664 divinarum
1149 4615 1534 4681 Scripturarum
1572 4616 1717 4670 inve-

179 4700 414 4752 niuntur.

251 4794 561 4862 Factumque
603 4804 672 4846 est
718 4805 913 4863 uespere
955 4807 1000 4849 et
1040 4811 1184 4849 ntane
1230 4796 1334 4848 dies
1382 4801 1524 4850 unus.
1563 4808 1584 4831 ε
1628 4800 1722 4851 Fa-

182 4890 437 4950 ctumque
478 4891 560 4935 est
601 4895 817 4949 vespere
859 4886 1131 4938 occidente
1178 4884 1423 4951 paulatim
1465 4886 1577 4939 luce
1609 4897 1724 4948 post

179 4970 453 5035 expletum
489 4970 710 5037 spatium
755 4969 957 5023 diurna:
1005 4973 1360 5041 longitudinis,
1393 4981 1546 5038 atque
1594 4973 1725 5027 infe-

185 5057 349 5111 riores
402 5061 583 5126 mundi,
627 5070 799 5128 partes
841 5064 1137 5124 subeunte,
1181 5062 1318 5130 quod
1366 5078 1499 5114 nunc
1539 5063 1724 5115 usitato

184 5147 310 5201 solis
334 5147 556 5202 circuitu
590 5151 829 5202 noctibus
857 5151 938 5215 agi
969 5151 1136 5214 solet;
1165 5152 1352 5204 factum
1379 5161 1430 5204 et
1466 5165 1616 5202 mane
1645 5167 1724 5202 re-

187 5236 379 5290 deunte
424 5239 604 5290 eadem
651 5240 894 5306 paulatim
935 5253 1089 5304 super
1133 5249 1319 5303 terras,
1362 5252 1518 5308 atque
1565 5238 1721 5291 alium

324 5388 444 5441 llmc
468 5403 529 5441 es
557 5402 740 5443 sancto
786 5393 1090 5455 Ambrosio,
1125 5393 1212 5443 lili.
1245 5407 1257 5443 ι
1290 5395 1339 5445 in
1370 5395 1718 5457 llexameron,

189 5458 382 5560 “2’3:
413 5456 703 5560 {limil‘jffz

325 5524 379 5577 In
415 5527 533 5579 Mss.
563 5525 708 5578 deest
735 5527 778 5578 si
805 5529 955 5582 enim.
1405 5571 1415 5585 .

260 5603 283 5630 ε
317 5592 482 5661 Ειίίιὶ,’
525 5605 578 5649 ιιι
615 5611 909 5662 apparerent
949 5610 1214 5665 congregat
1237 5615 1281 5660 ν,
1315 5599 1449 5650 male
1490 5602 1720 5653 omnino.

1820 4445 2051 4496 deorsum
2071 4441 2210 4511 (Job.
2240 4456 2383 4506 xxvi,
2405 4439 2461 4510 8)
2479 4458 2492 4504 ;
2509 4449 2563 4494 et
2585 4440 2837 4508 intelligat
2857 4438 2975 4506 quia
2997 4441 3082 4506 qui
3104 4440 3236 4492 infra
3253 4455 3362 4493 cm-

1823 4533 1926 4584 Ium
1956 4531 2078 4599 ligat
2106 4545 2268 4598 aquas
2294 4532 2359 4584 ad
2385 4540 2589 4597 tempus
2614 4541 2730 4581 cum
2764 4528 2893 4591 vult,
2922 4537 2976 4579 ut
3022 4544 3125 4581 non
3166 4530 3385 4597 pariter'

1821 4620 2084 4683 decidant,
2141 4622 2281 4672 nulla
2323 4617 2568 4671 ﬁrmioris
2612 4617 2918 4670 substantia
2961 4617 3228 4684 crepidine
3272 4633 3356 4672 su-

1772 4740 1776 4744 ~
1822 4720 2096 4774 stentatas,
2147 4711 2238 4763 sed
2291 4707 2570 4776 vaporibus
2613 4708 2783 4760 solum
2829 4707 3042 4760 nubium
3092 4716 3357 4771 retentas,

1824 4807 1937 4869 ipse
1962 4802 2116 4855 etiam
2151 4800 2315 4864 potuit
2342 4812 2506 4866 aquas
2531 4811 2687 4865 super
2729 4796 3002 4850 rotundam
3032 4796 3149 4849 coeli
3192 4798 3363 4864 spine-

1825 4909 1960 4958 ram,
1988 4907 2053 4946 ne
2081 4904 2306 4957 unquam
2337 4889 2665 4949 delabantur,
2698 4901 2800 4940 non
2831 4885 3058 4952 vaporali
3088 4886 3364 4950 tenuitate,

1824 4985 1917 5037 sed
1947 4981 2207 5036 soliditate
2231 4977 2555 5046 suspendere
2582 4976 2805 5044 glaciali.
2840 4975 2942 5028 Sed
2969 4975 3066 5030 etsi
3106 4975 3360 5042 liquentes

1826 5072 1894 5124 ἰιιί
1925 5086 2082 5139 aquas
2108 5071 2298 5122 sistere
2327 5069 2512 5132 voluit,
2549 5065 2780 5134 nunquid
2822 5064 3033 5132 majoris
3062 5064 3162 5118 boc
3199 5064 3359 5118 mira-

1825 5161 1926 5214 culi
1955 5169 2055 5226 est,
2084 5171 2236 5223 quam
2279 5156 2420 5224 quod
2466 5156 2631 5223 ipsam
2673 5163 2825 5206 terrai
2871 5153 3081 5213 molem,
3122 5162 3176 5204 ut
3222 5152 3362 5206 Scri-

1828 5258 1974 5314 ptura
2002 5244 2147 5307 dicit,
2188 5242 2438 5310 appendit
2485 5243 2538 5296 in
2587 5240 2790 5294 nihilst
2819 5239 2948 5292 Nam
2975 5248 3029 5292 et
3056 5239 3206 5292 undae
3250 5241 3365 5295 sive

1894 5394 1917 5430 ⁶¹
1945 5396 2050 5447 ΑΙ..
2072 5394 2262 5446 didicit.

1899 5395 1917 5430 δ
2113 5395 2123 5406 .
2166 5395 2176 5404 .
2213 5395 2262 5444 ..

1899 5471 1920 5499 α
1945 5396 2050 5515 ᾖ)ίῖ
2072 5395 2423 5529 largumque
2451 5463 2708 5514 occidente
2734 5460 2981 5528 paulatim
3029 5463 3134 5514 lucc
3171 5465 3371 5535 omisiu

1827 5538 1913 5581 est.

1857 5561 1918 5663 Ἥ
1957 5599 2058 5658 AL.
2096 5561 2167 5650 rel
2192 5599 2284 5652 nisi
2305 5608 2517 5668 propter.
