3866 6248
113 346 169 401 Ξί
1337 335 1674 390 ΙΙΕΧᾹΕΜΕ

1779 336 1814 388 .\'
1855 335 1978 391 Litt.
2019 338 2056 392 l.
3248 341 3314 389 ‘2':

113 458 394 518 multiﬁdas
439 454 741 510 earumdem
773 454 934 518 sinus,
970 453 1056 521 qui
1095 454 1297 508 diversa
1349 469 1442 520 pro
1486 454 1653 521 regio.
1681 453 1732 508 Α
1832 435 1968 504 Diait
2021 468 2138 516 ergo
2200 450 2330 502 Deus
2364 466 2380 501 ,ο
2417 449 2573 499 Fiant
2619 447 2886 500 luminaria
2923 449 2971 500 in
3005 451 3314 512 ﬁrmamento

114 564 233 606 num
259 545 528 600 vncabulis
554 555 608 598 et
636 543 733 612 ipsi
763 544 974 596 nomina
1001 544 1307 596 sortiuntur.

181 635 246 690 Et
274 637 396 686 uidit
421 632 552 685 Deus
579 634 710 698 quod
730 640 854 683 esset
888 631 1090 682 bonum.
1119 629 1349 683 Necdum
1382 636 1516 681 terra
1546 643 1660 696 ger-

115 727 360 788 minabat,
407 723 629 778 necdum
683 722 762 775 vel
815 723 944 790 ipsa,
999 729 1025 755 ³
1077 720 1156 774 vel
1197 735 1345 788 aqum
1383 719 1662 774 animantia

121 818 234 870 viva
258 815 640 883 produxerant,
668 822 722 866 et
743 822 915 864 tamen
941 811 1124 865 videre
1149 811 1338 866 dicitur
1372 812 1506 865 Dens
1529 811 1664 878 quod

116 914 254 958 esset
281 904 501 968 bonum,
532 900 842 955 cedentibus
876 902 1042 967 aquis,
1096 885 1402 964 apparuisse
1443 899 1665 963 aridam,

115 995 232 1063 quia
265 993 512 1046 videlicet
541 1005 692 1055 aqua:
721 988 746 1026 δ
771 999 979 1043 creator
1017 997 1172 1056 atque
1220 991 1514 1042 mstimator
1552 990 1669 1042 uni-

120 1083 385 1136 versitatis
411 1079 703 1146 praevidens
728 1093 843 1146 quae
875 1077 1046 1130 futura
1076 1089 1218 1140 sunt,
1250 1079 1398 1144 quasi
1445 1080 1668 1146 perfecta

117 1176 219 1242 jain
253 1173 453 1236 laudat,
483 1186 599 1239 qua!
622 1170 794 1224 adhuc
818 1171 867 1222 in
902 1169 1052 1236 primi
1082 1170 1256 1236 operis
1283 1169 1500 1224 exordio
1529 1177 1670 1232 sunt,

122 1279 213 1316 nec
252 1265 440 1315 mirum
473 1261 608 1328 apud
639 1277 793 1329 quem
823 1274 998 1315 rerum
1030 1261 1282 1328 perfectio
1334 1276 1436 1312 non
1469 1260 1519 1312 in
1549 1274 1674 1312 con-

120 1351 470 1404 summatione
498 1350 697 1417 operis,
732 1349 823 1402 sed
873 1349 924 1402 in
967 1363 1078 1403 sua:
1107 1358 1186 1403 est
1215 1347 1677 1417 prmdesﬁnatione

122 1438 418 1492 Voliintatis.

189 1527 250 1580 Et
278 1529 350 1580 ait
374 1543 394 1580 :
417 1528 668 1581 Cerminet
692 1537 823 1581 terra
844 1528 1047 1580 herbam
1077 1528 1313 1580 virentem
1341 1538 1386 1580 et
1413 1528 1678 1596 facientem

121 1633 315 1678 semen,
351 1629 394 1669 et
445 1619 636 1686 lignum
681 1619 978 1686 pomiferum
1035 1619 1221 1686 faciens
1272 1622 1488 1686 fructum
1527 1621 1679 1685 juxta

122 1721 273 1774 genus
294 1722 441 1757 suum
463 1723 479 1766 ς
502 1708 645 1773 cujus
666 1721 830 1758 semen
854 1707 904 1757 in
929 1707 1192 1772 semetipso
1214 1707 1276 1758 sit
1307 1722 1455 1770 super
1471 1716 1675 1758 terrain.

1761 543 1888 604 (teli,
1916 554 1966 592 ut
1988 542 2214 595 dividant
2240 542 2370 593 diem
2396 556 2455 592 ac
2481 548 2692 591 noctein.
2727 539 2794 590 Ea
2824 539 3070 592 videlicet
3097 540 3316 598 divisio-

1765 647 1851 694 ne,
1884 648 1997 698 qua:
2053 635 2102 683 in
2157 633 2498 699 sequentibus
2552 629 2849 696 explicatur
2879 630 3131 693 apertius,
3165 629 3316 683 iitsiil

1764 720 1973 786 quidem
1998 721 2156 780 diem.
2194 720 2318 773 luna
2348 736 2472 773 vero
2502 729 2555 774 et
2579 718 2745 772 stellae
2794 725 3014 770 noctem
3035 717 3316 774 illiistreiit.

1769 809 1879 863 lloc
1905 813 2041 862 enim
2099 811 2253 863 l‘ai'tis
2281 809 2543 863 sideribus
2570 809 2636 862 ad
2659 816 2996 877 augmentum
3055 809 3317 876 primaria:

1771 900 1900 954 lucis
1956 900 2202 962 arcessit,
2234 911 2288 953 ut
2334 903 2492 954 etiam
2547 917 2646 953 nox
2701 900 2958 954 luminosa
2989 900 3318 969 procederet.

1773 989 1855 1042 vel
1884 992 2017 1043 liinie
2049 990 2230 1055 utique
2278 990 2584 1058 splendore.
2616 991 2696 1043 vel
2727 992 3023 1058 stellarum,
3073 993 3152 1044 vel
3177 1001 3323 1047 utro‘

1773 1095 1874 1144 que
1921 1081 2186 1143 irradiatn,
2236 1096 2353 1148 qua:
2398 1092 2615 1151 eatenus
2666 1083 2792 1135 nihil
2843 1093 3033 1152 praeter
3081 1085 3321 1137 tenebras

1775 1180 1989 1222 noverat
2043 1171 2302 1236 antiquas.
2350 1168 2477 1222 Nam
2529 1171 2626 1223 etsi
2683 1170 2831 1225 nobis
2877 1173 3165 1241 smpissime
3219 1188 3319 1227 nux

1776 1260 2049 1313 tenebrosa
2104 1257 2326 1322 videtur,
2361 1268 2412 1308 et
2441 1273 2602 1324 eatea,
2657 1261 2940 1312 ohswrato
2969 1262 3208 1315 videlicet
3233 1277 3320 1315 ne-

1779 1347 1970 1401 liulosis
2000 1348 2292 1400 turbinibus
2320 1363 2440 1402 aere
2462 1348 2547 1416 qui
2579 1357 2733 1401 terra:
2758 1351 3024 1416 proximus
3053 1360 3152 1411 est.
3171 1366 3322 1420 Supe-

1781 1440 1916 1491 iiora
1947 1448 2120 1490 tamen
2147 1436 2233 1489 illa
2267 1439 2460 1504 spatia,
2491 1453 2606 1506 qua:
2631 1439 2839 1491 iuberis
2865 1441 3076 1493 nomine
3104 1454 3323 1494 censen-

1783 1540 1881 1588 tur,
1913 1537 1965 1579 et
1995 1544 2019 1577 :i
2073 1526 2375 1578 turbulento
2423 1525 2525 1579 hoc
2565 1540 2685 1579 aere
2738 1543 2901 1594 tlsqttt!
2956 1528 3018 1579 ad
3063 1529 3322 1582 sidereum

1783 1617 2085 1686 pertingunt
2109 1618 2323 1680 caelum,
2373 1629 2582 1682 semper
2612 1616 2680 1668 ob
2709 1616 2940 1668 siderum
2994 1616 3325 1670 circumeun-

1785 1710 1910 1759 tiuni
1959 1707 2182 1758 iediliint
2236 1705 2402 1756 liii-ida
2460 1704 2732 1771 fulgorem.
2794 1706 2896 1760 Sed
2946 1714 2998 1759 et
3042 1705 3140 1758 hoc
3166 1704 3324 1758 divini

127 1795 186 1845 Et
216 1797 407 1862 factum
435 1810 504 1846 est
534 1796 622 1846 ita.
653 1793 713 1846 Et
741 1795 946 1862 protulit
994 1804 1128 1846 terra
1172 1793 1375 1847 herbam
1421 1795 1677 1855 virentem,
1713 1772 1756 1830 Β
1785 1796 2015 1847 muneris
2035 1805 2214 1846 exorta
2245 1795 2417 1846 sidera
2450 1809 2566 1846 t-uui
2593 1795 2951 1847 additaiiiciilo
2982 1797 3108 1848 lucis
3135 1793 3331 1849 mundo

123 1894 168 1934 et
193 1883 486 1947 a/i'eientem
514 1899 679 1934 semen
708 1884 863 1950 λυπέο
891 1898 1044 1951 genus
1077 1899 1251 1943 suum,
1286 1884 1572 1950 lignumque
1601 1887 1679 1949 fa-

123 1978 249 2028 ciens
281 1977 524 2042 fructum,
557 1983 602 2025 et
647 1974 833 2025 habens
871 1975 1256 2040 unumquodque
1301 1984 1561 2025 sementem
1599 1991 1676 2024 se-

121 2068 340 2119 cundum
374 2076 394 2101 ε
427 2065 638 2133 speciem
667 2080 828 2117 suam.
866 2062 929 2115 Et
958 2065 1081 2115 vidit
1116 2063 1248 2117 Deus
1287 2067 1422 2131 quod
1449 2073 1572 2116 esset
1594 2064 1676 2116 bo.

125 2172 262 2219 num,
290 2157 580 2224 factumque
610 2163 678 2207 est
725 2169 921 2221 resprrc
946 2163 990 2206 et
1037 2170 1180 2207 mane
1223 2155 1328 2206 dies
1359 2156 1549 2207 tertius.
1586 2155 1678 2208 Pa-

131 2253 197 2294 tet
221 2258 282 2295 ev
320 2243 402 2294 his
434 2243 524 2295 Dei
555 2241 726 2296 verbis
756 2241 892 2308 quod
940 2256 1102 2296 verno
1129 2251 1363 2310 tempore
1392 2243 1568 2296 mundi
1599 2257 1680 2297 est

127 2331 386 2395 perfectus
411 2341 648 2384 ornatus.
677 2331 728 2383 In
755 2331 854 2384 hoc
877 2333 1014 2383 enim
1047 2333 1222 2385 solent
1253 2333 1427 2386 herbae
1455 2332 1682 2387 virentes

127 2433 380 2486 apparere
430 2420 480 2472 in
533 2429 670 2472 terra
709 2429 760 2472 et
802 2419 938 2486 ligna
991 2421 1158 2485 pomis
1199 2421 1464 2485 onustari;
1496 2421 1678 2474 simul-

127 2525 225 2573 que
256 2508 544 2562 nntiindum
577 2509 714 2574 quod
749 2523 852 2560 non
893 2507 1054 2573 prima
1096 2509 1374 2563 herbarum
1404 2511 1680 2562 arborum-

129 2615 227 2665 que
254 2601 495 2666 germina
526 2600 591 2651 de
615 2598 836 2661 semine,
867 2599 957 2650 sed
995 2599 1238 2665 prodiere
1265 2599 1327 2651 de
1358 2608 1527 2658 terra;
1559 2613 1678 2650 nam

132 2689 194 2739 ad
229 2705 389 2739 unam
434 2687 732 2739 Conditoris
759 2685 1051 2753 juSsionem
1080 2695 1238 2750 terra,
1266 2702 1382 2753 quae
1420 2687 1563 2738 arida
1594 2703 1681 2753 pa-

130 2777 292 2838 rebat,
326 2785 546 2840 repente
576 2774 751 2827 herbis
780 2784 1013 2840 compta,
1043 2783 1095 2826 et
1144 2776 1449 2827 nemoribus
1496 2786 1576 2827 est
1603 2790 1683 2827 ve-

128 2865 242 2916 stita
273 2865 603 2927 ﬂorentibus,
637 2872 791 2928 atque
815 2862 931 2915 liazc
959 2862 1209 2914 continuo
1231 2863 1309 2914 sui
1342 2877 1558 2930 qua'qiie
1585 2878 1684 2928 ge-

130 2955 265 3008 neris
298 2969 453 3022 poma
482 2969 543 3006 ex
577 2967 693 3005 sese
723 2967 784 3005 ac
813 2953 1012 3004 semina
1046 2950 1069 2987 ά
1106 2953 1482 3018 produxerunt.
1514 2957 1681 3018 ωροτ-

1782 1887 2105 1949 obtulerunt,
2135 1893 2193 1936 ut
2215 1884 2484 1937 distinctio
2505 1898 2714 1951 quoque
2736 1894 3025 1952 temporum
3051 1883 3328 1939 labentium

1783 1990 1881 2041 per
1906 1989 1963 2024 ea
1999 1985 2175 2038 posset
2214 1973 2479 2040 dignosci;
2514 1973 2651 2025 unde
2681 1974 2934 2040 sequitur.

1855 2062 1916 2115 Et
1943 2063 2038 2114 sint
2066 2064 2114 2114 in
2159 2063 2301 2130 signa
2331 2071 2374 2114 et
2403 2072 2645 2128 tempora,
2675 2073 2720 2113 et
2768 2064 2870 2114 dies
2901 2072 2944 2113 et
2989 2079 3169 2116 anuos.
3200 2065 3328 2127 Quia

1784 2151 2025 2203 nimirum
2055 2151 2357 2219 priusquam
2396 2150 2566 2204 sidera
2621 2153 2823 2213 tierent,
2871 2166 2971 2205 non
3002 2161 3116 2204 erat
3146 2150 3334 2217 quibus

1783 2241 1913 2295 ordo
1939 2251 2229 2308 temporum
2277 2240 2621 2294 adnotaretur
2653 2240 2887 2304 indiciis;
2923 2256 3023 2293 non
3048 2255 3157 2294 ei'a'
3194 2242 3333 2296 unde

1785 2332 2069 2385 meridiana
2103 2331 2230 2382 liora
2255 2330 2669 2396 dignosceretur,
2696 2341 2972 2398 antequam
2996 2333 3072 2384 sol
3103 2333 3330 2385 medium

1784 2424 1904 2478 eieli
1933 2421 2310 2475 Conscenderet
2339 2423 2520 2488 igneus
2550 2421 2761 2483 orbein;
2800 2414 2828 2456 τ’
2852 2436 2955 2474 non
2975 2421 3112 2474 unde
3127 2431 3331 2475 caetera:

1783 2515 1882 2566 diei
1921 2517 2186 2578 noctisque
2216 2511 2552 2578 sigiiarentur
2585 2510 2749 2576 horae,
2782 2511 2949 2563 donec
2987 2521 3125 2563 astra
3158 2512 3328 2578 polum

1783 2600 1968 2666 aequali
1997 2599 2133 2652 inier
2162 2613 2218 2651 se
2244 2607 2392 2654 sorte
2422 2598 2506 2651 die
2540 2609 2799 2667 noctuque
2830 2600 3152 2654 dividerent.
3199 2602 3332 2654 Sunt

1783 2706 1907 2757 ergo
1937 2689 2209 2742 luminaria
2235 2690 2284 2740 in
2315 2690 2458 2756 signa
2491 2702 2542 2742 et
2575 2700 2810 2757 tempora
2840 2699 2892 2741 et
2919 2689 3032 2743 dies
3063 2698 3117 2744 et
3147 2705 3328 2752 annos,

1785 2797 1887 2832 non
1917 2778 2052 2847 quod
2080 2794 2106 2830 a
2130 2777 2431 2832 conditione
2452 2791 2631 2831 eorum
2658 2780 2736 2832 vel
2766 2789 2999 2846 tempora
3019 2781 3328 2847 inciperent,

1784 2885 1900 2937 quin
1928 2879 2130 2923 constat
2154 2871 2383 2937 cmpisse
2411 2884 2439 2921 a
2476 2869 2731 2939 principio
2761 2887 2862 2939 quo
2895 2870 3018 2925 fecit
3058 2871 3197 2926 Deus
3225 2886 3329 2925 ca:-

1787 2963 1889 3014 lum
1936 2971 1988 3014 et
2037 2971 2262 3024 terrain;
2319 2960 2400 3014 vel
2459 2961 2571 3014 des
2627 2973 2679 3014 et
2725 2964 2869 3025 anni,
2919 2965 3004 3029 qui
3073 2963 3325 3031 oi-iginetn

131 3046 267 3098 tebiit
311 3048 452 3097 enim
498 3051 556 3097 ut
603 3043 766 3095 forma
813 3057 1032 3109 qua-que
1075 3057 1250 3094 rerum
1297 3042 1359 3095 ad
1410 3043 1674 3109 imperium

1787 3055 2074 3120 sumpsisse
2122 3062 2416 3107 noscuntur
2461 3069 2524 3106 ex
2565 3070 2671 3122 quo
2702 3055 2834 3108 dixit
2865 3055 3002 3109 Deus
3033 3073 3043 3108 :
3074 3053 3191 3108 Fiat
3221 3058 3330 3122 tux,

131 3135 330 3190 Domini
358 3132 782 3201 primoperiecta
811 3133 1138 3199 procederet,
1163 3133 1422 3200 quomodo
1447 3142 1499 3184 et
1525 3132 1681 3184 liomo

131 3225 255 3289 ipse,
291 3231 506 3292 prapter
537 3239 692 3289 quem
723 3223 900 3275 omnia
948 3222 1076 3274 iacti
1109 3232 1231 3274 sunt
1272 3223 1321 3273 in
1365 3235 1520 3283 ierra,
1566 3238 1682 3289 per-

130 3314 278 3376 fecte,
315 3315 415 3364 hoc
455 3322 555 3373 est,
586 3312 838 3378 juvenilis
886 3309 1051 3364 aetatis
1103 3315 1388 3379 plasmatus
1425 3327 1542 3365 esse
1568 3327 1682 3366 cre-

126 3405 326 3458 dendus
343 3414 453 3455 “est.

191 3490 332 3544 Dixit
354 3513 355 3516 η
379 3501 546 3543 autent
578 3491 711 3544 Deus
739 3507 756 3544 :
784 3491 934 3543 Fiant
984 3493 1258 3543 luminaria
1287 3494 1337 3544 in
1365 3493 1678 3559 ﬁrmamento

126 3584 249 3634 corli.
287 3581 506 3634 Decenti
534 3583 665 3634 satis
693 3581 880 3633 ordine
907 3582 1133 3633 mundus
1162 3596 1225 3632 ex
1255 3581 1473 3632 materia
1518 3579 1676 3631 infor-

126 3671 192 3722 mi
220 3683 508 3736 congruam
557 3670 794 3735 procedit
821 3668 883 3718 ad
919 3667 1162 3719 formam.
1219 3668 1503 3735 Postquam
1535 3669 1673 3720 enim

125 3765 244 3809 ante
285 3772 502 3809 omnem
555 3757 704 3818 hujus
739 3755 915 3808 surculi
943 3755 1077 3807 diem
1109 3755 1296 3808 coelum
1326 3765 1379 3809 et
1412 3770 1602 3808 terram
1627 3767 1679 3808 et

124 3863 310 3915 aquam
366 3845 506 3898 Deus
555 3845 899 3909 Cl‘e:lVll,llt-C
926 3854 1026 3909 est,
1074 3841 1400 3915 superiorem
1453 3846 1594 3898 illum
1627 3853 1678 3895 et

124 3935 414 4006 spiritalem
476 3949 594 3995 eum
627 3936 733 3985 suis
774 3935 955 3988 incolis
1009 3937 1278 4000 mundum,
1306 3947 1360 3989 et
1399 3935 1676 3988 informem

129 4027 285 4080 totius
318 4025 475 4092 linjtis
508 4023 682 4075 mundi
726 4027 1018 4087 materiam,
1047 4026 1194 4091 juxta
1239 4027 1338 4080 hoc
1384 4025 1524 4093 quod
1549 4024 1674 4077 scri-

127 4123 265 4180 ptum
305 4123 390 4169 cst
425 4133 436 4165 ;
475 4114 574 4177 Qui
598 4112 710 4162 vivit
738 4113 786 4163 in
813 4124 1072 4178 aeternum,
1128 4117 1308 4167 creavit
1333 4130 1496 4164 omnia
1525 4112 1677 4163 simul

123 4205 296 4271 (h‘ccli.
332 4219 480 4264 xiiii,
518 4204 596 4269 vt);
625 4202 792 4268 primo
825 4203 978 4270 hujus
1003 4206 1178 4258 seculi
1209 4207 1294 4257 die
1327 4206 1494 4258 lucem
1529 4201 1674 4265 fecit,

128 4300 148 4326 ο
194 4307 310 4358 quae
342 4301 565 4344 ureteras
623 4299 891 4345 creaturas
920 4297 1098 4359 specie
1149 4307 1367 4360 capaces
1414 4293 1672 4345 redderet.

1783 3159 1828 3200 et
1878 3151 2013 3216 facta
2059 3158 2129 3200 est
2173 3149 2305 3209 lux;
2356 3149 2447 3201 sed
2494 3151 2613 3215 quia
2662 3164 2751 3213 per
2804 3161 2948 3202 ortus
2996 3165 3174 3202 eorum
3225 3153 3332 3205 sive

1783 3239 2032 3290 transitus
2085 3249 2377 3308 temporum
2434 3238 2566 3291 ordo
2611 3239 2921 3305 dierumque
2972 3255 3328 3308 annorumque

1780 3328 2033 3395 signatur.
2061 3326 2188 3379 Nam
2219 3337 2384 3380 totum
2412 3327 2535 3379 illud
2564 3328 2789 3378 triduum
2814 3326 3053 3392 superius
3076 3327 3325 3381 indiscre-

1782 3427 1834 3467 to
1861 3431 2044 3470 cursus
2090 3418 2168 3467 sui
2217 3430 2462 3482 processu
2523 3415 2814 3476 transierat,
2864 3414 3060 3468 nullam
3114 3417 3324 3485 penitus

1779 3505 2161 3556 dimensionem
2210 3506 2406 3559 habens
2438 3505 2708 3567 llOl'Jl'um,
2742 3517 2795 3559 iit
2829 3518 2949 3574 pote
2977 3510 3092 3576 quia
3127 3511 3322 3567 lumine

1780 3593 2027 3657 primario
2054 3595 2223 3646 adhuc
2246 3594 2561 3662 generaliter
2588 3597 2760 3649 omnia
2804 3600 3060 3664 replente,
3089 3601 3323 3654 nullum-

1777 3699 1880 3749 que
1935 3693 2091 3750 caput
2140 3685 2386 3747 lialieiite,
2425 3684 2565 3752 quod
2635 3700 2770 3737 nunc
2817 3687 2882 3738 di:
2933 3688 3046 3740 sole
3111 3690 3321 3756 accipit,

1779 3788 2029 3840 nusquam
2108 3773 2234 3826 radii
2284 3773 2609 3828 ardeiitiores
2690 3775 2985 3839 illuxerunt,
3039 3779 3178 3830 nulla
3221 3780 3321 3832 sub

1778 3873 1928 3915 caute
1959 3864 2038 3916 vel
2068 3863 2256 3915 arbore
2283 3862 2430 3930 quasi
2461 3865 2708 3917 remotior
2732 3866 2910 3918 umbra
2944 3865 3182 3936 frigebat.
3213 3869 3316 3922 Sed

1777 3959 1830 4004 et
1858 3962 2070 4019 excepta
2113 3951 2444 4005 adnotatione
2476 3962 2769 4020 tempoium
2811 3964 2932 4008 sunt
2972 3957 3244 4011 luminaria
3267 3961 3316 4012 iii

1775 4041 1920 4107 signa
1974 4040 2122 4106 hujus
2152 4043 2269 4094 vita:
2317 4041 2494 4093 usibus
2550 4045 2866 4110 necessaria,
2898 4060 3016 4113 qua:
3039 4047 3120 4100 vel
3149 4058 3318 4102 nauta:

1779 4133 1826 4180 in
1856 4132 2214 4195 gulieinando,
2249 4130 2325 4181 vel
2362 4131 2409 4181 in
2465 4131 2685 4183 desertis
2741 4133 3026 4199 Ethiopiie
3080 4138 3317 4190 :iienosis

1775 4238 1967 4290 qirque
1992 4223 2193 4276 iiantes
2220 4223 2518 4284 observant,
2554 4223 2639 4275 ubi
2682 4237 2836 4289 quam
2885 4226 3148 4279 levissimo
3178 4231 3318 4282 venti

1778 4311 2003 4379 impulsu
2033 4322 2241 4374 cuncta,
2270 4326 2392 4364 mox
2423 4326 2538 4380 quae
2584 4311 2791 4366 inventa
2826 4313 3038 4381 fuci-int,
3074 4317 3318 4370 itineraii-

125 4378 365 4432 Secundo
425 4379 806 4429 liriiianiontum
855 4379 995 4439 caeli,
1051 4383 1374 4450 superiorem
1435 4382 1672 4435 videlicet
1706 4378 1906 4467 Dm,“
1954 4405 2169 4471 vestigia
2236 4378 2650 4468 εοηιριηῇηηιητ,
2709 4402 2933 4471 meoun
2985 4378 3086 4457 ..δη
3144 4410 3316 4462 minus

127 4470 272 4536 hujus
329 4467 512 4521 mundi
561 4477 779 4532 partem,
813 4469 863 4520 in
914 4483 1164 4537 aquarum
1207 4473 1377 4526 medio
1402 4472 1667 4526 solidavit.

126 4555 298 4609 Tertio
330 4558 381 4609 in
412 4555 747 4610 inferioribus
793 4570 938 4609 mare
985 4571 1256 4627 terrasque
1283 4563 1390 4616 suis
1424 4561 1671 4613 discrevit

128 4645 330 4707 ﬁnibus,
373 4659 656 4711 acremque
681 4645 790 4696 suis
822 4646 870 4695 in
899 4647 1048 4710 locis,
1083 4651 1301 4704 cedente
1329 4666 1481 4718 aqua,
1515 4651 1670 4703 dill’ii-

125 4737 214 4789 dii.
244 4736 489 4804 Oportuit
535 4749 659 4802 ergo
691 4744 743 4786 iit
770 4736 954 4788 eodem
1006 4753 1108 4804 quo
1135 4752 1308 4795 creata
1340 4757 1456 4796 sunt
1488 4744 1673 4796 ordine

127 4826 412 4891 profectum
443 4838 694 4895 caperent.
739 4826 998 4879 elementa
1046 4832 1314 4896 amplioris
1357 4844 1592 4895 ortialtts,
1623 4834 1671 4884 id

122 4921 222 4975 Cal,
274 4925 467 4982 quarto
520 4917 604 4968 die
655 4913 843 4968 coelum
917 4916 1259 4971 luiiiinaribus
1313 4922 1668 4987 insigniretur.

126 5005 311 5066 Quinto
339 5021 433 5060 aer
463 5015 517 5059 et
540 5019 705 5067 mare,
738 5014 892 5056 sexto
915 5015 1053 5056 terra
1083 5006 1192 5056 suis
1222 5007 1528 5071 impleretur
1559 5010 1674 5062 ani-

127 5096 405 5147 mantibus.
431 5095 560 5147 Nam
589 5096 727 5163 quod
758 5095 841 5147 die
871 5094 1024 5146 tertio
1044 5103 1179 5145 terra
1211 5095 1385 5149 herbis
1411 5110 1491 5151 est
1519 5101 1667 5152 arbo-

128 5182 366 5250 ribusque
394 5183 604 5247 vestita,
633 5199 732 5236 non
756 5183 819 5236 ad
842 5192 1081 5236 ornatum
1111 5185 1247 5250 eius,
1272 5189 1362 5240 sed
1386 5189 1448 5243 ad
1478 5191 1664 5256 ipsam,

129 5282 178 5324 ut
205 5273 272 5325 ita
302 5273 552 5335 dixerim,
585 5276 760 5342 ligurie
789 5273 904 5337 ejus
931 5274 1259 5340 superﬁciem
1291 5279 1538 5342 pertinet.

191 5430 216 5457 ⁸
244 5430 326 5482 Al.
357 5426 502 5478 addit
522 5428 701 5477 maria.

192 5489 219 5528 δ
250 5501 327 5549 ΑΙ.
352 5498 501 5548 deest
529 5507 719 5546 creator
740 5506 901 5565 atque.

197 5568 219 5596 ο
257 5565 365 5624 AL.
395 5580 481 5630 per
508 5567 735 5628 speciem.

189 5633 214 5673 δ
250 5639 326 5689 Al.
341 5677 357 5703 ,
387 5633 734 5701 produxerim.

1777 4493 1880 4545 illis
1911 4494 1959 4544 in
1991 4493 2289 4559 regionibus
2340 4502 2544 4560 euntes,
2592 4507 2745 4561 quam
2791 4494 2879 4560 qui
2910 4497 2958 4546 in
3011 4500 3137 4548 inari
3169 4501 3316 4552 navi-

1734 4609 1742 4615 -
1772 4591 1915 4649 gnat,
1943 4592 2094 4634 nocte
2124 4581 2313 4650 dieque
2356 4583 2518 4649 signis
2561 4592 2712 4650 egent
2744 4583 2997 4641 siderum.
3030 4585 3163 4640 Sunt
3191 4589 3313 4643 item

1771 4669 1912 4737 signa
1946 4679 1970 4713 8
1999 4670 2188 4735 quibus
2244 4685 2614 4737 nonnunquam
2661 4671 2796 4724 aeris
2846 4688 3054 4741 quoque
3095 4678 3312 4744 qualitas

1773 4775 1890 4827 qua:
1914 4759 1980 4810 sit
2009 4768 2223 4810 ventura
2250 4759 2436 4811 horum
2467 4761 2912 4829 eooteinplatione
2941 4765 3307 4830 praevideinus.

1847 4848 1910 4900 Ut
1933 4835 2124 4900 luceant
2151 4864 2200 4899 in
2222 4848 2533 4914 firmamento
2562 4852 2691 4913 mli,
2719 4861 2763 4904 et
2783 4853 3067 4907 illuminent
3092 4861 3273 4906 terrain
3291 4897 3306 4918 ,

1772 4946 1816 4988 et
1845 4940 2030 5003 factum
2058 4946 2127 4988 est
2153 4937 2240 4987 ita.
2273 4939 2491 5006 Semper
2520 4941 3019 5006 qiiideinluminaria
3051 4941 3100 4994 in
3131 4942 3298 4994 firma-

1773 5038 1948 5080 mento
1996 5029 2113 5078 cudi
2159 5031 2349 5092 lucent,
2401 5038 2454 5082 ut
2483 5029 2726 5099 diximus,
2769 5043 2820 5087 et
2849 5037 3094 5102 proxima
3122 5035 3168 5088 ei
3199 5035 3309 5088 loca

1770 5123 1915 5176 claro
1946 5123 2138 5173 Iuniinc
2169 5123 2501 5188 perfundunt,
2533 5127 2624 5180 sed
2657 5129 2976 5197 temporibus
2998 5127 3300 5196 opportunis

1773 5210 2060 5263 illuminant
2137 5219 2350 5263 terrain.
2409 5211 2640 5282 Namque
2695 5214 2971 5284 aliquoties
3031 5215 3302 5270 nubilosus

1769 5302 1973 5353 obsistit
2007 5312 2114 5358 aer,
2147 5314 2210 5351 ne
2239 5300 2318 5351 vel
2355 5302 2507 5366 limae,
2539 5318 2655 5356 cuin
2691 5320 2846 5370 parva
2889 5315 2986 5369 est,
3015 5305 3093 5359 vel
3124 5305 3301 5359 stella-

1841 5461 1861 5485 ε
1899 5451 2001 5510 .\|.,
2035 5458 2084 5498 ut
2108 5459 2328 5502 creterris.

1842 5520 1857 5555 τ
1903 5523 2017 5588 AL,
2053 5518 2124 5567 rei
2187 5516 2293 5569 lucc
2341 5525 2510 5584 unde;
2561 5526 2654 5587 :ilz,
2697 5527 2796 5578 licet:
2849 5528 3016 5588 unde;
3065 5526 3154 5588 ;ι1.,

1764 5593 1869 5640 liii'c
1920 5587 2064 5639 unde.

1837 5669 1858 5691 υ
1899 5657 2000 5717 .~\l.,
2040 5654 2198 5720 quia;
2248 5661 2340 5724 aL,
2389 5677 2515 5722 ante.

3206 5543 3300 5579 N‘Jll
