3866 6248
493 371 562 439 2's
976 389 1177 443 aena:
1221 389 1656 449 vsusussms
1693 395 1968 450 opertus

2112 397 2294 492 RS|~IL
2331 430 2396 443 —
2434 405 2809 464 EXEGETICA
2848 411 3168 470 GENUINA.
3597 424 3649 478 ll

491 514 603 550 rum
635 502 804 552 lumen
859 501 1010 554 terris
1041 511 1316 567 appareat;
1359 503 1450 556 sed
1481 512 1536 557 et
1559 513 1708 558 ortus
1736 506 1818 558 sol
1850 507 2024 558 lunam
2052 509 2102 564 Δ
2129 508 2237 562 dies
2253 521 2306 564 at
2325 530 2502 568 anuos.
2525 518 2805 586 (Imperant
2853 537 3073 590 namque
3113 527 3340 581 discerni
3369 540 3649 598 temporum

487 590 768 657 steliasque
797 591 993 656 majore
1025 591 1240 654 lumine,
1274 608 1338 646 ne
1370 603 1563 648 :erratn
1619 596 1910 648 illuminent
1931 597 2028 648 im-

491 678 659 743 pedit;
698 678 831 731 unde
866 689 920 732 et
951 695 1140 732 nomen
1188 681 1372 736 Latine
1421 685 1643 750 aet'epit,
1695 685 1832 750 quod
1862 687 2023 748 solus,

485 771 722 823 nbtttltsis
771 785 873 824 una
903 771 1070 823 stt-llis
1115 787 1231 825 cum
1277 773 1417 836 luna,
1470 789 1563 840 per
1590 775 1726 829 diem
1755 778 1906 831 terris
1931 778 2027 830 lul-

482 871 619 927 geat.

553 949 696 1002 Fecit
722 968 914 1021 quoque
965 953 1097 1005 Deus
1147 955 1244 1002 duo
1273 969 1456 1020 ntagna
1507 955 1792 1006 luminaria.
1850 955 2022 1010 Lumi-

484 1041 622 1091 naria
642 1055 825 1106 magna
846 1055 1118 1106 possumus
1130 1032 1384 1110 accipere,
1403 1057 1505 1096 non
1526 1053 1628 1095 tam
1652 1045 1870 1098 aliorum
1885 1060 2020 1100 coui-

483 1130 771 1194 paratione,
787 1146 943 1196 quam
957 1145 1051 1184 suo
1071 1146 1307 1193 munere,
1332 1140 1388 1183 ut
1407 1142 1484 1183 est
1499 1132 1690 1184 caelum
1706 1148 1948 1201 magnum
1966 1145 2019 1187 et

480 1232 622 1270 mare
650 1230 914 1284 magnum.
935 1218 1062 1271 Nam
1085 1231 1137 1272 et
1159 1209 1374 1286 magnus
1392 1218 1470 1271 sol
1487 1219 1573 1286 qui
1596 1220 1824 1288 complet
1841 1222 2018 1276 Otbcm

481 1319 737 1362 terrarum
783 1325 877 1363 suo
926 1309 1122 1374 calore,
1161 1309 1242 1362 vel
1275 1311 1391 1362 luna
1418 1323 1511 1361 suo
1557 1310 1772 1374 lumine,
1822 1326 1937 1379 quas
1963 1314 2017 1366 in

477 1413 786 1467 quacunque
857 1408 1008 1468 parte
1059 1400 1250 1454 fuerint
1318 1402 1457 1468 creli,
1515 1410 1668 1456 terra:
1727 1402 2018 1458 illuminant

475 1486 672 1550 omnia,
717 1498 767 1540 et
811 1503 958 1557 asque
1028 1499 1383 1558 spectantura
1413 1490 1632 1543 cunctis.
1706 1492 2014 1558 Exemplum

476 1575 850 1642 magnitudinis
898 1591 1080 1630 eorum
1119 1576 1358 1641 evidens,
1406 1579 1543 1643 quod
1576 1579 1818 1634 omnibus
1847 1581 2016 1634 homi-

474 1661 628 1715 nibus
682 1663 825 1717 orbis
882 1665 1111 1732 ipsomm
1167 1665 1300 1718 idem
1349 1665 1568 1719 videtur.
1626 1667 1754 1721 Nam
1785 1670 1828 1722 si
1863 1671 2014 1736 longe

471 1751 653 1814 positis
680 1752 852 1804 minor
896 1753 1183 1819 videretur,
1234 1762 1285 1806 et
1308 1757 1518 1822 propius
1570 1757 1869 1813 conStitutis
1897 1774 2008 1810 ina-

472 1836 549 1902 jnr
575 1837 871 1905 refu'geret,
900 1842 1142 1906 proderet
1171 1841 1465 1908 esiguitatis
1491 1843 1757 1899 indicium.

537 1927 804 1981 Liuninare
869 1935 1052 2000 majus,
1105 1942 1156 1982 ut
1201 1944 1426 1998 praestet
1496 1936 1613 2000 diei,
1660 1948 1704 1988 et
1766 1939 2010 1991 luminare

468 2019 652 2081 uinus,
698 2033 752 2069 ut
780 2030 1006 2087 prwesset
1046 2021 1203 2084 nocti,
1259 2031 1302 2073 et
1327 2023 1530 2088 stellas;
1586 2033 1630 2077 et
1660 2027 1824 2093 posuit
1847 2043 1928 2078 eas
1956 2030 2006 2079 in

466 2105 780 2171 ﬁrmamento
826 2107 953 2159 cali.
1011 2108 1292 2162 Lutninare
1344 2109 1511 2176 majus
1538 2123 1619 2165 est
1658 2115 1757 2176 sol,
1786 2129 1886 2167 non
1923 2130 2007 2169 so-

467 2195 573 2245 lum
598 2193 759 2246 forma
791 2196 868 2246 sci
895 2195 1271 2263 qualiscunque
1291 2206 1393 2261 est,
1442 2204 1696 2265 corporis,
1729 2201 1819 2254 sed
1850 2203 2004 2260 ellum

466 2284 821 2349 magnitudine
848 2284 1070 2348 luminis,
1115 2299 1214 2352 qua
1247 2295 1297 2337 et
1325 2285 1495 2352 ipsum
1547 2287 1806 2342 luminare
1836 2291 2006 2344 minus

466 2385 520 2424 et
566 2371 743 2424 stelas
797 2372 1056 2427 illusuare
1106 2372 1353 2426 creditur.
1407 2374 1569 2440 Major
1616 2385 1775 2430 estet.
1816 2379 2006 2433 virtute

465 2462 690 2526 :irdors,
722 2478 819 2530 qua
853 2464 1099 2516 mundum
1127 2464 1362 2517 cali'fecit
1391 2475 1625 2530 exortus,
1652 2482 1769 2520 cum
1791 2478 2004 2536 praeter-

463 2553 551 2605 itis
579 2561 698 2605 ante
719 2550 829 2618 ejus
859 2554 1171 2605 creationem
1202 2552 1383 2606 diebus
1411 2555 1537 2608 nihil
1566 2555 1780 2607 omnino
1806 2558 1998 2608 caloris

463 2642 731 2693 liabu'sset
761 2658 772 2691 :
800 2641 935 2705 quod
964 2653 1134 2694 autent
1164 2642 1380 2709 aequalis
1409 2644 1664 2710 uniusque
1693 2644 2004 2713 magnitudi-

465 2731 546 2780 nis
575 2728 694 2781 luna
721 2744 838 2782 cum
867 2729 978 2784 sole
998 2731 1246 2795 cernitur,
1293 2746 1354 2784 ex
1385 2747 1448 2785 eo
1483 2732 1592 2785 fieri
1637 2733 1838 2797 dicunt,
1869 2734 2005 2803 quod

466 2817 556 2872 ille
606 2819 769 2872 multo
823 2819 1209 2889 longinquiora
1243 2821 1400 2874 tersis
1460 2829 1615 2886 atque
1653 2821 1804 2874 altior
1849 2837 2001 2891 quam

464 2905 588 2958 luna
640 2906 875 2971 incedat;
929 2909 1151 2975 ideoque
1203 2909 1506 2975 magnitudo
1557 2909 1670 2976 ejus
1691 2921 1887 2978 qnanta
1914 2914 2001 2978 sit,

464 3012 842 3064 nequaquama
874 2997 1041 3062 nobis,
1098 2999 1183 3066 qui
1235 3003 1284 3052 iu
1339 3000 1493 3052 terris
1525 3001 1782 3069 degimus,
1833 3005 2002 3059 valeat

463 3088 713 3158 diguosci.
745 3089 926 3141 Omnia
957 3089 1093 3142 enim
1126 3087 1325 3157 longius
1358 3091 1523 3158 posita
1560 3091 1734 3143 solent
1763 3091 2000 3146 breviora

464 3179 642 3231 videri.
1434 3167 1444 3174 ’

536 3264 603 3317 Et
653 3267 917 3330 luminare,
976 3269 1154 3333 inquit,
1215 3271 1377 3320 minus
1409 3280 1461 3322 ut
1508 3281 1736 3337 prteessrt
1778 3275 1930 3336 nocti,
1959 3282 2004 3323 et

465 3358 663 3420 stellas;
712 3367 756 3408 et
804 3359 966 3432 posuit
1017 3375 1096 3408 ms
1124 3358 1173 3409 in
1219 3359 1526 3422 ﬁrmamento
1559 3362 1704 3421 ccelt';
1760 3361 1879 3427 quia
1907 3363 2000 3414 etsi

465 3446 637 3497 lunam
688 3445 828 3498 omni
860 3461 1037 3498 mense
1079 3447 1120 3499 si
1163 3446 1436 3514 aliquoties
1464 3456 1517 3500 et
1547 3448 1728 3500 stellas
1781 3447 2004 3514 majores

467 3537 517 3585 in
546 3534 632 3586 die
681 3533 845 3586 videii
899 3536 1184 3600 contingat,
1247 3550 1574 3602 nequaquam
1619 3551 1707 3588 eas
1756 3535 1880 3600 diei,
1910 3535 2002 3589 sed

468 3621 606 3675 nocti
662 3623 1007 3688 solummodo,
1067 3613 1192 3676 lucis
1243 3623 1488 3676 solatium
1557 3625 1763 3691 aliquod
1819 3626 2003 3681 alierre

470 3712 805 3766 certissimum
856 3722 954 3767 est.
1300 3712 1304 3716 “

468 3792 473 3797 ’
537 3803 603 3856 Ut
630 3802 844 3855 lacerent
871 3819 1019 3867 super
1049 3813 1251 3867 terram,
1275 3813 1319 3856 et
1359 3813 1621 3871 pra’essent
1648 3804 1826 3854 dictae
1850 3805 1999 3866 nocti,

471 3903 509 3944 et
529 3891 798 3943 dit‘iderent
844 3895 999 3943 lucem
1029 3907 1087 3942 ac
1117 3892 1355 3942 tenebras.
1385 3892 1507 3944 lianc
1556 3900 1606 3943 et
1647 3891 1710 3943 de
1738 3891 2002 3943 luminari-

471 3985 562 4033 lius
585 3981 784 4048 magnis
811 3991 862 4032 et
883 3982 948 4032 de
977 3981 1140 4032 stellis
1187 3980 1402 4046 intelligi
1451 3987 1667 4047 possunt
1694 3995 1753 4031 ea
1801 3988 2003 4032 tantum

473 4068 823 4131 distinctione,
854 4077 909 4121 ul
937 4070 1068 4135 quod
1094 4069 1283 4121 dictum
1315 4076 1395 4120 est
1428 4081 1472 4122 et
1503 4077 1763 4129 praeessent
1790 4069 1907 4132 diei,
1941 4070 2001 4119 ad

471 4164 635 4217 solem
688 4153 1012 4229 specialitet;
1066 4159 1200 4225 quod
1251 4159 1600 4226 subjunctum,
1655 4172 1698 4210 et
1757 4160 1903 4220 uocn',
1939 4161 2002 4213 ad

472 4256 640 4304 lunam
697 4261 750 4304 et
799 4250 980 4304 stellas
1007 4250 1299 4319 pertineat;
1352 4249 1486 4315 quod
1519 4263 1644 4300 vero
1689 4249 2005 4302 subinfertur

472 4351 520 4394 et
550 4341 824 4412 dividerent
852 4347 1008 4390 lucem
1038 4354 1095 4388 ac
1125 4339 1366 4396 tenebras,
1424 4339 1662 4388 omnibus
1691 4352 1835 4403 mque
1862 4337 2003 4390 side-

476 4429 620 4480 ribus
647 4427 939 4505 conveniat,
988 4440 1103 4491 quae
1146 4425 1437 4492 ubicunque
1466 4423 1700 4477 incedunt
1731 4426 1894 4478 lucem
1923 4440 2002 4478 se-
2034 4453 2081 4511 υ

473 4531 591 4570 cum
647 4511 1037 4584 circumferunt,
1120 4512 1203 4564 ubi
1257 4523 1428 4564 autem
1482 4513 1670 4566 absunt
1728 4514 2000 4566 tenebrosa

473 4616 655 4660 cuncta
671 4605 985 4671 relinquunt.
1011 4602 1102 4655 Sin
1127 4612 1295 4653 autem
1315 4601 1685 4668 quaeritaliquis
1699 4601 1851 4665 quale
1865 4611 2005 4666 pote-

476 4697 542 4747 rit
563 4709 680 4747 esse
705 4693 879 4744 lumen
903 4692 1142 4743 diurnum
1174 4700 1291 4742 ante
1314 4691 1628 4742 creationem
1648 4689 2004 4748 sidcrum,non
2039 4748 2046 4760 ‘

477 4784 626 4835 ultre
658 4768 688 4813 ⁸
728 4781 865 4847 quod
916 4779 1016 4831 tale
1069 4778 1240 4837 fuerit,
1297 4777 1447 4842 quale
1503 4777 1738 4826 videmus
1778 4774 2006 4837 quotidie

487 4886 660 4933 mane,
693 4869 1084 4936 approximante
1115 4865 1308 4916 scilicet
1349 4864 1474 4915 solis
1504 4873 1637 4923 ortu,
1669 4863 1757 4914 sed
1788 4864 2004 4914 necdum

479 4962 632 5018 terris
659 4968 960 5028 apparente,
985 4958 1194 5026 quando
1224 4956 1358 5006 lucet
1411 4953 1618 5019 quidem
1650 4952 1850 5004 obtusis
1879 4952 2002 5003 Stel-

477 5056 640 5106 larum
700 5048 855 5099 radiis
884 5049 1015 5105 dies.
1065 5046 1155 5098 sed
1207 5045 1419 5096 minime
1467 5044 1635 5095 adhuc
1675 5040 1902 5093 b.donec
1930 5037 2004 5089 sol

477 5144 695 5201 oriatur,
721 5137 952 5202 refulget.
977 5135 1121 5188 Unde
1138 5135 1272 5186 nulla
1289 5144 1409 5185 tunc
1425 5120 1800 5202 esseldiscretio
1819 5135 2006 5192 tempo~

484 5245 595 5282 rum
621 5236 808 5294 pra-ter
828 5224 926 5276 diei
943 5222 1106 5273 solum
1124 5231 1173 5273 et
1193 5222 1358 5273 nectis
1384 5227 1601 5282 poterat,
1629 5217 1912 5300 meritoque
1937 5213 2009 5264 ia-

481 5322 577 5371 ctis
597 5317 851 5372 sideribus
874 5313 1064 5367 dictum
1084 5321 1160 5363 est
1179 5328 1189 5360 :
1207 5309 1270 5362 Et
1291 5311 1386 5360 sint
1407 5311 1456 5359 in
1472 5307 1612 5375 signa
1636 5317 1677 5358 et
1703 5318 1946 5370 tempora,
1964 5313 2007 5354 et

553 5481 574 5506 ⁸
610 5469 741 5522 Editi
771 5467 960 5517 addunt
981 5477 1049 5518 est
1079 5466 1233 5524 credi,
1257 5479 1371 5527 qua:
1396 5464 1548 5514 verba
1580 5463 1625 5512 in
1658 5462 1777 5514 Mss.
1801 5458 2008 5510 deside-

487 5549 680 5593 rantur.
712 5536 799 5587 sed
828 5535 1258 5599 subintelligenda
1292 5532 1545 5583 videntur.

531 5606 582 5640 ’δ
622 5608 724 5662 ΑΙ..
753 5602 870 5653 solis
897 5612 1029 5650 ortus
1054 5602 1280 5668 refulget.

483 5727 486 5732 _
560 5684 577 5707 ε
625 5674 690 5722 lt;i
721 5672 833 5722 Mss.
870 5667 1000 5718 Etl'tti
1028 5667 1207 5718 litiln‘tit
1239 5683 1404 5731 quum.

2131 600 2270 650 vices
2297 613 2357 651 ex
2383 615 2488 668 quo
2513 605 2591 656 sol
2619 605 2702 657 die
2749 619 2934 672 quarto
2962 615 3136 662 mundi
3185 617 3472 677 nascentis,
3500 633 3528 669 a
3555 636 3649 672 me-
3686 678 3688 680 τ

2127 683 2216 735 dio
2263 691 2550 752 procedens
2594 695 2829 770 orientis,
2871 701 3238 766 eqxiinoctiutn
3310 711 3530 762 vernale
3566 724 3651 762 suo

2127 777 2445 828 consecravit
2473 789 2679 842 exortu,
2709 793 2760 836 et
2789 785 3101 851 quonidianis
3131 791 3451 856 profectibus
3471 798 3534 847 ad
3555 798 3646 849 alta

2123 861 2240 911 cceli
2263 862 2485 916 eulmina
2508 870 2827 936 scandendo,
2862 888 3173 944 rursumque
3204 894 3233 931 a
3258 882 3517 936 solstitiali
3541 900 3648 936 ver-

2126 951 2224 1002 tice
2254 953 2319 1006 ad
2350 955 2524 1010 inﬁma
2557 961 2801 1024 paulatim
2850 963 3236 1033 descendendo,
3278 988 3345 1025 ne
3399 990 3551 1028 mora
3594 981 3649 1029 ab

2125 1036 2318 1093 inlimis
2347 1040 2684 1114 hibernisque
2713 1049 2841 1103 locis
2892 1055 3285 1117 aequinocuales
3329 1075 3490 1127 gyros
3513 1078 3648 1128 τερον

2124 1128 2305 1196 tendo,
2330 1131 2571 1189 discretis
2619 1140 2940 1205 temporibus
2967 1152 3190 1208 quatuor
3240 1150 3530 1202 notissimis
3553 1151 3649 1203 die-

2118 1214 2318 1282 busque
2350 1210 2616 1284 praeﬁnitis
2670 1226 2794 1279 anni
2838 1231 3062 1294 spatium
3107 1235 3411 1301 complevit.
3461 1237 3562 1291 Sed
3602 1249 3648 1291 et

2120 1302 2241 1356 luna
2273 1320 2492 1372 vespere
2517 1311 2669 1376 plena
2713 1327 2992 1381 apparens,
3022 1331 3082 1370 ea
3109 1333 3223 1386 quae
3253 1323 3302 1373 in
3350 1324 3648 1376 celebratio-

2118 1406 2238 1444 nem
2291 1395 2496 1459 pascba:
2545 1399 2798 1453 servanda
2871 1411 3022 1456 erant
3074 1413 3308 1475 tempora
3372 1411 3540 1475 primo
3564 1426 3648 1462 suo

2121 1481 2341 1545 praefixit
2368 1497 2606 1539 ascensu.
2641 1485 2752 1554 ipsa
2791 1492 3040 1544 estenim
3073 1494 3197 1546 hora
3235 1500 3259 1526 ⁸
3301 1512 3402 1564 qua
3438 1513 3540 1550 non
3570 1514 3646 1550 so-

2118 1567 2223 1620 lum
2268 1572 2509 1639 antiquus
2561 1574 2651 1629 ille
2702 1579 2923 1645 populus
2972 1579 3085 1647 Dei,
3134 1585 3225 1638 sed
3273 1596 3325 1639 et
3352 1601 3450 1638 nos
3510 1588 3646 1640 hodie

2118 1656 2339 1722 primam
2369 1659 2420 1711 in
2449 1663 2650 1727 agendo
2681 1666 2873 1731 pascha
2926 1682 3213 1734 servamus,
3247 1686 3367 1724 cum
3420 1678 3643 1739 aequino-

2115 1744 2201 1796 ctii
2245 1746 2330 1800 die
2382 1757 2705 1814 transcenso,
2758 1754 2909 1817 plena
2963 1771 3179 1820 vespere
3219 1761 3360 1820 luna,
3417 1760 3518 1812 hoc
3555 1770 3642 1823 est,

2035 1821 2084 1880 B
2111 1842 2293 1898 quarta
2323 1835 2551 1922 decima,
2599 1838 2649 1889 in
2679 1837 2865 1892 faciem
2906 1843 3026 1895 οωιί
3057 1845 3326 1912 prodierit.
3379 1847 3510 1898 Nam
3538 1821 3650 1922 mox;

2111 1927 2227 1982 post
2277 1919 2387 1971 ha-c
2435 1931 2488 1972 ut
2535 1921 2836 1978 Dominicus
2887 1928 2999 1980 dies
3019 1931 3315 1995 advenerit,
3345 1946 3526 2000 aptum
3558 1919 3642 1986 hoc

2111 2006 2438 2062 celebrande
2462 2013 2862 2068 resurrectionis
2894 2016 3168 2073 dominica:
3196 2031 3404 2090 tempus
3423 2026 3641 2086 instabit,

2109 2098 2373 2164 completo
2402 2099 2466 2152 ad
2497 2100 2723 2155 litteram
2773 2119 2978 2173 quoque
3009 2109 3278 2174 prolibeta
3326 2112 3517 2177 verbo,
3567 2115 3642 2180 qui

2107 2185 2271 2239 dixit:
2300 2186 2439 2240 Fecit
2463 2190 2635 2243 lunam
2664 2190 2687 2229 δ
2727 2194 2778 2245 in
2809 2204 3048 2264 tempora,
3068 2200 3144 2250 sol
3168 2204 3396 2268 cognovit
3422 2219 3638 2255 arearum

2107 2291 2253 2327 suum
2282 2277 2446 2344 (Psal.
2477 2295 2584 2344 cnt,
2611 2281 2723 2352 l9).
2752 2284 2928 2338 Stellae
2956 2302 3186 2355 quoque,
3212 2301 3434 2358 excepto
3461 2301 3485 2328 ο
3514 2293 3636 2359 quod

2107 2376 2261 2429 supra
2305 2365 2554 2432 diximus,
2603 2372 2726 2438 quia
2760 2373 2839 2426 vel
2868 2387 2961 2426 sua
3007 2377 3184 2443 specie
3221 2393 3340 2444 quae
3364 2381 3432 2431 sit
3486 2379 3639 2431 futura

2106 2457 2330 2520 qualitas
2358 2459 2518 2523 aeris,
2542 2461 2624 2512 vel
2649 2476 2746 2514 suo
2771 2475 2926 2516 cursu
2951 2473 3108 2531 quota
3152 2466 3220 2517 sit
3248 2467 3421 2534 vigilia
3470 2469 3641 2532 noctis,

2106 2545 2420 2609 Ostendunt;
2475 2556 2600 2600 sunt
2643 2549 2695 2602 in
2745 2551 2890 2619 signa
2944 2562 2995 2604 et
3023 2541 3288 2620 tempora,
3343 2556 3468 2623 quia
3499 2557 3640 2607 liaaiu

2105 2633 2294 2686 emtum
2352 2637 2617 2690 venientes
2667 2639 2846 2694 aestiva
2915 2651 3173 2709 tempora,
3229 2644 3332 2698 illas
3381 2646 3640 2715 designant

2108 2721 2346 2776 hiberna.
2382 2724 2516 2779 Sunt
2559 2735 2612 2779 et
2639 2727 2691 2781 in
2717 2729 2852 2793 dies,
2897 2729 3018 2797 quia
3050 2730 3164 2783 istas
3190 2732 3240 2783 in
3267 2733 3447 2786 vernis
3471 2734 3640 2786 diebus

2105 2809 2292 2874 solem,
2330 2810 2432 2864 illae
2475 2815 2793 2868 comitantur
2855 2818 3260 2872 autumnalibus.
3323 2819 3460 2874 Sunt
3505 2830 3556 2873 et
3596 2821 3639 2872 in

2105 2913 2292 2964 annos,
2323 2899 2443 2966 quia
2474 2903 2781 2969 quas'uunc
2826 2904 2972 2958 verbi
3019 2907 3185 2972 gratia
3238 2906 3291 2959 in
3341 2909 3641 2974 aequinoctio

2105 3003 2266 3041 verno
2311 2991 2577 3043 matutinas
2625 2993 2882 3059 oriuntur,
2939 2995 3066 3062 ipsa
3109 2987 3357 3050 omnibus
3398 2999 3549 3050 annis
3595 3000 3635 3046 iu

2104 3076 2285 3128 eodem
2308 3080 2619 3145 acquinoctio
2648 3080 2698 3132 in
2726 3082 2846 3133 ραςιὶ
2872 3080 3058 3134 faciem
3094 3084 3348 3145 veniunt;
3379 3099 3498 3149 quae
3521 3097 3641 3135 nunc

2105 3166 2155 3218 in
2197 3168 2420 3221 solstitio
2469 3183 2684 3236 vespere
2731 3171 2811 3223 vel
2874 3185 3047 3235 mane,
3101 3172 3179 3224 lia:
3224 3188 3439 3238 semper
3474 3175 3524 3227 in
3564 3176 3640 3225 illo

2101 3253 2297 3307 eisdem
2343 3255 2486 3308 boris
2531 3255 2793 3310 oriuntur.
2844 3256 2949 3312 Sed
2978 3266 3031 3311 et
3068 3261 3307 3327 quaedam
3337 3273 3468 3315 sunt
3488 3263 3640 3316 stellae

2101 3357 2234 3409 quas
2268 3344 2524 3414 planetas,
2551 3346 2601 3398 id
2626 3355 2728 3410 est,
2760 3355 3000 3400 errantes
3027 3357 3213 3401 vocant
3233 3351 3512 3418 astrologi,
3538 3367 3639 3416 qua:

2102 3430 2326 3496 majores
2344 3445 2509 3484 annos
2524 3446 2617 3484 suo
2627 3432 2844 3484 circuitu
2861 3431 3074 3500 faciunt,
3089 3449 3191 3500 quo
3203 3435 3265 3488 ad
3279 3438 3526 3490 eumdem
3547 3451 3643 3490 cm-

2103 3517 2136 3568 li
2156 3519 2325 3568 locum
2353 3517 2594 3570 redeunt.
2616 3517 2743 3571 Nam
2767 3519 2915 3572 stella
2939 3535 3055 3588 quae
3083 3520 3296 3575 Saturni
3314 3524 3529 3585 dicitur,
3552 3527 3640 3575 tri-

2100 3606 2238 3674 ginta
2268 3607 2435 3672 annis,
2467 3623 2581 3676 qua:
2625 3608 2791 3673 Jovis,
2819 3609 3091 3664 duodecim
3115 3613 3287 3677 annis,
3315 3627 3434 3680 quae
3456 3613 3642 3674 Martis,

2101 3698 2303 3753 duobus
2330 3703 2482 3754 annis
2511 3700 2675 3755 fertur
2702 3703 2983 3769 solaribus,
3005 3705 3226 3758 circuitu
3257 3706 3380 3758 costi
3415 3707 3638 3772 expleto.

2102 3789 2164 3839 ad
2198 3789 2378 3842 eadem
2450 3792 2562 3845 loca
2618 3793 2870 3856 siderum,
2919 3795 2971 3846 in
3019 3795 3206 3860 quibus
3269 3795 3485 3849 fuerant
3535 3805 3643 3848 ante

2103 3875 2294 3930 redire.
2345 3875 2490 3931 Luna
2512 3893 2716 3952 quoque
2733 3894 2849 3934 cum
2871 3881 3152 3938 duodecies
3172 3886 3341 3950 spatia
3370 3887 3453 3939 sui
3470 3899 3644 3940 cursus

2107 3966 2376 4032 peregerit,
2433 3953 2625 4021 annum
2673 3968 2796 4023 facit
2827 3985 3184 4034 communem,
3231 3972 3280 4024 id
3307 3984 3414 4038 est,
3443 3974 3636 4028 dierum

2107 4065 2455 4110 trecentorum
2480 4058 2854 4126 quinquaginta
2881 4070 3123 4123 quatuor,
3154 4071 3206 4114 et
3235 4071 3292 4114 ut
3319 4077 3464 4116 anno
3486 4063 3639 4114 solari

2106 4157 2281 4207 posset
2331 4146 2445 4213 ejus
2510 4147 2832 4202 concordare
2896 4149 3166 4213 circuitus,
3227 4153 3385 4204 tertio
3435 4164 3640 4219 quoque

2109 4234 2187 4285 vel
2233 4237 2464 4285 secundo
2504 4249 2640 4288 anno
2666 4236 2872 4288 tertium
2905 4237 3163 4290 decimum
3206 4239 3356 4291 addit
3393 4253 3640 4301 mensem.

2104 4337 2255 4391 quem
2285 4325 2648 4380 embolismum
2677 4336 2863 4379 vocant
2884 4342 3074 4381 annum
3101 4331 3478 4395 calculatores,
3522 4340 3572 4384 et
3595 4332 3642 4382 fit

2106 4412 2310 4465 dierum
2341 4424 2693 4467 trecentorum
2719 4415 2976 4483 octoginta
2999 4427 3052 4470 et
3079 4427 3326 4485 quatuor.

2181 4504 2240 4554 Et
2265 4505 2385 4556 v'dit
2418 4505 2551 4556 Deus
2576 4505 2708 4571 quod
2737 4516 2855 4559 esset
2878 4509 3077 4559 bonum.
3131 4506 3451 4561 Necessario
3477 4520 3644 4562 sancta

2107 4593 2370 4659 SCt'iplura
2419 4595 2683 4645 multoties
2728 4597 2914 4663 reperit
2969 4595 3106 4661 quod
3157 4595 3288 4648 vidit
3332 4599 3476 4652 Deus
3520 4598 3645 4650 bona

2109 4695 2223 4735 esse
2252 4698 2371 4749 quae
2397 4682 2534 4742 fecit,
2559 4691 2614 4734 ut
2637 4683 2756 4737 hinc
2783 4684 3150 4743 inforitiaretur
3185 4685 3357 4751 pictas
3382 4686 3643 4744 ﬁdelium;

2110 4786 2209 4822 non
2242 4780 2414 4824 minen
2441 4786 2531 4835 pro
2556 4773 2785 4825 humano
2813 4787 2989 4834 sensu,
3023 4771 3108 4836 qui
3138 4787 3279 4839 smpe
3307 4775 3478 4828 etiam
3506 4773 3645 4827 bonis

2111 4860 2264 4931 rebus
2309 4858 2606 4924 ollenditnr,
2656 4875 2876 4926 quarum
2923 4858 2940 4897 ί
2981 4875 3166 4915 causas
3212 4873 3373 4929 atque
3412 4863 3645 4916 ordinem

2113 4948 2297 5009 nescit,
2340 4949 2403 4998 de
2436 4959 2670 5000 creatura
2703 4947 2892 5000 visibili
2939 4960 3093 5014 atque
3123 4950 3368 5004 invisibili
3391 4949 3645 5017 judicare,

2112 5032 2202 5083 sed
2261 5035 2485 5086 laudanti
2524 5034 2627 5085 Deo
2678 5033 2893 5086 credere
2935 5044 2989 5087 et
3034 5037 3238 5088 cedere.
3289 5034 3468 5089 Tanto
3515 5039 3643 5091 enim

2113 5124 2558 5190 quisquefacilius
2584 5124 2774 5189 aliquid
2800 5127 3118 5192 proficientia
3142 5128 3441 5190 cognoscit,
3485 5144 3644 5196 quan-

2113 5218 2164 5261 to
2192 5211 2480 5279 religiosius
2505 5220 2780 5275 antequam
2819 5221 2845 5259 ι
2882 5222 3218 5286 cognosceret
3270 5214 3379 5267 Deo
3411 5215 3644 5269 credidit.

2118 5299 2253 5352 Vidit
2282 5314 2404 5366 ergo
2449 5304 2581 5350 Dens
2622 5302 2758 5375 quod
2807 5313 2982 5356 essent
3019 5303 3148 5353 btna
3199 5319 3313 5370 qua:
3354 5305 3500 5366 fecit,
3526 5319 3644 5371 quo-

2180 5446 2203 5482 ιί
2248 5447 2352 5506 ΑΙ..
2376 5448 2680 5511 iit—“tempore.

2188 5523 2209 5582 ἑ
2249 5517 2350 5578 AL,
2380 5532 2437 5566 eo
2461 5519 2609 5582 quod.

2191 5581 2205 5613 ί
2254 5587 2369 5634 λικε.
2396 5581 2596 5641 omnes,
2619 5584 2790 5634 mmsis-

2187 5657 2208 5691 ε
2249 5650 2353 5712 AL,
2387 5658 2765 5710 lt’t'O’Jll/ISt‘t’f'Cf.
