3866 6248
189 421 260 475 25
1417 406 1877 466 llEXAEMEllON
1920 408 2041 462 Llll.
2084 408 2117 460 Ι.
3291 405 3363 459 26

186 538 326 590 nium
355 547 469 600 quae
495 527 729 582 facienda
772 524 1066 593 placebant,
1123 532 1174 574 ut
1205 524 1405 579 tierent.
1433 520 1563 573 facta
1605 520 1716 585 pla-
1749 520 1792 574 Α
1895 517 2031 584 Dirit
2077 536 2192 590 ergo
2241 521 2397 582 Deus,
2446 521 2728 584 producant
2770 527 2961 588 aqua!
2988 522 3158 590 reptile
3183 521 3360 575 anima
3388 563 3404 576 .

184 631 428 682 t-uerunt,
461 627 516 670 ut
542 624 830 676 manerent,
861 621 1112 680 quantum
1144 612 1330 675 cuique
1359 608 1432 660 rei
1472 607 1729 660 existendi

188 711 297 762 sive
326 707 564 759 manendi
594 721 621 756 a
653 714 796 755 lauto
838 701 1146 752 l’abricatore
1176 697 1344 762 fuerat
1370 695 1729 750 constituenda

189 810 457 850 mensura.

261 883 474 935 Factum
501 890 572 934 est
602 894 798 945 respere
839 887 883 928 et
916 891 1058 927 mane
1099 875 1203 929 dies
1229 884 1454 943 quartus.
1507 874 1628 926 Haec
1651 883 1732 925 est

190 987 408 1038 vespera
466 970 551 1021 illa
603 965 955 1026 meumranda,
1010 967 1059 1014 itt
1111 978 1208 1029 qua
1267 963 1490 1030 pupulas
1547 959 1637 1036 Dei
1679 960 1730 1012 in

190 1060 426 1127 [Egypto
456 1058 505 1108 in
532 1053 937 1108 celebrationem
965 1053 1168 1117 past-lue
1194 1051 1384 1102 obtulit
1411 1041 1599 1117 agnum
1630 1047 1732 1101 hoc

189 1159 350 1199 matre
379 1143 516 1211 quod
545 1142 764 1205 primum
799 1149 914 1205 post
958 1153 1231 1191 excussum
1266 1138 1431 1204 longa:
1469 1136 1732 1189 servitutis

187 1238 394 1299 jngusn,
423 1241 595 1294 coepto
623 1229 876 1281 libertatis
918 1229 1122 1290 itinere,
1156 1222 1301 1278 vidit.
1351 1225 1608 1291 Scriptum
1652 1235 1733 1279 est

187 1321 398 1373 dicente
430 1318 646 1369 Domino
673 1316 738 1368 ad
766 1315 981 1383 Moysen
1014 1332 1026 1366 :
1057 1310 1243 1366 Mensis
1271 1315 1358 1365 iste
1382 1314 1514 1365 vobis
1543 1315 1731 1380 princi-

189 1410 330 1476 pium
360 1407 600 1459 mensium
628 1406 817 1469 primus
840 1406 932 1454 erit
976 1405 1027 1454 in
1055 1403 1300 1454 mensibus
1337 1403 1478 1452 anui.
1525 1400 1731 1452 Decima

188 1497 272 1547 die
299 1494 647 1562 mensis/rujus
670 1493 812 1542 tollat
863 1491 1198 1555 unusquisque
1242 1504 1426 1556 agnum
1458 1503 1542 1551 per
1586 1489 1731 1555 fami-

187 1585 287 1633 lias
315 1592 358 1633 et
387 1581 562 1631 domos
583 1595 722 1642 suas,
751 1587 795 1630 et
813 1576 1070 1629 servabitis
1100 1592 1209 1628 eum
1235 1593 1387 1641 usque
1416 1578 1481 1628 ad
1501 1585 1731 1638 quartam

187 1669 439 1720 decimam
468 1669 598 1718 diem
631 1666 810 1718 mensis
848 1665 1021 1733 hujus,
1073 1665 1443 1730 immolabitque
1482 1681 1591 1716 eum
1621 1666 1732 1717 uni-

187 1775 332 1810 uersa
379 1757 640 1810 multitudo
683 1756 903 1823 ﬁliorum
939 1753 1117 1816 Israel,
1147 1754 1212 1805 ad
1260 1752 1728 1823 vesperam/(Exod.

188 1791 332 1810 νει...
379 1791 640 1810 η............
683 1791 903 1823 ,...ν......
939 1791 1117 1816 ........,
1147 1791 1209 1805 ι...
1262 1791 1514 1820 ...,,.......
1540 1791 1728 1820 μην...

188 1861 280 1909 xu,
309 1845 514 1912 2),etc.
566 1845 677 1909 Qua
725 1844 880 1894 etiam
942 1857 1173 1907 vespera,
1225 1841 1288 1892 ad
1324 1791 1729 1895 conanti-manda

187 1934 395 1998 pascha
446 1933 626 2000 legalis
669 1939 1022 1994 sacramenta,
1082 1929 1330 1982 Dominus
1387 1941 1565 1983 noster
1619 1939 1734 1998 post

185 2036 336 2075 esmn
385 2023 503 2087 agni
556 2021 724 2088 typice
771 2022 1016 2086 mysteria
1072 2019 1221 2072 nobis
1267 2021 1348 2072 sui
1404 2023 1638 2087 corporis
1679 2031 1733 2075 et

183 2111 456 2176 sanguinis
485 2109 796 2162 celebranda
826 2108 1084 2170 initiavit;
1117 2124 1219 2173 quo
1251 2109 1541 2162 lucesceute
1559 2126 1731 2173 mane,

186 2199 342 2267 quasi
363 2213 527 2266 agnus
549 2198 928 2260 immaculatus,
947 2212 1040 2250 suo
1061 2211 1155 2250 nos
1178 2199 1428 2262 sanguine
1449 2198 1733 2263 redimens,

185 2308 214 2338 ει
249 2289 554 2341 daemonica
579 2285 951 2338 dominationis
1001 2284 1250 2338 servitute
1293 2285 1546 2337 liberavit.
1609 2289 1732 2350 Quae

186 2375 432 2430 videlicet
485 2376 622 2427 luna:
664 2375 982 2442 plenissimae
1009 2374 1120 2427 dies
1151 2373 1200 2425 in
1233 2374 1495 2427 creatione
1523 2375 1731 2440 quidem

186 2465 370 2516 mundi
407 2459 590 2529 quarta
647 2466 931 2530 processit;
982 2472 1036 2514 at
1091 2463 1142 2515 in
1177 2471 1410 2530 tempore
1452 2462 1735 2518 Domit-ica:

188 2553 473 2618 passionis,
515 2551 713 2605 allii-ris
761 2551 926 2619 gratia
1003 2553 1336 2623 sacramenti,
1390 2553 1440 2605 in
1477 2555 1734 2621 quintam

186 2645 408 2698 Sabbati
436 2646 633 2708 incidit,
679 2655 734 2698 ut
761 2646 998 2700 videlicet
1031 2646 1279 2700 Dominus
1325 2660 1467 2702 sexta
1522 2651 1735 2705 Sabbati

185 2735 496 2794 cruciﬁxus,
527 2733 894 2800 Sabbatoipso
930 2735 980 2787 in
1028 2735 1266 2799 sepulcro
1315 2739 1631 2803 quiesceret,
1675 2755 1736 2792 ac

1828 612 2051 672 viventis,
2081 619 2129 664 et
2159 610 2358 662 volatile
2381 626 2527 678 super
2565 620 2744 662 terram
2771 623 2858 662 suo
2891 609 3205 674 ﬁrmamento
3230 610 3360 664 cali.

1834 699 1896 750 Et
1927 715 1991 750 ne
2020 699 2175 763 forte,
2207 700 2327 766 quia
2355 707 2478 751 sunt
2500 712 2748 762 aquarum
2781 699 3084 760 animantia,
3117 714 3234 770 qua
3257 714 3359 750 non

1831 787 2106 852 reptando,
2137 787 2226 840 sed
2260 787 2620 862 natandokvel
2646 787 2883 854 pedibus
2929 787 3246 840 ambulando
3285 788 3362 839 in-
3396 859 3401 865 ~

1829 878 2038 937 cedunt,
2065 885 2185 928 sunt
2213 876 2349 930 inter
2380 874 2612 928 volatilia
2653 889 2769 942 qua:
2805 875 2873 926 ita
2921 889 3116 940 pennas
3146 874 3358 931 habent.

1831 975 1886 1017 ut
1911 964 2050 1016 omni
2091 978 2185 1016 usu
2220 963 2427 1016 volandi
2460 969 2704 1027 careant,
2735 970 2940 1028 putaret
2966 962 3240 1030 quisquam
3269 961 3363 1013 ali-

1829 1054 1964 1120 quod
1999 1066 2165 1120 genus
2210 1050 2500 1105 volatilinm
2531 1053 2642 1104 sive
2667 1052 2969 1119 aquatilium
3014 1053 3356 1104 animantium

1831 1143 1883 1195 in
1913 1143 2010 1194 hoc
2039 1141 2241 1194 Domini
2275 1141 2447 1195 verbo
2473 1155 2591 1195 esse
2622 1143 3059 1208 praetermissum,
3089 1142 3362 1209 vigilanter

1827 1222 2155 1297 adjungitur:

1897 1316 1926 1354 ι
1956 1317 2243 1383 Creavitque
2272 1314 2408 1368 Deus
2451 1325 2554 1369 cete
2581 1318 2791 1386 grandia
2832 1327 2880 1369 et
2931 1333 3121 1369 omnem
3147 1317 3362 1368 animam

1829 1405 2062 1458 viventem
2100 1418 2248 1473 atque
2289 1405 2588 1469 motabilem,
2629 1421 2780 1472 quam
2825 1408 3166 1472 produxerant
3219 1420 3360 1471 aqua

1830 1494 1881 1544 in
1901 1495 2086 1555 species
2106 1508 2242 1556 suas,
2269 1501 2313 1544 et
2334 1508 2479 1544 omne
2500 1491 2703 1544 volatile
2728 1492 2998 1542 secundum
3021 1508 3176 1559 genus
3197 1507 3361 1542 suum.

1830 1582 2036 1634 Nullum
2089 1581 2244 1648 igitur
2282 1595 2444 1648 genus
2486 1588 2760 1646 exceptum
2800 1589 2903 1636 est.
2955 1581 3041 1631 ubi
3085 1595 3202 1632 eum
3233 1581 3363 1632 cetis

1832 1669 2119 1737 grandibus
2165 1677 2341 1721 creata
2384 1676 2466 1720 est
2512 1667 2684 1720 omnis
2713 1668 2883 1720 anima
2917 1667 3099 1719 vivens
3131 1677 3153 1704 ε
3185 1681 3364 1719 eorum

1835 1774 1951 1825 qua:
1985 1756 2335 1824 produxerant
2358 1771 2503 1820 aqua
2534 1757 2584 1807 in
2614 1757 2816 1822 species
2845 1756 3098 1818 diversas,
3135 1756 3231 1807 hoc
3257 1766 3360 1818 est,

1763 1826 1803 1882 Β
1833 1855 1884 1897 et
1913 1843 2194 1912 reptilium,
2241 1853 2295 1896 et
2340 1844 2648 1907 natatilium,
2697 1851 2748 1895 et
2798 1843 3122 1906 volatiliutn;
3168 1842 3258 1895 sed
3305 1853 3358 1894 et

1832 1948 2012 1999 eorum
2042 1948 2157 2000 quae
2191 1933 2334 1986 nullo
2379 1944 2514 2000 aptae
2547 1931 2771 1986 incessui
2805 1932 2902 1984 lixa
2936 1931 3169 1984 cautibus
3196 1932 3360 1983 inlue-

1831 2031 1970 2088 reut,
1993 2032 2048 2075 ut
2067 2031 2183 2074 sunt
2207 2021 2424 2088 plurima
2448 2021 2760 2073 concharum
2783 2033 2992 2085 genera.
3018 2019 3164 2084 Quod
3187 2029 3358 2071 autem

1832 2110 2044 2174 dictum,
2074 2118 2120 2161 et
2161 2110 2356 2162 uolatile
2381 2125 2530 2174 super
2563 2108 2744 2160 terram
2771 2109 2858 2161 sub
2889 2109 3203 2175 ﬁrmamento
3229 2107 3359 2172 caeli,

1835 2200 1961 2254 nihil
2008 2199 2474 2253 rationi'veritatis
2520 2198 2749 2264 obsistit,
2801 2199 2922 2264 quia
2968 2188 3231 2259 nimirum,
3261 2198 3361 2250 etsi

1837 2293 2092 2343 immenso
2122 2290 2450 2358 interjacenti
2473 2291 2640 2356 spatio
2669 2288 2767 2342 sub
2791 2288 2999 2342 sidereo
3025 2298 3198 2340 tamen
3225 2287 3360 2340 omlo

1835 2380 2008 2433 volant
2055 2393 2175 2431 aves
2229 2393 2344 2444 quae
2389 2394 2547 2445 super
2596 2388 2784 2431 terram
2838 2377 3034 2440 volant,
3093 2376 3354 2443 quomodo

1833 2471 1989 2523 etiam
2033 2483 2128 2521 uos
2157 2467 2394 2520 homines
2423 2468 2474 2520 in
2505 2476 2640 2520 terra
2673 2467 2849 2534 positi,
2881 2466 2978 2517 sub
3001 2465 3135 2516 coelo
3163 2478 3224 2517 ac
3251 2464 3363 2516 sole

1835 2573 1950 2613 esse
1969 2557 2231 2610 constituti
2260 2556 2522 2617 veraciter.
2543 2565 2595 2610 et
2626 2565 2766 2609 recte
2795 2555 3036 2617 dicimur,
3078 2563 3354 2607 attestaute

1835 2647 2122 2714 Scriptura,
2154 2660 2267 2712 quae
2293 2646 2402 2696 ait:
2433 2644 2531 2709 Qui
2550 2653 2694 2696 erant
2718 2645 2768 2695 in
2791 2642 3071 2696 Jerusalt‘m
3095 2644 3366 2695 habitantes

1833 2735 2024 2800 Judtei,
2052 2735 2143 2785 viri
2169 2734 2410 2802 religiosi,
2461 2749 2520 2786 ea:
2565 2732 2697 2785 omni
2739 2732 2936 2784 natione
2968 2746 3077 2796 qua!
3113 2732 3203 2783 sub
3239 2732 3365 2783 cielo

186 2828 410 2893 primam
464 2825 674 2879 Sabbali
703 2841 798 2878 sua
846 2828 1227 2881 resurrectione
1280 2843 1634 2895 consecraret,
1685 2843 1737 2886 et
1799 2833 1907 2880 .08!
1947 2821 2080 2890 (Act.
2120 2836 2174 2882 II.
2207 2820 2296 2890 5);
2350 2830 2402 2873 et
2433 2839 2445 2871 :
2481 2821 2615 2883 Quid
2661 2821 2802 2875 habet
2852 2820 3067 2886 amplius
3116 2820 3262 2872 homo
3304 2822 3367 2872 de

187 2915 341 2968 nobis
369 2929 576 2982 quoque
603 2916 652 2967 in
682 2928 762 2977 ea,
799 2917 848 2967 in
879 2930 980 2982 qua
1009 2918 1091 2969 lux
1141 2918 1272 2971 facta
1301 2929 1400 2981 est,
1433 2922 1737 2987 resurgendi

185 3019 216 3056 a
265 3006 489 3057 mortuis
543 3019 603 3057 ac
655 3006 821 3057 lucem
895 3015 1200 3072 perpetuam
1278 3009 1502 3062 intrandi
1579 3012 1736 3064 ﬁdem

185 3108 444 3160 spemque
475 3095 712 3147 donaret.

258 3179 404 3233 Dixit
435 3182 583 3233 etiam
614 3180 747 3234 Deus
775 3195 794 3233 :
822 3179 1112 3232 Producant
1155 3198 1296 3245 aqua:
1335 3185 1509 3247 reptile
1551 3188 1733 3240 animo:

184 3268 411 3330 viventis,
447 3277 493 3320 et
531 3268 729 3320 uolatile
756 3285 905 3336 super
930 3281 1113 3322 terram
1147 3269 1577 3335 sub’ﬁrmamento
1597 3275 1727 3328 cteli.

188 3355 317 3409 Post
360 3364 594 3408 ornatam
625 3366 812 3434 quarto
853 3357 939 3411 die
983 3356 1100 3411 θαιιὶ
1138 3357 1321 3410 faciem
1365 3359 1728 3426 luminaribus,

187 3455 453 3499 ornantur
482 3457 868 3513 consequenter
895 3448 1073 3515 quinta
1109 3449 1370 3503 inferioris
1410 3453 1586 3506 mundi
1617 3468 1731 3522 par-

190 3543 294 3596 tes,
321 3548 468 3600 sque:
497 3535 738 3589 videlicet
763 3545 814 3589 et
842 3551 950 3598 aer,
989 3536 1070 3588 his
1102 3552 1216 3602 qum
1245 3538 1430 3604 spiritu
1464 3541 1582 3594 vita:
1623 3559 1732 3594 mo-

189 3631 402 3682 ventur,
443 3623 562 3687 quia
589 3633 639 3673 et
673 3624 785 3674 haec
813 3623 1075 3674 elementa
1106 3627 1331 3690 quadam
1360 3627 1506 3688 quasi
1541 3642 1724 3694 cogna-

190 3711 337 3761 tione
382 3719 434 3760 et
479 3710 577 3760 sibi
605 3710 667 3760 ad
701 3710 922 3762 invicem
969 3720 1022 3762 et
1066 3713 1204 3764 caelo
1245 3713 1574 3779 copulantur.
1619 3716 1726 3770 Sibi

190 3795 431 3860 quidem,
477 3795 595 3860 quia
645 3806 828 3848 natura
876 3809 1124 3862 aquarum
1171 3800 1308 3851 aeris
1347 3801 1727 3868 quafitatipro-

187 3884 332 3936 sima
362 3891 475 3941 est;
528 3884 664 3936 unde
700 3883 1120 3937 exhalationibus
1167 3899 1344 3939 earnm
1395 3889 1729 3956 pinguescere

187 3975 466 4042 probatur,
513 3976 581 4027 ita
613 3986 666 4028 ut
700 3976 871 4028 nubila
897 3977 1191 4038 contsahat,
1242 3987 1294 4030 et
1338 3981 1498 4043 possit
1530 3983 1729 4035 volatus

185 4063 363 4116 avium
405 4065 682 4129 sustinere,
725 4073 1002 4119 attestante
1047 4064 1313 4130 Scriptura
1348 4085 1359 4117 :
1396 4055 1526 4130 Quia
1567 4071 1730 4122 subito

186 4166 278 4203 aer
317 4161 522 4218 cogetur
553 4153 604 4204 in
641 4154 806 4216 nubes,
838 4165 882 4206 et
907 4163 1075 4206 ventus
1121 4156 1366 4208 transiens
1409 4159 1601 4226 fugabit
1645 4175 1728 4211 eas

189 4238 338 4307 (Job.
367 4254 564 4300 xxsvtt,
594 4239 707 4307 2|).
740 4242 967 4309 Denique
999 4256 1088 4306 per
1117 4253 1298 4296 noctes
1327 4245 1483 4298 etiam
1514 4261 1729 4300 serenas

189 4336 354 4390 rorat,
385 4325 548 4392 .cnjns
591 4329 723 4381 roris
762 4341 918 4398 guttae
965 4343 1116 4381 mane
1145 4330 1197 4383 in
1229 4333 1405 4388 herbis
1458 4335 1730 4390 inveniun-

1835 2914 2060 2964 unit'erso
2091 2912 2254 2963 labore
2280 2927 2368 2963 suo
2397 2926 2492 2978 quo
2522 2909 2719 2961 laborat
2747 2910 2835 2961 sub
2867 2912 2968 2960 sole
3001 2906 3192 2975 (Eccle.
3221 2925 3257 2975 I,
3283 2910 3361 2977 ὅ).

1835 3003 1970 3056 Sane
2016 2983 2366 3071 juxta-aliam
2419 3003 2811 3056 translatlonem
2864 3011 3040 3054 movet
3088 3002 3363 3057 nonnullos

1757 3130 1805 3194 ϐ
1837 3091 1971 3159 quod
2001 3092 2196 3145 dictum
2222 3103 2342 3145 est:
2375 3089 2439 3142 Et
2482 3092 2706 3160 volatilia
2747 3092 2962 3143 volantia
3009 3106 3148 3143 secus
3194 3089 3365 3156 [irrua-

1832 3192 2047 3236 tnentum
2071 3184 2196 3246 caeli,
2221 3183 2270 3235 id
2294 3192 2392 3247 est,
2414 3183 2562 3252 juxta
2592 3185 2972 3238 ﬁrmamentum
2995 3185 3134 3237 caeli.
3156 3185 3256 3238 Sed
3289 3185 3364 3236 itt-

1833 3273 2162 3342 telligendtun
2192 3283 2290 3333 est,
2321 3273 2455 3342 quod
2500 3274 2615 3326 ideo
2660 3275 2853 3327 dictum
2903 3275 2965 3326 sit
3013 3277 3193 3327 volare
3242 3291 3363 3328 aves

1830 3366 1926 3416 sub
1967 3365 2290 3417 ﬁrmamento
2325 3367 2466 3429 cceli,
2493 3365 2618 3431 quia
2652 3366 2746 3416 hoc
2777 3366 2986 3415 nomine
3015 3366 3172 3417 etiam
3199 3364 3362 3416 aether

1831 3450 2105 3515 iudicetur,
2131 3453 2226 3503 hoc
2255 3461 2358 3513 est,
2386 3454 2624 3517 superius
2653 3450 2774 3503 illud
2805 3453 2940 3504 aeris
2965 3453 3189 3517 spatium
3220 3451 3357 3519 quod

1829 3554 1856 3589 a
1886 3539 2180 3588 turbulento
2232 3536 2328 3589 hoc
2377 3548 2431 3589 et
2481 3535 2767 3606 caliginoso
2819 3539 2936 3596 loco
2979 3539 3030 3591 in
3080 3554 3182 3606 quo
3230 3555 3355 3592 aves

1829 3623 1853 3660 ά
1883 3627 2056 3676 volant
2088 3641 2249 3690 usque
2278 3625 2339 3678 ad
2370 3635 2506 3679 astra
2526 3628 2791 3695 pertingit,
2814 3637 2998 3681 etesse
3021 3628 3350 3695 tranquillum

1833 3728 2050 3778 prorsus
2079 3728 2136 3763 ac
2169 3714 2284 3765 luce
2309 3712 2512 3778 plenum
2543 3729 2642 3765 non
2671 3713 2932 3766 immerito
2958 3715 3201 3766 creditur.
3231 3715 3357 3766 Nam

1828 3808 1880 3850 et
1901 3797 2122 3851 errantia
2150 3797 2322 3849 sidera
2347 3806 2567 3864 septem,
2598 3813 2711 3863 qua:
2741 3800 2789 3850 in
2822 3799 2920 3851 hoc
2951 3799 3162 3851 aetheris
3191 3802 3358 3866 spatio

1832 3901 1956 3952 vaga
1987 3885 2107 3938 lexri
2133 3885 2484 3951 perhibentur,
2509 3885 2773 3953 Scriptura
2801 3891 2850 3949 in
2889 3887 3215 3940 ﬁrmamento
3234 3889 3354 3942 caeli

1827 3993 1943 4031 esse
1989 3980 2154 4046 posita
2184 3977 2333 4032 dixit.
2367 3975 2590 4046 Ideoque
2617 3996 2738 4034 aves
2767 3990 2907 4034 recte
2934 3983 3175 4034 dicuntur
3203 3996 3354 4036 secus

1831 4066 2209 4118 ﬁrmamentum
2243 4067 2364 4121 cmli
2396 4067 2595 4136 volare,
2623 4069 2742 4135 quia
2771 4071 2939 4122 vicina
2970 4080 3111 4134 sunt,
3144 4079 3198 4122 ιιι
3225 4071 3375 4123 dixi-‘

1831 4169 1966 4215 mus,
1991 4155 2171 4206 aetheri
2198 4156 2495 4209 turbulenta
2522 4159 2630 4209 haec
2651 4160 2786 4211 aeris
2812 4162 2998 4224 spatia,
3021 4175 3138 4227 quae
3164 4161 3362 4213 volatus

1826 4242 2000 4294 avium
2051 4243 2328 4297 sustinent.
2393 4244 2501 4306 Nec
2544 4247 2835 4299 mirandum
2878 4247 2920 4300 si
2968 4249 3134 4302 aether
3181 4249 3358 4302 ﬁrma-

1831 4343 2063 4387 mentum
2093 4334 2209 4387 caeli
2242 4337 2562 4402 nominetur,
2592 4351 2708 4389 cum
2733 4352 2819 4390 aer
2842 4337 3127 4405 appellatur
3146 4337 3360 4401 ctelnm,

191 4428 320 4478 tur;
369 4416 522 4469 ccelo.
553 4425 723 4466 autem
771 4419 868 4472 hoc
913 4419 1066 4472 modo
1103 4417 1410 4490 junguntur,
1451 4427 1568 4493 quia
1597 4427 1726 4480 adeo
1753 4439 1806 4499 υ
1833 4430 1890 4474 ιιι
1927 4435 2081 4490 supra
2110 4422 2400 4476 docuimus.
2451 4424 2557 4478 Nec
2604 4427 3018 4493 praetereundum
3061 4425 3197 4494 quod
3243 4442 3358 4480 cum

191 4507 403 4560 vicinus
431 4514 515 4559 est
541 4504 590 4558 ei
621 4519 726 4579 aer
745 4507 869 4569 iste,
900 4519 956 4560 ut
984 4521 1037 4562 et
1075 4509 1187 4575 ipse
1215 4526 1583 4581 nonnunquam
1612 4517 1725 4582 ejus

194 4608 396 4646 nomen
445 4594 726 4660 acceperit,
778 4595 912 4647 sicut
959 4599 1183 4652 volatilia
1228 4600 1343 4652 caeli
1395 4604 1728 4666 cognominat

113 4684 120 4686 '
187 4681 484 4746 scriptura,
527 4696 645 4747 qua:
673 4681 852 4735 volare
881 4695 1084 4738 constat
1116 4690 1165 4739 iu
1196 4702 1348 4751 aere;
1391 4699 1442 4740 et
1472 4689 1724 4744 Dominus

188 4773 304 4838 ipse
333 4771 518 4835 turbis,
567 4784 682 4835 quae
729 4779 930 4838 tempus
977 4775 1229 4829 adventus
1267 4777 1351 4830 sui
1382 4777 1447 4852 de
1481 4779 1724 4833 virtutum

187 4856 496 4914 ostensione
539 4873 638 4909 non
681 4872 1054 4926 cognoverant,
1085 4864 1316 4931 loquitur
1346 4865 1528 4918 dicens
1564 4883 1574 4916 :
1601 4867 1720 4919 Cum

188 4949 416 5000 uideritis
433 4949 606 4999 nubem
619 4948 854 4999 orientem
877 4949 938 4999 ab
951 4961 1148 5014 oc‘casu,
1167 4956 1333 5006 statim
1348 4955 1509 5008 dicitis
1531 4971 1549 5007 :
1578 4954 1626 5007 Ν
1633 4958 1725 5007 im-
1759 4952 1763 4956 ί

189 5035 281 5084 bus
295 5038 447 5096 venit,
468 5047 512 5087 et
531 5037 599 5087 ita
621 5036 678 5102 ﬁt
699 5054 713 5095 ;
741 5045 912 5088 etcum
934 5041 1166 5092 Austrum
1178 5044 1401 5107 ﬂantem,
1422 5045 1584 5097 dicitis
1602 5048 1720 5113 quia

191 5132 369 5173 ventus
388 5128 499 5185 erit,
522 5135 566 5176 et
587 5129 664 5192 ﬁt.
692 5124 736 5176 11
741 5128 1001 5192 ypocrita',
1021 5128 1198 5194 faciem
1220 5138 1362 5182 terra
1379 5143 1424 5184 et
1439 5134 1548 5186 caeli
1571 5136 1726 5186 nostis

191 5211 425 5275 probare,
451 5214 542 5263 ltoc
561 5226 723 5265 autem
744 5225 937 5280 tempus
955 5215 1203 5280 quomodo
1219 5233 1314 5269 non
1331 5221 1548 5286 probatis
1575 5220 1720 5288 (Luc.

196 5314 297 5364 stt,
340 5296 473 5364 θυι
515 5297 610 5352 Ubi
661 5312 861 5355 certum
910 5310 1008 5364 est,
1062 5301 1180 5367 quia
1229 5301 1411 5357 faciem
1455 5309 1574 5361 caeli
1622 5324 1724 5362 non

189 5385 346 5438 aliam
406 5399 560 5459 quam
623 5391 906 5442 variantem
974 5389 1108 5443 hunc
1169 5399 1357 5444 statum
1416 5398 1555 5450 aeris
1621 5413 1724 5466 ap-

192 5475 383 5539 pellat.

265 5573 290 5616 ’ί
315 5581 371 5634 lu
403 5583 518 5633 llss.
548 5584 691 5635 tleesl
719 5588 906 5644 reP’ile-

261 5647 287 5685 δ
323 5648 489 5718 Flora,
513 5664 686 5704 crearit
714 5649 863 5706 Deus.

1833 4522 2040 4562 creasse
2079 4509 2342 4562 diceretur
2389 4509 2524 4564 Deus
2569 4526 2776 4564 omnem
2824 4513 3047 4564 animam
3080 4514 3357 4577 viventem,

1827 4595 2056 4649 additum
2099 4604 2197 4659 est,
2247 4605 2393 4664 atque
2435 4599 2735 4660 motabilem,
2769 4599 2831 4650 ad
2862 4599 3246 4654 distinctionem
3284 4601 3359 4653 vi-

1828 4686 2021 4739 delicet
2055 4683 2277 4736 hominis
2304 4699 2456 4752 quem
2482 4684 2710 4737 facturus
2740 4697 2851 4739 erat
2891 4690 2955 4742 atl
3001 4688 3277 4757 imaginem
3309 4701 3360 4743 et.

1829 4771 2220 4826 similitudinem
2262 4784 2431 4834 suam,
2477 4772 2544 4824 ita
2585 4775 2706 4826 utsi
2737 4775 2850 4844 ejus
2883 4789 3139 4844 praecepta
3179 4793 3360 4832 serva-

1831 4868 1953 4923 ret,
2015 4867 2260 4926 perpetua
2317 4858 2516 4912 viveret
2574 4860 3092 4925 incqmmutabilitate
3149 4865 3352 4920 beatus.

1829 4948 1958 5001 Nam
1988 4946 2268 4998 animantia
2308 4957 2519 5010 cetera.
2568 4949 2634 5002 ita
2676 4959 2800 5003 sunt
2827 4951 2987 5016 prima
3019 4969 3142 5005 mox
3173 4957 3356 5006 condi-

1833 5039 1973 5092 tione
2000 5023 2158 5099 iacta,
2204 5047 2257 5090 ut
2303 5038 2387 5091 vel
2415 5038 2513 5090 alia
2549 5038 2667 5092 aliis
2698 5040 2748 5091 in
2779 5040 3081 5096 alimoaiam
3111 5045 3380 5099 cederent

1827 5131 1908 5182 vel
1943 5132 2051 5197 ipsa
2079 5141 2175 5180 suo
2203 5127 2350 5180 senio
2380 5127 2672 5182 deﬁcientia
2696 5131 2945 5197 perirent.

1898 5217 1963 5270 Et
1997 5217 2121 5271 vidit
2162 5213 2299 5269 Deus
2335 5221 2470 5285 quod
2513 5228 2638 5274 esset
2666 5219 2865 5281 bonum,
2914 5219 3260 5287 benedixitque
3286 5223 3359 5275 eis

1825 5307 2271 5362 dicens:Crescite
2309 5320 2357 5363 et
2387 5307 2830 5376 multiplicamini,
2881 5317 2927 5359 et
2977 5310 3159 5375 replete
3203 5326 3358 5376 aquas

1825 5399 2002 5457 maris.
2028 5410 2237 5457 avesque
2261 5397 2651 5465 multiplicemur
2675 5409 2822 5462 super
2850 5403 3051 5449 terram.
3090 5396 3146 5450 Et
3171 5399 3357 5467 factum

1829 5494 1898 5548 est
1926 5499 2124 5552 vespere
2152 5492 2195 5534 et
2228 5499 2371 5536 mane
2410 5486 2515 5570 dies
2537 5483 2756 5558 quintus.
2787 5482 2934 5548 Quod
2964 5483 3120 5548 dixit,
3138 5487 3358 5551 crescite,

1901 5604 1921 5631 ο
1959 5593 2109 5646 Flor.
2128 5590 2274 5644 deest
2303 5607 2487 5648 eorum.

1892 5654 1918 5693 ‘
1946 5661 2052 5724 AL,
2085 5660 2311 5713 volitant.
