3866 6248
354 332 421 396 21
844 328 1043 384 unus;
1084 328 1524 384 vastaturus
1564 303 1836 383 onstum
1882 325 1907 378 υ

2018 325 2053 380 s
2092 325 2152 379 ιι.
2185 357 2247 367 -
2282 329 2664 385 micantes
2706 329 3022 388 GENUINt.
3413 404 3421 411 _
3472 336 3542 394 as

357 459 402 498 rs
434 441 857 510 multiplicamini,
883 450 928 493 et
957 439 1142 510 replete
1178 421 1346 505 aquas.
1365 441 1538 504 maris,
1585 439 1647 492 ad
1688 448 1881 492 utrum-
1925 439 1966 494 Α
1998 437 2283 499 producere
2315 440 2529 508 jusserit
2558 442 2696 498 Dens
2725 455 2946 508 terram,
2973 456 3033 519 et,
3051 461 3310 514 jlltttettla,
3339 462 3394 503 et
3423 466 3538 519 rep-

350 547 458 601 que
504 545 667 598 genus
709 529 1047 582 animantium
1077 527 1144 581 de
1169 527 1317 595 aquis
1357 525 1631 590 factorum,
1667 526 1767 581 hoc
1793 535 1893 594 est,

358 633 412 676 et
441 620 503 675 ad
535 622 705 688 pisces
731 618 971 684 pertinet,
1000 627 1054 672 et
1080 617 1142 669 ad
1181 631 1328 679 aves,
1358 616 1477 684 quia
1504 617 1641 669 sicut
1670 625 1693 652 ⁸
1731 618 1898 683 pisces

359 725 545 762 otnnes
569 724 669 760 non
701 709 795 760 nisi
828 707 878 759 in
909 708 1058 773 aquis
1084 706 1258 759 vivere
1282 712 1522 774 possunt,
1553 706 1622 756 ita
1647 713 1766 756 sunt
1794 702 1900 770 ple-

363 815 538 866 neque
565 813 688 851 aves
715 812 830 865 qua:
854 797 952 849 etsi
983 797 1033 847 io
1062 792 1515 860 terris‘aliqnando
1542 792 1895 868 requiescunt,

362 891 600 956 fetusque
646 894 952 954 propagant,
1007 897 1108 936 non
1131 883 1158 920 δ
1187 893 1382 935 tantum
1416 883 1480 934 de
1521 890 1678 945 terra,
1711 880 1803 932 sed
1834 881 1899 932 de

362 978 489 1030 mari
521 985 828 1038 vescuntur,
870 974 1191 1041 marinisqne
1221 972 1434 1024 sedibus
1460 969 1712 1025 libentius
1740 983 1897 1037 quam

361 1074 577 1117 utuntur
613 1060 970 1115 terrestribus.
1021 1058 1168 1125 Quod
1201 1072 1325 1112 vero
1369 1058 1655 1126 subjungit,
1699 1072 1901 1122 avesque

360 1151 754 1217 multiplicmtur
812 1165 962 1212 super
1022 1157 1242 1209 terram,
1292 1145 1355 1198 ad
1407 1155 1686 1212 utrumque
1738 1158 1900 1213 genus

360 1241 555 1302 avium,
601 1239 700 1292 hoc
742 1249 842 1299 est,
872 1247 922 1289 et
954 1251 1133 1287 carum
1175 1251 1290 1302 quae
1335 1238 1397 1287 de
1430 1237 1600 1299 aquis,
1642 1243 1696 1287 et
1720 1247 1898 1286 earum

359 1347 475 1397 qua:
501 1339 777 1382 vescuntur
799 1329 865 1380 de
890 1338 1048 1390 terra,
1081 1327 1312 1395 respicit,
1335 1322 1457 1394 quia
1479 1323 1720 1377 videlicet
1740 1324 1897 1376 etiam

361 1421 464 1471 illa:
510 1434 627 1486 qua:
670 1419 782 1471 sine
821 1417 972 1484 aquis
1014 1417 1192 1468 vivere
1232 1416 1475 1468 nesciunt
1516 1428 1640 1466 aves
1667 1453 1680 1477 ,
1736 1412 1804 1465 ita
1845 1423 1900 1463 ut

370 1510 534 1562 intrito
580 1525 720 1576 sa-pe
765 1508 888 1562 anni
925 1519 1164 1576 tempore
1206 1509 1304 1561 sub
1347 1505 1606 1574 profundo
1648 1518 1898 1572 aquatum

367 1599 634 1662 quomodo
695 1600 863 1664 pisces
905 1598 1120 1661 lateant,
1167 1609 1538 1662 nonnunquam
1586 1594 1758 1660 egredi
1809 1608 1898 1644 su-

365 1701 456 1752 per
486 1687 651 1740 terras
698 1686 891 1748 solent,
926 1686 1151 1739 maxime
1190 1700 1307 1739 cum
1364 1685 1529 1738 fetant
1576 1693 1628 1739 et
1672 1684 1904 1735 nutriunt

369 1776 559 1842 pullos.
1484 1817 1487 1819 _

432 1862 571 1916 Dixit
599 1879 790 1930 quoque
824 1861 954 1913 Detts
988 1877 1005 1914 :
1035 1861 1288 1913 Producat
1326 1871 1455 1912 terra
1489 1861 1705 1910 animant
1743 1857 1905 1909 viven-

361 1967 456 2006 tem
484 1956 531 2006 in
560 1969 736 2024 genere
759 1970 868 2016 suo,
894 1954 1123 2022 jumentu
1163 1963 1207 2004 et
1251 1952 1446 2018 "milia
1475 1961 1518 2000 et
1541 1949 1718 2000 bestias
1744 1962 1907 1998 secun~

360 2048 481 2096 dum
510 2045 694 2112 species
739 2059 876 2095 suas.
924 2042 1233 2109 Factumque
1259 2052 1326 2092 est
1361 2043 1452 2092 ita.
1491 2037 1606 2089 Post
1645 2038 1902 2090 radiatum

360 2133 625 2185 sideribus
654 2132 867 2194 cmlum,
905 2141 1020 2197 post
1050 2132 1318 2196 impletum
1359 2129 1658 2181 volatdibns
1702 2143 1901 2189 aerem,

360 2222 448 2288 qni
479 2222 544 2271 ob
576 2232 594 2258 ε
621 2221 888 2284 viciniam,
921 2229 973 2270 ut
999 2219 1241 2280 diximus,
1293 2218 1410 2270 ρωιί
1463 2231 1648 2267 nomen
1693 2216 1904 2276 meruit,

366 2321 481 2374 post
528 2311 871 2378 locupletatas
926 2310 1031 2363 suis
1076 2308 1428 2360 animantibus
1460 2320 1646 2373 aquas,
1701 2319 1816 2370 qum
1856 2314 1905 2355 et

369 2403 482 2465 ipse
505 2402 611 2453 acti
640 2412 756 2452 sunt
791 2415 974 2467 magna
1026 2407 1222 2450 natura:
1268 2396 1532 2448 vicinitate
1568 2394 1859 2460 conjunctae
1893 2411 1902 2442 :

367 2491 507 2543 unde
530 2498 583 2543 et
602 2489 667 2542 de
691 2484 791 2542 illis
820 2488 1044 2558 sumpsit
1091 2486 1396 2547 animantia,
1440 2484 1505 2537 de
1549 2483 1650 2535 iliis
1688 2482 1902 2544 imbres,

365 2580 532 2640 nives,
563 2577 845 2646 grandines
873 2587 924 2629 et
955 2586 1140 2628 ca'tera
1169 2574 1327 2627 sumit
1358 2573 1679 2642 hujusmndi,
1720 2585 1907 2622 CttttSe-

365 2683 526 2732 quens
557 2676 665 2720 erat
699 2665 856 2717 etiam
890 2674 1081 2716 terram
1113 2663 1221 2716 suis
1245 2662 1623 2724 animantibus,
1678 2662 1774 2709 hoc
1805 2667 1904 2722 cst,

369 2772 434 2809 ex
467 2771 525 2809 se
567 2757 753 2823 genitis
798 2755 1020 2823 impleri.
1071 2755 1194 2805 Nam
1226 2766 1274 2807 et
1309 2753 1419 2819 ipsa
1452 2751 1766 2819 prarcipnain
1811 2748 1907 2800 ha-

371 2848 458 2899 bet
486 2847 845 2913 cognationem
871 2860 988 2898 cum
1013 2843 1182 2912 aquis,
1212 2854 1269 2896 ut
1294 2855 1412 2910 pote
1442 2856 1556 2907 qua:
1584 2841 1697 2890 sine
1725 2853 1904 2891 earum

369 2951 528 2990 succo
570 2945 621 2989 et
652 2935 950 3004 irrigatioue
981 2949 1085 2988 non
1116 2935 1284 2986 solum
1325 2930 1658 2989 fructilicare,
1689 2929 1776 2979 sed
1811 2941 1908 2978 nec

370 3028 479 3094 ipsa
530 3025 817 3080 consistere
863 3025 1045 3092 possit,
1097 3023 1253 3075 Petro
1302 3026 1610 3080 attestante,
1659 3019 1743 3082 qui
1795 3016 1903 3066 ait:

371 3116 502 3181 Quia
539 3115 645 3167 caeli
686 3123 824 3164 erant
854 3113 1018 3178 prius,
1058 3121 1102 3162 et
1132 3121 1260 3160 terra
1285 3110 1346 3159 de
1367 3123 1517 3169 aqua,
1544 3117 1588 3158 et
1619 3121 1705 3172 per
1724 3121 1906 3171 aquam

369 3206 638 3257 consistens
669 3199 759 3252 Dei
789 3200 930 3252 verbo
959 3196 1044 3264 (ll
1083 3196 1224 3249 Petr.
1256 3211 1332 3257 nt,
1361 3195 1437 3260 5).
1469 3193 1623 3246 Jubet
1645 3208 1768 3259 ergo
1793 3208 1908 3259 pro-

369 3297 564 3346 ducere
601 3292 735 3343 Dt-ns
767 3300 958 3342 terram
988 3287 1246 3353 jumenta,
1274 3291 1327 3334 et
1355 3282 1575 3348 reptilia,
1623 3289 1676 3334 et
1717 3281 1910 3333 bestias

378 3394 532 3434 terra:
559 3399 572 3442 ;
602 3381 722 3449 quia
756 3393 882 3433 vero
925 3376 1137 3430 nomine
1167 3374 1450 3426 bestiarum
1477 3386 1631 3424 omne
1657 3371 1906 3438 quidquid

377 3485 468 3524 ore
497 3471 576 3522 vel
611 3469 870 3535 unguibus
913 3466 1083 3526 san'it,
1113 3463 1343 3529 exceptis
1383 3464 1732 3530 serpentibus,
1784 3477 1910 3515 con-

377 3569 483 3614 stat
527 3572 642 3611 essc
666 3555 1121 3623 comprehensum,
1173 3554 1380 3604 nomine
1423 3563 1597 3607 autem
1650 3555 1911 3619 reptilium

374 3657 533 3700 terra:
571 3644 725 3695 etiam
768 3649 1038 3705 serpentes
1064 3637 1414 3701 continentur,
1450 3640 1660 3691 nomine
1686 3656 1810 3692 vero
1828 3643 1913 3708 ju-

372 3741 662 3786 mentorum
705 3746 766 3783 ea
797 3746 916 3794 ιμιιιι
950 3730 1000 3780 in
1049 3743 1144 3780 nsu
1189 3737 1311 3781 sunt
1363 3728 1629 3781 hominum
1673 3730 1912 3800 animalia

373 3823 733 3889 designantur.
784 3819 879 3872 Ubi
924 3833 1048 3883 ergo
1090 3818 1320 3871 conditio
1357 3817 1670 3870 describitur
1698 3826 1914 3868 cretero-

373 3925 487 3963 rum
519 3907 817 3959 animalium
847 3906 1265 3973 quadrupedum,
1311 3906 1458 3960 verbi
1502 3906 1688 3975 gratia,
1731 3920 1916 3958 cervo-

373 4010 512 4056 rum,
552 4008 878 4059 caprearum,
923 3995 1228 4047 bubalorum
1257 4005 1308 4048 et
1335 3992 1358 4028 ἀ
1394 4009 1667 4060 Caprorum
1694 4003 1915 4046 caetero-

375 4101 590 4153 rnmque
622 4087 948 4154 huiusmodi,
977 4088 1074 4140 nisi
1107 4087 1242 4140 forte.
1270 4098 1317 4139 et
1353 4089 1464 4139 haec
1492 4087 1556 4139 ob
1586 4086 1914 4138 ferocitatem

380 4175 644 4230 indomita
672 4181 861 4232 mentis
894 4178 1027 4231 inter
1059 4180 1249 4232 bestias
1271 4193 1386 4232 esse
1414 4178 1751 4230 adnumerata
1777 4176 1916 4229 dixe-

375 4268 557 4330 rirnns,
584 4269 730 4339 juxta
760 4272 1022 4336 antiquam
1074 4284 1201 4320 sane
1250 4269 1665 4328 translationem,
1713 4267 1763 4319 in
1812 4282 1912 4332 qua

375 4363 619 4428 Srripltttn
667 4372 782 4415 est:
817 4362 998 4431 Ejiciat
1039 4373 1169 4410 terra
1208 4361 1427 4409 animam
1460 4358 1616 4408 vittam
1645 4359 1913 4411 secundum

376 4467 547 4519 genus,
575 4453 940 4520 quadrupedia,
984 4460 1028 4502 et
1059 4449 1272 4515 reptilia,
1304 4456 1346 4498 et
1379 4446 1556 4497 bestius
1587 4454 1755 4508 terrm,
1787 4448 1913 4501 nihil

375 4543 586 4591 omnino
606 4540 905 4607 quaestioiiis
933 4551 1031 4601 est,
1050 4539 1166 4604 quia
1188 4535 1426 4588 videlicet
1450 4537 1657 4586 nomine
1688 4536 1914 4599 quadrn-

381 4628 790 4694 pednmlcnncta
839 4628 1220 4694 comprehensa
1276 4632 1395 4675 sunt
1425 4626 1799 4688 qnze.exceptis
1828 4623 1918 4676 be-

376 4713 490 4765 stiis
513 4723 563 4765 et
595 4714 884 4775 reptilibns,
915 4725 1048 4764 terra
1085 4713 1347 4780 produxit,
1376 4709 1488 4762 sive
1514 4721 1632 4778 quae
1666 4707 1762 4761 sub
1792 4722 1915 4761 cura

383 4809 630 4861 lmniana,
662 4819 751 4854 seu
781 4818 895 4868 qme
925 4813 1045 4855 sunt
1077 4801 1177 4853 fera
1211 4811 1261 4853 ct
1290 4803 1533 4868 agrestia.

451 4897 512 4948 Et
554 4896 664 4962 fecit
701 4893 827 4943 Deus
868 4892 1045 4942 bestias
1075 4902 1218 4944 terrw
1238 4894 1388 4958 juxta
1416 4893 1602 4957 species
1623 4907 1746 4943 suas
1765 4899 1808 4939 et
1821 4893 1915 4959 ju-

377 4999 538 5037 menta
581 4994 622 5033 et
671 4997 815 5034 omne
856 4978 1028 5047 reptile
1062 4989 1207 5031 (ενι-ιε
1235 4983 1283 5030 iu
1321 4996 1494 5048 genere
1521 4997 1632 5034 suo.
1685 4978 1912 5033 Notanda

378 5073 748 5126 transmutatio
783 5069 1080 5127 verborum,
1110 5068 1226 5134 quia
1250 5077 1402 5128 supra
1429 5071 1623 5124 dietum
1655 5079 1754 5130 est,
1781 5066 1915 5136 quod

1506 5152 1524 5173 I

453 5235 476 5260 ³
507 5225 558 5274 In
587 5221 830 5273 omnibus
863 5217 982 5272 Mss.
1015 5217 1340 5269 desideratur
1369 5221 1542 5286 pisces.

450 5291 474 5330 ιο
509 5294 577 5341 ita
610 5292 734 5342 Mss.
763 5303 966 5340 omnes.
998 5287 1153 5349 Editi,
1179 5297 1360 5339 tamen.

452 5373 472 5398 ο
505 5361 583 5410 Al.
597 5397 612 5418 ,
642 5360 958 5411 ricinilalem.

404 5459 412 5472 ι
451 5427 472 5464 τί
497 5429 600 5484 AL,
636 5441 948 5492 caprearum.

450 5501 471 5526 ι
501 5494 801 5559 llnjnsmodi
847 5493 938 5544 fuit
986 5509 1130 5544 error
1173 5494 1575 5557 Encratitarnm,
1624 5498 1688 5549 de
1736 5493 1924 5560 quibus

380 5579 593 5616 szitnttns
645 5562 982 5623 Augustinus,
1017 5561 1066 5612 in
1116 5562 1204 5614 lib.
1258 5562 1323 5614 de
1375 5565 1603 5626 Haeres”
1652 5581 1765 5629 cap.
1811 5564 1917 5613 ‘25;

387 5651 402 5682 ι
435 5632 473 5684 Ν
500 5634 673 5695 nptias,
707 5632 891 5694 inquit,
919 5629 1186 5690 damnant,
1220 5641 1377 5698 atque
1407 5634 1617 5686 omnino
1653 5647 1800 5700 pares
1833 5645 1917 5684 cas

2000 525 2128 585 tilia,
2174 536 2225 578 et
2265 505 2458 582 bestias
2483 540 2668 595 terrm;
2705 547 2841 585 ltllltc
2869 505 3067 599 autem,
3103 547 3303 589 mutato
3332 505 3535 604 ordine,

1999 614 2186 668 iecisse
2233 617 2424 670 dicitur
2472 620 2607 674 Dens
2659 625 2854 676 bestias
2905 632 3056 677 terra!
3106 634 3160 679 et
3196 626 3436 694 jnmenta
3485 641 3538 683 et

1999 715 2155 754 onine
2203 705 2386 771 reptile
2433 715 2621 771 terrae;
2673 719 2724 762 et
2770 711 3158 779 intelligendum
3207 715 3342 781 quod
3397 716 3538 770 dicto

1997 791 2151 845 citius
2180 808 2336 848 omne
2376 796 2515 862 quod
2558 797 2723 852 voluit
2771 799 2906 865 fuit;
2956 802 3134 870 nilque
3187 803 3362 858 diflert
3399 813 3535 872 quod

2001 880 2202 948 loquela
2249 885 2472 938 humana
2521 890 2664 955 prius
2707 889 2758 942 in
2807 900 3165 946 creaturarum
3217 895 3406 949 ordine
3447 911 3537 948 no-

2001 971 2182 1035 minet,
2209 987 2340 1039 quas
2369 975 2541 1029 divina
2576 978 2801 1047 potentia
2834 980 3069 1032 condidit
3107 983 3259 1036 simul
3305 993 3538 1038 cunctas.

2069 1064 2195 1116 Cum
2225 1080 2394 1120 au'em
2427 1070 2662 1135 sequitur
2690 1090 2700 1121 :
2737 1067 2800 1121 Et
2827 1071 2950 1122 cidit
2979 1070 3110 1123 Deus
3148 1075 3280 1140 quod
3308 1083 3432 1126 esset
3461 1076 3540 1126 bo-

2001 1166 2137 1214 num,
2184 1156 2435 1218 quteritnr
2477 1158 2689 1220 merito,
2735 1171 2898 1225 quare
2925 1173 3028 1211 non
3058 1160 3141 1211 hic
3168 1161 3391 1214 addatur
3421 1161 3541 1215 illud

2003 1239 2140 1305 quod
2169 1241 2360 1294 dictum
2409 1253 2491 1296 est
2533 1244 2600 1297 de
2647 1246 2724 1299 eis
2761 1260 2876 1314 qua:
2915 1261 3060 1315 aqua:
3106 1251 3453 1314 produxerant
3479 1251 3542 1304 de

2000 1329 2351 1383 animantibus
2380 1348 2394 1385 :
2422 1331 2782 1402 Benedixitque
2843 1339 2912 1388 eis
2960 1337 3126 1390 dicens
3169 1355 3188 1390 :
3233 1339 3451 1392 Crescite
3497 1350 3542 1393 et

2003 1417 2401 1483 multiplicamini
2447 1431 2493 1472 et
2536 1424 2724 1490 replete
2770 1433 2980 1476 terram.
3027 1429 3104 1477 An
3150 1425 3282 1480 forte
3313 1428 3451 1495 quod
3479 1429 3544 1481 de

2004 1505 2165 1568 prima
2211 1515 2450 1560 creatura
2493 1510 2681 1562 animle
2712 1511 2936 1563 viventis
2972 1511 3167 1564 dictum
3198 1528 3226 1564 a
3259 1514 3366 1566 Deo
3406 1531 3545 1568 eom-

2004 1593 2353 1656 meudaverit,
2389 1594 2546 1651 etiam
2578 1595 2646 1648 de
2672 1599 2903 1649 secunda
2952 1599 3102 1651 nobis
3149 1601 3546 1669 subintelligen-
3601 1594 3610 1607 ’

2003 1680 2126 1730 dum
2161 1681 2404 1748 reliquit?
2436 1685 2684 1744 maxime,
2719 1687 2840 1753 quia
2875 1688 2925 1738 in
2971 1687 3129 1754 hujus
3169 1689 3276 1741 diei
3307 1692 3550 1756 operibus

1943 1755 1982 1812 Β
2019 1769 2163 1836 plura
2196 1781 2308 1824 erat
2329 1773 2431 1824 alia
2457 1775 2833 1839 subjuncturus
2864 1792 2877 1838 ;
2907 1791 3062 1843 porro
3092 1779 3156 1830 de
3181 1780 3393 1852 nomine
3419 1781 3551 1833 facto

2009 1858 2110 1910 hoc
2148 1861 2451 1913 necessario
2485 1861 2675 1916 iterare
2711 1865 2915 1915 curavit
2944 1864 3122 1917 dicens
3147 1905 3160 1917 .
3193 1863 3552 1934 Benedixilqtse

2004 1947 2103 1998 illis
2133 1946 2268 2000 Deus
2305 1959 2350 2000 et
2377 1950 2486 2001 ait:
2515 1951 2731 2003 Crescite
2774 1960 2818 2004 et
2857 1952 3264 2021 multiplicamini
3293 1965 3340 2006 et
3371 1955 3556 2022 replete

2005 2047 2210 2099 terram,
2263 2055 2329 2092 ne
2375 2041 2494 2105 quis
2540 2040 2831 2094 honorabili
2873 2044 3136 2096 connubio
3165 2043 3337 2103 inesse
3365 2059 3550 2112 pecca-

2007 2137 2111 2177 tum
2148 2135 2169 2161 ε
2207 2128 2520 2195 thornmquc
2550 2129 2772 2183 fit-ditati
2805 2132 3169 2186 fornicationis
3201 2142 3408 2199 putaret
3436 2149 3556 2187 esse

2005 2217 2438 2279 compar-arulam.
2492 2217 2644 2270 Facta
2693 2229 2867 2272 autem
2922 2229 3081 2287 atque
3129 2230 3316 2272 ornata
3355 2220 3555 2273 habita-

2013 2302 2153 2353 tione
2206 2303 2491 2366 Inundana,
2543 2316 2818 2372 supererat
2857 2316 2922 2359 stt
2973 2308 3085 2375 ipse
3132 2307 3288 2361 etiam
3346 2289 3600 2376 propter.

2007 2406 2160 2458 quem
2187 2395 2362 2444 omnia
2387 2395 2705 2458 parabantur
2733 2396 2992 2450 habitator
3017 2412 3076 2451 ac
3102 2397 3350 2451 dominus
3377 2415 3552 2452 rerum

2009 2480 2167 2532 hoino
2198 2494 2491 2546 crearetur,
2522 2485 2758 2550 sequitur
2785 2503 2795 2535 :

2083 2568 2142 2621 Et
2165 2571 2233 2621 ait
2253 2585 2270 2622 :
2290 2568 2561 2624 Faciamus
2585 2573 2834 2624 hominem
2856 2575 2922 2625 ad
2951 2575 3218 2643 imaginem
3248 2584 3295 2628 et
3322 2574 3558 2627 similitu-

2008 2662 2173 2714 dinem
2194 2671 2430 2715 nostram.
2448 2664 2590 2718 Nunc
2607 2679 2822 2733 apparet
2842 2667 3134 2723 evidentius
3149 2682 3313 2734 quare
3329 2670 3394 2723 de
3413 2684 3559 2725 crea-

2010 2753 2072 2804 tis
2087 2752 2258 2805 herbis
2273 2763 2322 2806 et
2335 2754 2627 2818 arboribus,
2650 2755 2872 2819 piscibus
2887 2769 2939 2812 et
2956 2760 3267 2817 volatilibus,
3295 2759 3559 2812 terrestri-

2011 2839 2106 2892 bus
2137 2850 2359 2909 quoque'
2392 2843 2751 2896 animantibus
2794 2845 2989 2897 dictum
3039 2848 3126 2909 sit,
3159 2856 3216 2898 ut
3244 2827 3419 2896 llerint
3453 2845 3562 2898 sin-

2008 2930 2125 2995 gula
2169 2930 2315 2997 juxta
2369 2944 2538 2999 genus
2586 2942 2641 2984 et
2689 2933 2895 3000 species
2954 2947 3096 2987 suas.
3164 2933 3562 2987 Praevidebatur

2009 3021 2147 3071 enim
2180 3018 2349 3071 futura
2390 3020 2507 3087 ejus
2539 3024 2741 3075 creatio
2780 3025 2866 3090 qui
2914 3039 3018 3076 non
3050 3024 3222 3077 solum
3251 3037 3352 3076 suo
3381 3025 3562 3091 generi

2010 3109 2349 3161 similitudine
2377 3122 2690 3177 congrueret
2718 3121 2771 3166 et
2791 3112 2988 3178 specie,
3019 3113 3110 3167 sed
3143 3112 3302 3167 etiam
3332 3113 3398 3166 ad
3425 3113 3565 3166 ima-

2009 3201 2186 3263 ginem
2219 3196 2296 3248 sui
2331 3195 2600 3249 Creatoris
2641 3213 2701 3252 ac
2747 3200 3143 3253 similitudinem
3192 3200 3379 3254 fieret:
3411 3201 3562 3269 cujus

2012 3284 2264 3338 nobilitati
2323 3287 2611 3339 creationis
2663 3288 2823 3340 etiam
2875 3287 2973 3340 hoc
3025 3290 3380 3342 testimonium
3429 3288 3561 3342 dat.

2012 3378 2148 3440 quod
2183 3393 2281 3429 non
2333 3379 2467 3430 sicut
2521 3379 2572 3430 in
2627 3379 2831 3431 caeteris
2886 3379 3146 3432 creaturis
3199 3379 3330 3431 dixit
3378 3376 3560 3430 Deus:

2014 3466 2129 3519 Fiat
2163 3466 2341 3530 homo,
2371 3476 2424 3519 et
2454 3451 2619 3519 factus
2646 3475 2726 3519 est
2750 3467 2938 3529 homo;
2971 3467 3047 3519 vel
3077 3484 3087 3516 :
3123 3466 3390 3520 Producat
3421 3475 3559 3517 terra

2016 3556 2301 3617 hominem,
2348 3565 2400 3608 et
2441 3556 2687 3621 produxit
2714 3564 2848 3608 terra
2882 3555 3185 3619 hominem;
3221 3555 3340 3618 sed,
3376 3553 3552 3620 prius-

2013 3659 2168 3709 quam
2203 3645 2373 3708 lieret,
2403 3644 2678 3698 Faciamus
2707 3644 2972 3706 hominem
3001 3643 3211 3708 dicitur,
3241 3655 3295 3694 ut
3317 3641 3556 3695 videlicet

2014 3735 2132 3798 quia
2193 3734 2516 3784 rationabilis
2559 3742 2800 3786 creatura
2853 3735 3199 3796 condebatnr,
3250 3733 3398 3800 quasi
3436 3747 3560 3786 eum

2015 3820 2236 3872 consilio
2281 3820 2548 3873 videretur
2572 3822 2728 3874 facta.
2764 3819 2922 3886 Quasi
2957 3838 3047 3889 per
3077 3822 3306 3874 studium
3331 3821 3396 3874 de
3419 3829 3561 3873 terra

2020 3907 2322 3972 plasmatur,
2365 3918 2414 3960 et
2454 3909 2798 3975 inspiratione
2825 3909 3124 3962 Conditoris
3152 3909 3202 3962 in
3231 3911 3424 3962 virtute
3447 3909 3563 3976 spi-

2018 3997 2145 4048 ritus
2173 3996 2340 4048 vitalis
2371 3997 2606 4064 erigmtr,
2639 4004 2694 4048 ut
2723 3997 2924 4049 scilicet
2962 4011 3063 4049 non
3094 4011 3185 4063 per
3220 3996 3238 4034 ί
3267 3996 3556 4065 jossionom

2017 4083 2178 4147 Vocis,
2214 4085 2302 4137 sed
2335 4098 2423 4150 per
2449 4083 2755 4152 dignitatem
2785 4086 3098 4151 operationis
3132 4085 3399 4147 existeret,
3431 4086 3556 4152 quia

2017 4173 2079 4226 ad
2108 4172 2405 4226 Conditoris
2451 4175 2725 4242 imaginem
2774 4175 2952 4228 fiebat.
2991 4175 3124 4230 Cum
3155 4186 3329 4229 autem
3371 4176 3565 4230 dicitur

2018 4265 2258 4332 faciamus
2290 4265 2536 4316 hominem
2564 4266 2629 4314 ad
2673 4265 2941 4334 imaginem
2971 4260 3025 4315 εἰ
3057 4266 3438 4318 similitudinem
3467 4281 3562 4317 no—

2018 4366 2192 4417 stram,
2217 4355 2388 4407 unitas
2416 4365 2611 4407 sanctae
2636 4353 2904 4407 Trinitatis
2933 4364 3114 4420 aperte
3139 4357 3561 4410 commendatur.

2018 4445 2070 4499 Si
2098 4447 2305 4514 quidem
2336 4447 2516 4498 eadem
2547 4444 2809 4496 individua
2848 4443 3077 4497 Trinitas
3125 4445 3174 4498 in
3225 4445 3558 4514 praesidente

2018 4548 2189 4591 rerum
2242 4533 2555 4586 formatione
2594 4532 2812 4600 mystice
2857 4541 2973 4589 erat
3023 4533 3309 4598 insinuata,
3347 4534 3557 4602 quando

2017 4622 2286 4676 dicebatur
2311 4640 2324 4676 :
2354 4632 2406 4676 et
2429 4624 2559 4675 dixit
2588 4622 2725 4678 Deus
2750 4641 2761 4675 :
2795 4624 2929 4689 Fiat,
2952 4635 3004 4679 et
3027 4626 3150 4679 fecit
3172 4625 3327 4690 Deus;
3355 4637 3407 4680 et
3432 4625 3563 4678 vidit

2022 4709 2156 4761 Deus
2205 4709 2342 4775 quod
2382 4720 2523 4762 esset
2572 4711 2780 4764 bonum.
2824 4712 2972 4768 Nunc
3015 4724 3187 4768 autem
3239 4713 3562 4768 manifestius

2021 4798 2131 4848 lucc
2174 4797 2284 4862 ipsa
2325 4798 2631 4862 insinuatur,
2673 4813 2788 4853 eum
2829 4803 3016 4856 dicitur
3047 4821 3060 4856 :
3091 4801 3362 4858 Faciamus
3395 4799 3562 4851 homi-

2018 4902 2132 4936 nem
2171 4885 2237 4936 ad
2263 4887 2530 4954 imaginem
2560 4898 2605 4940 et
2632 4889 3009 4960 similitudinem
3038 4902 3280 4950 nostram,
3313 4898 3368 4942 et
3394 4897 3558 4950 recte.

2021 4974 2142 5038 quia
2190 4974 2356 5027 donec
2387 4976 2428 5027 is
2457 4977 2541 5043 qui
2571 4976 2847 5031 doceretur
2888 4995 2989 5031 non
3035 4986 3169 5042 erat,
3211 4977 3260 5029 in
3307 4975 3564 5042 profundo

2023 5061 2116 5115 fuit
2143 5063 2314 5116 abdita
2357 5065 2653 5132 praedicatio
2699 5067 2948 5128 Deitatis;
2993 5067 3077 5118 ubi
3128 5080 3251 5118 vero
3277 5067 3433 5135 coepit
3462 5067 3564 5122 bo-

2025 5222 2453 5276 toroicationibus
2498 5224 2717 5289 aliisque
2757 5222 3180 5289 corruptionibus
3208 5222 3427 5285 faciunt,
3455 5235 3558 5275 nec

2025 5293 2281 5356 recipiunt
2304 5295 2351 5342 in
2380 5301 2590 5345 suorum
2615 5307 2888 5346 numerum
2915 5291 3154 5360 coningio
3176 5291 3563 5346 utentemJivo

2025 5375 2218 5415 marem
2251 5375 2276 5412 s
2300 5376 2359 5412 ve
2386 5361 2651 5414 feminam.
2684 5381 2700 5412 ι
2733 5361 2790 5413 Et
2826 5371 2946 5412 ante
2973 5375 3064 5412 eos
3091 5361 3404 5414 Saturnillus
3428 5373 3558 5412 nato-

2026 5445 2098 5475 res
2129 5431 2304 5478 ducere
2327 5431 2601 5496 liberosque
2621 5431 2883 5498 gignetea
2909 5427 3098 5479 Satana
3127 5428 3560 5498 esscrproulnliao

2026 5498 2122 5556 bat,
2161 5506 2290 5549 teste
2315 5496 2834 5562 Epiphanio,lnurcsi
2864 5497 2952 5553 9.3,
2990 5501 3072 5563 qni
3100 5497 3285 5548 similia
3316 5496 3560 5550 attribuit

2025 5566 2326 5632 apostolicis
2352 5567 2634 5626 hatretieis,
2666 5567 2756 5618 lib.
2794 5581 2849 5621 ιι,
2877 5566 3063 5617 turres.
3095 5568 3178 5617 6|.

2101 5633 2113 5667 ί
2150 5633 2279 5685 l'lditi
2311 5646 2357 5686 rt
2385 5651 2518 5694 unus
2546 5637 2661 5698 δίδη
2687 5633 2930 5700 jussimis
2959 5650 3141 5686 t'ocem.
