3866 6248
195 348 262 404 ss
1423 339 1893 400 IIEXAEMERON
1935 341 2060 397 LIB.
2105 341 2140 396 t.
3306 352 3374 406 33

196 442 354 495 minis
402 440 693 505 exspectari
723 441 937 503 creatio,
981 439 1210 493 revelata
1241 447 1328 489 est
1357 438 1504 497 fides,
1556 446 1608 489 et
1633 436 1740 488 evi-
1769 435 1818 488 Α
1847 435 1908 483 ad
1949 431 2194 485 intuenda
2222 447 2340 501 qua:
2388 434 2438 485 in
2467 447 2690 500 corpore
2728 435 2888 499 ipsius
2918 438 3095 516 mutuli
3147 455 3370 509 superna

205 533 388 584 denter
415 534 604 599 dogma
628 531 864 584 veritatis
895 531 1124 584 emicuit.
1156 529 1208 582 ιτ.
1232 542 1295 580 eo
1324 527 1461 581 enim
1494 528 1633 592 quod
1666 527 1746 578 di-

200 623 354 674 citur.
401 620 688 683 Faciamus,
746 634 847 672 una
884 619 1175 672 ostenditur
1203 619 1358 670 trium
1401 631 1738 684 personarum

199 714 473 776 Operatio;
506 711 646 763 ineo
671 725 796 762 vero
833 711 970 776 quod
1007 708 1265 774 sequitur,
1302 708 1369 758 ad
1397 708 1662 776 imaginem
1693 718 1739 760 et

198 799 577 852 similitudinem
626 809 865 865 nostram,
923 812 1022 849 nua
1073 808 1126 850 et
1177 799 1394 865 mqualis
1449 800 1735 851 substantia

201 887 435 956 ejusdem
467 899 659 942 sanctis
689 888 960 941 Trinitatis
991 888 1272 941 indicatur.
1300 887 1572 954 Quomodo
1599 889 1738 940 enim

201 994 297 1029 una
321 988 456 1032 esset
487 981 656 1047 imago
680 987 734 1030 et
755 959 1068 1039 “similitudo,
1099 979 1143 1030 si
1174 979 1346 1030 minor
1369 979 1523 1031 l'atre
1549 978 1734 1041 Filius,

199 1069 241 1117 si
275 1067 442 1118 minor
464 1077 603 1120 esset
633 1065 768 1119 Filio
798 1066 1024 1133 Spiritus
1051 1078 1288 1126 sanctus,
1310 1066 1352 1119 si
1384 1081 1484 1118 non
1514 1057 1740 1119 consub-

201 1158 455 1211 stantialis
486 1159 720 1225 ejusdem
755 1161 1026 1224 potestatis
1062 1166 1204 1210 esset
1240 1156 1400 1225 gloria
1434 1158 1590 1208 totius
1619 1155 1736 1208 Tri-

198 1247 412 1299 uitatis?
442 1256 532 1298 aut
568 1246 831 1313 quomodo
859 1246 1118 1298 diceretur
1146 1242 1440 1309 Faciamus,
1485 1244 1529 1297 si
1579 1243 1732 1296 trium

199 1337 248 1386 in
282 1350 380 1385 una
406 1335 598 1388 dcitate
645 1348 987 1400 personarum
1035 1336 1367 1400 occperatrix
1417 1333 1582 1386 virtus
1631 1348 1757 1385 non

195 1424 373 1476 esset?
407 1438 574 1490 neque
606 1426 745 1476 enim
777 1425 976 1492 angelis
1002 1437 1029 1474 a
1063 1423 1170 1476 Deo
1199 1422 1298 1475 dici
1325 1431 1522 1487 poterat
1559 1421 1737 1474 Facia-

198 1530 311 1567 mus
356 1517 616 1569 hominem
662 1517 724 1567 ad
769 1517 1046 1584 imaginem
1093 1526 1144 1569 et
1192 1517 1587 1570 similitudinem
1639 1532 1733 1568 nn-

193 1612 375 1664 stram,
407 1602 527 1669 quia
561 1604 701 1656 nulla
734 1619 948 1671 prorsus
979 1605 1111 1657 ratio
1141 1604 1267 1658 sinit
1294 1613 1350 1656 ιιι
1377 1604 1465 1658 Dei
1498 1615 1550 1657 et
1576 1620 1732 1670 ange-

191 1694 357 1746 lorum
389 1708 542 1744 unam
571 1708 691 1747 esse
719 1695 1065 1761 eamdemque
1096 1693 1373 1761 imaginem
1406 1696 1518 1748 sive
1545 1696 1731 1746 simili-

1843 533 1999 585 sunt,
2055 524 2204 576 sicuti
2269 525 2438 578 anima
2495 525 2762 580 rationalis
2817 527 2866 580 in
2913 544 2974 582 ea
3015 530 3172 583 debet
3212 533 3377 598 erigi.

1843 612 2052 677 quanio
2093 613 2414 679 Spiritalébus
2465 625 2645 666 natura
2703 618 2928 669 maxime
2976 621 3280 684 exuellunt,
3325 633 3376 674 ut

1840 716 1953 768 quzc
1981 716 2186 753 sursum
2211 711 2332 753 sunt
2357 702 2527 771 sapiat
2545 744 2560 766 ,
2586 718 2688 756 non
2717 720 2831 773 qua:
2859 721 3017 775 super
3047 715 3261 761 terram.
3285 711 3378 764 Be-

1842 804 1906 842 ne
1935 799 2110 842 autem
2142 793 2348 843 additur

1910 878 1974 931 Et
2014 881 2183 945 prteait
2225 881 2441 949 piscibus
2479 883 2631 936 maris
2657 892 2702 935 et
2747 885 3028 937 volatilibus
3053 887 3182 947 mli,
3216 896 3263 940 et
3291 887 3374 938 be-

1838 969 1964 1030 stiis,
2015 971 2350 1036 univerueque
2380 983 2561 1034 terrm,
2596 974 2828 1041 omnique
2873 975 3041 1041 reptili
3090 975 3221 1042 quod
3266 991 3374 1028 mo-

1840 1066 1972 1108 vetur
2011 1062 2060 1110 in
2088 1069 2258 1125 terra;
2289 1066 2406 1128 quia
2439 1063 2686 1116 nimirum
2711 1064 2762 1116 in
2797 1064 2896 1119 hoc
2942 1069 3166 1119 maxime
3213 1067 3377 1118 factus

1838 1155 1916 1196 est
1940 1147 2094 1200 homo
2119 1148 2184 1200 ad
2241 1151 2517 1218 imaginem
2557 1153 2678 1216 Dei,
2723 1155 2770 1205 in
2811 1169 2915 1220 quo
2944 1153 3378 1209 irrationabilibus

1838 1235 2136 1289 antecellit:
2183 1253 2344 1304 capax
2399 1242 2634 1295 videlicet
2685 1243 2902 1296 rationis
2951 1245 3232 1310 conditus,
3287 1259 3380 1312 per

1837 1341 1988 1391 quam
2018 1337 2068 1379 et
2097 1337 2271 1380 creata
2316 1344 2533 1398 quaeque
2564 1333 2612 1383 in
2647 1332 2841 1385 nmndo
2871 1346 3011 1386 reete
3050 1334 3342 1399 gubernare
3362 1373 3378 1398 ,

1835 1427 1888 1466 et
1917 1417 2029 1480 eius
2058 1417 2142 1484 qui
2164 1427 2344 1469 cuncta
2373 1420 2569 1471 creavit
2598 1421 2623 1456 ιι
2656 1433 2826 1486 posset
2852 1423 3116 1487 agnitione
3161 1423 3378 1492 perfrui.

1839 1505 1891 1555 In
1922 1519 2026 1571 quo
2082 1506 2277 1558 honore
2310 1520 2508 1574 pnsnns
2531 1547 2545 1570 ,
2597 1510 2638 1560 si
2671 1524 2772 1561 non
2823 1509 3133 1563 intellexerit
3166 1520 3222 1564 ut
3251 1513 3381 1565 bene

1836 1606 1982 1663 agat,
2016 1595 2214 1647 eisdem
2265 1597 2391 1662 ipsis
2421 1598 2770 1649 animantibus
2801 1610 2819 1636 ε
2854 1599 3131 1651 insensatis
3151 1639 3166 1662 ,
3195 1600 3379 1666 quibus

1836 1685 2079 1751 prtelatus
2117 1695 2219 1749 est,
2251 1686 2655 1750 comparabitur,
2686 1687 2821 1739 sicut
2861 1686 3133 1739 Psalmista
3163 1697 3379 1742 testatur

191 1780 423 1832 tudinem
456 1780 751 1833 credamus.
786 1780 838 1833 In
870 1754 1170 1848 qun-autem
1195 1754 1262 1832 sit
1289 1780 1446 1833 ltontn
1470 1780 1637 1834 factus
1664 1784 1730 1835 ad
1769 1754 1810 1811 Β
1837 1774 2008 1841 (Ρδαιο
2045 1789 2230 1837 XLVI".
2272 1774 2376 1842 15)-

193 1868 473 1936 imaginem
500 1880 550 1923 et
582 1870 970 1927 similitudinem
1006 1871 1119 1933 Dei,
1163 1880 1384 1924 testatur
1426 1871 1730 1936 Apostolus,

190 1971 306 2008 cum
335 1972 428 2008 nos
456 1958 677 2012 solerter
707 1949 957 2012 admonet
1003 1972 1056 2011 ιιι
1094 1960 1226 2011 hanc
1273 1976 1427 2027 quam
1474 1961 1522 2011 in
1567 1961 1734 2024 primo

193 2056 406 2112 parente
439 2046 780 2114 perdidimus,
806 2063 896 2114 per
922 2047 1141 2115 gratiam
1173 2048 1406 2115 ejusdem
1435 2034 1733 2101 Conditoris

190 2151 556 2203 recnperemns
598 2139 646 2190 in
702 2139 876 2190 nobis.
935 2138 1284 2201 Renovamini,
1321 2139 1508 2207 inquit,
1549 2140 1731 2204 spiritu

188 2229 366 2280 mentis
393 2239 586 2289 vestrae.
615 2237 660 2281 et
701 2228 891 2281 induite
926 2244 1110 2282 novum
1147 2229 1416 2288 hominem,
1445 2229 1530 2294 qui
1559 2245 1730 2282 secun-

187 2320 308 2366 dum
343 2315 496 2367 Deum
519 2326 710 2370 creatus
733 2327 826 2380 ut,
873 2319 924 2369 in
964 2319 1190 2387 justitia,
1219 2327 1506 2384 sanctdute,
1538 2330 1584 2371 el
1605 2321 1733 2371 veri-

188 2413 286 2455 tate
329 2403 542 2471 (Ep/tes.
583 2420 652 2468 tv,
695 2405 811 2471 25).
856 2408 1069 2459 Creatus
1101 2418 1181 2460 est
1212 2424 1334 2474 ergo
1363 2410 1527 2462 Adam
1562 2424 1732 2461 novus

191 2494 350 2547 homo
376 2497 439 2548 de
462 2506 598 2548 terra
626 2496 911 2548 secundum
943 2498 1126 2561 Dettm,
1154 2509 1208 2550 ut
1227 2509 1367 2552 esset
1386 2499 1578 2564 justus,
1609 2515 1729 2551 san-

187 2594 302 2637 ctus
325 2594 376 2636 et
403 2598 574 2647 verus,
603 2585 844 2638 subditus
866 2597 916 2638 et
955 2578 1220 2638 humiliter
1250 2584 1522 2640 adhaerens
1547 2589 1730 2654 gratiae

185 2673 262 2723 sui
311 2672 631 2733 Conditoris,
681 2675 768 2740 qui
811 2675 1130 2727 :eternaliter
1173 2691 1234 2728 ac
1277 2677 1510 2742 perfecte
1538 2678 1728 2744 justus,

185 2773 398 2816 sanctus
427 2774 479 2816 et
511 2778 667 2816 verus
694 2765 870 2817 existit
897 2783 907 2816 :
935 2768 1020 2832 qui
1047 2768 1293 2833 quauiam
1325 2767 1727 2832 pulcherrimam

188 2856 323 2908 hanc
382 2856 664 2908 novitatem
719 2855 768 2908 in
817 2871 876 2909 se
927 2857 1119 2910 divinre
1169 2857 1415 2924 imaginis
1463 2860 1730 2927 peccando

183 2944 436 3009 corrupit,
488 2954 892 3012 eorruptamqne
941 2961 1007 2998 ex
1069 2961 1125 2999 se
1177 2949 1468 3014 prosapiam
1524 2948 1730 3014 generis

185 3032 399 3086 humani
451 3035 744 3100 procreavit
776 3038 914 3088 unde
963 3037 1106 3088 venit
1152 3037 1415 3088 secundus
1457 3037 1641 3100 Adam,
1676 3037 1724 3089 id

179 3131 279 3186 est,
317 3124 564 3175 Dominus
598 3123 713 3188 ipse
738 3134 789 3176 et
815 3125 1056 3177 conditor
1098 3137 1297 3189 noster,
1330 3137 1481 3179 natus
1510 3142 1572 3179 ex
1609 3127 1719 3179 Vir-

179 3211 318 3275 gine,
356 3224 561 3263 creatus
591 3211 1056 3279 incorruptibiliter
1081 3223 1238 3282 atque
1277 3214 1720 3268 incommutabili-

180 3309 258 3350 ter
286 3300 349 3351 ad
386 3299 656 3369 imaginem
711 3302 820 3366 Dei,
849 3303 1094 3356 immunis
1120 3303 1290 3358 (Illlllis
1312 3305 1508 3372 delicti,
1535 3315 1585 3358 et
1613 3307 1724 3374 ple-

179 3379 275 3441 niis
300 3390 475 3442 Omnis
501 3392 682 3458 gratiae
720 3402 772 3444 et
801 3394 1056 3460 veritatis,
1090 3404 1144 3446 ut
1189 3396 1463 3463 imaginem
1495 3395 1544 3448 in
1572 3395 1722 3448 nobis

177 3495 328 3533 sitam
366 3495 428 3534 ac
470 3482 866 3538 similitudinem
898 3489 1154 3552 exemplis
1182 3489 1290 3540 suis
1319 3498 1637 3542 restauraret
1666 3499 1719 3540 et

175 3568 349 3622 doris.
387 3559 498 3636 Ipse
523 3582 602 3622 est
632 3571 769 3622 enim
806 3587 970 3624 novus
1014 3575 1168 3626 homo
1211 3578 1466 3629 veraciter
1517 3593 1712 3630 secun-

175 3657 299 3708 dum
356 3657 518 3710 Demn
561 3669 808 3720 creatus,
856 3660 978 3724 quia
1025 3661 1266 3713 nimirum
1318 3663 1384 3715 ita
1428 3678 1602 3716 veram
1655 3665 1720 3718 de

178 3747 343 3798 Adam
395 3749 568 3798 carnis
614 3747 956 3800 substantiam
1005 3750 1250 3816 sumpsit,
1295 3762 1350 3804 ιιι
1386 3753 1514 3806 nihil
1539 3755 1605 3807 de
1631 3753 1719 3807 illo

179 3839 292 3890 vitii
340 3838 608 3891 soi-dentis
655 3840 885 3893 traheret
923 3859 935 3892 :
981 3843 1129 3908 cujus
1160 3847 1394 3913 exempla
1437 3862 1529 3914 pro
1566 3858 1715 3914 captu

177 3928 532 3995 nostro'sequi
563 3972 575 3989 ,
607 3928 755 3997 cujus
781 3931 1242 3997 adha-reredonis,
1270 3938 1418 4002 cujus
1447 3938 1715 4007 obtempe-

177 4031 292 4070 rare
342 4019 624 4079 tuandatis,
673 4021 778 4094 hoc
806 4030 907 4082 est,
938 4021 1212 4084 imaginem
1247 4024 1338 4077 Dei
1368 4040 1522 4091 quam
1548 4027 1597 4079 in
1621 4043 1708 4080 ve-

176 4106 270 4159 teri
322 4108 535 4161 homine
572 4101 911 4175 perdidimus,
970 4126 1284 4177 recuperare
1314 4114 1364 4166 in
1397 4129 1555 4169 novo.
1597 4115 1710 4168 Non

175 4210 300 4263 ergo
345 4199 637 4249 secundum
691 4213 899 4266 corpus,
954 4201 1043 4254 sed
1083 4203 1366 4255 secundum
1397 4206 1715 4258 intellectura

123 4342 128 4346 π
176 4286 370 4336 tuentis
405 4285 466 4336 ad
499 4288 772 4353 imaginem
822 4287 908 4340 Dei
937 4299 1144 4342 creatus
1183 4303 1264 4344 est
1309 4296 1507 4378 homo.‘
1533 4295 1712 4357 Quan-

1903 1861 1968 1913 Et
2008 1864 2188 1915 crearit
2233 1862 2365 1914 Dens
2413 1864 2657 1915 hominem
2701 1867 2767 1915 ad
2796 1866 3059 1934 imaginem
3108 1881 3282 1928 suam,
3312 1868 3376 1917 ad

1833 1958 2096 2023 imaginem
2139 1955 2229 2007 Dei
2269 1959 2447 2008 creavit
2473 1959 2630 2008 illum.
2669 1958 2815 2019 Quod
2862 1959 3002 2024 prius
3030 1959 3260 2022 dixerat,
3313 1960 3376 2007 ad

1831 2045 2096 2111 imaginem
2135 2060 2315 2106 sitam,
2380 2045 2794 2096 conlirmatiunis
2848 2045 3007 2110 gratia
3060 2046 3372 2110 geminavit,

1831 2131 2097 2191 addendo,
2140 2134 2203 2180 ιιι
2235 2131 2498 2198 imaginem
2527 2130 2615 2183 Dei
2654 2131 2832 2183 creavit
2865 2133 3039 2193 illum,
3085 2143 3132 2182 ut
3164 2132 3376 2197 diligen-

1836 2222 1936 2273 tius
1960 2220 2237 2272 inculcaret
2261 2219 2406 2271 nobis
2428 2220 2645 2286 qnalesa
2669 2221 2772 2272 Deo
2799 2220 2917 2272 iacti
2940 2236 3138 2285 smnus,
3155 2230 3214 2294 et.
3227 2236 3370 2289 spem

1835 2311 2145 2377 recipienda:
2202 2308 2290 2360 Dei
2347 2307 2586 2374 imaginis
2628 2309 2821 2360 art-tius
2876 2310 3068 2362 nostris
3113 2313 3375 2364 mentibus

1835 2398 2304 2465 iitligerct,tte,qui
2341 2397 2390 2450 itt
2424 2399 2644 2464 imagine
2694 2399 2780 2450 Dei
2827 2399 3192 2462 ambulamus,
3241 2415 3374 2454 vane

1837 2490 2231 2549 conturbemur,
2281 2487 2693 2539 tltesaurizantes
2735 2491 2784 2539 in
2823 2490 3018 2541 incerto
3047 2490 3368 2554 divitiarum,

1831 2577 1920 2630 sed
1943 2585 2307 2642 exspectemus
2336 2575 2502 2640 potius
2560 2557 2839 2628 Dominum
2878 2576 3113 2630 sitientes
3164 2581 3371 2644 quando

1832 2666 2098 2717 veniamus
2127 2673 2178 2716 et
2207 2678 2481 2730 pareamus
2527 2673 2646 2717 ante
2687 2665 2868 2718 faciem
2891 2665 3031 2732 ejus,
3072 2670 3201 2721 certi
3244 2672 3364 2737 quia

1827 2770 1946 2808 cum
1967 2756 2267 2822 apparuerit
2291 2793 2304 2816 ,
2336 2754 2533 2806 similes
2558 2755 2604 2806 ei
2635 2757 2829 2807 erimus
2850 2794 2864 2817 ,
2905 2758 3150 2822 quoniam
3173 2759 3369 2814 videbi-

1829 2862 1943 2898 mus
1972 2861 2091 2897 eum
2122 2844 2272 2896 sicuti
2316 2851 2414 2896 cst.
2448 2842 2594 2905 Quod
2628 2852 2800 2896 autem
2838 2859 2972 2896 nunc
3023 2847 3250 2912 dicitur,
3303 2852 3372 2902 ad

1827 2935 2092 3000 imaginem
2127 2931 2217 2984 Dei
2245 2932 2426 2983 creauit
2454 2931 2624 2995 illum,
2657 2946 2774 2984 cum
2797 2935 3040 2999 superius
3077 2935 3272 2991 dictum
3302 2939 3370 2992 sit

1832 3027 2077 3094 faciamus
2107 3026 2172 3073 ad
2205 3024 2470 3090 imaginem
2516 3034 2734 3074 nostram
2755 3063 2768 3084 ,
2800 3025 3055 3090 signilicat
3093 3028 3229 3094 quod
3261 3044 3369 3082 non

1836 3115 1881 3165 ιιι
1908 3125 2022 3181 agat
2043 3113 2126 3163 illa
2151 3111 2419 3178 pluralitns
2439 3125 2799 3177 personarum,
2832 3124 2886 3163 ιιι
2913 3113 3087 3180 plures
3107 3116 3233 3169 deos
3259 3133 3368 3170 creo

1825 3209 2034 3266 damus,
2083 3204 2172 3254 sed
2215 3202 2416 3252 Ι³ειιιειιι
2446 3211 2496 3252 et
2543 3200 2723 3251 Filium
2757 3211 2805 3252 et
2839 3203 3086 3267 Spiritum
3109 3216 3366 3269 sanctum,

1823 3305 2036 3363 propter
2063 3308 2215 3360 quant
2267 3291 2573 3343 Trinitatem
2606 3291 2797 3342 dictum
2851 3301 2932 3343 est
2985 3295 3052 3342 ad
3104 3295 3366 3362 imaginem

1821 3396 2063 3444 nostram,
2083 3398 2239 3439 unum
2263 3382 2421 3433 Deum
2439 3379 2773 3445 accipiamus,
2792 3388 3005 3446 propter
3021 3385 3155 3446 quod
3170 3385 3366 3438 dictum

1820 3485 1896 3528 est
1925 3475 1991 3523 ad
2017 3475 2278 3537 imaginem
2307 3468 2412 3518 Dei.
3104 3471 3107 3474 '

1891 3561 2176 3613 Masculum
2215 3569 2258 3611 et
2306 3559 2541 3627 {culinam
2585 3561 2764 3610 creavit
2810 3575 2913 3612 eos.
2947 3559 3154 3615 Plenius
3183 3564 3233 3616 in
3279 3581 3366 3619 se-

1821 3653 2134 3717 quentibus,
2191 3648 2327 3701 unde
2373 3656 2425 3700 et
2472 3648 2738 3712 quomodo
2789 3651 3137 3716 proloplaleI
3185 3651 3364 3711 fecerit

1825 3745 1958 3796 llens
1984 3742 2280 3806 exponitur.
2312 3738 2414 3790 Sed
2443 3753 2580 3790 nunc
2610 3738 2879 3791 brevitatis
2916 3754 3070 3792 causa
3104 3737 3129 3776 δ
3165 3753 3362 3796 tantmu

1820 3832 1978 3886 creati
2027 3828 2353 3889 referuntur,
2387 3836 2443 3879 ut
2475 3827 2606 3879 sexti
2637 3827 2736 3879 diei
2771 3831 3005 3895 Operatio
3053 3846 3114 3884 ac
3157 3834 3364 3900 septimi

1820 3921 2079 3974 dedicatio
2127 3933 2246 3972 eum
2294 3919 2503 3969 cteteris
2552 3917 2880 3984 explicetur,
2925 3934 2983 3971 ac
3025 3921 3100 3974 sic
3128 3936 3188 3974 ex
3235 3933 3364 3977 tem-

1823 4025 1946 4076 pore
1974 4010 2186 4061 liberius
2227 4015 2282 4058 et
2331 4005 2428 4057 hoc
2459 4016 2509 4056 et
2555 4007 2655 4057 aha
2702 4010 3046 4073 prmtet'missa
3074 4027 3186 4077 qu,e
3217 4004 3365 4069 erant

1823 4102 1983 4152 relatu
2015 4096 2169 4160 digna
2199 4094 2459 4145 dicantur.
2491 4092 2772 4144 Masculum
2817 4105 2987 4148 autem
3021 4114 3174 4149 unum
3206 4113 3259 4154 et
3290 4105 3362 4155 fe-

1819 4187 2013 4238 minam
2072 4185 2121 4235 itt
2155 4182 2342 4249 primis
2368 4180 2565 4232 creavit
2599 4181 2736 4234 Dens
2765 4199 2918 4234 unam
2945 4223 2958 4246 ,
3019 4203 3121 4239 non
3151 4199 3207 4241 ut
3249 4195 3362 4244 ani-

1821 4275 2011 4327 mantia
2047 4285 2236 4326 czetera
2264 4311 2277 4333 ,
2324 4286 2438 4336 quae
2469 4270 2520 4322 in
2557 4270 2776 4338 singulis
2808 4275 3082 4340 generibus
3109 4294 3212 4330 non
3250 4283 3360 4334 sin-

175 4387 332 4440 quam
363 4383 418 4428 et
439 4375 550 4441 ipse
577 4376 625 4427 itt
655 4374 871 4442 corpore
903 4377 1088 4430 habeat
1116 4383 1388 4446 quamdam
1421 4364 1708 4447 proprieta-
1745 4384 1790 4442 D
1821 4367 1958 4434 gula,
1991 4367 2081 4418 ⁵θά
2115 4367 2260 4434 Pl“ra
2291 4364 2512 4428 “favno
2557 4377 2608 4419 υί
2645 4382 2736 4433 Per
2767 4367 2865 4423 hoc
2890 4371 3170 4424 ὴηηὶδηυηι
3199 4388 3362 4440 δεηυε

178 4471 280 4514 tem
307 4479 429 4530 qua:
459 4464 556 4518 hoc
584 4464 795 4527 indicet.
828 4470 961 4534 quod
993 4480 1166 4523 erecta
1195 4483 1387 4524 statura
1414 4479 1495 4525 est
1525 4471 1712 4534 factus,

178 4561 231 4603 ut
258 4552 361 4606 hoc
402 4551 516 4618 ipso
555 4556 942 4619 admoneretur,
975 4571 1079 4610 non
1117 4558 1214 4610 sibi
1250 4569 1450 4612 terrena
1477 4574 1594 4613 esse
1621 4575 1714 4614 se-

178 4641 391 4704 ctanda,
424 4643 564 4696 velut
590 4657 857 4709 pecorum,
900 4658 1123 4712 quorum
1169 4647 1408 4714 voluptas
1448 4650 1620 4703 omnis
1643 4665 1711 4703 ex

130 4764 144 4770 υ
180 4738 312 4781 terra
344 4738 462 4794 est;
507 4732 645 4784 unde
673 4740 698 4767 ι
725 4731 776 4784 in
806 4733 964 4784 altum
993 4743 1177 4785 cuncta
1203 4749 1362 4802 prona
1399 4745 1552 4804 atque
1585 4753 1708 4805 pro-

175 4828 337 4872 strata
384 4831 527 4885 sunt,
564 4822 711 4891 juxta
741 4824 876 4890 quod
907 4825 1115 4894 quidam
1150 4837 1418 4893 poetarum
1466 4833 1712 4897 pulcher-

170 4907 311 4962 time
336 4925 398 4962 ac
429 4913 696 4965 verissime
719 4913 878 4965 dixit:

296 4996 551 5064 granaque
576 5008 922 5064 cumspecteat
945 5003 1160 5050 animalia
1183 5013 1357 5052 caetera
1387 5012 1564 5053 terram
1591 5043 1604 5064 ,

296 5059 365 5123 (_)s
391 5059 565 5108 homini
594 5061 796 5110 sublime
818 5064 970 5118 dedit,
997 5064 1263 5123 caelumque
1292 5067 1477 5119 videre.

295 5114 448 5165 Jussit
470 5128 522 5168 et
545 5133 737 5170 erectos
760 5124 816 5183 ad
841 5114 1002 5172 sidera
1031 5114 1204 5173 tollere
1232 5126 1408 5172 vultus.

904 5183 1130 5243 (aviaui.
1154 5200 1168 5233 t
1193 5189 1410 5246 Metam.)

242 5255 497 5323 Cungruit
547 5274 670 5326 ergo
714 5274 768 5316 et
795 5279 982 5334 corpus
1017 5267 1130 5334 ejus
1157 5269 1342 5320 aninne
1374 5269 1671 5323 rationabili
1699 5311 1714 5336 ,

181 5361 281 5399 non
313 5347 601 5402 secundum
650 5352 966 5410 lineamenta
998 5357 1291 5426 figurasque
1321 5359 1675 5414 membrorum
1697 5403 1712 5428 ,

177 5437 265 5489 sed
297 5437 472 5502 potius
500 5443 784 5495 Secundum
818 5445 864 5498 id
896 5449 1031 5514 quod
1059 5450 1109 5503 in
1131 5452 1321 5505 ccelum
1351 5461 1581 5507 erectum
1611 5464 1709 5517 est,

246 5554 267 5578 "
303 5546 427 5610 Ιιεκ.
466 5548 514 5598 in
541 5559 739 5602 Irrram.

244 5613 277 5649 5
303 5616 414 5678 ΑΙ..
443 5618 616 5682 possit.

1819 4461 2042 4509 aretiore
2069 4457 2130 4508 ad
2155 4458 2376 4510 invicem
2409 4461 2595 4528 copula
2635 4462 2902 4516 charitatis
2944 4466 3360 4534 coitStringeret,

1819 4547 1956 4614 quod
1982 4561 2039 4598 se
2062 4560 2126 4598 ex
2161 4561 2265 4598 uno
2296 4556 2461 4599 totum
2504 4555 2721 4614 parente
2749 4560 2922 4601 ortmn
2957 4563 3076 4602 esse
3098 4556 3362 4608 meminis-

1818 4646 1899 4690 set
1923 4652 1937 4698 ;
1961 4637 2112 4703 cujus
2138 4651 2294 4688 causa
2324 4637 2533 4688 unionis
2560 4638 2826 4700 Scriptura
2874 4654 3022 4691 sacra
3055 4657 3172 4694 cum
3202 4644 3359 4697 dixit:

1821 4729 1886 4780 Et
1915 4727 2096 4779 creavit
2128 4711 2265 4779 Deus
2287 4726 2557 4791 hominem,
2589 4731 2651 4779 ad
2683 4730 2946 4797 imaginem
2976 4728 3067 4782 Dei
3091 4731 3272 4784 creavit
3296 4735 3359 4784 ξι.

1821 4820 1942 4878 Ιιιηι,
1978 4818 2257 4885 statimque
2309 4815 2650 4885 subjungeret
2679 4837 2690 4871 :
2717 4817 3001 4872 Masculum
3033 4833 3076 4873 et
3125 4825 3359 4889 feminam

1821 4913 2002 4965 crearit
2031 4926 2112 4963 eos
2136 4953 2148 4972 ,
2181 4909 2345 4961 noluit
2372 4907 2566 4960 addere
2589 4949 2602 4972 ,
2630 4910 2692 4962 a‘d
2723 4910 2998 4979 imaginem
3031 4910 3118 4963 Dei
3168 4909 3360 4963 creavit

1820 5017 1945 5066 eos,
2004 5001 2192 5054 femina
2241 5000 2380 5053 enim
2436 5000 2500 5052 ad
2563 5000 2840 5068 imaginem
2893 5000 2984 5053 Dei
3029 5012 3202 5053 creata
3249 5010 3358 5061 est,

1821 5093 2110 5146 secundum
2143 5092 2191 5143 id
2223 5091 2361 5159 quod
2415 5099 2469 5142 et
2502 5092 2610 5157 ipsa
2645 5092 3111 5144 habebattnentem
3136 5089 3363 5140 rationa-

1820 5181 1920 5235 lem
1950 5199 1964 5246 ;
1998 5182 2087 5234 sed
2117 5179 2411 5234 addendum
2461 5181 2559 5232 hoc
2600 5181 2665 5233 de
2711 5179 2798 5232 illa
2830 5195 2932 5232 non
2982 5175 3175 5242 putavit
3221 5175 3363 5229 Scri-

1818 5283 1989 5336 ptura,
2011 5273 2146 5339 quod
2179 5282 2389 5337 propter
2423 5270 2674 5322 unitatem
2697 5267 3084 5335 eonjnnctionis
3123 5267 3279 5320 etiam
3311 5268 3359 5320 in

1819 5364 1904 5415 illa
1928 5361 2318 5426 intelligendum
2341 5359 2580 5427 reliquit,
2613 5362 2717 5409 imo
2739 5358 2878 5409 omni
2920 5361 3059 5425 quod
3086 5358 3151 5412 de
3178 5360 3256 5414 eis
3276 5372 3362 5412 or-

1820 5461 1924 5503 tum
1958 5461 2038 5503 est
2059 5463 2251 5518 genere
2284 5448 2509 5502 humano
2539 5448 2933 5516 intelligendum
2964 5465 3083 5505 esse
3107 5451 3349 5518 signavit.

1889 5570 1907 5590 θ’
1946 5557 2084 5610 Flor.
2107 5597 2120 5618 ,
2153 5558 2382 5613 scutatis.

1887 5625 1910 5662 ¹¹
1938 5627 2071 5679 Editi
2100 5669 2113 5694 ,
2141 5635 2274 5678 tunc.
