3866 6248
441 381 496 437 5t
930 374 1123 431 υΕῡτΕ
1166 370 1610 439 VENERABILls
1647 369 1922 426 OPERUM
1967 367 1993 421 I’

2095 367 2138 420 ‘S
2179 367 2242 419 ll.
2274 395 2339 406 —
2377 362 2767 418 EXEQETICA
2810 361 3133 416 CEISUINA.
3555 361 3628 416 33

439 491 620 543 (inmis
637 489 774 542 enim
789 487 948 539 homo
966 485 1123 537 etiam
1143 495 1281 535 nunc
1305 481 1356 534 in
1372 488 1623 548 quantum
1646 479 1854 531 ratione
1875 477 1976 530 uti-
2005 479 2051 534 Α
2083 439 2209 528 ηιυὲ
2224 476 2346 529 viris
2365 476 2562 528 sanctis
2588 485 2744 540 atque
2771 473 3033 525 humiliter
3063 473 3170 526 Deo
3199 473 3554 539 servientibus
3568 488 3624 530 et

443 591 547 642 tur,
579 577 852 642 imaginem
887 575 936 624 in
962 586 1021 624 se
1063 571 1156 623 Dei
1187 571 1380 631 habet;
1414 567 1554 621 unde
1573 567 1698 619 άίιίι
1719 564 1976 619 Joannes:

448 667 567 719 Erat
601 667 688 716 lux
732 679 844 716 nera
864 702 880 726 ,
903 676 1014 726 qua
1039 659 1286 710 illuminat
1307 673 1501 710 ontnem
1526 658 1772 708 hominem
1793 656 1986 712 veniens

444 766 541 808 tem
577 757 629 806 in
674 755 803 804 hunc
850 751 1091 802 mundum
1116 747 1290 815 (Joan.
1335 762 1384 808 ι,
1413 745 1490 813 9).
1527 746 1694 811 Ipsum
1726 753 1807 794 est
1845 743 1984 794 enim

450 848 621 896 lumen
651 842 714 895 de
736 856 838 906 quo
857 838 1127 891 Psalmista
1159 836 1412 903 gloriatur
1437 836 1488 886 in
1518 834 1739 886 Domino
1770 831 1983 884 dicens:

449 932 716 997 Signatum
730 937 800 980 est
824 943 969 991 super
991 940 1080 976 nos
1101 924 1268 975 lumen
1284 923 1445 973 vultus
1469 922 1558 984 tui,
1587 920 1796 971 Domine
1818 917 1984 985 (Psal.

449 1035 520 1083 iv,
548 1019 626 1084 Ἰ).
655 1018 715 1068 Et
736 1016 942 1081 quidem
964 1022 1084 1080 apte
1105 1011 1203 1064 hoc
1231 1011 1281 1062 in
1309 1012 1422 1064 loco
1443 1009 1703 1061 masculus
1724 1017 1778 1060 et
1796 1006 1988 1059 femina

449 1107 608 1160 creati
633 1120 751 1158 esse
778 1109 1274 1162 commemorantur,
1307 1100 1511 1152 tametsi
1540 1097 1728 1151 modus
1754 1096 1986 1161 ejusdem

452 1195 730 1248 creationis
752 1193 970 1246 necdum
993 1192 1248 1245 referatur
1270 1198 1326 1242 ut
1344 1188 1586 1242 videlicet
1607 1186 1796 1240 habeat
1815 1188 1987 1239 locum

447 1295 734 1350 congruum
769 1296 942 1335 sermo
998 1281 1185 1332 divina:
1223 1277 1624 1343 benedictionis,
1667 1277 1733 1330 de
1765 1290 1868 1343 quo
1901 1290 1985 1329 se-
2021 1277 2048 1290 "

449 1373 625 1437 quitur
657 1388 668 1420 ε

520 1457 878 1522 Benedixitque
905 1456 1026 1519 illis,
1058 1463 1102 1506 et
1124 1454 1191 1505 ait
1209 1467 1227 1504 :
1253 1452 1468 1504 Crescite
1487 1460 1536 1502 et
1559 1451 1988 1519 multiplicamini,

449 1554 496 1595 et
517 1544 700 1610 replete
728 1555 910 1595 terram
930 1581 946 1606 ,
971 1551 1017 1593 et
1042 1541 1270 1609 subjicite
1297 1555 1425 1590 eam.
1483 1539 1603 1591 llaec
1625 1540 1818 1592 etenim
1852 1539 1988 1592 ntul—

453 1629 704 1696 tiplicatio
748 1628 1018 1680 hominum
1047 1634 1097 1678 et
1148 1625 1368 1692 repletio
1416 1633 1567 1676 terra:
1607 1639 1712 1676 non
1743 1625 1841 1676 nisi
1900 1639 1992 1690 per

454 1713 880 1781 conjunctionem
905 1723 1012 1765 erat
1038 1714 1200 1764 maris
1223 1721 1277 1764 et
1299 1712 1500 1763 femina:
1546 1711 1884 1777 perficienda.
1929 1712 1983 1764 Si

2081 577 2202 616 aves
2231 563 2538 630 obsequium
2565 564 2871 630 praebuisse,
2903 571 2956 615 et
3000 565 3157 616 rictus
3199 566 3478 616 bestiarum
3507 580 3623 619 ces-

2081 649 2214 701 sisse
2243 658 2297 701 et
2327 662 2582 702 venenum
2617 654 2810 702 nocere
2847 663 2948 701 non
2994 652 3225 713 potuisse
3271 653 3619 716 serpentium.

2152 735 2388 804 Dixitque
2413 735 2545 790 Deus
2564 751 2582 785 :
2616 736 2742 788 Ecce
2765 738 2878 789 dedi
2907 738 3040 791 vobis
3066 755 3258 792 onmem
3298 739 3502 791 herbam
3539 740 3623 804 of-

2085 824 2320 888 ferentem
2348 840 2512 877 semen
2565 842 2710 894 super
2747 836 2929 879 terram
2948 869 2961 889 ,
2991 838 3037 880 et
3064 828 3289 880 universa
3331 829 3475 896 ligna
3513 843 3628 892 qua:

2086 912 2262 964 habent
2287 914 2338 963 in
2365 914 2638 987 semetipsis
2684 923 2948 966 sementem
2977 917 3170 982 generis
3213 917 3288 967 sui
3320 925 3372 966 ut
3401 917 3502 968 sint
3534 931 3624 968 vo-

2086 999 2158 1050 bis
2201 1000 2252 1049 in
2279 999 2476 1062 escam,
2522 1009 2567 1052 et
2592 1002 2783 1052 cunctis
2838 1002 3167 1054 animantibus
3207 1011 3351 1056 terrte
3394 1006 3625 1071 omnique

2087 1085 2304 1150 uolucri,
2359 1097 2407 1139 et
2451 1088 2694 1140 universis
2742 1104 2852 1156 qui:
2891 1102 3149 1142 moventur
3192 1092 3244 1141 in
3295 1101 3450 1154 terra,
3482 1103 3528 1142 et
3573 1093 3627 1142 in

2086 1174 2260 1238 quibus
2305 1185 2376 1226 est
2419 1162 2588 1226 unima‘
2635 1176 2830 1239 visens,
2875 1187 2929 1228 ut
2978 1188 3000 1215 ο
3042 1177 3263 1230 habeatis
3315 1180 3384 1228 ad
3429 1194 3623 1230 vescen-

2087 1265 2228 1318 dum;
2253 1263 2479 1338 Jambic
2511 1277 2647 1333 patet
2676 1267 2814 1334 quod
2835 1276 2955 1339 ante
2994 1279 3196 1321 reatum
3244 1269 3473 1322 hominis
3503 1270 3628 1321 nihil

2091 1355 2302 1426 noxium
2353 1365 2491 1408 terra
2530 1357 2783 1423 protulit,
2831 1355 3024 1409 nullam
3055 1357 3268 1410 herbam
3292 1366 3629 1420 venenatam,

2091 1445 2281 1496 nullam
2309 1449 2546 1497 arborem
2576 1446 2805 1499 sterilem
2839 1460 2958 1498 cum
3003 1446 3272 1499 manifeste
3312 1447 3508 1499 dictum
3542 1450 3630 1508 sit,

2093 1533 2228 1601 quod
2261 1534 2432 1585 omnis
2473 1533 2632 1586 herba
2661 1544 2714 1587 et
2744 1535 2982 1587 universa
3011 1534 3144 1600 ligna
3171 1533 3289 1586 data
3313 1531 3339 1570 ἀ
3401 1535 3633 1586 homini-

2094 1621 2187 1673 bus
2217 1635 2277 1674 ac
2312 1622 2606 1676 volatilibus
2628 1661 2641 1686 ,
2679 1631 2837 1675 terrae
2877 1638 3087 1690 quoque
3126 1622 3475 1676 animantibus
3508 1637 3638 1675 eun-

2094 1709 2190 1760 ctis
2219 1709 2270 1760 in
2299 1723 2470 1761 escam
2496 1749 2510 1772 ,
2544 1718 2684 1776 patet
2711 1710 2826 1776 quia
2853 1722 2950 1763 nec
2976 1708 3102 1776 ipsa:
3149 1723 3271 1762 aves
3301 1711 3636 1776 raptu.intir—

455 1808 629 1853 autem
662 1801 1022 1853 benedictione
1051 1799 1139 1851 Dei
1171 1797 1358 1851 crescit
1388 1811 1449 1849 ac
1478 1797 1854 1863 multiplicatbr
1898 1812 1990 1864 ge-
2023 1797 2068 1854 B
2096 1812 2289 1849 morum
2316 1799 2496 1850 alitum
2536 1798 2813 1865 vivebant,
2865 1812 2962 1851 nec
2999 1798 3148 1864 lupus
3192 1798 3406 1865 insidias
3437 1799 3636 1868 explo-

456 1903 552 1939 nus
583 1887 862 1938 humanum
896 1895 1121 1954 ;quanta
1154 1892 1275 1938 sunt
1295 1885 1664 1938 maledictione
1687 1882 1828 1952 digni
1852 1921 1868 1946 ,
1891 1885 1978 1948 qui

455 1973 740 2038 prohibent
769 1973 998 2034 nubere,
1026 1971 1481 2038 etdispositionem
1531 1971 1761 2023 cmlestis
1787 1971 1984 2023 decreti

453 2061 599 2126 quasi
652 2075 681 2112 a
729 2061 938 2113 diabolo
971 2071 1232 2126 repertam
1264 2057 1662 2112 condemnant?
1694 2056 1804 2109 Nm
1867 2069 1993 2122 ergo

455 2151 764 2201 damnanda:
791 2158 914 2208 sunt
938 2150 1130 2216 nuptiae
1154 2188 1168 2211 ,
1191 2163 1321 2216 quas
1351 2149 1413 2201 ad
1445 2148 1876 2214 protiagationem
1906 2159 1996 2209 ge-

457 2238 596 2289 neris
627 2237 836 2289 humani
858 2277 873 2299 ,
910 2246 1206 2302 terramque
1238 2235 1541 2303 replendam
1564 2274 1578 2294 ,
1609 2249 1848 2298 supernae
1878 2247 1997 2299 gra-

463 2328 530 2379 tia
567 2328 942 2381 benedictionis
995 2327 1258 2388 instituit;
1312 2325 1404 2377 sed
1462 2325 1627 2390 magis
1658 2323 1991 2385 honoranda,

464 2418 663 2481 majore
702 2428 779 2468 est
799 2417 952 2482 digna
980 2414 1342 2468 benedictione
1369 2413 1639 2481 virginitas
1665 2451 1679 2475 ,
1711 2427 1827 2479 quae
1857 2421 1997 2477 post-

385 2542 389 2547 .
455 2519 612 2570 quam
646 2505 839 2569 tcpleta
871 2514 950 2556 est
979 2512 1115 2555 terra
1135 2502 1451 2562 hominibus,
1473 2510 1614 2552 casta
1647 2507 1820 2550 mente
1841 2498 1996 2550 simul

459 2601 510 2642 et
540 2605 759 2656 corpore
793 2595 995 2659 Agnum
1024 2604 1336 2658 quocunque
1354 2589 1492 2650 ierit,
1519 2588 1568 2639 id
1600 2595 1700 2650 est,
1725 2588 1994 2637 Dominum

455 2679 633 2732 Jesum
688 2681 735 2730 in
777 2679 1078 2732 coelestibus
1125 2678 1294 2744 sequi,
1347 2687 1400 2730 et
1445 2679 1704 2727 canticum
1765 2689 1993 2736 novum,

459 2767 597 2834 quod
645 2783 798 2819 nemo
829 2769 957 2819 alius
989 2775 1158 2833 potest
1184 2767 1232 2818 ei
1270 2775 1505 2822 cantare,
1540 2763 1825 2815 desiderat.
1856 2763 1996 2815 Deus

463 2868 687 2920 namque
716 2869 774 2906 ac
795 2854 1044 2906 Dominus
1075 2864 1282 2914 noster,
1306 2857 1392 2919 qui
1424 2853 1473 2904 in
1492 2851 1781 2917 primordio
1812 2849 1994 2901 mutuli

459 2944 726 2994 nascentis
758 2943 1004 2995 feminam
1029 2955 1094 2994 ex
1125 2941 1259 2993 virili
1291 2941 1452 2991 latere
1485 2937 1760 2998 formavit,
1790 2946 1845 2988 ut
1871 2952 1992 2988 mu-

455 3039 539 3084 tua
563 3033 771 3083 illorum
794 3028 1164 3106 conjunctione
1187 3038 1376 3082 terram
1406 3042 1522 3079 esse
1552 3025 1868 3092 implendam
1894 3025 1991 3076 do-

2100 1885 2240 1935 rabat
2273 1884 2426 1936 ovilia
2460 1885 2654 1938 circum
2677 1923 2693 1949 ,
2727 1899 2823 1937 nec
2861 1885 3087 1948 serpenti
3135 1885 3302 1952 pulvis
3335 1888 3485 1953 panis
3513 1879 3658 1954 ejus.

2093 1979 2224 2033 erat,
2260 1972 2352 2023 sed
2406 1972 2649 2024 universa
2675 1972 3001 2025 concorditer
3023 1973 3198 2026 herbis
3238 1972 3530 2028 virentibus
3577 1991 3638 2027 ac

2095 2060 2348 2114 fructibus
2375 2061 2717 2114 vescebantur
2744 2061 3010 2112 arborum.
3043 2061 3181 2115 Sane
3209 2062 3344 2114 inter
3372 2063 3485 2116 haec
3541 2077 3638 2116 nec

2093 2149 2452 2215 praetereunda
2501 2149 2643 2201 nasci
2693 2150 2910 2216 quaestio
2936 2149 3198 2217 quomodo
3245 2162 3299 2204 et
3329 2151 3637 2204 immortalis

2096 2238 2161 2289 sit
2195 2237 2356 2288 factus
2394 2237 2552 2290 homo
2593 2251 2700 2304 prie
2727 2238 2840 2290 aliis
2859 2239 3207 2292 animantibus
3232 2282 3247 2306 ,
3279 2247 3332 2292 et
3370 2240 3634 2293 nihilomi-

2096 2338 2195 2376 nus
2245 2324 2503 2389 acceperit
2545 2327 2893 2377 communiter
2923 2334 3180 2378 terrenam
3222 2341 3338 2378 cum
3370 2326 3472 2379 illis
3526 2327 3594 2378 ali

2097 2413 2345 2465 muniam.
2372 2413 2423 2465 lit
2445 2429 2544 2480 qua
2574 2414 2872 2466 intuendum
2898 2414 3046 2467 nobis
3072 2416 3286 2482 estquia
3303 2415 3402 2468 alia
3423 2426 3503 2468 est
3527 2416 3628 2468 itii-

2087 2498 2386 2555 mortalitas
2413 2501 2586 2554 carnis
2609 2516 2761 2570 quam
2788 2502 2838 2554 in
2870 2503 3031 2570 prima
3056 2503 3357 2555 conditione
3390 2503 3442 2555 in
3469 2505 3635 2558 Adam

2096 2594 2426 2656 accepimus,
2475 2590 2577 2643 alia
2631 2605 2784 2657 quam
2851 2605 2945 2642 nos
2998 2592 3048 2641 in
3108 2591 3493 2645 resurrectione
3542 2607 3632 2657 per

2095 2678 2356 2732 Christum
2415 2688 2726 2746 accepturos
2777 2691 2894 2731 esse
2955 2691 3248 2744 speramus.
3311 2679 3382 2731 lta
3448 2681 3638 2747 quippe

2096 2767 2401 2819 immortalis
2443 2765 2611 2818 factus
2655 2773 2736 2817 est
2777 2765 2894 2828 ille,
2953 2774 3007 2816 ut
3057 2772 3227 2830 poSset
3249 2781 3350 2817 non
3394 2765 3522 2816 mori
3550 2805 3564 2829 ,
3593 2765 3637 2815 si

2097 2868 2197 2905 non
2230 2862 2488 2919 peccaret;
2520 2852 2597 2904 sin
2643 2863 2813 2905 autem
2869 2864 3145 2918 peccaret,
3197 2860 3507 2905 moreretur.
3568 2852 3638 2904 Ita

2095 2953 2221 2994 vero
2244 2940 2562 3003 immortales
2582 2949 2733 2994 erunt
2763 2940 2850 2992 lilii
2898 2939 3292 2993 resurrectionis
3338 2955 3458 2991 cum
3487 2949 3639 2993 erunt

2094 3029 2319 3094 aequales
2366 3029 2563 3094 angelis
2594 3027 2704 3089 Dei,
2735 3038 2786 3078 ut
2814 3041 2909 3079 nec
2957 3027 3086 3078 mori
3119 3027 3270 3089 ultra,
3301 3041 3398 3079 nec
3429 3043 3640 3093 pecearn

455 3127 618 3183 ceret,
655 3120 764 3184 ipse
794 3101 844 3168 in
885 3115 984 3168 line
1013 3117 1188 3169 saeculi
1233 3115 1515 3180 assumpsit
1544 3115 1711 3164 virum
1739 3114 1805 3166 de
1833 3128 1991 3167 carne
2019 3098 2065 3160 C
2095 3115 2314 3181 possint.
2367 3113 2591 3179 Ideoque
2645 3126 2768 3164 caro
2813 3121 2990 3165 nostra
3045 3122 3162 3178 post
3207 3116 3641 3167 resurrectionem

461 3207 702 3273 Virginis,
735 3211 892 3258 totius
919 3207 1244 3274 contagionis
1273 3213 1540 3271 expertem
1570 3245 1584 3270 ,
1616 3212 1722 3255 tota
1745 3203 1990 3254 divinita-

456 3297 522 3350 tis
544 3297 867 3364 plenitudine
895 3297 1177 3363 perfectum
1206 3293 1301 3356 ,ω
1324 3291 1641 3360 virginitatis
1688 3305 1745 3344 se
1772 3292 1990 3359 gloriam

456 3387 630 3455 potius
656 3402 810 3453 quam
843 3385 1049 3452 nuptias
1076 3383 1289 3450 diligere
1317 3382 1576 3447 probaret.

525 3475 590 3524 Et
619 3474 944 3538 dominamini
975 3473 1185 3537 piscibus
1213 3473 1368 3523 maris
1400 3511 1414 3535 ,
1448 3481 1493 3522 et
1534 3468 1821 3521 volatilibus
1851 3469 1957 3521 caeli
1978 3507 1992 3531 ,

455 3571 500 3612 et
529 3560 765 3612 uniuersis
786 3558 1119 3609 animantibus
1147 3573 1258 3625 qua:
1310 3567 1567 3608 moventur
1610 3574 1760 3623 super
1785 3567 1990 3610 terram.

460 3649 644 3702 Merito
665 3647 918 3716 quaeritur
957 3647 1007 3698 in
1035 3661 1188 3712 quam
1244 3646 1519 3698 utilitatem
1553 3629 1709 3696 homo
1756 3645 1995 3714 domina-

460 3747 566 3788 tum
617 3738 667 3788 in
715 3735 915 3802 pisces,
975 3745 1028 3786 et
1082 3734 1354 3797 volucres,
1408 3743 1459 3786 et
1507 3733 1782 3786 animantia
1843 3743 1995 3786 terra:

456 3836 665 3887 cuncta,
696 3823 1004 3890 perceperit,
1037 3823 1116 3874 vel
1151 3833 1279 3888 quos
1306 3823 1370 3874 ad
1396 3837 1550 3885 usus,
1575 3837 1760 3888 quasve
1785 3822 1990 3886 solatia,

457 3913 563 3966 sint
607 3912 718 3972 haec
749 3919 772 3945 ι
804 3921 977 3962 creata
1029 3909 1263 3971 homini,
1297 3909 1339 3959 si
1396 3922 1660 3973 nunquam
1714 3916 1992 3972 peccaret:

460 4001 546 4052 cui
587 3995 1016 4061 sicutsequentia
1040 3995 1322 4062 Scriptura;
1353 3995 1501 4061 hujus
1540 3993 1838 4054 declarant,
1893 4007 1994 4046 non

464 4086 576 4138 huic
608 4083 672 4136 ad
694 4097 866 4136 escam
902 4079 1054 4140 tused
1084 4082 1257 4133 herbae
1281 4081 1448 4133 solum
1477 4089 1532 4132 et
1575 4080 1820 4154 arborum
1877 4089 1997 4132 sunt

463 4176 659 4228 fructus
702 4175 752 4226 in
797 4177 964 4241 prima
995 4172 1293 4227 conditione
1321 4170 1576 4233 concessi,
1627 4170 1724 4222 nisi
1757 4169 1888 4222 forte
1916 4170 1995 4222 di-

409 4313 413 4317 .
460 4265 680 4318 tendum
709 4271 820 4326 est,
854 4261 972 4328 quia
1007 4272 1340 4326 peccaturum
1375 4259 1682 4328 prmsciebat
1726 4259 1860 4309 Deus
1903 4258 1997 4308 bo-

461 4357 676 4414 ininem,
699 4360 751 4402 et
777 4350 1046 4402 mortalem
1070 4346 1334 4416 peccando
1354 4347 1579 4399 futurum
1600 4335 1753 4414 quem
1773 4345 1997 4398 immor-

2097 3203 2236 3253 nulla
2270 3210 2292 3237 ο
2322 3209 2438 3268 eget
2469 3202 2751 3256 refectione
2779 3202 3034 3264 ciborum,
3083 3202 3204 3269 quia
3240 3202 3287 3266 ei
3319 3203 3463 3256 nulla
3517 3217 3641 3269 sup-

2098 3288 2269 3355 petita
2299 3288 2464 3352 fame,
2495 3289 2576 3342 vel
2608 3289 2914 3342 lassitudine
2959 3289 3034 3341 vel
3077 3290 3174 3342 alia
3216 3289 3445 3356 qualibet
3491 3291 3643 3342 infir-

2098 3377 2278 3430 mitate
2297 3377 2544 3431 defectio.
2567 3377 2704 3431 Caro
2745 3386 2918 3429 autem
2945 3376 3072 3430 Adte
3098 3384 3220 3430 ante
3252 3385 3523 3446 peceatum
3571 3380 3640 3430 ita

2094 3472 2177 3518 est
2200 3465 2507 3518 immortalis
2533 3475 2730 3531 creata,
2757 3477 2830 3530 ut,
2861 3466 3185 3519 adminiculis
3224 3466 3401 3532 adjuta
3442 3476 3641 3533 tempo-

2098 3557 2219 3611 ralis
2271 3556 2559 3622 aliuionite,
2603 3559 2784 3610 mortis
2821 3571 3007 3625 expers
3034 3572 3096 3610 ac
3124 3556 3319 3609 doloris
3342 3556 3596 3609 existeret
3617 3595 3632 3618 ,

2095 3646 2259 3699 donec
2289 3647 2645 3713 corporalibus
2669 3645 3004 3699 incrementis
3036 3643 3101 3696 ad
3121 3644 3267 3709 illam
3299 3657 3464 3711 usque
3510 3658 3634 3708 per-

2095 3734 2278 3786 ductus
2320 3743 2526 3786 atatem
2569 3748 2687 3799 quin
2728 3733 3000 3784 Conditori
3035 3733 3300 3797 placeret;
3327 3733 3432 3784 tum
3461 3742 3642 3785 creata

2041 3813 2047 3819 ’
2096 3821 2338 3888 progenie
2353 3821 2513 3872 multa
2541 3819 2978 3888 hnjusmudijam,
3004 3819 3221 3886 iubente
3249 3819 3378 3885 ipso,
3403 3830 3640 3874 sumeret

2094 3909 2251 3961 etiam
2279 3908 2514 3974 deiligno
2544 3907 2680 3971 vitae,
2709 3922 2773 3962 ex
2801 3922 2902 3976 quo
2930 3907 3155 3974 perfecte
3182 3905 3488 3958 immortalis
3511 3906 3640 3962 εσθ-

2094 4008 2228 4059 ctus,
2261 3998 2610 4050 sustentacula
2625 3997 2723 4050 cibi
2749 3996 3036 4064 corporalis
3065 3995 3284 4048 ulterius
3306 3995 3444 4050 nulla
3457 3998 3641 4064 requi-

2095 4087 2251 4136 reret.
2295 4086 2381 4138 Sic
2410 4099 2532 4151 ergo
2562 4083 2868 4138 immortalis
2893 4093 2946 4137 et
2972 4074 3381 4148 incorruptibilis
3401 4093 3483 4137 est
3507 4100 3641 4139 con-

2094 4171 2200 4223 dita
2228 4186 2350 4223 caro
2378 4172 2658 4236 primorum
2687 4170 2951 4224 hominum
2970 4208 2986 4233 ,
3021 4178 3076 4221 ut
3098 4169 3334 4223 eamdem
3357 4186 3503 4224 suam
3535 4173 3638 4225 im-

2098 4261 2461 4315 mortalitatem
2484 4270 2638 4328 atque
2663 4254 3099 4328 incorruptionem
3132 4276 3223 4328 per
3249 4262 3639 4316 observantiam

2105 4351 2463 4405 mandatorum
2486 4351 2575 4405 Dei
2605 4351 2965 4412 custodirent;
2998 4349 3050 4402 in
3081 4351 3266 4419 quibus
3288 4351 3546 4407 mandatis
3580 4362 3636 4406 ei

462 4443 615 4495 talem
638 4443 745 4509 ipse
765 4438 1239 4508 creavit,ideoque
1281 4453 1339 4491 ea
1374 4437 1447 4490 illi
1477 4436 1658 4509 solatia
1689 4436 1999 4506 primordia-
2032 4433 2079 4491 D
2108 4438 2206 4490 hoc
2253 4446 2367 4491 erat
2391 4432 2419 4501 ,’
2472 4449 2526 4490 ut
2567 4439 2634 4491 de
2681 4438 2836 4504 lignis
2882 4427 3106 4504 paradisi
3147 4438 3408 4492 concessis
3451 4452 3635 4492 vesce-

462 4533 576 4584 Iiter
633 4528 1119 4596 instituit,'qnibus
1164 4541 1310 4579 suam
1363 4525 1696 4593 fragilitatem
1762 4525 2000 4597 mortalis

465 4626 639 4682 posset
694 4616 862 4676 tueri,
898 4616 986 4667 vel
1007 4615 1310 4667 alimentum
1356 4613 1597 4665 videlicet
1642 4627 1704 4663 ex
1736 4610 1851 4674 bis,
1913 4611 1995 4662 vel

465 4705 867 4765 indumentum,
899 4705 976 4753 vel
999 4703 1231 4754 laborum
1253 4741 1269 4768 ,
1298 4703 1378 4755 vel
1409 4700 1611 4753 itineris
1635 4737 1649 4762 ,
1682 4700 1881 4750 habens
1909 4699 2000 4749 ad-

464 4780 774 4860 jomeniom.
798 4792 1150 4856 Nccqtnesitu
1174 4793 1384 4858 dignum
1416 4801 1498 4843 est
1526 4804 1687 4857 quare
1712 4802 1814 4839 non
1844 4788 1997 4859 etiam

467 4898 604 4934 nunc
633 4883 831 4934 cunctis
864 4881 1018 4931 homo
1059 4880 1356 4937 dominetur
1406 4878 1792 4937 animantibus;
1857 4885 2002 4940 post-

466 4987 622 5037 quam
648 4971 784 5040 enim
817 4969 929 5035 ipse
960 4982 1055 5018 suo
1080 4965 1347 5027 Conditori
1399 4966 1663 5032 subjectos
1684 4978 1799 5016 esse
1815 4961 1998 5026 uoluit,

470 5060 692 5125 perdidit
718 5057 1004 5109 dominium
1028 5069 1212 5108 eorum
1241 5068 1355 5122 quae
1370 5067 1467 5105 suo
1484 5053 1736 5104 Conditor
1754 5051 1859 5119 juri
1879 5053 2002 5102 sub-

463 5147 678 5216 iecerat.
718 5146 950 5212 Denique
977 5145 1326 5212 testimoniym
1368 5144 1548 5210 prima:
1576 5142 1856 5197 creationis
1878 5141 2000 5208 legi-

536 5308 557 5331 υ
585 5297 657 5346 Ita
683 5307 864 5345 onmes
890 5291 1007 5342 Mss.
1037 5334 1051 5355 ,
1080 5291 1171 5344 sed
1208 5290 1338 5342 Editi
1366 5328 1381 5350 ,
1423 5290 1576 5340 creati
1601 5289 1839 5340 hominis.

535 5366 562 5402 δ
586 5366 718 5422 Ante
746 5360 992 5410 diluvium
1028 5361 1294 5411 vescenda:
1320 5359 1490 5410 carnis
1516 5361 1715 5421 coniagn
1757 5371 1856 5407 non
1882 5371 2000 5410 esse

465 5436 649 5486 factam
681 5432 865 5478 docent
888 5428 1255 5489 'Fct'tttltiatttis,
1299 5427 1385 5477 lib.
1427 5426 1492 5477 de
1511 5425 1717 5490 ieiunio
1741 5463 1755 5485 ,
1791 5440 1904 5490 cap.
1934 5431 1993 5486 s;

463 5505 629 5566 υνδε..
673 5500 850 5548 ltotntl.
899 5496 913 5544 ι
971 5497 1018 5546 in
1079 5495 1236 5566 Gem,
1277 5494 1496 5566 pasilius
1541 5493 1730 5566 niani
1765 5494 1829 5544 de
1853 5494 2030 5566 Jejttr

464 5560 887 5632 ιιῆυξαιιιηςευδιη
923 5565 1056 5615 boui.
1084 5565 1150 5615 “27
1188 5566 1237 5616 in
1267 5562 1529 5624 chcsim,
1563 5563 1880 5631 IllefOII)’tll.,
1900 5560 1987 5609 lib.

2103 4537 2280 4580 rentur
2301 4567 2315 4592 ,
2343 4529 2408 4580 ab
2429 4519 2687 4582 interdicti
2710 4535 2884 4579 autem
2909 4540 2966 4579 se
2994 4541 3090 4580 esu
3122 4534 3494 4595 temperarent,
3540 4541 3638 4593 per

2103 4613 2288 4666 horum
2318 4614 2545 4668 edulium
2574 4613 2749 4667 inditre
2802 4613 2899 4666 sibi
2925 4613 3332 4668 immortalitatis
3349 4613 3485 4668 dona
3504 4628 3638 4667 eon-

2087 4716 2406 4767 servarent,
2438 4706 2487 4757 in
2522 4704 2658 4755 illius
2688 4712 2824 4756 tactu
2855 4703 3056 4757 ruinam
3105 4704 3288 4757 mortis
3315 4705 3634 4758 invenirent.

2103 4794 2189 4845 Sic
2232 4806 2352 4843 vero
2400 4790 2803 4858 incorruptibilis
2833 4801 2884 4844 et
2935 4791 3244 4845 immortalis
3299 4794 3350 4846 in
3398 4793 3502 4843 line
3531 4794 3638 4843 erit

2102 4896 2224 4934 citro
2269 4891 2442 4934 nostra
2470 4897 2483 4941 ;
2533 4891 2616 4945 ut,
2650 4882 2712 4935 ad
2765 4881 3153 4941 similitudinem
3184 4883 3434 4949 angelicas
3462 4879 3635 4934 subli-

2100 4972 2324 5031 unitatis,
2364 4969 2413 5020 iu
2446 4968 2627 5023 eodem
2657 4985 2863 5036 semper
2908 4977 3044 5022 statu
3085 4975 3418 5036 permaneat,
3459 4976 3633 5034 neque

2097 5060 2228 5111 cibis
2256 5060 2618 5121 corporalibus
2639 5098 2655 5124 ,
2683 5059 2870 5124 quippe
2899 5058 2986 5124 qui
3013 5059 3063 5108 in
3095 5058 3197 5105 vita
3241 5052 3462 5120 spiritali
3500 5057 3634 5108 ttulli

2098 5137 2435 5208 e:unt,egere
2465 5147 2646 5212 possit.
2677 5143 2803 5196 Nam
2857 5143 2993 5209 quod
3042 5138 3208 5206 angeli
3255 5155 3371 5192 cum
3402 5141 3630 5208 patriar-

2107 5294 2353 5355 adversus
2382 5295 2710 5348 Jovinianuiit
2737 5333 2751 5351 ,
2784 5306 2896 5355 cap.
2934 5289 3016 5341 ιο.

2178 5373 2198 5398 ε
2235 5353 2327 5412 Et].
2368 5375 2412 5414 et
2441 5364 2603 5414 μωσιν.
2632 5399 2647 5423 ,
2681 5353 2910 5410 habent“.

2171 5425 2193 5462 ι¹
2229 5431 2322 5481 Ed.
2347 5432 2536 5481 addunt
2565 5418 2681 5492 sint,
2713 5426 2850 5494 quod
2869 5433 3009 5478 certe
3029 5418 3371 5496 supplendum
3399 5420 3628 5475 videtur.

2174 5507 2193 5534 ε
2231 5501 2313 5555 Al.
2341 5541 2353 5563 ,
2387 5499 2558 5570 egebit.
