3866 6248
247 374 306 426 33
1450 363 1799 419 ΗΕΧΛΕΜΕΙ

1903 363 1914 416 l
1960 365 2083 418 LIB.
2126 365 2162 418 Ι.
2510 415 2516 422 .
3358 369 3426 421 δι

243 483 350 536 citis
379 479 722 533 manducasse
745 479 1006 547 leguntur,
1033 493 1136 531 non
1165 476 1462 544 indigentiae
1480 491 1656 538 causa,
1685 475 1776 528 sed
1811 479 1853 532 Α
1952 474 2226 543 Cemplevit
2255 476 2410 543 igitur
2437 475 2516 528 die
2546 476 2756 544 septimo
2795 476 2930 530 Deus
2959 495 3085 546 opus
3114 497 3259 532 suum
3288 487 3425 550 quod

242 571 572 639 benignitatis
599 571 846 636 agebant,
872 580 925 621 ut
946 567 1188 621 videlicet
1215 568 1326 619 haec
1359 564 1561 632 agendo
1580 562 1784 616 dulcius

243 660 536 714 hominibus
582 659 770 725 quibus
815 655 1141 724 apparebant
1169 655 1194 683 °
1221 661 1554 720 congrueret.
1612 648 1784 700 Domi-

241 763 335 802 nus
355 759 561 814 quoque
583 754 697 811 post
727 741 1162 797 resurrectionem
1186 738 1512 792 manducavit
1530 751 1646 792 cum
1672 734 1785 787 dis-

239 835 426 901 eipulis
454 871 470 897 ,
496 847 597 885 non
622 839 680 884 ut
703 829 910 897 indigus
934 826 1256 894 refectionis,
1279 824 1379 879 sed
1425 832 1482 877 ιιι
1521 836 1697 879 veram
1729 834 1786 874 se

249 930 360 989 post
389 928 615 972 mortem
645 916 913 982 recepisse
933 927 1148 968 carnem
1173 921 1505 965 monstraret.

307 1027 374 1081 Et
400 1031 590 1098 factum
619 1035 692 1081 est
739 1028 833 1087 ita,
865 1025 914 1077 id
966 1033 1068 1089 est,
1117 1031 1174 1075 ut
1217 1022 1578 1075 dominaretur
1632 1023 1788 1071 homo

240 1119 438 1171 cunctis
461 1132 580 1184 quae
622 1119 674 1168 in
724 1123 866 1167 terra
905 1112 985 1165 vel
1034 1111 1184 1178 aquis
1231 1118 1406 1162 errata
1456 1115 1597 1170 sunt,
1630 1115 1685 1160 et
1733 1114 1790 1158 ut

240 1206 540 1260 facultatem
569 1211 988 1271 pomstatemque
1028 1200 1218 1254 edendi
1247 1198 1314 1251 de
1348 1195 1603 1250 fructibus
1634 1203 1790 1247 terrte

239 1313 354 1352 cum
380 1295 677 1348 volatilibus
707 1292 825 1347 caeli
847 1301 900 1345 et
919 1289 1273 1344 animantibus
1295 1295 1448 1340 terrae
1471 1285 1786 1351 perciperet.

314 1373 546 1452 Vidilque
575 1380 710 1434 Deus
737 1388 917 1433 cuncta
944 1393 1059 1447 qua
1087 1377 1226 1445 fecit,
1253 1382 1302 1427 et
1339 1382 1486 1426 eram
1525 1371 1671 1424 valde
1695 1371 1788 1422 bo-

239 1489 326 1524 na.
359 1474 491 1536 Quia
521 1472 588 1523 de
610 1468 834 1538 singulis
865 1468 956 1521 Dei
985 1465 1233 1534 operibus
1277 1462 1577 1532 singulatim
1622 1461 1792 1514 fuerat

239 1562 435 1614 dictum
462 1558 602 1626 quod
633 1558 838 1612 videret
866 1571 925 1609 ea
968 1568 1086 1609 esse
1112 1555 1270 1617 bona,
1300 1561 1444 1606 recte
1487 1552 1538 1603 in
1576 1549 1789 1602 conclu-

240 1651 408 1710 sione,
443 1646 688 1715 perfectis
718 1643 986 1707 omnibus,
1029 1631 1253 1709 positum
1302 1649 1383 1693 est
1423 1653 1541 1692 cum
1588 1636 1791 1689 addita-

240 1744 437 1797 tnento,
460 1732 580 1802 quia
608 1732 727 1785 cidit
749 1739 934 1784 cuncta
951 1745 1064 1798 qua
1087 1729 1225 1798 fecit,
1248 1736 1294 1781 et
1308 1735 1453 1781 erant
1470 1724 1616 1778 valde
1635 1724 1789 1777 bona.

1884 563 2089 630 fecerat.
2122 564 2250 628 Quia
2279 565 2481 616 dierum
2517 579 2646 631 quos
2697 563 2892 618 fecerat
2937 583 3198 621 summam
3227 583 3246 609 ε
3279 573 3330 623 in
3361 587 3428 626 eo

1887 651 2224 716 terminavit,
2264 651 2441 703 addito
2477 651 2592 718 ipso
2645 653 2892 719 septimo,
2940 671 3092 721 quem
3139 658 3424 714 Sobbatum

1890 738 1992 790 dici
2024 749 2078 792 et
2103 754 2218 791 esse
2249 739 2433 804 voluit,
2463 755 2525 793 eo
2553 741 2688 808 quod
2721 757 2840 795 eum
2877 745 3094 811 mystica
3128 760 3234 814 prae
3311 767 3412 805 eae-

1887 825 2012 877 teris
2055 825 2418 880 benedicuone
2446 837 2500 880 et
2529 828 2944 884 sanctificatione
2982 833 3223 898 donaret,
3253 846 3308 889 ul
3335 852 3425 891 se-

1885 912 2094 978 quentia
2122 918 2332 967 docent.
2367 913 2515 969 Unde
2557 918 2714 970 etiam
2745 919 3065 990 diesjudicii
3098 932 3152 976 et
3179 939 3427 978 consum-

1887 999 2132 1052 mationis
2160 1001 2496 1069 saaculi,quia
2530 1013 2647 1070 post
2675 1006 2952 1073 septimam
2976 1008 3193 1065 Sabbati
3213 1027 3430 1068 ventura

1887 1095 1990 1151 est,
2021 1095 2201 1141 octava
2242 1090 2292 1141 in
2329 1087 2618 1158 Scripturis
2649 1105 3001 1161 nuncupatur,
3035 1100 3278 1155 videlicet
3300 1104 3423 1169 quia

1887 1180 2086 1241 septem
2116 1176 2214 1230 soli
2243 1181 2628 1245 praecesserint.
2675 1181 2879 1236 Dicmm
2925 1188 3065 1238 enim
3095 1199 3176 1242 est
3206 1194 3256 1242 in
3281 1193 3433 1243 titulo

1889 1266 2209 1331 psalmorum
2242 1286 2253 1320 :
2288 1269 2339 1323 In
2370 1269 2523 1325 linem
2548 1271 2598 1323 in
2629 1272 2835 1341 hymnis
2863 1289 2956 1341 pro
2985 1286 3169 1330 octava
3199 1270 3450 1345 psalmus

1891 1353 2077 1418 David,
2107 1358 2244 1421 quod
2270 1357 2335 1411 de
2363 1359 2452 1413 die
2477 1348 2659 1427 judicii
2687 1363 2952 1430 scriptum
2992 1374 3132 1420 totus
3166 1372 3436 1436 sequentis

1892 1443 2076 1508 psalmi
2115 1454 2288 1498 textus
2335 1447 2508 1511 docet,
2557 1450 2608 1502 in
2659 1467 2763 1518 quo
2815 1453 2945 1506 iram
2996 1459 3203 1511 venturi
3241 1460 3435 1527 judicis

1891 1533 2081 1597 timens
2127 1536 2380 1603 propheta
2410 1539 2708 1592 exclamat:
2744 1541 2976 1604 Domine,
3024 1561 3085 1597 ne
3126 1547 3178 1598 in
3224 1549 3301 1600 ira
3345 1561 3431 1603 tua

1891 1637 2076 1690 arguas
2108 1640 2204 1684 lue,
2236 1641 2392 1692 neque
2430 1627 2482 1678 in
2512 1628 2682 1695 furore
2728 1639 2813 1681 tuo
2842 1632 3085 1698 corripias
3123 1649 3201 1686 me
3246 1637 3430 1702 (Psal.
3497 1658 3499 1662 ·

1891 1727 1965 1776 vi,
1988 1713 2058 1781 l),
2086 1724 2188 1767 etc.
2218 1716 2322 1770 Sed
2349 1726 2402 1770 et
2422 1717 2534 1770 dies
2561 1718 2838 1773 dominicae
2864 1722 3284 1779 liesurrectionis
3309 1741 3426 1782 cum

141 1891 148 1900 Ι
241 1823 342 1878 Sed
366 1823 621 1891 quam":
647 1819 862 1884 meri“),
890 1833 1052 1886 quare
1083 1819 1149 1872 de
1180 1819 1394 1871 homine
1421 1816 1557 1868 ιεειο
1582 1829 1685 1867 non
1719 1813 1790 1866 εει
1823 1791 1868 1849 Β
1896 1812 2012 1865 post
2040 1811 2114 1855 tot
2141 1797 2540 1857 dierum’millia
2572 1814 2791 1884 ventura
2827 1819 2988 1872 esset,
3029 1821 3211 1863 octava
3259 1823 3429 1868 tamen

239 1912 540 1978 adiuuetum
569 1909 870 1978 singillatim
904 1924 920 1965 ;
947 1906 1011 1960 Et
1032 1906 1156 1961 cidit
1183 1906 1322 1959 Deus
1349 1904 1483 1973 quod
1526 1910 1655 1955 esset
1695 1901 1787 1953 bo-

240 2015 377 2061 num,
408 1998 500 2052 sed
531 1999 696 2065 ipsius
736 1997 906 2062 magis
946 1995 1146 2048 factura
1190 1996 1328 2049 inter
1355 1998 1543 2047 cetera
1573 1991 1790 2043 univer-

238 2090 421 2142 saliter
467 2084 725 2138 laudando
769 2081 1114 2136 reservetur?
1169 2083 1249 2134 An
1298 2079 1420 2148 quia
1479 2076 1791 2146 prtesciebat

243 2178 377 2230 Deus
405 2175 684 2228 hominem?
701 2181 1060 2239 peccaturum,
1084 2184 1180 2222 nec
1213 2167 1645 2235 insuasimaginis
1673 2180 1791 2234 per-

241 2268 466 2321 feetioue
494 2277 824 2326 mansurum,
856 2276 961 2313 non
1000 2258 1326 2326 singillatim,
1355 2257 1448 2310 sed
1491 2269 1608 2308 cum
1637 2263 1794 2308 caete-

244 2359 314 2408 iis
343 2370 464 2408 eum
510 2355 688 2406 dicere
731 2351 900 2404 voluit
928 2349 1144 2412 bonum,
1191 2347 1333 2401 velut
1375 2345 1621 2398 intimaus
1667 2343 1791 2409 quid

243 2452 380 2498 esset
413 2443 440 2481 δ
473 2439 742 2495 futurum?
785 2439 953 2492 Homo
994 2439 1150 2506 igitur
1189 2447 1312 2490 ante
1341 2447 1610 2503 peccaturo
1641 2442 1694 2486 et
1740 2434 1791 2484 in

250 2548 342 2584 suo
369 2531 548 2598 utique
575 2543 772 2596 genere
800 2528 968 2581 bonos
989 2534 1121 2592 erat,
1150 2525 1242 2578 sed
1273 2524 1545 2591 Scriptura
1580 2530 1796 2589 praeter-

247 2621 383 2673 misit
409 2621 508 2671 hoc
533 2620 727 2681 dicere,
751 2624 806 2668 ut
837 2616 1009 2683 potius
1032 2614 1156 2667 illud
1177 2613 1377 2666 diceret
1397 2611 1535 2680 quod
1563 2611 1794 2664 futurum

245 2709 440 2775 aliquid
472 2706 862 2774 prannntiaret.
898 2702 1034 2756 Deus
1055 2701 1193 2754 enim
1223 2709 1525 2754 naturarum
1564 2700 1798 2766 optimus

244 2797 502 2860 meditor,
537 2794 862 2862 peccantium
895 2805 1019 2845 vero
1047 2790 1368 2857 justissimus
1395 2789 1666 2840 ordinator
1693 2795 1794 2853 est,

250 2897 306 2939 ut
334 2886 491 2939 etiam
522 2883 564 2935 si
596 2897 694 2950 qua
727 2879 1032 2948 singillatim
1063 2877 1193 2929 fiunt
1235 2863 1587 2943 delinquendo
1614 2875 1797 2928 defor-

247 2977 368 3039 mia,
401 2965 614 3041 semper
643 2982 814 3024 tamen
856 2968 1167 3024 universitas
1211 2983 1328 3021 cum
1361 2967 1436 3021 eis
1469 2969 1677 3035 pulchra
1708 2969 1795 3019 sit.

315 3063 382 3116 Et
412 3065 598 3133 factum
633 3072 705 3134 est
751 3075 953 3126 vespere
979 3067 1025 3111 et
1063 3074 1211 3111 mane
1261 3059 1365 3110 dies
1409 3066 1598 3110 sextus.
1632 3055 1797 3126 Igitur

253 3157 462 3226 perfecti
496 3161 612 3206 sunt
650 3152 780 3215 cceli,
808 3161 854 3203 et
883 3161 1037 3213 terra,
1065 3157 1113 3202 et
1140 3148 1300 3201 omnis
1346 3155 1556 3200 ornatus
1602 3163 1794 3200 eorum.

251 3243 524 3298 Senarium
567 3252 838 3292 numerum
891 3244 1099 3289 constat
1145 3247 1265 3288 esse
1315 3232 1622 3301 perfectum,
1678 3234 1795 3297 quia

258 3335 458 3402 primus
489 3331 598 3382 suis
629 3327 864 3396 partibus
893 3326 1161 3393 impletur,
1203 3333 1350 3376 sexta
1386 3322 1628 3375 videlicet
1659 3321 1797 3388 quod

252 3433 330 3476 est
348 3436 531 3481 unum,
552 3429 607 3473 ct
623 3419 776 3470 tertia
800 3425 1053 3485 quresuot
1073 3415 1198 3476 duo,
1227 3423 1280 3468 et
1300 3413 1514 3466 dimidia
1543 3428 1658 3479 quae
1681 3422 1802 3465 sunt

254 3513 372 3566 tria.
409 3510 579 3564 Unum
610 3505 806 3560 etenim
829 3515 879 3557 ct
909 3506 1012 3556 duo
1029 3513 1082 3558 et
1105 3506 1201 3556 tria
1229 3501 1553 3564 faciuntsex,
1575 3501 1730 3568 quale
1750 3503 1800 3553 in

258 3601 570 3656 nionadibus
587 3600 820 3652 numeris
845 3611 1100 3665 nusquam
1127 3605 1314 3663 praeter
1335 3594 1418 3646 bic
1434 3593 1688 3653 invenies,
1707 3593 1800 3643 sed

261 3705 432 3757 neque
449 3692 498 3741 in
521 3687 806 3741 decadibus
836 3693 1025 3751 praeter
1045 3684 1354 3736 vicesimum
1371 3691 1421 3732 et
1443 3691 1686 3730 octavum
1708 3693 1806 3730 nu-

263 3791 490 3830 merum.
509 3775 608 3827 Sex
625 3788 749 3838 ergo
762 3772 945 3824 diebus
960 3770 1179 3838 perfecit
1195 3767 1328 3821 Deus
1340 3780 1548 3819 omnem
1564 3773 1805 3817 ornatum

259 3865 376 3918 οωιὶ
409 3872 468 3917 et
493 3873 664 3923 teme,
697 3859 862 3928 utqui
891 3861 1066 3912 omnia
1096 3858 1146 3910 in
1175 3869 1419 3909 mensura
1444 3863 1498 3907 et
1518 3867 1736 3906 numero
1754 3859 1809 3905 et

261 3953 496 4020 pondere
521 3949 814 4010 constituit,
846 3947 960 4014 ipso
989 3947 1146 4000 etiam
1193 3958 1411 3997 numero
1441 3942 1492 3994 in
1545 3955 1647 4008 quo
1677 3953 1807 4006 Ope-

262 4051 474 4094 raretur
503 4053 596 4092 sua
644 4051 805 4104 epera
851 4036 1069 4089 doceret
1115 4047 1233 4086 esse
1282 4029 1530 4099 perfecta.
1560 4027 1807 4093 Comple-

198 4129 206 4136 ’
263 4131 439 4198 vitque
468 4127 605 4181 Dens
629 4126 716 4180 die
747 4126 972 4192 septimo
1001 4138 1134 4190 Opus
1165 4137 1316 4176 suum
1346 4122 1482 4189 quod
1514 4120 1726 4172 fecerat.
1751 4115 1806 4170 In

264 4223 364 4274 alia
398 4218 741 4271 translatione
780 4212 974 4266 dicitur
1003 4211 1122 4277 quia
1166 4207 1527 4260 consummavit
1577 4199 1715 4253 Deus
1756 4200 1810 4250 in

264 4314 346 4364 die
381 4318 523 4362 sexto
561 4320 712 4373 opera
759 4317 850 4355 sua
875 4314 987 4368 qua
1035 4298 1168 4367 fecit.
1217 4295 1365 4362 Quod
1421 4293 1551 4346 nihil
1597 4290 1813 4344 omnino

1891 1901 1942 1943 et
1970 1890 2078 1958 ipsa
2106 1892 2241 1945 dicta
2273 1904 2354 1947 est
2383 1895 2433 1945 in
2459 1895 2613 1947 titulo
2636 1896 2853 1949 alterius
2885 1888 3090 1966 psalmi,
3120 1903 3242 1967 quia
3276 1904 3431 1956 nimi-

1892 1995 2006 2034 rum
2046 1985 2324 2049 septimam
2368 1986 2706 2059 sequebatur,
2740 1997 2795 2039 ut
2831 1989 3135 2052 septimanae
3166 1993 3438 2059 sequentis

1893 2070 2056 2133 prima
2083 2071 2354 2132 existeret,
2374 2073 2420 2132 id
2445 2075 2738 2134 est,eadem
2768 2075 2879 2138 ipsa
2913 2076 3076 2142 inqua
3108 2077 3158 2128 in
3182 2078 3437 2146 principio

1892 2159 2023 2211 dixit
2056 2160 2192 2213 Deus
2236 2161 2352 2212 Fiat
2383 2167 2557 2226 lux,et
2605 2165 2738 2232 facta
2769 2175 2838 2216 est
2880 2165 2987 2220 ιυω.
3033 2167 3197 2232 Quem
3229 2172 3440 2238 quidem

1899 2248 2156 2310 psalmum
2190 2248 2255 2301 de
2283 2248 2694 2303 liesurrectione
2724 2253 2985 2306 dominica
3032 2251 3282 2321 scripturn
3319 2274 3438 2324 pro-

1900 2336 1984 2386 bal
2011 2335 2122 2399 ipse
2145 2335 2233 2402 qui
2267 2338 2314 2388 in
2336 2352 2400 2390 eo
2425 2339 2671 2405 loquitur,
2703 2340 2886 2393 dicens
2911 2359 2922 2393 :
2961 2341 3170 2411 Propter
3191 2346 3442 2397 miseriam

1895 2428 2098 2494 inapum
2142 2437 2187 2479 et
2226 2431 2460 2495 gemitum
2510 2446 2786 2496 pauperum
2837 2433 2967 2483 nunc
3011 2449 3279 2501 exsurgant
3326 2438 3445 2488 dicit

1901 2513 2152 2566 Dominus
2183 2509 2361 2582 (Ps-al}
2401 2532 2471 2578 xi,
2523 2515 2602 2586 6).
2651 2517 2827 2572 Potest
2870 2529 3042 2572 autem
3097 2533 3236 2575 recte
3279 2525 3446 2589 accipi

1898 2603 2251 2670 complevisse
2283 2604 2444 2657 Deum
2474 2606 2557 2657 die
2585 2608 2811 2668 septimo
2851 2624 2984 2674 opus
3014 2624 3168 2662 suum
3196 2612 3331 2675 quod
3365 2612 3446 2665 fe-

1899 2702 2065 2753 cerat,
2098 2691 2253 2743 etiam
2288 2695 2337 2743 in
2388 2712 2451 2772 eo
2500 2697 2634 2760 quod
2688 2697 2856 2762 ipsum
2905 2698 3041 2749 diem
3087 2701 3351 2753 benedixit
3391 2708 3447 2755 et

1900 2781 2264 2833 sanctiﬁcavit.
2289 2781 2468 2847 Neque
2489 2785 2626 2835 enim
2661 2787 2856 2837 nullum
2881 2801 3010 2852 opus
3038 2799 3120 2841 est
3148 2790 3446 2844 benedictio

1901 2877 1952 2920 et
1981 2869 2349 2922 sanctificatio.
2382 2871 2558 2936 Neque
2591 2873 2838 2925 Salomon
2881 2876 3007 2926 nihil
3053 2877 3229 2942 operis
3263 2879 3449 2931 fecisse

1908 2955 2162 3010 dicendus
2185 2968 2286 3020 est,
2319 2974 2438 3010 cum
2481 2961 2898 3026 templum‘quod
2931 2962 3125 3014 fecerat
3157 2965 3446 3030 dedicavit;

1904 3042 2009 3094 imo
2035 3045 2281 3097 eximium
2317 3045 2408 3099 Dei
2439 3061 2570 3112 opus
2599 3056 2698 3110 est,
2729 3061 2848 3099 cum
2878 3063 2938 3100 ea
2982 3064 3100 3116 quas
3135 3050 3255 3104 fecit
3288 3053 3449 3106 bene-

1902 3128 2132 3183 dictione
2157 3145 2219 3183 ac
2232 3133 2653 3187 sanctificatione
2675 3125 2868 3188 a'iterna
2894 3133 2918 3172 δ
2940 3138 3271 3205 glorificavit.
3292 3140 3454 3196 Deni-

1903 3234 2004 3284 que
2033 3219 2099 3271 de
2127 3221 2227 3272 hoc
2257 3216 2418 3288 opere
2442 3224 2579 3290 quod
2611 3225 2661 3276 in
2686 3233 2886 3277 mterno
2930 3227 3015 3280 die
3055 3227 3267 3280 Sabhati
3303 3230 3448 3293 facit,

1903 3308 2031 3360 dicit
2060 3308 2172 3374 ipse
2199 3309 2249 3360 in
2276 3310 2525 3376 parabola
2558 3311 2782 3366 lideiiuin
2812 3328 3080 3366 servorum
3112 3333 3123 3365 :
3147 3317 3303 3368 Amen
3330 3319 3444 3370 dico

1903 3395 2038 3446 vobis
2074 3398 2209 3464 quod
2247 3401 2511 3466 prazcinget
2537 3415 2607 3461 se,
2641 3410 2683 3449 et
2711 3400 2860 3462 faciet
2890 3401 3001 3450 illos
3033 3403 3358 3468 discumbere,
3403 3417 3452 3457 et

1903 3487 2150 3538 transiens
2171 3487 2468 3555 ministrabit
2493 3486 2594 3537 illis
2618 3485 2767 3554 (Luc.
2793 3503 2884 3551 xit,
2903 3487 3016 3556 57).
3045 3490 3140 3554 Qui
3158 3493 3296 3545 enim
3321 3509 3448 3560 prag.

1902 3577 2065 3646 cingit
2092 3591 2170 3638 se,
2196 3576 2283 3642 qui
2333 3575 2646 3628 discubitum
2699 3590 2973 3643 praeparat,
3015 3581 3101 3644 qui
3135 3582 3338 3642 transit,
3367 3585 3455 3646 qui

1906 3665 2185 3726 ministrat,
2217 3664 2395 3731 utique
2415 3674 2682 3730 operatur.
2703 3665 2806 3719 Sed
2829 3666 2908 3719 his
2931 3675 3101 3719 tamen
3122 3669 3294 3720 verbis
3336 3684 3453 3722 om-

1914 3755 2066 3809 nibus
2093 3753 2223 3806 nihil
2252 3754 2390 3806 aliud
2422 3754 2707 3815 intimatur,
2737 3770 2893 3821 quam
2926 3756 3063 3822 quod
3088 3766 3295 3809 sanctos
3330 3772 3453 3812 suos

1909 3845 2159 3898 Dominus
2186 3843 2236 3895 in
2280 3851 2532 3895 aeternum
2559 3843 2817 3896 benedicit
2845 3853 2897 3895 et
2923 3844 3237 3909 sanctificat,
3266 3846 3318 3899 id
3349 3823 3452 3913 est,

1909 3930 2109 3985 visione
2134 3946 2242 3983 sua:
2269 3931 2449 3997 gloria:
2479 3939 2597 4005 post
2625 3945 2782 3997 opera
2809 3931 3015 3984 illorum
3047 3933 3179 3986 bona
3204 3951 3320 4002 quia
3363 3937 3460 3990 do-

1909 4029 2051 4071 navnt
2080 4028 2396 4071 remunerat.

1979 4102 2047 4156 Et
2080 4106 2318 4171 requievit
2344 4107 2425 4156 die
2455 4107 2658 4172 septimo
2689 4107 2750 4157 ab
2777 4107 3002 4159 universo
3029 4125 3176 4175 apere
3201 4126 3292 4160 suo
3325 4114 3459 4178 quod

1910 4203 2158 4263 patrarat.
2179 4193 2289 4246 Non
2308 4196 2453 4261 quasi
2471 4195 2637 4246 lassus
2659 4210 2720 4246 ex
2743 4195 2902 4247 nimio
2924 4197 3102 4250 labore
3134 4199 3273 4251 Dens
3295 4202 3460 4254 instar

1919 4287 2158 4340 humanae
2190 4286 2486 4354 fragilitatis
2512 4289 2769 4353 completa
2804 4289 2983 4340 mundi
3022 4287 3216 4340 fabrica
3251 4295 3458 4357 requie-

265 4397 574 4469 qmestionis
608 4390 779 4455 allert,
814 4391 938 4459 quia
978 4381 1250 4440 manifesta
1299 4380 1655 4450 descriptione
1694 4394 1812 4446 qua:
1841 4410 1896 4469 υ
1919 4375 1990 4428 vit
2019 4391 2032 4439 ;
2071 4375 2162 4428 sed
2213 4375 2538 4441 requievis:e
2576 4376 2641 4426 ab
2672 4376 2915 4427 universo
2943 4385 3104 4440 "opere
3132 4391 3227 4428 suo
3251 4377 3462 4444 dicitur,

269 4490 319 4540 in
350 4502 417 4540 eo
457 4494 581 4538 sunt
628 4481 760 4535 facta
804 4479 1154 4533 declarantur.
1198 4473 1302 4527 Sed
1346 4471 1536 4524 merito
1568 4470 1818 4538 quaeritur

271 4574 542 4642 quomodo
566 4579 742 4624 nostra
775 4569 966 4630 Editio,
1022 4580 1139 4639 quas
1164 4564 1230 4617 de
1269 4561 1539 4616 llebraicae
1584 4557 1820 4611 veritatis

275 4665 421 4718 fonte
451 4658 741 4724 descendit,
771 4656 1121 4722 complevisse
1152 4653 1314 4706 Deum
1364 4649 1416 4703 in
1454 4648 1538 4701 die
1595 4647 1821 4712 septimo

275 4753 420 4805 dicat
446 4763 578 4816 Opus
606 4759 758 4798 suum
786 4744 923 4812 quod
972 4742 1189 4802 fecerat,
1240 4741 1291 4794 in
1323 4753 1427 4807 quo
1465 4735 1590 4790 nihil
1630 4747 1820 4788 novum

277 4852 492 4892 creasse
513 4841 986 4893 commemoratur,
1018 4831 1115 4882 nisi
1149 4829 1281 4882 forte
1314 4832 1481 4891 ipsum
1503 4824 1643 4878 diem
1667 4821 1823 4888 septi-

281 4944 428 4982 mum
458 4938 579 4979 tunc
607 4938 728 4978 eum
756 4921 962 4981 feciSse,
994 4929 1150 4983 atque
1192 4919 1244 4970 in
1296 4919 1409 4983 ejus
1449 4915 1647 4969 factura
1694 4926 1826 4979 opus

285 5033 442 5069 suum
485 5013 828 5083 complevisse
856 5010 1175 5070 dixerimus,
1219 5007 1355 5075 quod
1403 5020 1468 5060 eo
1514 5005 1650 5060 facto
1684 5021 1828 5057 men-

289 5116 466 5156 suram
515 5115 895 5169 numerumque
923 5085 1368 5153 consummaverii
1386 5093 1587 5147 dierum
1607 5109 1827 5162 quorum

1921 4467 2044 4534 quia
2074 4481 2262 4519 novam
2291 4478 2582 4519 creaturam
2615 4467 2747 4518 ultra
2791 4465 3063 4518 inst:tuere
3092 4467 3318 4533 aliquam
3346 4483 3465 4522 ces-

1919 4557 2073 4608 savit.
2105 4553 2252 4607 Solet
2281 4570 2506 4621 namque
2536 4554 2805 4622 Scriptura
2835 4569 2973 4620 saape
3004 4553 3215 4607 nomine
3263 4559 3464 4624 requiei

1920 4646 2268 4698 cessationem
2301 4645 2475 4712 operis
2520 4646 2629 4697 sive
2674 4643 2933 4696 sermOnis
2965 4643 3214 4709 indicare,
3247 4649 3378 4712 sicut
3413 4653 3462 4702 in

1926 4733 2238 4802 Apocalypsi
2282 4711 2347 4786 de
2389 4734 2585 4785 sanctis
2632 4732 2985 4786 animalibus:
3019 4732 3084 4784 Et
3114 4711 3353 4802 requiem,
3391 4739 3471 4790 in-

1919 4822 2177 4887 quit,uon
2205 4821 2448 4872 habebant
2496 4819 2576 4871 die
2621 4835 2680 4870 ac
2722 4829 2865 4872 nocte
2915 4820 3172 4874 dicentia:
3223 4823 3468 4885 Sanctus,

1923 4910 2159 4975 Sanctus,
2192 4909 2431 4972 Sanctus,
2477 4909 2743 4974 Dominus,
2783 4909 2914 4963 Deus
2946 4912 3258 4978 onmipotens
3284 4913 3466 4981 (Apoc.

1924 5013 1996 5062 Iv,
2027 4997 2107 5068 8).
2141 4998 2240 5052 Pro
2264 5013 2328 5052 eo
2358 5008 2414 5053 ut
2437 4999 2656 5062 diceret,
2685 5017 2786 5052 non
2818 5001 3096 5054 cessabant
3122 5002 3233 5055 haec
3258 5017 3467 5069 semper

1923 5088 2224 5142 decantare.
2255 5090 2384 5143 Nam
2415 5091 2639 5144 maxima
2666 5099 2720 5142 et
2751 5091 2902 5142 unica
2927 5093 3119 5144 sanctis
3147 5102 3228 5145 est
3263 5083 3489 5158 requies.

284 5191 512 5246 circuitu
541 5190 715 5242 omnia
761 5189 952 5243 dehinc
998 5184 1190 5240 siccnla
1222 5183 1285 5235 ad
1319 5183 1474 5234 tinem
1507 5195 1671 5249 usque
1712 5196 1832 5248 pro-
1869 5176 1871 5178 ’
1926 5176 1977 5230 in
2016 5179 2172 5243 coelo,
2206 5179 2409 5231 laudem
2459 5192 2679 5230 summa:
2717 5177 3014 5240 Trinitatis,
3041 5193 3158 5246 qua:
3205 5179 3344 5232 Deus
3369 5193 3471 5243 est,

289 5276 747 5351 currerent._Nam
792 5277 844 5330 in
889 5273 1219 5329 revolutione
1268 5278 1567 5336 temporum
1613 5281 1832 5324 octavus
1927 5268 2184 5322 indefessa
2223 5283 2350 5320 voce
2401 5268 2595 5321 dicere.
2651 5268 2829 5322 Potest
2873 5283 2996 5321 vero
3044 5269 3199 5321 altius
3247 5269 3469 5338 intelligi

293 5368 435 5422 idem
463 5367 551 5435 qui
576 5374 630 5416 ιιι
656 5365 853 5431 primus
880 5371 1214 5431 computatur
1240 5359 1373 5414 dies.

367 5574 391 5600 ι
425 5565 533 5615 Duo
562 5564 712 5624 ilss.,
739 5571 1079 5632 congruerent.

365 5632 391 5672 δ
418 5635 528 5702 AL,
559 5631 850 5703 facturum;
883 5631 1047 5696 Flor.,
1071 5639 1350 5684 venturum.

1929 5357 2246 5427 requievisse
2276 5355 2552 5411 Dominum
2575 5358 2640 5412 ab
2671 5359 2916 5413 omnibus
2946 5359 3192 5428 operibus
3211 5363 3344 5426 suis,
3363 5376 3469 5416 non

2003 5573 2023 5599 ε
2060 5562 2165 5620 ΑΙ..
2197 5561 2246 5611 in
2276 5563 2367 5612 eis.

2001 5631 2024 5669 ιι
2055 5629 2212 5696 Editi,
2236 5627 2504 5700 glori/kat.
