3866 6248
445 424 514 476 ss
926 411 1125 468 neos:
1170 407 1613 463 \‘ENERABIIJS
1651 401 1927 458 oi'tcnun
1970 391 2142 482 Pstis
2181 397 2240 450 ιι.
2274 427 2340 438 -
2370 398 2756 452 ιεχεεειιιιλ
2799 397 3116 452 canum.

3565 396 3650 461 3(

445 551 565 591 eum
592 541 613 568 ι
646 531 843 586 scilicet
870 533 1012 593 opus
1045 523 1290 578 habuisse
1319 519 1344 558 1³
1397 521 1496 572 illis
1523 518 1768 584 operibus
1798 514 1905 567 suis
1937 492 1988 572 in
2021 513 2063 566 Α
2096 508 2229 561 istud
2261 509 2528 572 aestimari,
2553 508 2688 575 quod
2732 508 2782 560 in
2822 508 3102 574 Evangelio
3128 507 3300 562 dicit:
3333 506 3452 577 Ipse
3484 508 3641 563 Pota

449 623 637 691 quibus
683 618 1059 687 requiesceret,
1089 612 1279 682 quippe
1309 610 1458 679 cujus
1491 610 1698 675 requies
1731 608 1781 660 in
1820 607 1994 672 seipso

449 717 564 767 sine
589 713 736 766 initio
767 725 828 761 ac
878 708 1100 784 termino
1125 719 1332 769 semper
1365 719 1482 757 vera
1510 713 1610 766 est,
1640 701 1732 756 sed
1763 702 1870 754 sola
1902 703 1993 753 bo-

452 801 628 855 uitatis
654 813 762 852 sua:
793 810 948 850 causa
988 795 1177 847 fecisse
1211 808 1390 859 Opera,
1417 807 1532 858 qua:
1564 791 1617 844 in
1648 792 1760 856 ipso
1788 791 1993 858 requie-

449 898 654 944 scerent
684 904 697 940 :
728 884 865 954 quod
897 901 925 936 e
970 883 1233 936 contrario
1264 881 1467 933 facilius
1502 880 1833 948 intelligitur,
1873 894 1991 933 cum

454 979 847 1032 meminerimus
881 975 1158 1025 humanam
1189 971 1526 1038 indigentiam
1569 985 1661 1037 pro
1691 970 1788 1022 hoc
1824 972 1996 1022 maxi-

453 1081 537 1120 me
560 1065 821 1117 laboribus
843 1059 1156 1127 quotidiattis
1171 1059 1426 1121 insistere,
1459 1067 1516 1110 ut
1539 1060 1588 1110 iii
1613 1058 1860 1126 operibus
1881 1055 1991 1111 suis

450 1157 682 1223 requiem
705 1152 975 1220 percipere
998 1148 1174 1216 possit,
1211 1147 1413 1202 dicente
1440 1149 1485 1200 ei
1519 1147 1741 1220 Domino
1772 1164 1786 1200 :
1818 1144 1882 1199 In
1908 1164 1992 1199 sit-

449 1249 570 1299 dore
595 1244 756 1297 vultus
781 1244 850 1293 tui
879 1244 1086 1292 vesceris
1118 1255 1244 1305 pane
1271 1252 1352 1292 nio
1375 1237 1578 1307 (Genes.
1608 1255 1687 1302 ιιι,
1718 1239 1824 1303 l9).
1855 1240 1989 1293 Deus

449 1343 621 1386 autem
663 1332 748 1400 qui
802 1341 923 1382 ante
977 1329 1293 1382 creationem
1351 1328 1528 1381 mundi
1577 1329 1895 1382 teteriialiter
1940 1330 1989 1382 in

449 1423 625 1489 seipso
655 1419 932 1490 perfectam
963 1418 1186 1471 habebnt
1216 1418 1601 1486 requiem,ipse
1629 1419 1786 1471 etiam
1817 1431 1991 1473 creato

450 1511 666 1572 mundo,
707 1524 808 1560 non
852 1509 900 1560 in
936 1508 1178 1574 operibus
1203 1521 1318 1572 qua:
1348 1508 1502 1572 fecit,
1533 1507 1624 1561 sed
1654 1509 1719 1560 ab
1748 1509 1992 1561 omnibus

445 1617 560 1669 quae
610 1598 730 1652 fecit
777 1598 1025 1664 operibus
1071 1597 1345 1666 requievit,
1389 1607 1442 1649 ut
1472 1609 1593 1664 pote
1623 1599 1752 1650 nihil
1795 1598 1992 1649 habens
2028 1624 2037 1633 ι

444 1704 621 1742 secum
670 1689 997 1741 necchitatis
1068 1688 1116 1738 in
1167 1687 1423 1740 creaturis
1488 1687 1820 1754 requiescere
1874 1689 1990 1749 sui,

445 1783 570 1846 quin
619 1779 790 1846 potius
845 1779 1101 1830 creaturis
1154 1778 1554 1830 rationabililins‘
1597 1779 1708 1844 ipse
1757 1778 1986 1844 requiem

450 1879 851 1932 praestans,cum
880 1867 929 1918 in
952 1869 1125 1933 seipso
1150 1877 1172 1904 ο
1191 1866 1419 1931 perfecte
1447 1881 1652 1933 semper
1673 1869 1985 1933 requiescat,

448 1943 618 2023 eoque
647 1957 784 2008 bono
815 1957 995 2008 beatus
1018 1955 1101 2016 sit,
1133 1956 1269 2021 quod
1302 1956 1412 2023 ipse
1442 1957 1538 2008 sibi
1563 1965 1661 2008 est.

520 2045 586 2098 Et
613 2045 858 2098 benedixit
887 2045 990 2097 diei
1017 2046 1223 2112 septimo
1250 2055 1295 2097 et
1321 2045 1652 2110 sancti/ienuit
1683 2046 1850 2098 illum.
1901 2047 1989 2099 Illa

447 2134 694 2187 videlicet
717 2133 1076 2186 benedictione
1098 2143 1150 2184 ct
1170 2133 1584 2190 sanctiﬁcatione
1609 2149 1761 2200 quam
1786 2139 1980 2203 populo

445 2240 539 2275 suo
570 2224 619 2274 in
651 2222 766 2286 lege
797 2222 1002 2288 plenius
1028 2221 1232 2273 intiinat
1256 2222 1436 2274 dicens
1463 2239 1475 2272 :
1506 2220 1754 2275 Memento
1777 2234 1828 2273 ut
1857 2225 1987 2275 diem

445 2313 654 2366 Sabbnti
701 2313 999 2379 sanctiﬁces.
1045 2312 1149 2366 Sex
1187 2312 1359 2364 diebus
1405 2311 1714 2379 operiiberis,
1759 2324 1806 2366 et
1834 2316 1988 2381 {acies

446 2417 613 2454 omna
648 2416 796 2467 Opera
825 2407 947 2450 tua:
976 2399 1185 2464 septimo
1213 2405 1378 2450 autem
1417 2399 1606 2450 sabbati
1649 2396 1852 2451 Domini
1901 2401 1990 2453 Dei

446 2497 540 2553 tui,
572 2505 668 2541 non
703 2490 855 2554 {acies
899 2504 1044 2539 omne
1087 2503 1211 2555 opus
1254 2486 1444 2555 (Exod.
1483 2503 1570 2548 xit,
1603 2485 1677 2552 8).
1728 2489 1790 2539 Et
1837 2491 1989 2555 paulo

452 2591 565 2646 post
599 2596 611 2629 :
644 2579 746 2631 Sex
793 2581 925 2630 enim
965 2577 1137 2628 diebus
1170 2578 1278 2645 {erit
1307 2575 1548 2627 Dominus
1595 2576 1772 2628 caelum
1815 2589 1860 2631 et
1887 2588 1986 2630 ter-

449 2682 578 2728 ram,
609 2682 744 2718 mare
768 2673 815 2716 et
843 2667 1010 2717 omnia
1055 2681 1164 2734 qua:
1193 2667 1244 2716 in
1291 2667 1361 2716 eis
1392 2675 1523 2725 sunt,
1573 2675 1620 2718 et
1658 2669 1890 2734 requievit
1934 2670 1986 2721 iit

449 2755 529 2805 die
555 2755 769 2820 septimo
808 2751 1001 2818 (Exod.
1037 2767 1125 2812 xx,
1155 2751 1262 2821 Η).
1292 2752 1488 2807 Idcirco
1518 2757 1778 2809 benedixit
1807 2757 1987 2810 Domi-

455 2856 552 2892 stus
573 2842 709 2892 diem
755 2841 1031 2905 septimum
1064 2851 1115 2892 et
1142 2843 1480 2895 sanctificnvit
1508 2860 1646 2896 cum.
1696 2850 1820 2911 Quae
1865 2861 1985 2913 pro-

454 2931 587 2983 fecto
611 2931 899 2984 benedictio
924 2943 971 2984 et
990 2931 1332 2985 sanctificatio
1358 2933 1460 2986 diei
1486 2935 1692 3000 sepiimi
1729 2952 1775 2987 in
1804 2945 1983 3004 typum

455 3019 667 3086 majoris
718 3020 1092 3072 benedictionis
1132 3037 1192 3074 ae
1239 3025 1668 3075 sanctilicaliopis
1703 3025 1834 3075 facta
1887 3038 1984 3077 εει.

451 3110 578 3162 Nam
625 3111 758 3162 sicut
808 3126 900 3177 per
929 3113 1163 3170 crebras.
1196 3113 1300 3162 imo
1329 3111 1659 3177 quotidiauas
1689 3113 1737 3162 in
1771 3114 1882 3178 lege
1913 3113 1986 3162 vi-

454 3197 660 3259 ctimas,
687 3197 898 3262 sanguis
928 3197 1208 3247 υοιιιίιιίοεε
1239 3198 1521 3262 passionis.
1554 3199 1641 3262 qui
1688 3200 1848 3248 semel
1875 3208 1984 3248 erat

452 3303 545 3354 pro
570 3288 738 3338 salute
765 3285 942 3337 mundi
965 3284 1332 3345 effundendus,
1363 3285 1664 3347 signabatur
1689 3302 1702 3348 ;
1734 3284 1801 3336 ita
1830 3287 1985 3336 etiam

451 3389 546 3442 per
567 3380 797 3442 requiem
823 3373 923 3425 diei
950 3371 1179 3438 septimi,
1205 3387 1319 3438 qua:
1350 3383 1464 3438 post
1485 3387 1640 3438 opera
1667 3388 1759 3425 ses
1785 3373 1983 3426 dierum

387 3493 391 3503 κ
448 3478 656 3531 semper
703 3461 956 3515 celebrari
1013 3461 1235 3523 solebat,
1294 3461 1724 3527 prwﬁgurabatur
1773 3477 1990 3530 magnos

410 3551 413 3553 ’
450 3556 540 3607 ille
564 3553 677 3606 dies
707 3546 1021 3616 Sabbati,in
1051 3568 1153 3618 quo
1182 3552 1428 3606 Dominus
1461 3555 1624 3607 semel
1657 3555 1705 3606 in
1749 3556 1989 3622 sepulcro

451 3653 562 3697 erat
595 3639 944 3706 requieturus,
977 3640 1250 3705 completis
1277 3656 1336 3694 ac
1369 3643 1615 3706 perfectis
1645 3643 1694 3695 in
1723 3644 1807 3696 die
1829 3653 1988 3697 sexto

454 3729 694 3784 omnibus
723 3729 972 3796 operibus
997 3728 1126 3792 suis,
1174 3730 1365 3796 quibus
1406 3731 1676 3795 mumlum,
1733 3747 1887 3798 quem
1938 3733 1988 3785 in

385 3853 394 3861 -
454 3819 541 3873 die
567 3826 714 3871 sexto
741 3817 1045 3884 perfecerat,
1071 3819 1178 3884 jam
1223 3819 1478 3886 perditum
1529 3820 1876 3873 restaurabat.
1928 3820 1983 3872 in

453 3923 556 3977 quo
585 3910 738 3961 etiam
767 3907 850 3963 die
878 3907 1024 3975 quasi
1067 3907 1267 3974 antiqui
1297 3908 1534 3962 recolens
1571 3909 1762 3975 operis.
1809 3919 1990 3976 aperto

452 4011 697 4050 sermone
720 3995 1004 4050 declaravit
1031 3994 1370 4049 salvationem
1403 4010 1460 4049 se
1483 3996 1590 4064 jam
1639 3997 1815 4049 mundi
1867 4013 1984 4064 per.

449 4094 658 4148 fecisse.
690 4089 814 4144 Cum
853 4091 982 4142 enim
1011 4089 1276 4156 accepisset
1305 4097 1519 4146 acetum,
1554 4087 1678 4137 dixit
1704 4100 1721 4136 :
1747 4085 1989 4137 Consum-

448 4191 640 4234 ntatttnt
688 4190 776 4241 est,
848 4188 892 4231 et
957 4178 1197 4230 inclinato
1244 4176 1438 4244 capite,
1496 4176 1709 4227 tradidit
1755 4178 1987 4238 spiritum

448 4271 628 4336 (Joan.
659 4284 770 4330 itis,
797 4269 910 4334 50).
943 4265 1044 4319 Sed
1073 4274 1127 4317 et
1166 4265 1277 4315 hinc
1303 4264 1645 4316 sanctificatio
1693 4279 1752 4316 ac
1777 4266 1988 4318 benedi-

449 4363 553 4413 ctio
591 4357 799 4426 septimi
829 4356 954 4416 diei,
988 4363 1039 4406 et
1082 4356 1288 4418 requies
1332 4352 1381 4403 in
1429 4353 1512 4403 illa
1545 4353 1631 4403 Dei
1666 4365 1780 4418 post
1830 4368 1985 4418 Opera

448 4464 540 4502 sua
565 4448 714 4501 valde
746 4449 877 4498 bona
900 4445 1190 4510 designavit
1215 4441 1351 4507 quod
1380 4456 1474 4494 nos
1499 4443 1686 4509 singuli
1719 4454 1831 4508 post
1856 4457 1978 4509 cpe-

447 4555 502 4593 ra
533 4539 665 4591 bona
691 4551 806 4604 qua:
833 4535 882 4585 in
918 4535 1068 4586 nobis
1101 4535 1212 4597 ipse
1243 4541 1485 4596 operatur
1513 4543 1568 4585 et
1598 4534 1728 4586 velle
1754 4532 1987 4602 et'perli-

449 4640 592 4689 cere,
637 4623 702 4677 ad
751 4625 980 4689 requiem
1035 4619 1294 4672 tendimus
1341 4621 1459 4673 vita:
1496 4621 1747 4687 ccelestis,
1797 4624 1846 4675 in
1884 4639 1982 4689 qua

450 4725 646 4769 aitet-na
675 4715 790 4779 ejus
834 4711 1254 4765 sanctiﬁcatione
1282 4721 1338 4782 et
1365 4711 1721 4766 benedictione
1754 4713 1986 4779 perfrua-

452 4817 590 4855 mur.
621 4799 765 4853 Unde
806 4802 938 4853 bene
977 4802 1108 4853 idem
1140 4802 1253 4862 dies
1283 4803 1536 4868 septimus
1575 4817 1846 4870 vesperam
1892 4803 1988 4854 ba-

454 4897 626 4947 buisse
667 4907 768 4942 non
813 4891 1093 4953 scribitur,
1121 4894 1241 4959 quia
1268 4895 1510 4947 nimirum
1554 4904 1850 4964 perpetuam
1893 4907 1988 4946 no—

451 4993 614 5037 stram
647 4981 694 5031 in
723 4980 812 5031 illo
841 4982 1071 5046 requiem
1101 4983 1378 5046 signiﬁcat.

519 5067 584 5132 Et
614 5068 880 5132 benedixit,
929 5069 1109 5138 inquit,
1164 5072 1262 5122 diei
1302 5074 1513 5140 septimo
1560 5085 1608 5124 et
1657 5070 1990 5136 sanctiﬁcaeit

450 5160 613 5232 illum,
637 5159 755 5226 quia
783 5161 832 5210 in
856 5160 964 5224 ipso
992 5175 1268 5212 cessaverat
1299 5161 1359 5212 ob
1387 5163 1520 5214 omni
1547 5177 1693 5232 opere
1717 5176 1830 5223 suo,
1855 5165 1986 5226 quod

452 5251 636 5303 creavit
669 5248 799 5300 Deus
827 5257 877 5300 nt
905 5250 1112 5316 faceret.
1147 5251 1197 5302 ιιι
1230 5262 1332 5316 est,
1377 5247 1640 5318 completo
1668 5249 1847 5300 mundi
1897 5263 1986 5300 or--

451 5353 596 5405 natu,
627 5350 925 5395 cessaverat
969 5342 1035 5391 ab
1079 5340 1411 5393 instituendis
1442 5343 1572 5395 ultra
1622 5339 1769 5392 novis
1816 5352 1987 5389 rerum

451 5431 744 5494 generibus.
776 5431 952 5498 Neque
1003 5430 1121 5483 huic
1166 5432 1438 5484 sententia:
1483 5433 1802 5485 contrarium
1832 5427 1987 5482 debet

524 5571 549 5596 ⁸
594 5561 700 5626 AL,
741 5563 886 5616 deest
919 5559 1118 5614 scilicet.

525 5628 550 5663 ¹²
578 5630 684 5690 AL,
716 5632 850 5681 ullis.

522 5706 545 5735 ο
582 5699 686 5765 AL,
726 5697 959 5765 perfecto.

2091 612 2228 650 meus
2267 611 2424 665 usque
2466 601 2611 648 modo
2659 606 2916 660 oprratnr,
2957 604 3004 648 et
3033 613 3123 664 ego
3161 612 3340 665 operor
3359 596 3538 664 (locis.
3579 615 3642 662 ν,

2094 687 2203 752 17).
2237 684 2580 752 Respondeas
2621 685 2860 738 videlicet
2901 684 2978 738 eis
3007 684 3097 751 qui
3141 693 3353 751 propter
3399 686 3639 752 requiem

2093 775 2206 840 Dei,
2231 776 2522 844 Scriptura:
2548 776 2698 844 hujus
2723 778 3030 829 auctoritate
3051 774 3336 842 antiquitus
3363 789 3638 828 commen-

2089 867 2290 930 datam,
2317 867 2600 920 Sabbatuni
2635 867 2703 917 ab
2731 881 2794 919 eo
2827 881 2929 918 non
2952 854 3222 919 observari
3251 865 3634 931 querebantur.

2089 955 2401 1010 Cessaverat
2433 957 2572 1008 enim
2621 955 2845 1021 septimo
2873 953 2958 1007 die
2985 970 3012 1006 a
3043 953 3328 1007 condendis
3353 951 3639 1020 generibus

2089 1054 2366 1108 creatum,
2397 1045 2517 1112 quia
2551 1043 2682 1097 ultra
2730 1042 2837 1112 jam
2868 1059 2970 1098 non
3001 1043 3236 1104 condidit
3274 1044 3444 1106 aliqua
3475 1058 3653 1115 geueo,

2090 1150 2145 1188 ra
2188 1149 2359 1199 nova;
2398 1135 2645 1201 deinceps
2694 1144 2867 1188 autem
2900 1149 3065 1202 usque
3107 1150 3246 1189 nunc
3272 1146 3520 1202 cperatur
3544 1150 3643 1189 eno

2090 1224 2325 1278 rumdem
2356 1239 2607 1292 generum
2638 1223 3146 1277 administrationem
3175 1240 3292 1291 qua
3325 1240 3462 1278 nunc
3482 1227 3640 1278 insti-

2093 1322 2197 1366 tuta
2229 1324 2370 1377 sunt,
2399 1309 2423 1348 ά
2456 1329 2558 1365 non
2591 1323 2643 1366 ut
2672 1314 2783 1380 ipso
2822 1313 3006 1367 saltem
3035 1314 3121 1368 die
3150 1315 3376 1382 septimo
3407 1317 3641 1381 potentia

2088 1406 2202 1473 ejus
2215 1404 2332 1458 cmli
2352 1413 2404 1458 et
2420 1414 2594 1468 teme,
2613 1405 2950 1471 omniumque
2972 1419 3148 1457 rerum
3163 1419 3291 1471 quas
3307 1405 3640 1467 condiderat,

2089 1495 2465 1561 gubernatione
2481 1501 2731 1557 cessaret,
2751 1493 2978 1560 aliaqnin
2997 1493 3245 1546 continuo
3257 1493 3639 1567 dilaberentur.

2165 1585 2271 1637 iluc
2306 1600 2472 1653 usque
2500 1583 2778 1651 primordia
2813 1583 2991 1636 mundi
3042 1584 3300 1636 nascentis
3327 1583 3472 1649 juxta
3516 1597 3638 1637 sen-

2092 1690 2207 1727 sum
2252 1676 2441 1729 litterze
2471 1675 2669 1728 dixisse
2711 1673 2973 1738 sufficiat;
3003 1674 3130 1726 libet
3152 1682 3329 1726 autem
3357 1673 3538 1741 paucis
3560 1675 3639 1727 iu-

2097 1764 2282 1815 tiinare
2323 1771 2381 1816 ut
2422 1764 2576 1815 etiam
2631 1762 2760 1814 ordo
2806 1777 2901 1815 ses
2953 1763 3193 1825 illorum,
3247 1747 3359 1815 sive
3403 1771 3641 1829 septem.

2093 1851 2294 1904 dierum
2320 1852 2372 1904 in
2403 1852 2595 1917 quibus
2628 1849 2792 1903 facins
2823 1859 2926 1914 est,
2956 1857 2980 1884 ⁶
3008 1850 3222 1904 totidem
3251 1850 3365 1917 ejus
3395 1849 3642 1903 aetatibus

2093 1941 2388 1995 conveniat.
2422 1940 2629 1993 Primus
2659 1955 2883 2007 namque
2911 1941 3027 1994 dies
3056 1940 3106 1992 in
3145 1955 3249 2007 quo
3278 1940 3417 2008 dixit
3446 1939 3593 1994 Deus
3623 1958 3639 1992 :

2094 2027 2212 2080 Fiat
2249 2029 2356 2092 tux,
2387 2038 2437 2081 et
2478 2034 2611 2097 facta
2653 2036 2727 2080 est
2753 2028 2866 2091 lux,
2902 2029 3079 2095 prima:
3111 2028 3249 2080 aetati
3279 2028 3545 2094 cuiigruit,
3590 2027 3644 2078 iu

2091 2121 2244 2187 cujus
2279 2119 2425 2172 initio
2460 2119 2679 2172 mundus
2712 2119 2849 2172 idem
2875 2118 3064 2188 factus,
3091 2129 3143 2171 et
3171 2118 3326 2170 homo
3360 2120 3411 2169 in
3438 2117 3640 2170 deliciis

2095 2209 2322 2275 paradisi
2370 2210 2662 2275 voluptatis
2686 2209 2883 2273 positus
2925 2215 3028 2272 est,
3058 2207 3141 2259 ubi
3174 2217 3436 2273 praesente
3477 2209 3645 2273 gratia

2096 2295 2174 2346 sui
2202 2294 2521 2357 Conditoris,
2553 2296 2812 2348 malorum
2863 2297 3092 2345 omnium
3152 2295 3282 2344 liber
3323 2308 3385 2345 ac
3431 2293 3645 2344 nescius

2095 2383 2388 2444 frueretur;
2418 2380 2509 2434 sed
2542 2380 2627 2434 hic
2669 2380 2784 2433 dies
2825 2379 2887 2431 ad
2921 2393 3194 2447 vesperam
3218 2382 3325 2444 jam
3358 2378 3519 2441 capit
3550 2378 3644 2432 de-

2091 2473 2307 2531 cimare,
2338 2483 2456 2520 cum
2482 2468 2789 2535 protoplasti
2824 2469 3088 2536 peccando
3123 2467 3424 2521 felicitatem
3459 2468 3646 2536 patrie

2091 2559 2318 2613 caelestis
2379 2560 2747 2627 perdiderunt,
2809 2564 2966 2624 atque
3036 2559 3085 2612 iii
3137 2561 3271 2612 hanc
3349 2559 3646 2612 coiivaltent

2093 2651 2442 2718 lacrymaruin
2473 2648 2671 2702 dimissi
2704 2658 2846 2711 sunt,
2877 2649 3015 2716 quod
3074 2649 3231 2702 etiam
3283 2649 3643 2717 significatum

2090 2751 2169 2793 est
2217 2739 2345 2792 hora
2401 2736 2652 2806 temporis
2703 2738 2861 2801 illius,
2906 2751 3026 2791 cum
3057 2725 3241 2792 Λάδην
3276 2751 3392 2806 post
3432 2741 3644 2806 culpant

2101 2829 2542 2898 praevaricationis
2573 2827 2774 2880 audivit
2816 2828 3093 2881 Dominum
3123 2827 3552 2882 deambulautem
3588 2829 3636 2879 in

2094 2921 2354 2988 paradiso,
2396 2918 2461 2971 ad
2506 2919 2689 2970 horam
2745 2926 2861 2985 post
2915 2916 3234 2970 meridiem:
3283 2919 3644 2970 deambulavit

2091 3015 2283 3082 quippe
2315 3014 2588 3072 Dominus,
2618 3020 2671 3064 ut
2709 3025 2767 3064 se
2819 3010 2884 3062 ab
2934 3010 3164 3072 homine,
3214 3008 3265 3060 iu
3295 3008 3448 3075 cujus
3477 3009 3643 3060 corde

2092 3106 2298 3172 quietus
2345 3113 2630 3167 manserat,
2684 3103 2965 3155 recessisse
3011 3103 3276 3168 signaret;
3317 3108 3371 3151 et
3417 3099 3514 3151 line
3571 3102 3639 3150 ait

2096 3195 2276 3244 horam
2319 3202 2436 3259 post
2463 3191 2760 3252 meridiem,
2790 3202 2844 3242 ut
2889 3191 3058 3242 lucem
3092 3189 3143 3241 in
3175 3203 3232 3242 se
3264 3189 3425 3241 homo
3450 3189 3643 3242 divinas

2090 3280 2404 3348 cognitionis
2436 3285 2796 3347 terroremque
2845 3278 3034 3332 divinas
3080 3276 3376 3331 dilectionis
3402 3277 3640 3330 minora-

2091 3380 2199 3423 tum
2219 3385 2336 3423 esse
2363 3381 2722 3438 cognosceret.
2755 3370 2914 3424 Plena
2944 3380 3115 3423 autem
3149 3384 3364 3436 vespera
3388 3369 3492 3422 diei
3537 3369 3640 3420 hu-

2085 3464 2170 3528 jus
2197 3463 2428 3528 advenit,
2454 3479 2572 3517 cum
2594 3464 3046 3518 crebrescentibus
3072 3461 3213 3513 vitiis
3235 3460 3444 3512 humani
3472 3474 3640 3526 gene-

2092 3546 2188 3619 ris,
2212 3563 2459 3620 corrupta
2485 3564 2566 3607 est
2583 3553 2758 3606 omnis
2771 3563 2908 3607 terra
2935 3568 3110 3606 coram
3136 3552 3264 3615 Deo,
3288 3562 3342 3604 et
3367 3550 3640 3618 iniquitate

2098 3648 2322 3712 repleta,
2375 3645 2508 3698 adeo
2539 3654 2595 3696 ut
2619 3643 2785 3697 deleri
2837 3643 3034 3696 diluvio
3058 3643 3230 3694 omnis
3258 3655 3404 3706 caro,
3448 3652 3640 3708 prater

2089 3752 2218 3803 quos
2249 3739 2513 3788 clauserat
2540 3749 2680 3798 arca,
2709 3745 3018 3788 mereretur.

2163 3825 2408 3878 Secundo
2439 3824 2523 3876 dic
2554 3822 2745 3877 factum
2789 3827 3168 3875 firmamentum
3201 3820 3252 3872 in
3282 3819 3455 3872 medio
3473 3833 3639 3886 aqua-

2091 3931 2203 3968 rum
2221 3931 2244 3984 ς¹
2262 3923 2316 3967 ει
2344 3914 2572 3968 secunda
2604 3924 2763 3966 aetate
2789 3911 2992 3976 saeculi,
3022 3925 3143 3963 arca
3174 3911 3225 3963 in
3268 3925 3368 3975 qua
3398 3909 3635 3973 reliquiis

2086 4008 2292 4074 generis
2323 4005 2558 4066 humani,
2585 4015 2640 4056 et
2689 4018 2895 4065 semen,
2924 4011 2980 4054 ut
3024 4000 3095 4052 ita
3123 3999 3366 4057 dixerim,
3408 4011 3636 4064 aequem

2089 4099 2214 4149 tium
2255 4098 2561 4151 servabatur
2589 4105 2831 4165 malum,
2857 4092 3025 4160 posita
3050 4097 3132 4140 est
3174 4089 3225 4141 in
3275 4088 3447 4140 medio
3474 4102 3636 4155 aqua-

2087 4203 2224 4249 rum,
2257 4201 2386 4254 quas
2415 4187 2655 4239 certatim
2686 4184 2807 4235 hinc
2844 4181 2980 4247 rupti
3011 4178 3180 4231 fontes
3212 4192 3398 4232 omnes
3429 4177 3630 4246 abyssi,

2087 4274 2208 4325 inde
2236 4284 2427 4340 aperta:
2457 4274 2573 4324 ειειί
2615 4278 2896 4322 cataracta:
2941 4265 3249 4319 fundebant.
3299 4268 3403 4319 Sed
3447 4277 3501 4318 et
3546 4264 3632 4316 hic

2088 4359 2361 4412 inclinatus
2389 4367 2470 4411 est
2521 4355 2585 4408 ad
2635 4352 3067 4421 vesperaindies,
3099 4368 3218 4404 cum
3260 4367 3318 4404 se
3367 4351 3630 4411 nationes,

2008 4472 2061 4532 Β
2086 4454 2262 4504 oblita:
2295 4451 2543 4518 proxima:
2573 4451 2652 4501 vel
2681 4447 2771 4500 ira:
2795 4447 2877 4500 vel
2901 4445 3276 4520 misericordiae
3300 4442 3410 4504 Dei,
3445 4451 3630 4493 contu-

2091 4528 2276 4592 lissent
2319 4537 2383 4592 ad
2429 4535 2786 4589 aedificandam
2835 4535 3097 4601 superbia:
3149 4542 3375 4592 turrem;
3421 4531 3628 4598 plenam

2087 4647 2214 4684 vero
2246 4631 2448 4697 accepit
2479 4642 2751 4695 vesperam
2781 4625 2990 4695 quando
3020 4637 3139 4675 cum
3189 4621 3498 4674 confusione
3529 4621 3630 4673 lin-

2085 4740 2306 4793 guaruni
2339 4723 2550 4776 humani
2581 4721 2787 4788 generis
2811 4729 2892 4772 est
2919 4717 3135 4771 discissa
3165 4715 3411 4768 societas.

2157 4814 2332 4866 Tertio
2368 4814 2454 4864 die
2497 4809 2878 4864 conﬂuentibus
2906 4809 2958 4860 in
2989 4808 3101 4861 loca
3142 4822 3235 4860 sua
3281 4805 3453 4871 aquis,
3481 4804 3627 4855 arida

2088 4904 2327 4971 apparuit
2358 4912 2518 4966 terra,
2541 4911 2594 4954 et
2623 4915 2740 4953 mox
2773 4899 2952 4953 herbis
2981 4898 3269 4952 virentibus
3290 4909 3350 4946 ac
3378 4892 3626 4945 frondeu-

2090 4994 2226 5044 tibus
2253 5000 2333 5043 est
2363 4991 2550 5043 vestita
2583 4990 2914 5047 nemoribus;
2953 4997 3007 5041 et
3051 4986 3221 5038 aetatis
3263 4983 3411 5034 initio
3458 4982 3628 5036 tertiae

2026 5122 2029 5125 .
2077 5081 2340 5144 separatis
2382 5080 2433 5131 in
2481 5080 2592 5131 loca
2641 5093 2730 5130 sua
2776 5077 3019 5146 gentibus
3049 5071 3373 5134 idololatria,
3405 5085 3626 5138 quarum

2089 5185 2234 5221 error
2288 5168 2570 5234 instabilis,
2622 5177 2677 5220 at
2719 5167 2866 5220 vanis
2917 5163 3313 5216 simulacrorum
3367 5161 3632 5212 doctrinis

2091 5269 2331 5326 tanquam
2363 5261 2529 5313 ventis
2557 5258 2802 5310 omnibus
2820 5253 3056 5314 mobilis,
3082 5249 3236 5302 mauis
3259 5253 3468 5303 nomine
3490 5251 3629 5301 bene

2089 5348 2426 5416 signilii-atur,
2444 5364 2622 5401 semen
2650 5343 3062 5416 patriarcharum
3088 5340 3154 5394 ab
3176 5356 3352 5396 eorum
3377 5339 3628 5394 societate

2091 5438 2402 5508 dil‘t'tttplum
2451 5447 2550 5497 est,
2588 5452 2647 5491 ac
2690 5433 2910 5502 apiritali
2959 5431 3104 5499 fruge
3153 5432 3510 5494 fecundatuiu,
3542 5431 3626 5482 di-

2163 5572 2186 5606 ά
2224 5570 2382 5634 Flor.,
2416 5582 2467 5622 ut
2496 5575 2637 5636 ipso;
2663 5580 2794 5620 unus
2823 5565 3004 5628 (ἕω-1η,
3035 5564 3107 5617 ita
3134 5575 3182 5615 nt
3205 5566 3332 5633 ipso.

2168 5653 2189 5676 ⁹
2219 5641 2303 5693 Al.
2333 5641 2478 5693 addit
2506 5640 2741 5689 mundus.
2943 5658 2946 5661 -
