3866 6248
357 382 425 443 η
1582 354 1937 413 HEKAEIBI

2043 354 2052 403 t
2095 354 2219 407 LIB.
2267 356 2304 407 ι.
3485 350 3556 411 ³8

356 500 512 543 ceute
534 484 755 539 Domino
774 480 836 533 ad
861 478 1120 530 Abraham
1148 491 1161 526 ε
1190 473 1287 526 Exi
1309 473 1369 523 tle
1393 481 1522 521 terra
1550 478 1632 518 tua
1654 473 1698 516 et
1720 477 1904 528 cngtta-
1936 459 1985 514 Α
2014 461 2172 511 Adam
2204 461 2267 513 ad
2299 462 2575 529 imaginem
2597 475 2766 523 suam,
2793 475 2854 513 ac
2883 463 2948 512 de
2974 459 3137 512 latere
3157 458 3274 524 ejus
3297 459 3558 511 dormien-

361 588 498 631 tione
526 586 633 635 tuo,
661 582 706 623 et
733 572 794 622 de
813 571 962 620 domo
996 565 1148 633 patris
1184 565 1257 614 tui
1286 563 1334 612 in
1366 571 1550 612 terram
1582 569 1729 623 quam
1767 566 1910 602 uten-

363 677 582 721 stravero
601 661 719 723 tibi;
733 659 1011 727 faciamque
1030 666 1073 708 te
1095 654 1146 705 in
1164 661 1355 721 gentem
1381 661 1632 716 magnam,
1658 653 1701 693 et
1723 641 1914 692 benedi-

363 749 785 822 canttibi(Geq_es.
809 763 898 808 tu,
919 747 992 812 l),
1011 751 1110 796 etc.
1127 784 1138 802 ,
1161 755 1324 808 usque
1345 738 1467 790 dum
1492 736 1590 787 ait:
1617 734 1773 822 Atque
1793 731 1914 822 inte

365 817 717 896 benedicentur
735 839 975 888 universi:
993 823 1315 899 cognationes
1339 837 1505 878 terrw.
1531 824 1581 875 ltt
1604 838 1704 890 qua
1727 817 1912 871 videli-

365 941 451 984 cet
467 938 622 998 gente
643 928 852 980 discreti
876 923 1089 976 ordines
1114 917 1345 971 lldelium
1374 915 1517 982 quasi
1544 913 1719 970 herbae
1747 910 1916 961 viren-

371 1031 474 1082 tes,
521 1029 574 1073 et
627 1017 845 1070 arbores
873 1010 1158 1082 pomiferae,
1193 1024 1259 1061 ex
1308 1021 1406 1058 una
1450 1004 1735 1065 cadentque
1778 1009 1913 1050 terra

371 1119 395 1145 ⁸
432 1108 730 1178 prodibant,
753 1102 779 1138 δ
807 1100 1153 1168 suscipientes
1175 1098 1392 1150 imbrem
1420 1094 1684 1146 cmlestem
1710 1086 1915 1140 divino-

373 1211 489 1250 rum
507 1197 856 1262 eloquiornm.
880 1189 1067 1242 Verum
1095 1187 1179 1239 hic
1200 1199 1405 1253 qunque
1423 1182 1484 1232 ad
1509 1193 1779 1244 vesperam
1805 1193 1920 1231 ver-

373 1299 503 1352 gere
537 1280 852 1350 capitdies,
883 1292 1002 1331 cum
1044 1276 1230 1330 eadem
1274 1286 1402 1340 gens
1432 1269 1740 1331 Israelitica,
1775 1279 1827 1320 et
1855 1271 1918 1320 ll-

373 1374 494 1426 dent
530 1369 947 1437 patriarcharum
997 1377 1049 1418 et
1085 1362 1427 1417 carremonias
1477 1360 1612 1411 da'at
1665 1357 1762 1409 sibi
1795 1354 1924 1422 legis

375 1459 660 1529 abjicieus,
695 1465 994 1508 exterarum
1025 1454 1254 1521 gentium
1278 1461 1326 1504 et
1358 1450 1546 1517 p.~lluta
1571 1447 1852 1500 sceleribus
1873 1456 1927 1498 et

378 1547 603 1603 servitio
631 1547 881 1613 depressa
915 1553 1013 1596 est.
1041 1541 1354 1608 Supervenit
1379 1539 1483 1606 jam
1511 1551 1746 1606 chpera,
1772 1550 1925 1600 quan-

376 1637 447 1687 do
476 1635 585 1702 ipsa
616 1645 745 1699 gens
773 1645 873 1683 una
905 1642 1021 1680 cum
1052 1641 1172 1694 rege
1198 1640 1355 1692 quem
1400 1625 1496 1676 sibi
1538 1623 1773 1690 neglecto
1797 1620 1926 1680 Deo,

379 1724 614 1792 elegerat
651 1719 1062 1786 alienigenarum
1093 1726 1175 1769 est
1203 1714 1373 1782 gladio
1411 1712 1645 1768 maxima
1691 1725 1753 1765 et
1785 1717 1930 1777 parte

377 1811 576 1864 deleta.

451 1898 652 1962 Quarto
698 1894 782 1945 die
830 1893 1098 1948 luminaria
1144 1897 1331 1950 culum
1380 1888 1596 1952 accepit,
1648 1894 1700 1939 et
1745 1895 1928 1952 quarta

378 1987 539 2034 atate
570 1979 816 2046 prwlatns
852 1977 942 2030 Dei
975 1978 1191 2044 populus
1223 1990 1354 2030 nova
1398 1986 1479 2028 est
1508 1979 1669 2026 laetus
1696 1973 1931 2026 claritate

379 2068 716 2136 conspicuus,
754 2081 845 2134 per
876 2067 1151 2132 imperium
1181 2066 1344 2118 David
1390 2073 1442 2116 et
1471 2064 1763 2117 Salomonis
1801 2063 1931 2114 alio-

381 2174 604 2226 rumque
634 2172 812 2223 regum
845 2157 950 2210 Deo
980 2166 1190 2209 auctore
1219 2156 1571 2222 regnantium,
1598 2169 1688 2219 per
1717 2143 1932 2205 nobilis-

381 2251 574 2300 simum
607 2246 735 2300 illud
767 2246 906 2314 quod
953 2245 1199 2298 Salomon
1234 2245 1340 2297 Deo
1381 2243 1612 2296 condidit
1659 2241 1931 2309 templum,

384 2351 480 2403 per
509 2336 655 2402 signa
683 2335 1076 2398 prophetarum,
1106 2345 1220 2398 qum
1245 2332 1448 2384 cunctis
1478 2345 1656 2397 regum
1685 2340 1706 2366 ι·
1729 2345 1932 2382 eorum-

382 2425 504 2478 dem
535 2439 637 2476 non
669 2421 984 2475 destiterunt
1011 2420 1202 2474 llorere
1223 2421 1569 2492 temporibus,
1594 2422 1788 2487 perque
1813 2418 1933 2469 illud

385 2513 640 2572 maxime.
689 2511 828 2580 quod
878 2512 1048 2580 primo
1094 2525 1156 2565 ac
1194 2509 1722 2578 praeminentissimo
1761 2523 1935 2575 regunt

384 2602 487 2656 sibi
531 2601 842 2663 placentium
878 2598 1078 2668 juravit
1112 2598 1363 2652 Dominus
1397 2598 1617 2652 dicens:
1664 2597 1737 2649 De
1777 2597 1939 2662 fructu

387 2689 575 2742 ventris
604 2689 677 2740 tui
709 2704 890 2755 partem
917 2704 1066 2756 super
1089 2686 1252 2740 sedem
1272 2685 1296 2722 ά
1320 2703 1479 2741 meum
1497 2685 1611 2755 (Ps.
1628 2701 1804 2751 cum,
1830 2686 1936 2754 ll).

399 2779 591 2831 Verum
620 2785 671 2830 et
702 2778 785 2830 hic
812 2778 876 2830 ad
909 2791 1179 2844 veSperam
1205 2776 1318 2829 dies
1347 2775 1586 2829 inclinari
1613 2775 1792 2840 cmpit,
1823 2790 1939 2826 cum

394 2875 515 2934 post
543 2865 754 2917 modum
798 2874 852 2918 et
882 2878 1028 2930 reges
1075 2863 1230 2916 iidem
1262 2872 1310 2914 et
1346 2862 1539 2929 populi,
1587 2861 1837 2926 templum
1869 2861 1936 2913 le-

390 2971 586 3027 gesque
628 2955 716 3008 Dei
747 2963 1077 3020 spernentes,
1121 2953 1302 3004 vastati
1333 2967 1394 3004 ac
1422 2951 1690 3004 dilacerati
1729 2961 1848 3003 sunt
1879 2950 1944 3000 ab

395 3044 654 3096 hostibus.
688 3040 1008 3094 Gravissima
1037 3054 1161 3092 vero
1189 3040 1234 3091 ei
1264 3054 1365 3092 non
1389 3039 1555 3090 solum
1589 3031 1825 3105 vespera,
1850 3040 1940 3091 sed

2014 550 2077 600 tis
2110 547 2352 601 feminam
2382 550 2580 603 creavit
2609 548 2804 609 Evam;
2849 555 2995 601 sexta
3024 556 3178 598 attate
3217 545 3394 598 σευ(υεί
3427 546 3558 598 inter

2015 639 2205 690 inultos
2236 640 2506 702 reprobos,
2535 639 2622 706 qui
2672 637 2860 692 merito
2888 638 3222 704 serpentibus
3264 636 3559 710 comparari

2016 736 2252 792 poterant
2282 741 2343 780 ac
2370 728 2574 789 bestiis,
2609 736 2820 794 propter
2840 727 3093 780 saevitiam
3117 727 3334 787 scilicet,
3363 711 3418 778 et.
3439 729 3558 795 quia

2018 824 2124 866 toto
2149 817 2323 870 animo
2354 818 2690 870 terrestribus
2733 818 2990 872 inhatrere
3017 820 3156 871 ruris
3194 819 3270 871 vel
3303 818 3562 872 illecebris

2019 905 2120 956 nati
2152 919 2308 968 sunt;
2359 916 2412 957 et
2452 906 2622 960 sancti
2655 908 2703 959 in
2737 907 2886 974 plebe
2915 907 3005 960 Dei
3053 906 3340 974 perplures,
3373 907 3459 972 qui
3498 907 3562 960 ad

2017 994 2407 1047 similitudinem
2434 995 2744 1048 mundorum
2774 997 3079 1048 animalium
3110 995 3324 1049 verbum
3354 996 3441 1048 Dei
3476 1011 3562 1046 rn-

2022 1085 2242 1148 tninare,
2300 1087 2545 1153 ungulam
2575 1086 2908 1139 discretionis
2957 1086 3114 1138 invia
3170 1097 3369 1148 tenere,
3421 1085 3571 1138 bona'

2021 1175 2340 1243 operationis
2368 1174 2546 1242 jugutn
2574 1174 2764 1227 divina:
2800 1174 2926 1239 legis
2956 1185 3188 1241 portare,
3218 1183 3269 1226 et
3297 1174 3363 1226 de
3411 1175 3573 1227 velle-

2025 1261 2170 1314 ribus
2218 1278 2350 1329 opus
2393 1254 2542 1316 suum
2597 1262 2884 1315 calefacere
2931 1273 3208 1322 noverunt,
3251 1278 3469 1328 quorum
3515 1268 3572 1323 in

2030 1351 2316 1418 Evangelio
2348 1335 2688 1416 uli'ttt'uutque
2715 1353 2908 1403 tuentin
2929 1359 3012 1403 est
3042 1350 3251 1413 idonea,
3284 1351 3415 1401 inter
3443 1365 3575 1416 quos

2027 1439 2287 1492 secundus
2314 1440 2499 1502 Adam,
2525 1438 2779 1491 mediator
2810 1439 2899 1490 Dei
2932 1438 3172 1490 videlicet
3202 1448 3253 1490 et
3283 1438 3570 1498 hominum,

2029 1528 2080 1581 in
2111 1543 2214 1598 quo
2260 1539 2361 1580 tota
2395 1529 2660 1595 plenitudo
2705 1539 2817 1581 erat
2849 1527 3092 1596 imaginis
3140 1527 3250 1592 Dei,
3287 1529 3337 1580 in
3381 1528 3576 1580 mundo

2029 1617 2283 1681 apparuit,
2315 1625 2367 1668 et
2395 1618 2459 1668 tle
2492 1619 2650 1669 latere
2679 1618 2792 1683 ejus
2820 1617 2872 1669 itt
2904 1631 3062 1670 cruce
3088 1618 3395 1670 dormientis
3417 1618 3576 1669 exivit

2033 1706 2244 1771 sanguis
2273 1714 2324 1755 et
2350 1719 2504 1771 aqua,
2550 1706 2615 1757 de
2663 1705 2850 1773 quibus
2879 1709 3218 1760 sacramentis
3262 1709 3489 1760 nascitur
3516 1721 3578 1758 ac

1962 1801 2006 1860 Β
2035 1794 2258 1846 nutritur
2291 1795 2546 1856 Ecclesia,
2577 1792 2692 1862 qiue
2717 1807 2795 1849 est
2827 1806 2992 1849 mater
3014 1799 3246 1850 omnium
3279 1814 3371 1866 per
3398 1813 3444 1850 0|
3460 1801 3576 1851 hem

2030 1897 2152 1934 vera
2185 1883 2289 1935 vita
2318 1884 2627 1944 viventium,
2675 1885 2813 1951 quod
2850 1885 2968 1938 Eva:
3012 1901 3199 1937 nomen
3230 1901 3396 1939 sonat.
3434 1885 3579 1938 L'utlt:

2030 1972 2095 2023 de
2117 1972 2316 2024 e-sdeut
2339 1975 2680 2026 sacramentis
2702 1974 2826 2025 dicit
2855 1973 2964 2040 ipse
2991 1975 3237 2026 Dominus
3263 1992 3273 2025 :
3321 1975 3415 2039 Qui
3443 1990 3582 2024 nuut-

2033 2065 2181 2113 ἄαται
2224 2079 2383 2114 meam
2410 2079 2626 2126 cantem,
2655 2074 2701 2115 et
2743 2064 2859 2115 bibit
2889 2080 3049 2114 meum
3095 2065 3406 2129 sanguinem,
3437 2064 3585 2114 habet

2033 2157 2181 2208 vitam
2209 2169 2445 2207 mentum
2493 2154 2665 2223 (Joan.
2698 2171 2768 2221 vt,
2797 2154 2907 2223 53).
2959 2153 3120 2222 Cujus
3168 2156 3268 2209 dici
3315 2171 3583 2223 vi-sperant

2031 2245 2134 2312 jaut
2168 2261 2304 2298 nunc
2345 2247 2763 2312 appropinquare
2789 2249 3074 2308 cernimus,
3116 2262 3254 2307 etim,
3285 2245 3586 2298 alntudante

2038 2349 2129 2399 per
2163 2336 2335 2386 omnia
2380 2334 2668 2400 iniquitate,
2702 2333 2988 2401 refrigescit
3020 2335 3247 2386 chariL-s
3279 2335 3582 2386 multorum.

2038 2422 2477 2476 Advenietautent
2496 2422 2656 2472 multo
2677 2422 3003 2475 tenebrosiur
3020 2422 3245 2482 ueteris,
3266 2434 3405 2482 cum,
3423 2433 3582 2486 appa-

2041 2519 2187 2564 reute
2209 2510 2421 2562 homine
2448 2510 2665 2577 peccati,
2691 2511 2797 2561 lilio
2821 2508 3508 2576 iniquitatis,1uiextollitur
3535 2519 3590 2562 et

2040 2602 2271 2654 elevatur
2294 2614 2452 2664 super
2474 2613 2628 2651 omne
2648 2599 2784 2665 quod
2800 2599 2987 2651 dicitur
3011 2599 3165 2659 Deus,
3188 2607 3278 2649 aut
3305 2600 3439 2665 quod
3463 2598 3584 2649 coli-

2045 2699 2147 2752 tur,
2181 2695 2325 2751 tanta
2353 2685 2509 2739 fuerit
2534 2687 2822 2751 tribulatio,
2848 2697 2902 2738 ut
2926 2688 2975 2738 in
2998 2701 3231 2739 errorem
3255 2688 3568 2738 inducantur

2042 2778 2083 2827 si
2117 2776 2224 2827 lieri
2253 2784 2443 2840 potest,
2474 2777 2630 2827 etiam
2662 2774 2834 2827 electi.
2863 2776 3225 2843 Subsequeute
3252 2776 3429 2828 statim
3463 2776 3588 2826 hora

2044 2865 2350 2916 universalis
2376 2863 2554 2929 jtulicii
2590 2864 2654 2914 de
2681 2879 2780 2930 qua
2808 2864 3058 2929 scriptum
3077 2875 3158 2916 est
3188 2881 3199 2914 :
3240 2863 3524 2916 Venantum
3558 2883 3594 2915 ir

2049 2951 2210 3004 Filius
2257 2955 2467 3004 hominis
2515 2954 2733 3017 veniens,
2780 2961 2950 3019 putas,
3000 2954 3213 3006 inveniet
3243 2965 3304 3004 .ct
3348 2954 3493 3005 ﬁdem
3538 2954 3592 3005 its

2048 3051 2174 3092 terra
2201 3040 2348 3105 (Luc.
2384 3055 2526 3099 svnt,
2557 3039 2647 3107 8)?

391 3149 495 3185 nos
521 3132 770 3194 succedit,
797 3146 912 3182 cum
943 3141 1104 3182 totum
1131 3128 1253 3180 illud
1283 3143 1494 3192 regnum
1521 3142 1783 3188 eversum,
1812 3137 1913 3179 tetn
1966 3120 2014 3183 C
2117 3131 2353 3197 Septimo
2395 3129 2476 3182 dic
2505 3131 2760 3194 requievit
2807 3129 2946 3182 Deus
2972 3130 3037 3183 ab
3065 3133 3305 3183 omnibus
3343 3130 3591 3197 operibus

393 3224 539 3288 plum
571 3224 855 3280 incensum,
892 3220 1112 3286 papulus
1143 3225 1224 3270 est
1253 3219 1303 3270 itt
1338 3218 1674 3286 Babyloniam
1705 3219 1942 3285 captivus

391 3310 572 3364 omnis
601 3310 873 3360 abductus.
951 3326 971 3334 s

467 3399 659 3462 Quinto
705 3396 789 3449 die
839 3395 1194 3462 produxerunt
1220 3408 1381 3466 pqute
1421 3395 1621 3460 repttlia
1652 3396 1942 3447 animarum

392 3486 703 3548 viventium,
731 3495 784 3536 et
814 3482 1040 3535 volatilia
1071 3483 1298 3534 volantia
1327 3497 1485 3547 super
1516 3494 1704 3534 terram
1737 3484 1834 3534 sub
1861 3484 1947 3534 lir-

411 3581 676 3625 mameuto
700 3572 854 3634 ctuti;
882 3580 936 3623 et
966 3571 1140 3637 quinta
1173 3579 1324 3622 attate
1353 3579 1627 3622 creverunt
1659 3569 1748 3620 lilii
1783 3580 1947 3621 trans-

401 3661 750 3729 tnigrationis,
797 3671 849 3713 et
879 3658 1198 3726 multiplicati
1243 3658 1445 3709 suntin
1493 3657 1801 3723 BabyloneL
1832 3671 1946 3721 qua:

399 3766 547 3818 saepe
573 3758 822 3816 aquarum
861 3750 1068 3800 nomine
1109 3747 1426 3812 designatur.
1469 3745 1698 3810 Quorum
1741 3745 1946 3815 plurimi

404 3839 604 3891 ibidem
633 3838 780 3906 quasi
804 3840 854 3889 in
883 3838 1030 3902 aquis
1054 3834 1221 3902 pisces
1243 3835 1497 3897 residere,
1520 3852 1550 3887 e
1570 3837 1754 3903 quibus
1777 3847 1947 3888 tamen

397 3938 556 3982 erant
583 3928 816 3980 nonnulli
847 3929 934 3994 qui
969 3929 1111 3979 velut
1138 3927 1235 3979 ceti
1268 3925 1436 3992 magni
1463 3918 1718 3979 dominari
1751 3929 1951 3992 magnis

400 4017 644 4071 ﬂuctibus
674 4016 850 4068 sa-culi
887 4031 1044 4081 quam
1075 4021 1272 4068 servire
1302 4016 1635 4078 studuerunt,
1665 4017 1783 4083 quia
1813 4017 1953 4068 nullo

403 4116 605 4158 terrore
649 4106 712 4155 ad
758 4105 1109 4156 idololatriam
1163 4104 1437 4167 depravari
1488 4116 1784 4170 potuerunt.
1829 4106 1951 4169 Alii,

400 4194 576 4245 soluta
601 4190 919 4256 captivitate,
950 4191 1096 4258 quasi
1126 4193 1356 4256 acceptis
1385 4195 1564 4256 pennis
1587 4193 1858 4258 libertatis,
1890 4195 1951 4244 ntl

405 4290 600 4330 terrain
635 4278 791 4330 Israel
837 4278 1033 4328 revetsi
1074 4288 1215 4339 sunt,
1247 4289 1301 4330 et
1331 4280 1493 4330 instar
1522 4280 1803 4332 volantium
1849 4289 1953 4333 tota

405 4370 694 4423 intentione
723 4368 955 4420 caelestia
1005 4369 1266 4435 petebant,
1301 4370 1368 4420 ita
1411 4380 1468 4423 ut
1504 4372 1661 4423 etiam
1705 4373 1951 4439 templum

2046 3219 2174 3285 suis,
2210 3231 2262 3273 et
2308 3219 2654 3271 sanetilicavit
2679 3228 2732 3272 et
2760 3219 3025 3272 benedixit
3051 3219 3232 3282 illum;
3281 3227 3334 3271 et
3373 3220 3592 3285 septima

2046 3322 2124 3364 est
2155 3323 2282 3363 aetas
2308 3322 2568 3379 perpetua:
2590 3311 2779 3377 quietis
2810 3311 2859 3362 in
2893 3311 2989 3362 alia
3023 3312 3146 3372 vita,
3179 3311 3228 3361 in
3256 3327 3355 3376 qua
3389 3311 3594 3375 requie-

2046 3403 2144 3455 scit
2176 3404 2309 3455 Deus
2354 3419 2470 3454 cum
2516 3403 2709 3454 sanctis
2735 3399 2840 3451 suis
2894 3399 2943 3449 in
2986 3411 3238 3450 asternum
3287 3413 3402 3464 posr
3433 3411 3594 3463 opera

2049 3491 2202 3551 bona,
2233 3506 2349 3556 qua:
2377 3500 2619 3556 Operatur
2645 3488 2695 3538 in
2725 3489 2800 3538 eis
2829 3501 2920 3552 per
2947 3500 3036 3539 sex
3078 3486 3230 3554 hujus
3263 3487 3437 3539 εωθιιῆ
3465 3499 3600 3539 teta-

2054 3589 2150 3628 tes.
2181 3578 2301 3628 ilwc
2327 3588 2498 3629 autem
2522 3588 2648 3629 retas
2673 3590 2889 3628 summa:
2929 3577 3067 3642 pacis
3103 3585 3155 3629 et
3180 3576 3370 3643 quietis
3397 3576 3450 3629 in
3488 3577 3598 3630 Deo

2048 3665 2256 3731 quidem
2288 3675 2388 3728 est,
2420 3676 2472 3718 et
2501 3667 2598 3719 erit
2627 3668 2944 3732 sempiterna
2970 3683 2985 3728 ;
3029 3667 3120 3718 sed
3151 3667 3447 3720 hominibus
3475 3679 3598 3720 tunc

2050 3757 2229 3821 coepit,
2278 3756 2486 3821 quando
2533 3766 2880 3825 protomartyr
2930 3755 3055 3807 Abel
3112 3771 3334 3823 c0rpore
3386 3757 3595 3823 quidem

2051 3848 2230 3900 sedem
2259 3849 2505 3914 sepulcri,
2557 3849 2728 3899 anima
2764 3861 2892 3898 vero
2923 3847 3164 3913 gaudium
3205 3849 3324 3897 vitae
3354 3849 3598 3911 perennis

2053 3937 2292 3994 tnlravit,
2344 3937 2425 3987 ubi
2475 3937 2603 3991 vidit
2653 3936 3063 4003 requiesceutetn
3122 3949 3397 4000 pauperem
3452 3936 3599 3986 dives

2057 4023 2165 4085 ille,
2197 4038 2315 4074 cunt
2339 4024 2470 4088 apud
2507 4026 2698 4076 inlerns
2730 4028 2840 4088 ipse
2863 4031 3208 4086 torqueretur.
3239 4023 3600 4077 l‘erseverabit

2054 4120 2224 4162 autent
2260 4111 2343 4164 hic
2375 4113 2720 4163 salbatismns
2768 4112 3054 4162 animarum
3097 4120 3388 4162 sanctarum
3437 4127 3606 4178 usque

2054 4199 2116 4250 ad
2165 4198 2318 4252 linem
2364 4200 2561 4262 sa'culi,
2595 4209 2647 4254 et
2695 4214 2810 4252 cum
2858 4201 3034 4250 ultima
3079 4208 3208 4251 aetas
3256 4201 3434 4252 smculi
3486 4214 3602 4269 post

2055 4305 2324 4356 vesperam
2354 4305 2527 4355 suam,
2561 4291 2625 4343 de
2654 4306 2754 4357 qua
2781 4290 2976 4355 pratlati
3007 4302 3210 4351 sumus,
3243 4292 3418 4351 linetn,
3443 4290 3604 4343 inter-

2058 4380 2194 4432 iecto
2224 4395 2314 4445 per
2345 4380 2616 4431 Dominum
2647 4379 2826 4431 Jesunt
2857 4378 3202 4441 Antichristo,
3238 4387 3260 4412 °
3287 4381 3602 4446 percrperit,

401 4475 470 4512 ac
519 4461 778 4510 civitatem
830 4457 1323 4520 Dei.rea-dtlicare,
1371 4461 1535 4528 legent
1585 4476 1787 4527 quoque
1816 4437 1937 4528 ejus

2058 4478 2174 4520 tunc
2223 4477 2276 4520 et
2323 4469 2432 4534 ipse
2482 4467 2832 4521 sabbatismus
2878 4467 3062 4534 majori
3121 4469 3487 4521 benedictione
3542 4482 3604 4520 ac

401 4563 611 4600 annuna
642 4549 886 4600 instantia
927 4556 1239 4606 restaurare,
1285 4550 1594 4618 niterentur.
1636 4551 1737 4603 Sed
1768 4567 1956 4615 appro-

407 4638 588 4702 ptabat
623 4648 858 4699 vespera,
889 4648 1007 4686 cum
1057 4636 1408 4698 postmodum,
1458 4635 1592 4688 inter
1619 4638 1746 4690 alias
1792 4639 1957 4690 scele-

403 4725 836 4792 rumvteuebras,
877 4722 1032 4775 etiam
1081 4723 1380 4775 domesticis
1422 4734 1600 4777 contra
1642 4740 1699 4778 se
1738 4726 1954 4780 invicem

404 4813 671 4868 dissidere
715 4809 1066 4872 conﬂictibus,
1113 4811 1398 4876 patriaque
1443 4825 1551 4863 suae
1582 4812 1829 4868 Romanis
1858 4816 1956 4884 ipsi

408 4903 561 4956 fuere
587 4888 908 4969 proditores:
935 4912 1050 4962 qua:
1070 4905 1123 4949 et
1147 4897 1378 4961 advenit,
1401 4912 1519 4950 cum
1541 4913 1632 4953 eos
1660 4916 1760 4954 non
1788 4905 1956 4956 solum

408 4990 722 5043 tributarios
750 4985 909 5047 efﬁci,
951 4983 1042 5038 sed
1083 4985 1236 5037 etiam
1272 4984 1580 5054 alienigena:
1610 4991 1747 5056 regis
1787 4992 1959 5046 couti-

410 5076 576 5144 sisset
607 5075 825 5142 imperio
857 5072 1027 5126 subdi.

489 5160 651 5215 Sesto
677 5163 764 5216 die
795 5173 929 5215 terra
973 5161 1235 5227 jumenta,
1283 5161 1480 5215 bestias
1523 5172 1576 5216 et
1605 5167 1806 5231 reptilia
1837 5183 1956 5236 pro-

416 5249 587 5313 duxit,
611 5263 721 5315 quo
743 5250 898 5303 etiam
928 5250 1012 5304 die
1038 5250 1233 5302 creavit
1264 5248 1400 5303 Deus
1433 5253 1692 5304 hominem
1733 5256 1954 5320 primum

496 5440 518 5465 ⁸
553 5430 655 5491 ΑΙ..
691 5430 981 5493 prodebant.

495 5499 519 5534 ιο
554 5501 659 5549 ltuo
688 5511 836 5556 tnss.,
866 5500 1179 5566 suscipiente.

497 5577 519 5604 ε
555 5566 669 5618 Μεε.
706 5579 808 5615 non
834 5565 1021 5618 habent
1039 5569 1344 5620 earumdem.
1425 5575 1438 5585 ‘

491 5639 517 5671 α
550 5635 621 5688 ita
653 5633 772 5687 Mss.
807 5632 964 5695 Editi,
997 5643 1150 5688 tuam.

1284 5543 1324 5555 ..οι

2055 4559 2467 4612 sanctiﬁcatione
2520 4557 2920 4611 resurrectionis
2973 4559 3035 4610 ad
3087 4558 3244 4609 vitam
3295 4567 3605 4625 perpetuam

2055 4647 2362 4713 corporibus
2391 4647 2688 4698 donabitur.
2735 4645 2796 4696 Et
2823 4646 2941 4696 ideo
2965 4645 3097 4696 bene
3123 4645 3345 4710 Septimo
3381 4645 3484 4698 diei
3513 4660 3600 4699 ve-

2057 4750 2206 4803 spera
2251 4736 2571 4787 successisse
2617 4748 2718 4784 non
2772 4732 2978 4800 legitur,
3028 4733 3151 4800 quia
3204 4735 3470 4787 tristitiam
3500 4752 3600 4802 qua

2059 4822 2366 4876 terminetur
2388 4821 2608 4887 septima
2641 4820 2753 4872 hanc
2782 4830 2932 4886 tetas,
2965 4822 3158 4873 nullam
3190 4822 3434 4884 habebit;
3475 4825 3601 4889 quin

2059 4911 2230 4979 potius
2273 4907 2512 4975 ampliori
2567 4907 2764 4971 ltetitia,
2811 4918 2866 4960 ut
2894 4910 3141 4970 diximus,
3190 4918 3385 4961 octava:
3433 4909 3612 4961 astatis

2060 4999 2343 5069 perlicitur,
2383 4997 2517 5050 illius
2547 4998 2792 5051 videlicet
2830 5014 2949 5065 qua:
2980 5013 3070 5066 per
3102 5000 3320 5066 gloriam
3371 5013 3600 5049 resurre-

2059 5078 2246 5144 ctionis
2275 5099 2394 5138 tunc
2431 5084 2704 5153 incipiens,
2739 5099 2861 5139 cum
2902 5087 3012 5138 huic
3042 5097 3152 5136 t0ta
3180 5087 3282 5137 vita
3315 5085 3610 5147 transierit.

2063 5179 2206 5231 nullo
2235 5189 2459 5243 unquam
2491 5175 2614 5235 line,
2644 5173 2782 5226 nulla
2813 5189 2984 5229 rerum
3013 5175 3390 5236 vicissitudine,
3415 5189 3442 5225 a
3471 5189 3596 5224 cutt-

2063 5264 2360 5334 lemplando
2391 5261 2478 5314 Dei
2507 5262 2646 5314 vultu
2676 5263 3104 5316 trausmutabitur
3132 5261 3176 5314 ί.

2135 5451 2156 5476 θ
2186 5448 2292 5499 Αἱ..
2314 5439 2600 5504 perfecerit.

2137 5507 2153 5542 τ
2186 5508 2276 5558 llic
2297 5502 2540 5556 desinunt
2569 5504 2726 5565 Editi,
2751 5513 2903 5568 atque
2933 5502 3016 5555 hic
3037 5503 3307 5558 desinebat
3334 5507 3463 5560 liber
3495 5510 3596 5566 pri-

2064 5587 2175 5622 mus
2203 5589 2267 5624 ex
2304 5573 2402 5641 illis
2429 5573 2629 5626 duobus
2670 5587 2818 5638 quos,
2879 5584 3152 5638 antequam
3206 5579 3497 5641 scripsisset
3546 5577 3599 5626 in

2073 5643 2300 5702 Butram,
2354 5640 2500 5692 Acca:
2558 5646 2690 5692 antis
2719 5641 2772 5691 iti
2821 5644 3130 5709 nuncupaiit
3177 5640 3328 5707 Beda,
3378 5645 3423 5695 id
3462 5651 3608 5712 quiut.
