3866 6248
457 346 524 402 59

879 347 887 354 ’
940 346 1137 400 ΒΕΟΑΕ
1187 345 1640 400 VENERABILIS
1678 345 1952 399 OPERUM
1996 297 2172 407 PARS;
2209 341 2766 396 ll.—-EXEGETlCA
2808 342 3132 395 GENUINA.

3578 343 3646 393 ιο

529 468 553 495 ⁸
579 460 698 511 Ista:
741 455 1079 525 generationes
1121 455 1230 506 caeli
1275 465 1319 506 et
1365 465 1510 507 terra:
1547 434 1748 522 quando
1774 453 1798 490 δ
1822 463 2001 506 creata
2030 458 2074 517 Α
2104 461 2206 504 tum
2235 453 2363 520 agri,
2394 461 2656 514 antequam
2686 455 2899 503 oriretur
2938 453 2989 503 in
3021 460 3173 515 terra,
3205 467 3497 511 omnemque
3534 453 3648 504 her-

459 557 592 602 sunt.
625 545 733 598 Hac
762 544 1096 597 conclusione
1119 543 1387 607 Scriptura
1420 542 1583 610 tangit
1608 555 1700 594 eos
1723 543 1811 609 qui
1844 555 1995 593 mun-

460 642 582 692 dum
626 639 739 691 sine
789 635 934 688 initio
987 649 1195 701 semper
1239 630 1399 686 fuisse
1447 633 1730 695 aftirmant,
1785 633 1863 686 vel
1910 633 1999 700 qui

463 726 650 777 factum
704 723 910 790 quidem
963 733 989 770 a
1023 719 1127 771 Deo
1180 726 1392 786 putant,
1441 733 1620 771 verum
1669 733 1734 772 ex
1780 719 1996 771 materia

461 828 616 882 quam
675 827 776 865 nun
826 810 1010 863 fecerit
1058 809 1214 871 Deus,
1269 804 1379 861 sed
1411 823 1527 874 qua:
1579 818 1840 862 coaeterna
1898 807 1998 876 ipsi

462 902 657 969 absque
686 900 830 952 initio
870 897 1023 951 fuerit
1054 897 1310 949 Creatori.
1344 907 1367 935 ε
1400 896 1532 949 Dicit
1560 897 1696 949 enim
1725 894 1749 932 τ’
1781 909 1997 965 genera-

462 993 636 1044 tiones
662 990 780 1043 cmli
809 996 862 1042 et
899 995 1051 1040 terra:
1098 985 1265 1053 ipsum
1297 985 1532 1038 ordinem
1561 984 1751 1038 divina:
1797 975 2000 1037 institu-

462 1079 641 1143 tionis,
673 1093 776 1146 quo
811 1085 1024 1130 ornatus
1059 1088 1240 1126 eorum
1279 1088 1370 1140 per
1399 1087 1555 1140 Opera
1590 1087 1681 1125 sex
1711 1071 1908 1138 dit-rum
1935 1071 1998 1123 ad

463 1168 604 1222 illam
635 1181 798 1233 usque
824 1163 1224 1232 perfectionem,
1254 1178 1368 1230 quae
1389 1163 1627 1228 superius
1652 1169 1732 1212 est
1756 1160 1999 1225 designa-

477 1264 550 1319 ta,
575 1254 828 1321 pervenit,
853 1252 997 1320 juxta
1023 1251 1158 1318 quod
1189 1252 1240 1302 in
1270 1249 1527 1318 Decalogo
1571 1249 1700 1314 legis
1724 1262 1832 1300 sua:
1872 1247 2003 1299 dixit

467 1345 580 1408 ipse
605 1342 858 1395 Conditor
879 1359 895 1391 :
926 1340 1032 1394 Sea:
1063 1340 1192 1391 enim
1216 1338 1392 1391 diebus
1412 1338 1526 1406 fecit
1556 1337 1799 1389 Dominus
1826 1337 2002 1388 cretum

466 1443 514 1486 et
539 1440 744 1492 terram,
761 1445 897 1480 mare
916 1438 962 1480 et
983 1427 1147 1480 omnia
1166 1443 1277 1494 qute
1291 1427 1340 1479 in
1362 1428 1432 1478 eis
1447 1435 1560 1479 sunt
1579 1424 1769 1493 (Exod.
1788 1440 1872 1488 xx,
1891 1423 1999 1490 ll);

467 1521 603 1588 quod
642 1535 762 1573 vero
793 1517 1062 1587 sequitur:
1097 1517 1161 1569 In
1189 1518 1268 1569 die
1291 1533 1387 1585 quo
1413 1517 1528 1585 fecit
1558 1514 1800 1568 Dominus
1826 1513 2002 1567 caelum

467 1621 513 1662 et
541 1618 746 1672 terram,
773 1616 819 1659 et
837 1621 979 1659 omne
1005 1604 1272 1674 virgultum
1295 1605 1405 1673 agri
1432 1614 1696 1671 antequam
1721 1605 1932 1656 oriretur
1950 1603 2003 1655 in

468 1706 601 1748 terra
621 1710 906 1761 omnemque
924 1693 1125 1745 herbam
1145 1694 1362 1760 regionis
1389 1693 1672 1760 priusquam
1686 1692 2002 1760 germinaret,

2097 536 2210 588 bam
2237 537 2450 604 regionis
2491 537 2781 606 priusquam
2808 540 3127 606 germinaret.
3178 540 3322 604 Quod
3373 541 3416 592 si
3464 543 3517 592 in
3556 541 3650 594 die

2096 637 2249 693 quem
2295 624 2439 686 dicit,
2490 633 2698 692 tempus
2738 627 3069 694 intelligimus
3120 627 3244 680 illud
3287 627 3644 694 designatum,

2097 710 2306 778 quando
2354 719 2476 764 ante
2503 725 2711 764 omnem
2761 712 2914 781 hujus
2943 715 3119 766 saeculi
3169 715 3306 766 diem
3357 716 3489 767 facta
3519 727 3648 770 sunt

2097 797 2274 849 omnia
2303 795 2480 858 simul,
2512 797 2678 851 facilis
2709 810 2848 865 patet
2893 815 3079 856 sensus
3125 802 3260 868 quod
3291 809 3346 856 et
3387 805 3548 856 herba
3588 814 3647 858 et

2097 886 2255 939 arbor
2280 887 2450 938 omnis
2478 895 2502 932 ι
2537 887 2587 939 in
2620 887 2780 954 ipsius
2811 896 2962 942 terra
2995 890 3284 943 substantia
3316 889 3381 942 sit
3418 892 3641 944 cattsztli-

2099 983 2179 1028 ter
2220 974 2353 1028 facta
2385 976 2686 1044 priusquam
2715 976 2992 1047 visibiliter
3026 979 3288 1031 orirentur
3327 992 3413 1031 aut
3443 981 3646 1045 germi-

2100 1072 2285 1117 narent
2312 1080 2374 1118 ex
2408 1072 2568 1120 terra.
2608 1066 2699 1120 Sin
2745 1075 2917 1120 autem
2963 1068 3364 1136 appellationi-ni
3412 1071 3536 1132 diei,
3585 1079 3647 1123 ut

2097 1152 2500 1217 consequentius
2524 1152 2858 1218 arbitramur,
2889 1169 2985 1219 pro
3015 1153 3391 1221 signiﬁcatione
3419 1157 3646 1224 positam

2099 1239 2411 1310 accipiamus
2437 1241 2687 1306 temporis
2735 1241 2872 1294 illius
2913 1242 2962 1294 in
3005 1257 3107 1311 quo
3152 1244 3375 1296 mundus
3423 1247 3522 1298 iste
3552 1259 3647 1311 per

2100 1340 2192 1379 sex
2219 1325 2335 1380 dies
2373 1325 2542 1379 factus
2577 1336 2632 1380 et
2659 1339 2874 1380 ornatus
2901 1335 3002 1393 est,
3035 1343 3308 1395 possumus
3352 1331 3646 1399 intelligeie

2099 1413 2219 1480 quia
2260 1427 2398 1467 nunc
2427 1414 2658 1481 apertius
2696 1414 2964 1482 Scriptura
2996 1418 3216 1470 voluerit
3245 1417 3507 1480 explicare
3541 1434 3647 1484 quo

2101 1501 2255 1555 modo
2278 1515 2436 1569 supra
2468 1501 2657 1555 dixerit
2685 1503 2802 1571 quia
2830 1504 3037 1569 protulit
3076 1514 3208 1555 terra
3234 1505 3433 1556 herbam
3475 1506 3640 1557 uiren-

2102 1599 2196 1642 tem
2224 1598 2270 1642 et
2296 1589 2582 1655 efferentem
2618 1606 2781 1642 semen
2799 1592 2950 1659 juxta
2981 1607 3131 1657 genus
3155 1608 3320 1662 suum,
3357 1591 3647 1660 lignumque

2104 1678 2289 1739 faciens
2308 1681 2540 1745 fructum.
2575 1677 2686 1730 Non
2729 1677 2865 1730 enim
2915 1681 2990 1731 sic
3037 1679 3086 1730 in
3135 1680 3417 1743 primordio
3468 1696 3644 1732 rerum

473 1768 795 1852 υεφίπρυηω
825 1758 1141 1835 ⁷ηιοπηοηιω
1190 1758 1278 1832 ὑεῖ
1324 1758 1593 1832 sementim
1637 1758 1803 1833 νίδοιοί
1849 1779 2006 1833 debet
2033 1758 2080 1817 Β
2107 1764 2218 1818 haec
2244 1773 2381 1817 terra
2411 1763 2440 1800 ιι
2469 1764 2713 1832 produxit
2738 1765 2998 1831 quomodo
3029 1781 3162 1815 nunc
3191 1767 3275 1816 ubi
3301 1766 3532 1832 irrigatio
3561 1769 3647 1816 att-

469 1875 761 1936 adversum,
793 1872 884 1925 sed
932 1881 1109 1937 aperte
1151 1867 1388 1938 intelligi,
1437 1869 1554 1937 quia
1585 1867 1720 1937 diem
1753 1869 1850 1921 hoc
1889 1868 2004 1922 loco

471 1965 734 2029 Scriptura
766 1976 859 2028 pro
885 1958 1023 2012 omni
1052 1958 1143 2011 illo
1185 1965 1422 2023 tempore
1452 1955 1624 2020 posuit
1650 1971 1754 2024 quo
1782 1957 2005 2023 primor-

453 2038 622 2104 dialis
650 2059 886 2102 creatura
921 2045 1136 2100 formata
1164 2052 1266 2098 est.
1299 2045 1476 2111 Neque
1500 2044 1641 2096 enim
1669 2043 1719 2096 in
1743 2057 1847 2096 uno
1875 2057 2003 2108 quo-

473 2139 600 2190 libet
631 2152 719 2189 sex
757 2137 957 2188 dierum
1007 2133 1198 2188 cmlum
1253 2131 1439 2184 factum
1485 2139 1587 2195 est,
1617 2132 1699 2185 vel
1750 2130 2004 2184 sideribus

471 2226 809 2288 illustratum,
835 2231 888 2276 et
915 2232 1050 2276 terra
1080 2230 1161 2275 est
1187 2231 1427 2287 separata
1447 2220 1514 2272 ab
1538 2222 1706 2284 aquis,
1738 2227 1891 2285 atque
1921 2234 2003 2270 ar-

469 2313 682 2368 boribus
706 2323 760 2366 et
788 2313 960 2366 herbis
988 2312 1223 2372 consita;
1256 2310 1346 2360 sed
1381 2323 1524 2360 more
1553 2307 1647 2360 sibi
1678 2309 1834 2360 solito
1862 2307 2003 2359 Scri-

469 2409 618 2466 ptura
643 2399 781 2452 diem
809 2413 904 2467 pro
929 2407 1162 2464 tempore
1187 2392 1374 2461 posuit,
1409 2395 1669 2461 quomodo
1709 2403 1759 2446 et
1784 2396 2002 2461 Aposto-

467 2487 567 2548 lus,
599 2500 714 2540 cum
747 2489 819 2537 ait
851 2502 864 2537 :
898 2483 1024 2536 Ecce
1050 2498 1180 2535 nunc
1202 2483 1306 2534 dies
1344 2481 1520 2534 salutis
1559 2479 1640 2548 (ll
1673 2480 1790 2533 Cor.
1824 2496 1897 2546 vt,
1923 2480 2001 2548 2),

469 2589 572 2625 non
628 2585 788 2624 unum
835 2569 1128 2637 specialiter
1176 2568 1355 2631 diem,
1394 2567 1487 2620 sed
1530 2578 1694 2621 totum
1745 2569 2004 2639 significat

469 2643 673 2725 tempus
703 2658 800 2710 hoc
827 2671 930 2723 quo
972 2656 1022 2709 in
1053 2655 1296 2723 praesenti
1334 2653 1436 2707 vita
1490 2670 1581 2720 pro
1619 2668 1812 2709 as'erna
1842 2658 2006 2710 salute

468 2746 789 2799 laboramus.
823 2746 887 2796 Et
929 2744 1184 2811 propheta
1213 2758 1314 2796 non
1343 2743 1410 2797 de
1439 2757 1541 2797 uno
1570 2744 1870 2812 specialiter
1899 2746 2002 2808 die,

470 2833 565 2888 sed
593 2834 659 2884 de
689 2833 910 2900 plurimo
939 2840 1174 2896 tempore
1200 2830 1387 2883 divinae
1413 2829 1593 2898 gratia
1629 2831 1756 2884 dicit
1783 2847 1797 2885 :
1830 2831 1894 2884 In
1929 2833 2007 2886 die

469 2920 559 2972 illa
589 2920 788 2972 audient
836 2919 974 2970 turdi
1019 2919 1164 2970 verba
1190 2918 1303 2970 libri
1333 2914 1488 2984 'Ituitts
1524 2917 1674 2988 (Isai.
1709 2934 1858 2984 xxtx,
1893 2921 2000 2989 l8).

475 3007 736 3061 Ceterum
790 3007 1001 3061 difﬁcile
1042 3007 1304 3062 intellectu
1349 3017 1430 3060 est
1473 3007 1732 3074 quomodo
1763 3008 1811 3059 in
1853 3016 1877 3043 ο
1907 3008 2007 3061 hoc

469 3097 559 3150 die
587 3095 762 3151 fecerit
789 3096 925 3149 Deus
952 3097 1140 3150 ctelum
1175 3107 1230 3151 et
1259 3105 1447 3150 terram
1469 3106 1522 3150 et
1548 3090 1702 3148 omne
1728 3097 2002 3165 virgultum
2033 3064 2081 3125 ο

474 3187 607 3254 agri,
633 3201 943 3253 omnemque
971 3187 1180 3240 herbam
1209 3187 1453 3254 regionis,
1499 3185 1597 3254 nisi
1645 3184 1777 3238 forte
1815 3186 2007 3240 dixeri-

475 3289 590 3328 mus
617 3274 753 3342 quod
783 3273 835 3325 in
863 3275 1075 3325 materia
1109 3272 1316 3325 infotmi
1356 3273 1546 3337 pariter
1582 3275 1750 3336 omnis
1773 3281 2007 3325 creatura

472 3362 543 3416 sit
566 3363 718 3422 facta,
743 3360 890 3428 juxta
939 3361 1038 3412 hoc
1080 3360 1217 3428 quod
1258 3361 1507 3426 scriptum
1534 3368 1646 3413 est:
1700 3361 1799 3425 Qui
1819 3363 1930 3413 vivit
1956 3363 2008 3413 in
2036 3422 2052 3432 ι

474 3461 712 3502 ceternum
733 3448 915 3500 creauit
937 3450 1105 3500 omnia
1129 3446 1277 3498 simul
1309 3444 1496 3515 (Eccli.
1521 3463 1663 3511 xvnt,
1693 3450 1763 3512 Ι),
1795 3449 1884 3500 sed
1913 3447 2014 3500 hoc

478 3539 653 3604 utique
676 3545 795 3588 ante
824 3551 1030 3588 munem
1077 3537 1214 3586 diem
1245 3537 1397 3602 ltujus
1425 3537 1598 3590 saeculi
1631 3537 1776 3600 fecit,
1813 3553 1930 3591 cum
1960 3539 2008 3590 in

478 3627 735 3697 principio
756 3625 947 3678 cmlum
972 3624 1240 3676 creavitet
1262 3633 1474 3689 terram,
1504 3626 1708 3692 quando
1737 3635 1788 3678 et
1808 3629 1851 3679 si
1873 3637 2009 3680 terra

479 3725 593 3769 erat
613 3713 780 3766 inanis
799 3723 852 3765 et
872 3727 1053 3774 vacua,
1075 3720 1128 3762 et
1150 3711 1377 3763 tenebrat
1399 3719 1548 3764 orant
1567 3726 1723 3778 super
1741 3711 2009 3780 abyssum,

478 3810 532 3860 in
560 3803 720 3870 ipsius
749 3814 921 3856 tamen
947 3812 1098 3854 terra:
1127 3813 1179 3854 et
1206 3803 1400 3870 abyssi,
1432 3801 1480 3853 id
1508 3812 1614 3866 est,
1648 3817 1892 3870 aquarum
1923 3819 2014 3855 na-

484 3903 597 3946 tura
624 3892 774 3959 quasi
815 3905 907 3957 per
933 3889 1270 3942 substantiam
1297 3891 1595 3943 seminalem
1627 3891 1779 3944 simul
1806 3891 2012 3944 condita

483 3980 736 4041 latebant,
765 3992 880 4044 quae
911 3975 1238 4042 postmodum
1283 3991 1348 4028 ex
1393 3978 1472 4028 bis
1518 3975 1537 4013 ί
1566 3992 1722 4044 opere
1753 3976 2015 4032 Creatoris

484 4085 586 4122 non
613 4068 764 4121 simul
789 4075 937 4119 erant
959 4065 1321 4132 producenda;
1349 4066 1566 4133 ideoque
1585 4068 1624 4120 si
1651 4068 1749 4119 hoc
1772 4067 2014 4132 dicimus,

482 4162 547 4215 ad
595 4159 835 4214 eumdem
880 4155 1160 4210 revolvitur
1190 4169 1475 4210 memorata
1506 4160 1722 4223 quaestio
1756 4160 1929 4221 linem,
1961 4169 2016 4210 ut

483 4249 881 4317 appellatinttem
910 4246 1011 4299 diei
1042 4260 1133 4312 pro
1170 4245 1544 4312 significatione
1588 4246 1834 4312 temporis
1866 4245 2016 4312 νομί-

486 4350 591 4391 tam
631 4338 1002 4404 intelligamus,
1031 4336 1166 4388 illius
1211 4335 1468 4395 videlicet,
1501 4348 1602 4399 quo
1647 4335 1760 4385 tunc
1800 4333 1936 4384 Deus
1964 4332 2013 4383 in

490 4426 745 4493 principio
781 4424 935 4477 simul
973 4431 1158 4474 cuncta
1195 4421 1432 4474 creavit:
1465 4419 1530 4472 In
1567 4422 1664 4484 die,
1709 4421 1890 4486 inquit,
1921 4435 2018 4487 quo

487 4514 665 4565 creauit
697 4512 940 4563 Dominus
963 4509 1092 4562 Deus
1123 4515 1301 4560 terram
1322 4517 1369 4559 et
1389 4509 1566 4561 calum
1583 4518 1626 4559 et
1663 4523 1804 4559 omne
1830 4508 2016 4575 virgul-

488 4693 692 4737 constat
711 4698 770 4735 ex
798 4684 982 4735 minori
1012 4682 1203 4736 Codice
1223 4681 1548 4748 Corbeiensi,
1569 4683 1619 4733 in
1645 4696 1746 4747 quo
1778 4683 1874 4735 hoc
1903 4685 2018 4742 loco

494 4753 680 4818 legitur
731 4750 950 4814 Explicit
998 4750 1119 4818 liber
1162 4752 1369 4816 primus.
1401 4755 1527 4813 Quae
1576 4764 1698 4802 vero
1729 4763 2018 4815 sequuntur

448 4833 457 4842 ‘
494 4817 659 4885 usque
685 4821 747 4869 ad
771 4818 1053 4869 secundum
1077 4817 1282 4880 librum,
1307 4819 1526 4869 alterum
1562 4833 1621 4869 ex
1649 4818 1834 4870 dicatis
1864 4819 2016 4872 Accae

491 4889 735 4952 episcopo
751 4886 1153 4937 constituebant.
1168 4887 1265 4936 Sed
1284 4887 1609 4950 postmodum
1638 4889 1683 4935 lii
1706 4887 1810 4937 duo
1833 4887 1946 4938 libri
1967 4889 2016 4940 itt

495 4973 651 5007 unum
678 4956 1003 5013 coaluerunt,
1036 4967 1152 5002 cum
1190 4954 1388 5004 scilicet
1410 4965 1686 5009 sequentes
1721 4963 1827 5005 tres
1859 4956 2019 5006 libms

490 5023 700 5090 adjecit;
734 5029 868 5072 unde
893 5021 1129 5085 praelatus
1146 5021 1320 5090 Codex
1345 5022 1674 5090 Corbeiensis
1697 5031 1816 5082 post
1833 5037 2020 5074 secun-

495 5087 614 5143 dum
638 5093 781 5142 illum
805 5090 988 5141 librum
1020 5089 1201 5144 iterum
1234 5088 1388 5141 habet
1413 5087 1629 5155 Explicit
1659 5091 1784 5140 liber
1806 5091 2015 5155 primus.

559 5170 584 5195 ⁸
622 5161 725 5221 AL,
756 5161 863 5210 ista:
884 5167 1016 5208 sunt.
1864 5185 1872 5194 ο

563 5226 589 5264 δ
630 5227 696 5277 lta
727 5227 848 5278 Mss.
879 5223 1135 5287 omnes;in
1172 5223 1382 5291 Vulgata
1414 5224 1598 5291 legitur
1623 5233 1784 5276 creata
1813 5236 1948 5277 sunt.

567 5304 588 5330 ε
622 5294 771 5346 Tales
807 5295 1112 5346 exstiterunt
1141 5292 1445 5344 Aristoteles
1473 5307 1591 5342 cum
1623 5296 1729 5344 suis
1756 5305 1807 5345 et
1851 5295 2015 5357 Plato,

491 5365 557 5413 tle
576 5377 788 5428 quorum
807 5366 972 5426 primo
985 5370 1191 5412 sanctm
1213 5361 1530 5423 Ambrosns,
1553 5361 1638 5428 lib.
1663 5375 1677 5411 ι
1703 5365 1752 5413 in
1773 5361 1984 5413 llexam.
1999 5399 2016 5425 ,

506 5427 624 5493 cap.
658 5430 679 5479 l
714 5445 724 5479 :
765 5446 781 5476 t
820 5429 984 5491 Ipsum
1017 5429 1261 5479 mundum
1285 5442 1490 5491 sempor
1521 5427 1674 5481 luisse
1694 5440 1745 5480 ct
1768 5431 1878 5483 fore
1905 5431 2017 5482 Ari-

493 5497 710 5549 stoteles
747 5505 958 5556 tisttrjml
978 5496 1182 5556 dicere;
1212 5514 1228 5542 ι
1252 5495 1313 5545 de
1333 5495 1691 5548 secundovero
1711 5499 1810 5550 ait:
1838 5517 1855 5546 ι
1885 5497 2017 5549 Tan-

494 5574 669 5618 lutnnc
704 5562 958 5630 opinionis
985 5561 1326 5628 assumpsisse
1355 5562 1610 5629 homines,
1641 5575 1694 5618 ut
1725 5565 1880 5634 aliqui
1915 5580 2000 5620 eo-

2107 1851 2260 1905 fuerit
2289 1866 2563 1920 aquarum,
2587 1851 2898 1918 dis1'0nente
2925 1851 3049 1913 Deo,
3082 1861 3220 1904 terra
3249 1854 3382 1904 ultro
3424 1853 3646 1906 fructill-

2103 1949 2229 2004 cat;
2267 1939 2359 1992 sed
2389 1939 2707 1992 mirabiliore
2745 1954 2956 2007 prorsus
2998 1953 3156 2007 opere
3196 1940 3491 1993 Conditoris
3523 1951 3646 1993 tunc

2103 2038 2378 2096 antequam
2398 2027 2558 2096 aliqui
2583 2026 2780 2081 fructus
2805 2044 2866 2082 ex
2892 2037 3024 2080 terra
3047 2028 3333 2081 crescendo
3360 2029 3642 2088 orirentur,

2102 2125 2192 2168 aut
2219 2115 2594 2184 germinarent,
2633 2116 2647 2153 ί
2675 2118 2844 2182 campi
2875 2127 3108 2182 rcpente,
3143 2126 3351 2168 montes
3383 2125 3435 2169 et
3456 2117 3641 2177 colles,

2107 2204 2186 2256 bet
2202 2203 2279 2254 bis
2305 2213 2454 2256 erant
2481 2211 2536 2256 et
2582 2203 2860 2256 arboribus
2891 2193 3156 2269 cooperti,
3187 2202 3496 2255 habentibus
3523 2217 3647 2254 con-

2104 2305 2286 2359 gruam
2332 2290 2657 2344 altitudinem
2703 2300 2934 2354 staturae,
2983 2290 3313 2342 diffusionetn
3355 2305 3640 2349 ramorum.

2104 2382 2413 2446 opacitatem
2456 2379 2718 2442 foliorum,
2754 2379 2957 2444 copiam
3009 2376 3290 2437 fructuum,
3335 2391 3489 2442 quam
3541 2391 3646 2428 non

2107 2455 2349 2532 paulatim
2379 2479 2439 2518 ex
2486 2473 2622 2517 terra
2675 2464 2891 2516 oriendo
2936 2463 3018 2516 vel
3067 2463 3426 2531 germinando,
3459 2470 3513 2514 et
3559 2477 3646 2515 ac-

2104 2570 2253 2610 cessu
2291 2557 2727 2608 incrementorum
2759 2553 3103 2620 proliciendo,
3131 2553 3222 2604 sed
3255 2551 3429 2604 subito
3456 2565 3519 2602 ex
3555 2551 3644 2602 illa

2105 2644 2374 2697 existendo
2425 2650 2759 2710 acceperunt.
2808 2641 2938 2693 Nam
2976 2650 3026 2694 et
3057 2640 3194 2692 hunc
3231 2639 3394 2706 magis
3433 2654 3646 2692 sensum

2106 2734 2376 2801 subjuncta
2408 2742 2613 2800 quoque
2657 2732 2899 2785 videntur
2923 2732 3080 2785 verba
3107 2730 3313 2798 juvare,
3344 2729 3532 2798 quibus
3562 2730 3643 2780 di-

2106 2821 2241 2874 citur
2263 2838 2276 2871 :

2175 2924 2295 2979 Non
2322 2926 2451 2978 enim
2492 2926 2686 2992 pluerat
2734 2925 2976 2978 Dominus
3018 2923 3149 2977 Deus
3187 2938 3336 2989 super
3365 2932 3571 2986 terram,
3602 2930 3648 2973 es

2109 3016 2253 3067 homo
2280 3031 2376 3066 non
2411 3025 2518 3067 erat
2554 3015 2640 3081 qui
2667 3025 2954 3081 aperaretur
2980 3024 3182 3075 terram,
3207 3013 3292 3063 sed
3333 3016 3445 3079 fons
3475 3028 3648 3064 ascen-

2111 3103 2253 3153 tlebat
2302 3117 2327 3152 e
2371 3101 2763 3168 terraiirrigans
2805 3103 3083 3151 universam
3124 3100 3435 3166 superﬁciem
3478 3109 3644 3152 terra.

2109 3189 2234 3253 Quis
2261 3188 2398 3240 enim
2448 3202 2550 3239 non
2586 3188 2762 3239 videat
2807 3189 2942 3254 quod
2969 3187 3082 3239 lucc
3110 3186 3208 3238 dici
3255 3203 3358 3238 non
3405 3197 3648 3254 poterant

2109 3278 2174 3329 de
2205 3277 2369 3342 prima
2402 3274 2665 3327 creatione
2697 3283 2867 3340 terrai,
2897 3274 3103 3341 quando
3130 3281 3246 3325 erat
3273 3274 3439 3325 adhuc
3480 3274 3647 3326 inanis

2110 3374 2163 3419 et
2190 3379 2373 3430 vacua,
2403 3373 2459 3417 et
2486 3364 2713 3418 tenebra:
2739 3378 2894 3430 super
2939 3362 3120 3416 faciem
3149 3363 3359 3432 abyssi?
3405 3362 3646 3427 Nunquid

2112 3468 2241 3519 Opus
2267 3462 2382 3505 erat
2409 3451 2476 3504 de
2525 3451 2694 3517 pluvia
2741 3465 2844 3502 non
2875 3450 3224 3502 descendente
3255 3456 3304 3501 iu
3359 3457 3496 3500 terra
3525 3463 3648 3500 nar-

2113 3540 2218 3594 rari
2259 3555 2321 3593 eo
2352 3549 2608 3604 tempore,
2650 3552 2752 3603 quo
2782 3551 2877 3590 nec
2917 3539 3026 3604 ipsa
3071 3537 3241 3590 adhuc
3266 3538 3502 3612 accipere
3533 3538 3646 3603 plu-

2112 3631 2270 3691 viam,
2303 3642 2398 3681 nec
2422 3642 2512 3679 aer
2534 3627 2663 3681 dare
2691 3636 2909 3693 poterat,
2952 3641 3022 3680 eo
3049 3627 3183 3695 quod
3217 3629 3328 3679 loca
3371 3627 3642 3694 utriusque

2112 3719 2281 3770 adhuc
2330 3731 2478 3783 aquae
2529 3719 2764 3768 cuncta!
2823 3716 3184 3783 complerent?
3236 3713 3337 3768 Sed
3385 3729 3481 3766 nec
3535 3713 3650 3766 fons

2112 3804 2396 3858 ascendere
2424 3804 2488 3854 de
2519 3812 2655 3854 terra
2684 3804 2747 3853 ad
2778 3804 3090 3869 irrigandam
3120 3819 3234 3856 eam
3267 3805 3448 3871 potuit,
3480 3819 3650 3868 quan-

2115 3891 2203 3942 diu
2233 3899 2338 3941 tota
2388 3892 2654 3955 tegebatur
2699 3894 2920 3959 abysso;
2967 3881 3120 3954 unde,
3171 3895 3220 3944 ni
3272 3891 3440 3952 fallor,
3481 3899 3648 3944 restat

2118 3977 2333 4044 intelligi
2380 3977 2516 4042 quod
2547 3977 2754 4029 nomine
2797 3977 2900 4030 diei
2946 3991 3100 4046 supra
3151 3993 3269 4031 cum
3300 3978 3531 4031 dicitur:
3584 3975 3649 4029 In

2117 4074 2196 4124 die
2219 4088 2311 4138 quo
2335 4073 2514 4124 creavit
2547 4071 2786 4123 Dominus
2814 4071 2945 4123 Deus
2985 4080 3166 4122 terram
3187 4079 3232 4121 et
3273 4072 3467 4132 cretum,
3515 4078 3648 4130 etc.,

2119 4171 2322 4227 tempus
2343 4161 2411 4212 sit
2435 4151 2723 4212 intimatum
2757 4160 2881 4211 illud
2911 4174 3000 4213 sex
3030 4160 3234 4213 dierum
3263 4162 3574 4226 primorum,
3601 4160 3650 4211 in

2118 4261 2220 4311 quo
2251 4246 2489 4297 universa
2519 4246 2697 4299 mundi
2734 4255 2815 4298 est
2838 4255 3076 4298 creatura
3108 4247 3348 4308 formata,
3389 4246 3477 4310 ubi
3505 4253 3652 4298 recte

2122 4329 2143 4366 ι
2174 4342 2427 4384 memorat
2453 4331 2587 4399 quod
2621 4346 2722 4384 non
2751 4333 2966 4399 pluisset
3016 4333 3152 4386 Deus
3179 4347 3333 4398 super
3361 4343 3571 4392 terram,
3602 4341 3652 4384 et

2124 4409 2278 4472 hoino
2305 4433 2405 4472 noli
2435 4429 2574 4472 esset
2601 4419 2689 4485 qui
2727 4430 3033 4486 operaretur
3064 4429 3276 4482 terram,
3309 4429 3365 4470 ut
3395 4417 3650 4484 intelliga-

2119 4522 2234 4562 mus
2277 4517 2524 4576 quantum
2575 4509 2739 4575 prima
2784 4516 2938 4560 terra:
2984 4506 3293 4574 germinatio
3318 4520 3348 4559 a
3398 4506 3649 4560 moderns

2119 4701 2230 4740 rum
2259 4687 2351 4739 tria
2397 4686 2646 4754 principia
2680 4684 3050 4754 consumerent
3081 4683 3336 4754 omnium,
3371 4684 3554 4754 Deum.
3589 4696 3644 4735 et

2118 4752 2410 4816 exemplar,
2433 4765 2485 4805 et
2513 4753 2802 4811 materiam.
2833 4761 2962 4805 sicut
2989 4753 3132 4804 Plato
3153 4763 3204 4805 et
3233 4752 3475 4816 discipuli
3497 4752 3650 4817 ejus;

2119 4830 2173 4873 et
2201 4836 2261 4874 ea
2291 4823 2588 4885 incorrupta
2613 4833 2665 4871 et
2695 4822 2918 4872 incrcata
2947 4835 3008 4872 ac
3034 4822 3148 4873 sine
3179 4821 3329 4871 initio
3357 4829 3480 4871 esse
3498 4833 3649 4872 asse-

2121 4903 2390 4948 verarent;
2438 4889 2703 4951 Deumque
2743 4902 2843 4938 ttOn
2881 4900 3125 4956 tanquam
3153 4900 3448 4956 creatorem
3480 4898 3654 4938 mate.

2121 4956 2231 5018 rite,
2280 4957 2370 5009 sed
2401 4967 2641 5022 tanquam
2683 4957 2935 5008 artiﬁcem
2979 4954 3042 5006 ad
3093 4958 3387 5021 exemplar,
3441 4954 3540 5007 hoc
3569 4966 3662 5007 est

2122 5026 2311 5084 ideam,
2345 5024 2691 5076 intendentem
2723 5023 2914 5076 fecisse
2939 5023 3188 5075 mundum
3219 5023 3285 5075 de
3313 5024 3560 5088 materia.
3596 5043 3616 5074 s

2188 5092 2212 5126 ά
2241 5092 2299 5144 Al
2311 5130 2324 5144 .
2336 5131 2348 5153 ,
2380 5093 2769 5158 gubernationes.

2192 5170 2212 5194 ε
2249 5160 2354 5221 AL,
2382 5155 2435 5211 in
2465 5161 2592 5212 hunc
2621 5159 2771 5212 diem.
2797 5158 2901 5222 AL,
2929 5159 2982 5210 in
3011 5171 3108 5209 uno
3135 5155 3234 5208 die.

2193 5224 2212 5263 ί
2246 5227 2350 5290 AL,
2378 5244 2545 5295 opera.

2193 5302 2217 5360 β
2247 5296 2350 5360 AL,
2383 5293 2537 5360 ipsius
2558 5293 2752 5347 omisso
2773 5294 2842 5345 in.

2192 5358 2219 5398 Ιι
2249 5358 2353 5426 AL,
2380 5358 2699 5429 produxerat.

2201 5430 2212 5464 ί
2252 5429 2355 5492 Αι.,
2377 5432 2539 5496 campi
2564 5439 2760 5498 repente
2786 5442 2956 5480 omnes
2979 5437 3022 5479 et
3049 5429 3217 5482 colles.

2196 5509 2209 5546 t
2250 5498 2355 5561 AL,
2383 5499 2664 5564 implerent.

2195 5565 2217 5602 ι
2249 5567 2354 5631 AL,
2381 5576 2701 5618 memoratur.

3672 2086 3733 2100 κ
