3866 6248
182 371 237 425 ιι
1410 358 1732 416 ἎῘΕΧᾹΕΜΕ

1834 355 1875 412 Ν
1916 358 2040 413 LIB.
2076 360 2117 410 1.
3052 417 3077 425 Δ
3284 357 3351 411 4!

3052 417 3077 436 ἢ

179 477 406 531 distaret.
433 470 561 527 Nam
603 472 761 527 modo
800 482 854 527 et
899 472 1206 541 irrigatione
1249 473 1541 541 pluviarum
1577 481 1713 523 terra
1745 474 1790 530 Α
1814 470 2058 523 continua
2098 469 2275 536 specie
2301 478 2541 535 tanquam
2565 467 2726 521 maris
2751 476 2840 520 aut
2869 469 3062 539 stagni,
3092 469 3183 523 sed
3215 471 3346 525 sicut

180 571 359 633 sponte
402 561 684 629 germinat,
733 572 788 617 et
839 562 1090 616 industria
1143 562 1391 627 cultume
1445 559 1710 614 hominum

183 650 336 704 multa
360 649 411 702 in
442 648 611 703 hortis
628 649 756 703 satis
797 663 862 703 ac
888 648 1191 703 nemoribus
1216 654 1594 718 procreantur;
1624 643 1716 698 sed

184 740 331 806 longe
354 736 504 791 aliter
533 738 699 804 prima
728 737 1007 790 herbarum
1033 747 1083 790 et
1108 738 1352 790 arborum
1384 744 1460 788 est
1487 733 1716 801 perlecta

179 825 392 888 creatio,
424 825 475 878 in
498 841 601 893 qua
646 838 783 878 novo
821 825 1009 878 summi
1042 824 1245 891 opiﬁcis
1276 821 1505 889 imperio
1553 828 1717 883 terra,

182 896 295 987 quae
323 918 466 973 arida
498 918 731 986 parebat,
778 917 979 984 absque
1009 916 1178 982 pluvia
1221 925 1275 969 et
1322 915 1519 980 absque
1558 924 1721 978 opere

182 1009 426 1069 humane.
457 1016 672 1075 repente
701 1007 855 1076 longe
885 1008 1091 1075 lateque
1130 1004 1430 1058 multifariis
1459 1002 1719 1055 fructuum

182 1098 374 1167 repleta
405 1108 481 1151 est
511 1096 821 1165 generibus;
862 1098 947 1147 sed
978 1096 1112 1160 fons,
1142 1093 1339 1161 inquit,
1369 1090 1666 1143 ascendebat
1696 1104 1723 1141 e

180 1195 314 1239 terra
335 1187 550 1253 irrigans
574 1185 855 1237 universam
881 1182 1201 1251 superﬁciem
1223 1190 1390 1233 terra.

255 1275 328 1327 De
378 1274 477 1327 hoc
525 1272 668 1326 fonte
698 1282 750 1325 ct
769 1286 987 1324 ascensu
1017 1272 1131 1337 ejus
1178 1270 1229 1322 in
1282 1278 1470 1321 terram
1513 1264 1722 1331 dicturi,

187 1362 358 1430 primo
390 1362 661 1413 videamus
688 1362 828 1427 quia
862 1360 1027 1426 prima
1080 1359 1162 1411 illa
1192 1358 1503 1426 germinatio
1547 1366 1722 1421 terrae,

186 1466 344 1521 cupis-
364 1454 630 1519 praemissa
659 1452 915 1505 sententia
973 1450 1227 1512 meminit,
1260 1448 1374 1501 sine
1401 1447 1503 1499 ulla
1537 1445 1724 1513 irriga-

186 1544 329 1613 tiuue
353 1558 628 1609 aquarum,
657 1542 768 1595 Deo
784 1540 1024 1609 jubente,
1068 1540 1200 1591 facta
1228 1546 1329 1591 est.
1364 1536 1527 1604 Hujus
1555 1545 1727 1587 autem

188 1628 367 1695 fontis,
417 1632 796 1696 qualiscunque
833 1636 983 1689 erat,
1036 1628 1270 1693 irrigatio
1317 1633 1435 1691 post
1489 1622 1728 1677 vestitam

188 1720 365 1773 herbis
384 1735 445 1772 ac
469 1720 622 1787 lignis
651 1729 843 1771 tetram
873 1717 1197 1784 supervenit,
1237 1717 1374 1784 quod
1424 1715 1550 1781 ipsis
1572 1715 1728 1767 etiam

1819 548 2052 611 ridemus
2098 556 2174 610 ire
2218 569 2377 624 aquas
2433 570 2525 624 per
2567 556 2741 609 alveos
2770 554 3041 609 ﬂuminum
3084 557 3351 625 ﬂexusque

1818 646 2065 708 rivorum,
2098 652 2153 699 et
2179 658 2360 699 eorum
2409 658 2626 699 excessu
2668 645 2833 697 vicina
2873 644 3202 709 perfundere,
3234 647 3353 717 quis

1817 746 1921 787 non
1964 734 2185 799 accipiat
2226 734 2326 787 nisi
2366 734 2453 800 qui
2500 734 2829 788 contentioso
2878 734 3057 801 spiritu
3110 734 3353 789 laborat?

1815 821 1997 875 Potest
2025 822 2215 889 quippe
2250 824 2415 876 etiam
2448 822 2513 874 ita
2560 823 2695 876 dicta
2740 824 2955 892 intelligi
2984 823 3153 878 omnis
3200 835 3354 879 terra:

1822 911 1979 966 facies
2029 911 2259 981 irrigata,
2308 912 2743 977 quemadmodum
2786 914 2974 983 dicitur
2998 917 3169 975 omnis
3197 915 3355 968 restis

1822 998 1955 1054 facie
2004 999 2251 1063 colorata,
2280 999 2482 1054 etiamsi
2524 1015 2625 1053 non
2668 1002 3035 1064 continuatim,
3063 1006 3151 1058 sed
3182 1018 3356 1057 maeu-

1817 1084 1965 1139 latim
1997 1086 2117 1150 ttat;
2144 1090 2433 1152 praesertim
2464 1087 2580 1155 quia
2607 1097 2730 1142 tunc
2757 1090 2808 1141 lu
2855 1093 3079 1144 novitate
3102 1103 3355 1147 terrarum

1822 1175 1920 1228 etsi
1972 1189 2075 1227 non
2100 1175 2294 1237 munia,
2330 1177 2472 1241 plura
2506 1185 2676 1230 tamen
2718 1178 2867 1246 plana
2900 1177 3059 1232 fuis=e
3086 1181 3357 1242 credibile.

1822 1277 1922 1329 qua
1971 1263 2125 1315 latius
2168 1267 2491 1329 erumpentia
2531 1265 2724 1321 ﬂuenta
2774 1265 3003 1335 dispergi
3051 1278 3206 1338 atque
3249 1271 3361 1325 dis-

1826 1352 1983 1402 temli.
2027 1352 2351 1420 Quapropter
2388 1354 2455 1407 de
2497 1339 2643 1408 istius
2675 1357 2831 1409 tontis
2862 1358 3238 1426 magnitudine,
3279 1364 3360 1417 vel

1828 1438 2177 1501 multitudine,
2207 1441 2316 1506 qui,
2347 1428 2462 1493 sive
2490 1457 2642 1495 unam
2666 1444 2844 1497 habuit
2873 1447 3111 1501 alicunde
3131 1451 3361 1518 eruptio-

1827 1540 1966 1586 nem,
1997 1526 2105 1579 sive
2134 1537 2341 1593 propter
2365 1528 2590 1595 aliquam
2616 1526 2642 1564 ι’
2672 1531 2722 1583 in
2754 1541 2905 1585 terra:
2964 1536 3182 1590 occultis
3228 1540 3363 1592 sini-

1828 1612 1923 1666 bus
1950 1614 2222 1681 unitatem,
2257 1616 2394 1671 unde
2439 1633 2621 1672 omnes
2667 1634 2814 1688 aqua:
2836 1635 2993 1691 super
3020 1634 3208 1678 terram
3245 1637 3364 1681 scu-

1832 1711 1960 1767 tent,
1993 1704 2224 1757 omnium
2282 1705 2502 1760 fontium
2557 1723 2860 1777 magnorum
2899 1723 3056 1779 atque
3086 1730 3362 1782 parvorum

181 1805 470 1873 summ
516 1786 731 1877 amabis
779 1807 1042 1876 probatur,
1092 1821 1207 1873 qua
1253 1816 1522 1874 postquam
1570 1803 1727 1857 verba
1759 1786 1803 1844 Β
1831 1806 1963 1846 unus
1992 1793 2107 1846 fons
2136 1795 2303 1847 dictus
2345 1805 2449 1861 est,
2478 1812 2575 1865 per
2619 1814 2800 1854 omnes
2846 1801 3198 1867 distiersiones
3244 1822 3367 1859 snas

187 1897 438 1965 prmteriti
483 1897 733 1964 temporis
785 1896 935 1957 dixit,
966 1896 1083 1963 quia
1111 1895 1293 1948 creavit
1323 1894 1562 1946 Dominus
1595 1892 1727 1946 Deus

181 1988 361 2039 caelum
381 1995 427 2037 et
440 1998 643 2046 terram,
657 1993 700 2037 et
713 1999 857 2036 omne
875 1984 1142 2052 virgultum
1163 1984 1293 2050 agri,
1310 1998 1593 2049 omnemque
1616 1983 1729 2034 her—

181 2075 298 2125 bam
316 2073 551 2140 regionis,
583 2073 848 2137 subjunsit
871 2086 991 2125 mox
1024 2071 1183 2124 verbo
1206 2071 1452 2134 temporis
1483 2069 1727 2137 prrtetiti

184 2162 458 2229 plusquam
492 2159 705 2228 perlecti
738 2177 752 2212 :
787 2158 904 2212 Non
932 2160 1060 2211 enim
1106 2159 1299 2226 pluerat
1326 2156 1568 2210 Dominus
1596 2156 1728 2209 Deus

180 2267 335 2317 super
360 2260 566 2316 terram,
595 2262 643 2302 et
674 2249 826 2301 homo
851 2265 954 2301 tum
976 2257 1079 2301 erat
1104 2248 1190 2315 qui
1217 2258 1503 2315 operaretur
1522 2256 1725 2309 terram,

183 2340 471 2394 ostendens
496 2339 631 2408 quod
661 2347 783 2391 ante
809 2337 1129 2390 creationem
1162 2337 1501 2404 virgultorum
1531 2344 1584 2388 et
1612 2333 1737 2388 bero-

185 2429 372 2482 harum
401 2431 621 2495 pluviam
654 2428 789 2480 Deus
812 2442 913 2479 non
946 2426 1186 2489 miserat;
1234 2424 1358 2491 quid
1393 2438 1516 2477 vero
1547 2432 1728 2491 postea

181 2519 381 2571 factum
423 2518 510 2580 sit,
566 2517 740 2570 statim
773 2514 934 2567 verbo
963 2512 1209 2579 praeteriti
1268 2510 1515 2580 temporis
1544 2515 1729 2579 imper-

184 2606 313 2661 fecti
361 2607 638 2659 subnexuit
678 2605 861 2657 dicens
912 2620 923 2655 :
950 2603 1081 2667 Quia
1101 2602 1215 2670 fons
1235 2602 1527 2653 ascendebat
1550 2615 1575 2652 e
1601 2610 1730 2652 terra

182 2696 411 2763 irrigans
431 2691 1033 2761 universamsuperﬁciem
1066 2701 1226 2754 tet-rw,
1253 2690 1362 2756 ipsa
1386 2689 1731 2741 declinatione

189 2782 345 2837 verbi
375 2781 675 2850 signiﬁcans
725 2795 828 2832 non
864 2779 961 2831 hoc
1004 2778 1194 2839 semel,
1238 2778 1327 2831 sed
1378 2778 1569 2844 saepius
1613 2790 1731 2829 esse

175 2879 415 2938 gestum,
452 2870 573 2922 dum
605 2884 707 2921 non
737 2869 810 2919 ait
835 2869 1080 2928 ascendit,
1118 2867 1207 2919 sed
1234 2868 1558 2931 ascendebat;
1606 2864 1728 2918 dum

183 2959 491 3011 ascendisse
519 2959 711 3011 dicitur
732 2957 854 3011 lous
878 2974 909 3010 e
937 2968 1099 3020 terra,
1153 2958 1242 3025 qui
1273 2957 1571 3011 universam
1619 2957 1732 3023 ejus

175 3048 783 3115 superficiemrigaret,
836 3047 1025 3100 merito
1079 3060 1181 3114 quo
1224 3044 1410 3099 ordine
1436 3044 1731 3099 ascenderit

176 3142 472 3206 queritur;
519 3153 687 3204 neque
729 3138 923 3205 aliquid
954 3138 1127 3190 obstat
1154 3138 1295 3191 credi
1338 3138 1475 3205 quod
1526 3138 1593 3191 ita
1640 3154 1732 3204 per

179 3228 333 3281 vices
360 3228 424 3279 ad
455 3227 769 3294 irrigandam
799 3242 914 3281 eam
942 3226 1239 3281 ascenderit
1259 3241 1319 3280 ac
1344 3229 1577 3293 redierit,
1603 3244 1734 3294 quo-

179 3317 349 3369 tnodo
398 3330 562 3381 usque
611 3316 765 3369 hodie
814 3316 949 3368 solet
998 3316 1141 3369 Nilus
1167 3317 1231 3369 ad
1288 3317 1547 3385 irriganda
1584 3317 1737 3386 Egy-

179 3404 262 3471 pti
294 3403 449 3470 plana
473 3404 740 3455 annuatim
761 3404 1064 3466 ascendere,
1093 3406 1352 3472 quomodo
1375 3405 1619 3474 irrigabat
1646 3406 1740 3458 ali-

177 3490 407 3555 quando
424 3488 666 3543 Jordauis
688 3498 878 3542 terram
910 3490 1255 3557 Pentapolim,
1285 3492 1350 3544 de
1374 3506 1474 3557 qua
1504 3493 1737 3558 Scriptu-

177 3590 240 3629 ra
284 3577 364 3629 ait
397 3592 409 3627 :
440 3575 570 3638 Quia
597 3576 822 3628 universa
863 3578 1171 3645 irrigabatur
1197 3581 1323 3630 sicut
1346 3581 1611 3647 paradisus
1638 3580 1738 3632 Do-

178 3664 310 3715 mini
340 3660 542 3731 (Genet.
567 3663 875 3736 stit,10),et
898 3664 1297 3735 sicutEgyptus
1318 3679 1593 3737 antequam
1614 3670 1739 3724 sub-

178 3760 425 3805 verteret
450 3750 587 3804 Deus
632 3749 917 3805 Sodomam
940 3760 998 3806 et
1038 3752 1412 3821 Gomorrham;
1452 3760 1736 3827 quomodo,

173 3849 328 3894 teste
379 3851 564 3893 sancto
608 3840 915 3909 Augustino,
956 3861 975 3893 ι
1010 3843 1075 3897 de
1122 3848 1462 3912 quorumdam
1521 3848 1738 3904 fontium

179 3931 323 3983 mira
376 3930 733 3984 vicissitudine
786 3932 1085 3997 perhibetur
1109 3949 1257 3991 certo
1278 3926 1528 3994 annorum
1579 3942 1739 3995 inter-

176 4020 332 4072 vallo
382 4018 461 4071 sic
488 4032 580 4072 eos
609 4019 884 4083 inundare,
916 4031 971 4097 ut
995 4018 1161 4076 totam
1194 4026 1331 4078 illum
1362 4026 1628 4094 regionem
1672 4029 1739 4081 ri-

174 4117 335 4173 gent,
368 4105 457 4159 cui
485 4107 591 4159 alio
639 4118 873 4175 tempore
898 4123 960 4162 ex
1004 4112 1125 4164 altis
1155 4116 1325 4180 puteis
1348 4116 1414 4170 ad
1456 4118 1736 4183 potandum

169 4196 542 4251 sufficientem
578 4197 811 4263 prebent
863 4213 1070 4265 aquam.
1146 4201 1250 4255 Cor
1270 4205 1337 4256 sit
1364 4216 1489 4273 ergo
1517 4204 1740 4261 incredi-

174 4287 316 4350 bile,
367 4295 427 4339 ut
468 4285 607 4339 idem
636 4285 779 4349 dicit,
812 4286 856 4339 si
885 4301 947 4340 ex
980 4301 1081 4341 uno
1122 4288 1296 4359 abyssi
1322 4294 1516 4358 capite,
1540 4294 1737 4348 alterna

1755 3106 1803 3164 C

1829 1882 2117 1935 ascendens
2146 1882 2213 1937 de
2239 1892 2396 1947 terra,
2423 1896 2476 1938 et
2498 1885 2717 1954 irrigans
2738 1902 2944 1943 υιηυειιι
2970 1889 3153 1945 faciem
3184 1904 3364 1958 terrae;

1827 1971 1939 2020 sive
1972 1970 2149 2031 etiam,
2198 1974 2333 2035 quod
2361 1981 2441 2025 est
2467 1975 2786 2038 credibilius,
2835 1979 3085 2045 quianon
3113 1984 3205 2047 ait,
3236 2002 3365 2038 unus

1829 2057 1939 2122 [aus
1967 2059 2257 2112 ascrndebat
2280 2061 2342 2113 de
2360 2070 2510 2126 terra,
2537 2065 2629 2116 Sed
2672 2066 2765 2129 ait,
2821 2066 2934 2135 fons
2984 2082 3145 2123 autem
3191 2090 3364 2138 assen-

1826 2146 1973 2199 debat
2008 2151 2069 2201 de
2107 2159 2260 2216 ttrra,
2318 2167 2412 2220 pio
2459 2169 2677 2210 numero
2705 2158 2885 2223 plurali
2933 2163 3109 2229 posuit
3136 2164 3358 2235 siugtttaa

1830 2253 1965 2303 rem,
2012 2242 2066 2293 ut
2093 2241 2167 2295 sic
2215 2242 2566 2313 intelligamus
2622 2246 2791 2302 fontes
2830 2251 3018 2303 multos
3043 2267 3133 2319 per
3160 2258 3367 2311 univer.

1830 2341 1941 2380 sam
1974 2337 2189 2394 terram,
2225 2330 2360 2398 loca,
2383 2324 2473 2387 vel
2502 2338 2739 2403 regiones
2784 2341 3019 2419 pmprias
3045 2342 3320 2412 irrigantes
3349 2366 3362 2401 :

1830 2416 1963 2470 sicut
1990 2420 2179 2474 dicitur
2202 2421 2381 2487 miles,
2412 2433 2465 2478 et
2492 2427 2637 2478 multi
2672 2416 3044 2495 intelliguntur,
3067 2434 3199 2487 sicut
3228 2436 3366 2492 dicta

1830 2518 1911 2560 est
1956 2508 2156 2563 locusta
2205 2520 2257 2563 et
2293 2494 2419 2565 'rana
2459 2512 2509 2569 in
2551 2514 2714 2584 plagis
2758 2494 2943 2584 quibus
2982 2519 3211 2591 Egyptii
3252 2542 3370 2592 per-

1832 2594 1969 2647 cussi
2005 2606 2144 2661 sunt,
2170 2611 2286 2651 cum
2314 2609 2453 2653 esset
2504 2602 2903 2658 innumerabilis
2934 2607 3246 2664 locustarum
3272 2628 3369 2665 nu-

1830 2697 2008 2735 merus
2036 2694 2089 2736 et
2112 2699 2376 2748 ranarum,
2422 2688 2528 2755 jam
2568 2703 2671 2742 non
2702 2691 2895 2746 diutius
2925 2695 3219 2750 laboremus
3261 2708 3305 2752 ε.
3342 2719 3361 2750 s

1828 2769 1957 2823 Cum
1979 2786 2107 2839 ergo
2135 2772 2328 2827 dictum
2349 2788 2487 2829 esset
2508 2790 2714 2832 creasse
2744 2780 2902 2834 Deum
2931 2781 3145 2849 herbas,
3179 2797 3231 2839 et
3258 2788 3367 2841 vir-

1830 2860 1993 2928 gulta,
2046 2862 2263 2917 necdum
2314 2866 2486 2931 pluvia
2530 2865 2899 2936 descendente,
2945 2855 3112 2943 neque
3156 2877 3367 2933 homine

1832 2950 2091 3005 existente
2119 2951 2205 3020 qui
2254 2963 2562 3020 oneraretur
2612 2966 2833 3026 terram,
2865 2975 3240 3032 consequenter
3269 2969 3367 3024 bo-

1839 3042 1993 3095 minis
2035 3043 2232 3097 creatio
2258 3044 2576 3100 submfertur
2627 3064 2688 3102 ac
2714 3049 2903 3105 dicitur
2953 3067 2965 3105 :
2995 3051 3250 3109 Forntavit
3279 3058 3372 3127 igi-

1836 3140 1916 3183 tur
1946 3131 2188 3187 Dontitttts
2220 3133 2350 3188 Deus
2370 3135 2614 3191 hominem
2643 3142 2703 3193 de
2732 3141 2847 3194 litno
2873 3152 3037 3208 terrm,
3068 3156 3113 3199 et
3159 3149 3374 3217 inspira-

1834 3226 1900 3278 vit
1924 3228 1973 3279 in
2003 3228 2178 3296 facient
2216 3233 2325 3295 ejus
2368 3232 2669 3299 spiraculum
2694 3235 2826 3295 vitm,
2857 3245 2902 3287 et
2947 3240 3107 3303 [actus
3132 3254 3201 3291 ω’
3223 3240 3369 3294 Itonia

1836 3317 1887 3368 in
1906 3318 2127 3369 animam
2149 3319 2403 3371 uirentem.
2439 3319 2531 3371 Hic
2553 3321 2725 3384 itaque
2750 3320 2900 3373 latius
2926 3322 3150 3375 hominis
3173 3324 3367 3380 factura

1836 3406 2160 3468 describitur,
2204 3407 2289 3472 qui
2316 3407 2365 3458 in
2395 3407 2477 3458 die
2505 3407 2712 3475 quidem
2754 3418 2902 3464 sexto
2949 3410 3112 3466 factus
3136 3424 3247 3480 est;
3277 3417 3368 3471 sed

1838 3493 1904 3545 ibi
1936 3492 2166 3546 breviter
2212 3494 2326 3561 ejus
2372 3505 2451 3548 est
2474 3510 2880 3553 commemorata
2903 3503 3114 3569 creatio,
3147 3521 3260 3573 qua:
3290 3506 3374 3560 ltic

1837 3572 2040 3647 plenius
2085 3582 2386 3648 exponitur,
2410 3586 2529 3649 quia
2555 3585 2799 3640 videlicet
2828 3588 2876 3641 in
2904 3595 3135 3657 corporis
3160 3572 3213 3645 et
3264 3596 3370 3647 ani-

1838 3684 1936 3721 mae
1958 3664 1984 3704 δ
2012 3669 2355 3723 substantiam
2384 3672 2549 3727 lactus
2569 3673 2658 3736 sit,
2686 3688 2716 3727 e
2736 3676 2921 3743 quibus
2951 3693 3139 3746 corpus
3166 3681 3229 3733 de
3252 3682 3375 3734 lituo

1838 3765 1988 3811 terra:
2013 3758 2313 3824 formatum,
2341 3762 2512 3813 anima
2551 3776 2675 3816 vero
2721 3764 2787 3817 de
2836 3764 2995 3825 nihilo
3034 3768 3116 3833 sit,
3154 3769 3257 3821 Deo
3296 3770 3376 3823 iu-

1838 3848 2085 3914 spirante,
2113 3855 2308 3911 creata,
2332 3848 2421 3901 sed
2442 3857 2497 3901 et
2526 3847 2711 3903 femina
2743 3849 2809 3904 de
2828 3852 2944 3919 ejus
2973 3855 3039 3907 sit
3066 3856 3223 3910 latere
3251 3858 3371 3914 dor-

1840 3934 2046 3988 mientis
2070 3934 2301 3988 condita.
2318 3936 2369 3988 In
2394 3950 2493 4002 qua
2514 3937 2752 3993 videlicet
2772 3942 3028 3995 sententia
3053 3944 3257 4000 vitanda
3290 3962 3372 4003 est

1836 4035 2114 4088 paupertas
2134 4034 2319 4092 sensus
2332 4024 2572 4084 carnalis,
2603 4037 2670 4077 ne
2694 4026 2825 4078 forte
2852 4037 3088 4093 putemus
3112 4032 3270 4086 Deum
3289 4038 3369 4092 vel

1838 4108 2079 4160 manibus
2108 4109 2372 4173 corporeis
2396 4108 2465 4162 de
2486 4104 2613 4163 limo
2636 4110 2887 4167 formasse
2906 4128 3095 4182 corpus
3125 4120 3370 4190 hominis,

1841 4198 1920 4251 vel
1967 4196 2199 4252 faucibus
2219 4197 2438 4253 labFisve
2466 4200 2749 4269 inspirasse
2773 4202 2824 4257 in
2853 4203 3034 4258 faciem
3061 4205 3288 4274 formati,
3317 4224 3374 4265 ut

1844 4288 2022 4341 vivere
2068 4300 2244 4355 posset
2288 4300 2342 4343 et
2391 4290 2705 4357 spiraculum
2757 4294 2877 4349 vita:
2925 4295 3132 4351 habere.
3163 4299 3289 4353 Nam
3320 4315 3375 4357 et

172 4375 487 4428 mutatione
540 4372 738 4428 ﬂuente
786 4384 942 4442 atque
985 4372 1271 4441 reﬂuente,
1319 4387 1441 4434 tunc
1496 4384 1732 4437 universa

1845 4374 2096 4442 Propheta
2128 4392 2243 4430 cum
2266 4376 2370 4431 ait:
2391 4375 2573 4431 Manus
2594 4390 2690 4432 tute
2716 4381 2934 4448 fecerunt
2962 4399 3058 4449 me,
3086 4398 3130 4439 et
3153 4388 3372 4455 plasma-

170 4477 328 4518 terra
362 4466 527 4529 rigata
549 4466 663 4517 est?
692 4464 843 4529 Quod
869 4464 935 4527 si,
978 4463 1356 4536 inquit,'ipsius
1401 4473 1570 4540 abyssi
1624 4491 1738 4527 ma-

168 4552 550 4622 gnitudinem,
579 4564 644 4610 ea
677 4560 822 4617 parte
851 4562 1066 4619 excepta
1094 4556 1233 4622 quod
1280 4573 1423 4612 mare
1449 4559 1658 4629 dicitur,
1684 4574 1742 4619 ει

167 4640 428 4696 evidenti
454 4637 724 4692 altitudine
747 4645 903 4706 atque
929 4644 1119 4695 amaris
1146 4643 1387 4699 ﬂuctibus
1436 4659 1598 4705 terras
1631 4670 1741 4708 am-

165 4732 256 4785 bit
304 4730 368 4784 in
420 4743 482 4783 ea
511 4728 623 4782 sola
673 4733 819 4795 parte
858 4743 1010 4795 quam
1060 4734 1342 4790 reconditis
1368 4739 1569 4795 sinibus
1607 4753 1740 4796 terra

167 4824 457 4883 continet,
510 4819 646 4872 unde
693 4832 750 4872 se
803 4831 986 4870 omnes
1032 4819 1197 4873 futues
1240 4836 1743 4897 omnesque'aqnz

164 4911 429 4964 diversis
472 4908 724 4962 tractibus
777 4907 1029 4974 venisque
1055 4906 1395 4972 distribuunt,
1423 4924 1477 4965 et
1495 4915 1603 4968 suis
1629 4916 1743 4983 qui-

165 5012 287 5063 que
321 4996 465 5050 locis
490 5004 794 5064 erumpunt,
841 4990 1037 5051 fontem
1066 4996 1233 5052 voluit
1259 4996 1526 5066 Scriptura
1556 5006 1743 5070 appel-

170 5074 319 5150 lare,
358 5097 474 5136 non
514 5085 713 5151 lentes,
759 5094 970 5153 propter
994 5095 1195 5140 natura:
1220 5085 1491 5152 unitatem,
1524 5084 1745 5160 eumque

167 5190 278 5245 per
333 5173 765 5228 innumerabiles
813 5176 923 5232 vias
972 5187 1241 5231 antrorum
1292 5185 1449 5246 atque
1496 5179 1743 5236 rimarum

169 5262 575 5321 “occidentem
627 5262 693 5317 de
742 5272 900 5329 terra,
926 5274 984 5320 et
1034 5267 1226 5337 ubique
1272 5266 1557 5337 dispertitis
1598 5272 1745 5339 quasi

165 5355 443 5413 crinibus
496 5352 796 5422 irrigantem
844 5369 1052 5412 omnem
1111 5358 1297 5415 faciem
1363 5366 1516 5414 terras
1542 5400 1558 5425 ,
1643 5378 1745 5416 non

247 5490 274 5512 ⁸
314 5492 382 5547 In
409 5490 542 5566 ⁸ῥιξιι.
571 5487 910 5566 desideratur
939 5505 1086 5566 aqua:
1110 5508 1155 5566 ;_
1173 5494 1266 5566 sed
1297 5502 1467 5548 exstat
1500 5496 1549 5547 ln
1578 5496 1742 5549 sancti

170 5559 485 5639 augustiiti
516 5568 656 5639 textu
681 5572 834 5626 quem
862 5558 944 5613 hic
972 5558 1098 5617 citat
1127 5562 1282 5616 Beda.

248 5628 293 5666 δ’
311 5628 441 5690 ΑΙ..
466 5628 595 5684 inter
617 5642 688 5679 se.

451 5739 715 5800 Paruum.
762 5738 912 5822 Χοι,

1840 4474 2012 4518 verunt
2040 4482 2117 4519 nte
2144 4465 2257 4537 (Ps.
2288 4483 2465 4532 cxvnt,
2490 4468 2596 4537 73),
2628 4471 2824 4537 tropica
2855 4472 2953 4526 hoc
2984 4474 3241 4531 locutione
3263 4493 3372 4531 ma—

1836 4557 1916 4622 gis
1940 4570 2094 4624 quam
2122 4563 2144 4590 ε
2178 4560 2401 4623 propria,
2440 4556 2489 4609 id
2520 4567 2619 4623 est,
2644 4558 2789 4625 juxta
2811 4563 3236 4619 consuetudinem
3273 4578 3370 4633 qua
3398 4570 3405 4581 '

1837 4647 2007 4699 solent
2059 4646 2292 4699 homines
2338 4647 2563 4712 operari,
2592 4646 2797 4703 locutus
2822 4642 2922 4715 est.
2971 4650 3193 4720 Spiritus
3234 4655 3371 4708 enim

1837 4750 1917 4792 est
1952 4740 2107 4802 Deus,
2154 4752 2249 4791 nec
2296 4737 2514 4804 simplex
2563 4739 2677 4806 eius
2722 4742 3013 4794 substantia
3060 4741 3373 4797 liniamentis

1840 4825 2194 4880 membrorum
2262 4824 2613 4889 corporalium
2663 4841 2781 4879 esse
2828 4830 3117 4894 coinposita
3166 4831 3264 4883 nisi
3306 4831 3372 4883 ab

1842 4912 2117 4966 ineruditis
2162 4910 2415 4964 creditur.
2469 4909 2729 4965 Forntarit
2775 4914 2929 4981 igitur
2973 4915 3036 4966 de
3081 4916 3198 4981 lituo
3236 4916 3369 4969 Deus

1841 5000 2112 5052 Itontinetn.
2145 4998 2308 5063 Quem
2342 4999 2500 5051 verbo
2526 5013 2619 5052 suo
2645 5000 2709 5053 de
2750 5001 2873 5051 limo
2915 5001 3023 5053 tieri
3054 5001 3229 5067 jussit.
3276 5001 3364 5054 ln-

1840 5088 2045 5156 spirarit
2084 5088 2135 5138 in
2160 5088 2337 5153 faciem
2376 5089 2484 5156 ejus
2529 5089 2834 5154 spiraculum
2863 5088 2991 5151 vitae,
3028 5099 3074 5141 et
3104 5090 3265 5157 [actus
3299 5102 3371 5143 est

1842 5177 1991 5229 homo
2013 5178 2067 5228 in
2095 5176 2315 5228 animant
2336 5178 2589 5242 viventem,
2613 5190 2729 5231 cum
2751 5179 2798 5231 ei
2825 5179 3163 5233 substantiam
3184 5183 3369 5237 anima:

1842 5279 1905 5318 ac
1930 5266 2170 5332 spiritus,
2217 5265 2269 5316 iu
2310 5279 2407 5332 qua
2436 5264 2652 5326 viveret,
2695 5267 2912 5319 creavit.
2956 5267 3083 5321 Nam
3124 5266 3191 5321 ita
3233 5280 3369 5324 recte

1832 5354 2147 5423 intelligitur
2186 5357 2417 5422 spirasse
2447 5356 2610 5409 Deum
2642 5357 2693 5411 in
2736 5356 2917 5410 faciem
2946 5356 3176 5413 hominis
3204 5365 3371 5429 spira—

1921 5500 1942 5526 ο
1975 5489 2034 5543 S.
2065 5489 2219 5551 Aug..
2250 5486 2339 5539 lib.
2372 5502 2401 5537 ν
2428 5487 2493 5540 de
2523 5486 2653 5541 Cen.
2682 5487 2743 5540 ad
2776 5487 2967 5550 litt.,c.
3004 5489 3089 5543 ltl.

1914 5553 1939 5591 ⁴
1971 5557 2075 5619 ΑΙ.⁹
2106 5555 2401 5607 substantia.

1910 5635 1944 5703 f
1974 5629 2055 5678 At.
2103 5626 2326 5691 proprie.
2904 5698 2947 5755 2
