3866 6248
408 376 478 430 43
900 376 1095 432 ΒΕΟᾸΞ
1139 375 1580 433 VENERABILIS
1618 372 1900 432 OPERUM
1943 369 2118 427 PARS
2146 370 2218 429 ,ll.
2241 401 2307 413 —
2339 370 2722 427 EXEGETICA
2762 370 3084 428 GENUINA.
3548 371 3620 428 44

414 501 590 554 culum
618 512 721 565 quo
747 493 945 550 viveret
971 509 1198 557 creasse,
1244 493 1382 546 sicut
1424 505 1582 560 supra
1633 491 1952 546 intellectum
1981 490 2034 547 A
2062 496 2202 543 nunc
2248 487 2532 541 humanum
2561 499 2728 557 genus
2776 485 2960 538 incolit
3001 492 3285 537 secretum.
3334 484 3488 540 Unde
3515 500 3620 544 oce

410 599 493 644 cst
521 608 532 641 :
573 587 776 642 Vocavit
807 585 938 638 Deus
964 586 1128 637 lucem
1148 584 1306 646 diem,
1339 597 1432 649 pro
1459 596 1525 635 eo
1559 581 1784 649 positum
1814 581 1954 648 quod

410 692 491 734 est
519 676 689 732 vocari
717 676 784 730 ab
812 674 1116 750 hominibus
1146 673 1286 726 fecit.
1320 673 1460 726 Bene
1487 681 1659 725 autem
1693 672 1746 750 in
1771 671 1954 725 faciem

410 768 696 837 inspirasse
718 775 743 803 ι
770 765 906 818 Deus
929 745 1127 815 homini
1154 761 1368 824 dicitur,
1392 773 1444 814 ut
1474 761 1626 814 fieret
1648 761 1702 813 in
1731 745 1957 814 animam

413 861 710 918 viventem.
737 856 857 924 quia
905 851 1148 907 nimirum
1203 851 1388 904 insitus
1433 851 1479 904 ei
1509 851 1724 918 spiritus
1751 864 1812 904 ea
1843 863 1959 918 quae

412 953 543 1007 loris
589 958 714 1003 sunt
749 944 1155 1011 contemplatur,
1205 952 1260 995 ut
1301 952 1421 1010 pote
1449 942 1536 1009 qui
1587 955 1709 1010 pars
1757 939 1958 993 cerebri

410 1041 647 1094 anterior
677 1035 815 1089 unde
840 1046 1026 1088 sensus
1053 1045 1237 1106 omnes
1283 1030 1693 1095 distribuuntur,
1723 1029 1786 1081 ad
1817 1027 1960 1081 fron-

414 1140 518 1184 tem
548 1125 800 1180 collocata
842 1134 943 1178 est.
993 1121 1205 1174 Nam.e‘t
1245 1119 1489 1188 tangendi
1532 1130 1720 1172 sensus
1749 1117 1838 1183 qui
1871 1131 1962 1183 per

412 1229 578 1272 totum
607 1227 799 1282 corpus
824 1210 1148 1275 dillunditur,
1179 1209 1336 1262 etiam
1363 1209 1476 1276 ipse
1503 1207 1567 1260 ab
1598 1206 1782 1259 eadem
1815 1213 1960 1256 ante-

413 1307 553 1361 riore
594 1313 740 1374 parte
787 1301 994 1357 cerebri
1043 1299 1340 1354 ostenditur
1373 1297 1570 1352 habere
1600 1296 1735 1349 viam
1787 1308 1957 1354 suam,

412 1412 531 1465 qum
560 1403 822 1449 retrorsus
851 1407 944 1459 per
971 1391 1218 1444 verticem
1266 1399 1423 1456 atque
1451 1386 1710 1440 cervicem
1752 1383 1816 1435 ad
1846 1396 1958 1435 me-

412 1486 606 1538 dullam
633 1482 798 1552 spinae
827 1478 1121 1535 deducitur.
1172 1477 1424 1546 Congruit
1470 1483 1646 1529 autem
1679 1475 1801 1528 huic
1834 1486 1958 1525 sen-

406 1576 590 1630 tentias
620 1574 756 1642 quod
786 1587 941 1640 supra
963 1571 1030 1624 de
1053 1568 1265 1623 homine
1289 1568 1483 1622 dictum
1512 1573 1614 1620 est.

483 1664 562 1718 Λᾶ
589 1665 856 1732 imaginem
889 1658 977 1713 Dei
1006 1659 1188 1712 creavit
1215 1658 1380 1710 illum.
1420 1654 1711 1708 Mascnlnm
1744 1663 1788 1707 et
1815 1654 1963 1721 femi-

407 1767 532 1806 nam
558 1751 740 1804 ereavit
767 1764 870 1802 eos.
924 1746 1070 1813 Quod
1101 1746 1240 1800 enim
1270 1745 1466 1797 dictum
1495 1751 1577 1796 est
1602 1741 1668 1792 ad
1697 1741 1960 1808 imaginem

415 1843 536 1909 Dei,
571 1859 673 1897 non
704 1842 804 1895 nisi
857 1842 907 1893 in
937 1837 1143 1900 anima;
1173 1835 1311 1905 quod
1341 1834 1572 1887 additum
1603 1831 1882 1884 masculum
1912 1841 1960 1882 et

413 1937 672 2007 feminam,
715 1948 816 1987 non
849 1930 947 1984 nisi
988 1931 1038 1982 in
1066 1942 1289 1996 corpore
1319 1927 1510 1978 factum
1543 1934 1684 1976 recte
1714 1922 1964 1989 intelligi-

414 2037 519 2080 tur.
568 2023 679 2078 .‘ion
727 2036 853 2091 ergo
901 2018 1159 2077 audiendi
1199 2025 1317 2068 sunt
1372 2014 1460 2082 qui
1493 2019 1682 2080 putant
1731 2013 1959 2064 animam

413 2126 612 2183 partem
661 2112 751 2167 Dei
796 2123 949 2174 esse,
1006 2107 1156 2176 quasi
1205 2103 1430 2159 hominis
1482 2106 1653 2156 anima
1708 2117 1826 2166 pars
1872 2100 1960 2154 Dei

415 2212 575 2263 esset,
599 2214 695 2253 nec
723 2213 749 2249 a
781 2211 837 2250 se
865 2197 980 2262 ipsa
1009 2208 1108 2248 nec
1134 2194 1199 2247 ab
1225 2193 1400 2260 aliquo
1432 2190 1607 2255 diripi,
1641 2203 1738 2242 nec
1766 2190 1829 2239 ad
1862 2189 1964 2248 ali-

415 2292 540 2361 quid
565 2290 698 2344 male
728 2285 1021 2341 faciendum
1046 2284 1159 2336 sive
1184 2281 1488 2350 pati-tendum
1506 2281 1620 2331 ulla
1650 2277 1964 2333 neceSsitate

415 2379 678 2450 compelli,
708 2392 804 2432 nec
833 2377 882 2430 in
913 2375 1098 2428 melius
1125 2373 1207 2427 vel
1237 2371 1469 2425 deterius
1500 2371 1688 2424 mutari
1719 2371 1958 2435 omnino,

416 2471 688 2538 potuisset.
720 2464 899 2521 Flatus
938 2472 1113 2518 autem
1159 2462 1250 2516 ille
1274 2461 1364 2516 Dei
1413 2462 1501 2529 qui
1531 2461 1796 2515 hominem
1846 2460 1962 2514 ani-

413 2561 578 2617 mavit
607 2559 772 2613 lactus
799 2564 881 2611 est
907 2555 974 2608 ab
1001 2555 1137 2623 ipso,
1161 2567 1264 2607 non
1290 2552 1356 2606 de
1385 2552 1520 2619 ipso,
1549 2552 1640 2620 qui
1668 2566 1767 2604 nec
1798 2551 1964 2604 homi-

414 2654 497 2706 nis
517 2649 677 2703 ﬂatus
696 2643 932 2700 hominis
961 2657 1083 2711 pars
1112 2649 1194 2695 est
1215 2679 1232 2706 ,
1265 2655 1361 2695 nec
1389 2639 1550 2693 homo
1576 2655 1697 2694 eum
1735 2639 1859 2692 facit
1901 2640 1967 2693 de

413 2760 473 2798 se
500 2745 633 2812 ipso,
663 2739 755 2794 sed
771 2752 848 2792 -ει
880 2750 1036 2790 aereo
1065 2734 1224 2788 halitu
1253 2741 1467 2801 sumpto
1499 2741 1554 2786 et
1578 2731 1767 2786 etl‘uso.
1830 2732 1966 2785 Deus

414 2848 541 2888 vero
570 2831 735 2900 potuit
775 2837 829 2883 et
856 2827 922 2880 de
952 2825 1149 2890 nihilo,
1181 2832 1235 2878 et
1264 2823 1438 2877 vivum
1491 2821 1966 2890 rationabilemque

417 2921 584 2991 potuit
636 2916 774 2985 quod
830 2930 934 2969 non
977 2923 1154 2982 potest
1198 2914 1386 2977 homo;
1433 2912 1673 2980 quamvis
1726 2910 1968 2964 nonnulli

416 3009 719 3066 existiment
765 3021 869 3065 non
917 3012 1040 3058 tunc
1086 3003 1371 3057 animatum
1410 3002 1639 3067 primum
1671 3001 1962 3065 hominem,

2057 592 2205 646 aqum
2230 575 2434 638 diluvii,
2465 589 2584 641 qua:
2613 583 2775 626 totam
2803 572 2967 626 nostri
2993 571 3138 624 orbis
3163 558 3499 638 superficiem
3529 577 3609 627 al-

2061 667 2262 720 tissime
2311 672 2734 730 cooperuerunt,
2762 661 2826 714 ad
2876 675 2997 714 eum
3054 660 3327 727 pervenire
3369 667 3394 695 ⁸
3437 671 3617 727 petue-

2058 763 2204 808 runt.
2255 753 2446 808 Verum
2476 767 2569 805 seu
2600 753 2690 814 ibi,
2722 766 2815 804 seu
2847 749 2991 811 alibi,
3042 749 3177 802 Deus
3227 748 3470 811 noverit,
3520 763 3616 801 nos

2058 854 2260 899 tantum
2291 844 2461 898 locum
2493 842 2632 894 hunc
2662 842 2822 894 fuisse
2853 848 2905 892 et
2937 853 3054 892 esse
3085 846 3346 891 terrenum
3376 838 3617 892 dubitare

2060 951 2164 990 non
2192 936 2334 988 licet.
2368 933 2604 1000 Denique
2633 929 2977 997 sequentibus
3007 929 3181 981 verbis
3209 927 3480 991 Scriptura
3509 928 3619 992 ple-

2059 1025 2178 1079 nius
2208 1023 2430 1094 qualiter
2454 1038 2572 1076 eum
2607 1022 2742 1075 Deus
2772 1019 3088 1087 plantaverit
3116 1020 3335 1086 exponit
3359 1019 3543 1071 dicens
3566 1036 3583 1071 :

2136 1134 2482 1200 Produxitque
2504 1131 2749 1204 Dominus
2782 1129 2914 1182 Deus
2954 1129 3017 1182 de
3057 1127 3207 1180 [turno
3239 1144 3383 1180 omne
3423 1128 3619 1198 lignum

2059 1224 2325 1294 pulchrum
2345 1224 2473 1285 visu,
2502 1223 2636 1274 etad
2664 1220 2961 1273 vescendum
3010 1233 3181 1280 suave,
3224 1218 3418 1283 lignum
3468 1217 3621 1268 etiam

2059 1316 2171 1367 uiue
2194 1315 2245 1367 in
2271 1314 2432 1365 medio
2453 1312 2696 1380 paradisi,
2720 1311 3007 1380 lignumque
3029 1309 3249 1361 scientiis
3269 1308 3386 1359 boni
3411 1319 3456 1359 et
3474 1308 3620 1358 mali.

2062 1401 2174 1455 lloc
2199 1416 2264 1455 eo
2293 1399 2380 1452 die
2406 1398 2598 1452 laetum
2649 1399 2980 1465 intelligitur,
3020 1411 3126 1462 quo
3151 1407 3203 1448 et
3247 1396 3450 1463 reliqua
3481 1395 3620 1463 ligna

2064 1489 2333 1544 fructifera
2361 1497 2523 1552 terra,
2553 1486 2661 1541 Deo
2685 1485 2925 1554 iubente,
2959 1485 3225 1550 produxit.
3253 1483 3355 1537 Sed
3391 1485 3474 1538 hic
3504 1484 3625 1535 ideo

2072 1579 2375 1634 necessario
2420 1577 2698 1645 repetitur,
2750 1584 2807 1630 ut
2852 1576 3026 1646 qualis
3072 1576 3144 1627 sit
3195 1575 3338 1627 locus
3388 1572 3619 1640 paradisi

2059 1683 2221 1724 nosse
2256 1664 2276 1704 τ
2308 1679 2604 1734 possemus,
2638 1665 2864 1716 maxime
2892 1662 3012 1730 quia
3044 1660 3110 1714 de
3140 1661 3278 1728 ligno
3306 1661 3424 1712 vita:
3449 1662 3616 1727 lignu-

2066 1771 2169 1827 que
2199 1755 2433 1810 scientiae
2463 1754 2584 1806 boni
2617 1763 2668 1807 et
2709 1751 2830 1803 mali
2875 1760 2989 1804 erat
3037 1749 3338 1816 specialiter
3384 1748 3622 1801 referen-

2067 1848 2230 1910 dum;
2283 1845 2335 1899 in
2381 1858 2605 1912 quorum
2653 1855 2756 1895 uno
2806 1840 3002 1899 homini
3049 1841 3252 1906 signum
3304 1839 3623 1892 obedientire

2066 1952 2220 2007 quam
2250 1935 2500 1998 debebat,
2534 1933 2593 1987 in'
2619 1932 2784 1985 altero
2813 1941 3202 1984 sacramentum
3233 1931 3354 1982 vita:
3380 1943 3618 1990 aeternae.

2074 2042 2230 2098 quam
2257 2041 2347 2096 per
2375 2026 2540 2092 ipsam
2573 2020 2926 2094 obedientiam
2974 2027 3284 2079 mereretur,
3332 2021 3519 2072 inerat.
3559 2018 3625 2070 l-Jt

2075 2117 2289 2184 quidem
2325 2115 2518 2182 lignum
2550 2111 2672 2164 vita:
2720 2109 2838 2162 inde
2865 2108 3090 2172 dictum,
3137 2109 3256 2176 quia
3291 2109 3427 2160 hanc
3457 2111 3625 2160 virtu-

2067 2212 2195 2268 tem,
2227 2210 2283 2256 ut
2304 2201 2566 2262 diximus,
2614 2198 2865 2252 divinitus
2894 2197 3194 2264 acceperit,
3245 2197 3415 2262 utqui
3445 2213 3510 2250 es
3557 2212 3622 2249 co

2068 2292 2430 2354 manducaret,
2476 2302 2667 2355 corpus
2697 2286 2814 2356 ejus
2839 2285 3016 2339 stabili
3046 2287 3273 2338 sanitate
3302 2287 3621 2348 ﬁrmaretur,

2069 2396 2237 2446 neque
2265 2393 2491 2448 unquam
2524 2377 2625 2430 ulla
2659 2375 2963 2430 inﬁrmitate
2992 2375 3072 2428 vel
3124 2383 3280 2428 astate
3310 2377 3358 2426 in
3389 2373 3626 2427 deterius

2067 2481 2377 2535 mutaretur,
2430 2479 2536 2542 aut_
2575 2469 2627 2522 in
2672 2482 2923 2523 occasum
2964 2468 3124 2521 etiam
3175 2466 3480 2528 laberetur;
3531 2467 3624 2520 sed

2069 2563 2169 2618 hoc
2199 2562 2268 2616 ita
2296 2560 2642 2629 corporaliter
2661 2558 2854 2612 factum
2881 2566 3057 2623 cst,ut
3075 2557 3389 2610 sacramenti
3419 2567 3629 2624 quoque

2064 2665 2208 2707 esset
2258 2653 2420 2719 figura
2467 2650 2736 2718 spiritalis,
2784 2649 2834 2702 id
2860 2658 2963 2714 est,
2990 2647 3082 2701 Dei
3128 2658 3182 2700 et
3207 2647 3414 2700 Domini
3448 2647 3621 2701 nostri

2066 2741 2192 2797 Jesu
2216 2742 2438 2804 Christi,
2473 2742 2538 2793 de
2563 2753 2670 2808 quo
2700 2738 2751 2791 in
2785 2738 2942 2791 laude
2974 2737 3246 2804 sapientiae
3277 2738 3471 2789 dictum
3504 2744 3626 2789 est:

2071 2831 2287 2902 Lignunt
2328 2833 2439 2884 vita:
2487 2840 2560 2881 cst
2605 2829 2684 2880 his
2726 2829 2812 2897 qui
2848 2827 3274 2894 apprehenderint
3303 2842 3412 2879 eam
3440 2823 3623 2894 (Prov.

2067 2938 2148 2986 ιιι,
2181 2923 2290 2991 18).
2329 2923 2392 2973 lit
2415 2919 2468 2973 in
2497 2918 2811 2987 Apocalypsi
2841 2918 3004 2970 sancti
3030 2916 3274 2984 Joannis:
3307 2916 3404 2979 Qui
3420 2917 3619 2976 sic-erit,

2071 3014 2254 3083 inquit,
2297 3012 2426 3064 dabo
2467 3012 2511 3062 ei
2557 3011 2701 3062 edere
2739 3009 2801 3060 de
2843 3009 2979 3076 ligno
3003 3009 3138 3075 quod
3172 3015 3252 3058 est
3295 3007 3345 3057 in
3388 3008 3631 3074 paradiso

417 3099 628 3173 quando
651 3099 786 3154 Deus
816 3097 867 3151 in
891 3094 1006 3165 ejus
1033 3093 1221 3147 faciem
1247 3087 1499 3157 sufﬂavit,
1527 3101 1583 3144 et
1612 3093 1779 3143 tactus
1803 3098 1887 3143 est
1915 3091 1964 3144 in

2075 3104 2168 3158 Dei
2195 3103 2288 3155 mei
2314 3103 2498 3170 (Apoc.
2527 3114 2591 3163 tt,
2629 3097 2742 3167 18).
2774 3098 2925 3162 Quod
2949 3105 3032 3149 est
3057 3105 3238 3164 aperte
3263 3097 3440 3148 dicere
3466 3112 3479 3146 :
3525 3096 3626 3160 Qui

419 3191 646 3244 animam
691 3188 886 3253 vivam,
935 3183 1028 3238 sed
1075 3192 1198 3235 tune
1244 3179 1509 3246 accepisse
1552 3179 1803 3246 Spiritum
1846 3193 1968 3230 san-

412 3293 583 3340 etum.
630 3278 909 3345 Quodlibet
949 3283 1122 3328 autem
1158 3273 1343 3327 horum
1387 3271 1692 3325 credibilius
1723 3269 1969 3323 ostenda-

421 3387 527 3437 tur,
575 3370 798 3425 animam
847 3375 1020 3420 tamen
1073 3378 1177 3418 non
1221 3376 1341 3416 esse
1381 3370 1579 3430 partem
1612 3358 1733 3423 Dei,
1767 3371 1860 3412 nee
1887 3357 1953 3413 de

422 3461 708 3521 substantia
734 3460 782 3515 ei
812 3469 1050 3513 naturain
1081 3464 1311 3510 creatam
1341 3453 1451 3507 sive
1486 3450 1764 3521 prolatam,
1789 3450 1879 3504 sed
1909 3463 1976 3503 ex

425 3555 589 3612 nihilo
614 3553 822 3613 factam,
856 3548 1101 3602 dubitare
1131 3545 1208 3597 I'as
1240 3558 1336 3596 nos
1365 3555 1466 3595 est.

493 3642 819 3698 ‘Plantnvcrat
863 3647 1028 3691 autem
1063 3632 1308 3685 Dominus
1341 3629 1478 3682 Deus
1508 3630 1973 3698 paradimmsohr-

422 3738 575 3810 pletis
622 3752 652 3788 α
681 3732 953 3802 principio,
982 3729 1033 3780 in
1072 3741 1171 3795 quo
1203 3723 1368 3794 posuit
1409 3720 1660 3773 hominem
1687 3733 1834 3784 quem
1873 3719 1978 3786 for-

422 3807 666 3883 mauerat.
697 3823 776 3877 Ab
808 3822 902 3874 illo
932 3818 1109 3885 utique
1142 3811 1398 3883 principio
1426 3809 1688 3878 plantasse
1715 3807 1849 3861 Deus
1881 3822 1969 3873 pa-

424 3917 659 3973 radisum
687 3907 983 3966 credendus
1010 3913 1121 3968 est,
1152 3917 1216 3956 ex
1244 3914 1347 3970 quo
1377 3908 1571 3952 terram
1599 3910 1808 3949 omnem
1827 3939 1841 3962 ,
1877 3909 1962 3950 re.

425 4003 586 4059 motis
631 4013 750 4068 qua
792 4011 908 4050 eam
954 3997 1273 4060 Operuerunt
1316 3988 1488 4054 aquis,
1521 3987 1711 4040 herbas
1748 3998 1801 4039 et
1831 3987 1970 4054 ligna

413 4087 700 4147 Iructifera
732 4081 1021 4153 producere
1047 4078 1235 4148 jussit,
1268 4077 1317 4130 in
1344 4089 1448 4144 quo
1491 4083 1668 4128 tamen
1702 4074 1970 4128 hominem

427 4181 516 4234 die
543 4185 712 4240 sexto,
738 4173 766 4212 δ
793 4187 896 4240 quo
925 4181 977 4225 et
1005 4170 1171 4239 ipsum
1202 4164 1542 4229 formaverat,
1576 4165 1764 4233 posuit.
1797 4163 1976 4232 Neque

431 4274 691 4328 ullatenus
721 4266 1065 4323 dubitandum
1096 4273 1176 4318 est
1199 4262 1527 4334 paradisum,
1557 4261 1609 4313 in
1638 4271 1740 4326 quo
1773 4256 1973 4324 positus

424 4371 511 4418 est
539 4364 695 4415 homo
727 4371 747 4398 ο
780 4360 998 4426 primus,
1031 4354 1128 4409 etsi
1160 4353 1238 4406 vel
1273 4349 1521 4405 Ecclesia:
1550 4349 1845 4417 prmsentis,
1895 4345 1976 4399 vel

2079 3194 2264 3248 \icerit
2300 3192 2643 3244 tentationem
2667 3188 2931 3256 serpentis
2960 3185 3184 3255 antiqui,
3236 3200 3264 3239 a
3308 3201 3407 3254 qua
3456 3187 3623 3240 victus

2077 3293 2159 3338 est
2185 3283 2375 3349 Adam,
2418 3280 2553 3336 dabo
2579 3280 2626 3335 ei
2649 3279 2789 3348 quod
2828 3280 3046 3332 daturus
3074 3293 3219 3332 eram
3267 3279 3396 3332 Adae
3427 3280 3470 3331 si
3519 3281 3635 3333 vin-

2077 3384 2242 3439 ceret,
2286 3380 2342 3426 ut
2372 3372 2619 3440 praesenti
2667 3370 2874 3423 visione
2922 3368 3103 3437 gloriae
3149 3366 3342 3422 Christi
3396 3367 3447 3421 in
3478 3351 3637 3422 reter-

2079 3478 2202 3516 num
2231 3461 2518 3524 reiiciatur,
2567 3460 2794 3525 ideoque
2837 3458 2984 3511 nullo
3016 3456 3178 3525 possit
3200 3458 3414 3511 incursu
3445 3459 3638 3512 mortis

2078 3553 2283 3622 attingi,
2335 3551 2454 3620 quia
2504 3549 2747 3602 videlicet
2796 3546 3051 3601 Dominus
3095 3543 3341 3601 Christus
3389 3547 3556 3600 virtus
3585 3559 3641 3601 et

2078 3641 2336 3711 sapientia
2364 3641 2455 3694 Dei
2488 3639 2659 3692 Patris
2688 3638 2742 3691 in
2775 3637 3018 3703 paradiso
3063 3644 3147 3689 est
3192 3635 3338 3703 regni
3376 3638 3635 3697 caelestis.

2077 3746 2234 3799 quem
2277 3745 2397 3784 cum
2441 3727 2646 3802 caeteris
2695 3725 2894 3778 sanctis
2943 3726 3100 3778 etiam
3151 3727 3425 3780 contitenti
3475 3741 3537 3779 se
3583 3728 3636 3780 in

2079 3832 2233 3873 cruce
2259 3815 2448 3870 latroni
2478 3815 2785 3883 promittere
2812 3813 3055 3881 dignatus
3107 3825 3208 3869 est.
3266 3825 3291 3862 s
3321 3816 3637 3885 Lignumque

2079 3909 2340 3976 sapientia:
2357 3905 2474 3958 boni
2506 3914 2548 3957 et
2591 3905 2734 3958 mali.
2784 3903 2858 3956 De
2889 3903 2989 3958 hoc
3030 3903 3170 3973 ligno
3201 3919 3414 3960 sanctus
3459 3907 3638 3974 Augu-

2081 3999 2278 4052 sﬁnus:
2308 4014 2327 4047 ι
2353 3996 2476 4050 Mihi
2505 4003 2706 4056 autem,
2740 3993 2926 4062 inquit,
2952 3994 3111 4047 etiam
3141 4005 3300 4062 atque
3327 3996 3482 4048 etiam
3507 4009 3640 4048 cnn-

2082 4089 2335 4142 sideranti
2376 4086 2480 4140 dici
2515 4100 2618 4139 non
2653 4071 2826 4153 potest
2869 4099 3122 4155 quantum
3171 4091 3372 4156 placeat
3402 4089 3489 4140 illa
3516 4103 3642 4142 sett-

2085 4180 2268 4243 tentia,
2301 4193 2405 4233 non
2440 4178 2601 4230 tuisse
2628 4177 2771 4230 illam
2824 4179 3067 4233 arborem
3112 4179 3231 4232 cibo
3255 4179 3483 4232 noxiam.
3535 4177 3640 4248 Ne-

2082 4283 2184 4338 que
2211 4268 2353 4322 enim
2383 4268 2471 4336 qui
2505 4267 2699 4320 iecerat
2725 4268 2904 4321 omnia
2938 4268 3071 4322 bona
3105 4269 3275 4334 valde,
3310 4269 3359 4320 in
3391 4269 3640 4336 paradiso

2081 4359 2385 4414 instituerat
2411 4359 2605 4427 aliquid
2637 4359 2784 4421 mali,
2832 4359 2928 4413 sed
2977 4359 3172 4412 malum
3216 4359 3377 4412 fuisse
3437 4360 3638 4412 homini

429 4454 616 4508 ΐυιιιΐὲ
643 4448 821 4519 Pallia
848 4455 1029 4516 ιιρυω
1077 4455 1220 4498 lenm
1248 4483 1262 4503 ν
1303 4441 1367 4494 ad
1401 4439 1771 4507 IWOPTielalem
1803 4449 1973 4490 iam"
2010 4466 2060 4525 ι)
2086 4448 2560 4515 transgressionem
2590 4447 2857 4515 pracepti.
2881 4435 3165 4514 Oportebat
3194 4455 3370 4501 autem
3393 4456 3448 4500 ut
3475 4447 3643 4501 homo

431 4546 623 4599 littera
655 4536 1048 4606 intelligendum
1079 4547 1216 4596 esse,
1249 4531 1419 4584 locum
1444 4528 1648 4582 scilicet
1672 4526 1974 4581 amoenissi-

431 4649 598 4696 mum,
629 4629 908 4686 fructuosis
938 4624 1237 4679 nemoribus
1283 4630 1558 4690 opacatum
1583 4659 1599 4682 ,
1630 4617 1978 4683 eamdemque

430 4734 703 4790 magnum,
732 4727 786 4771 et
813 4728 1002 4782 magno
1046 4712 1193 4764 l‘onte
1224 4711 1520 4763 fecundum.
1579 4705 1681 4758 Pro
1711 4718 1774 4758 eo
1803 4714 1978 4757 autem

432 4811 575 4882 quod
603 4817 783 4862 nostra
813 4804 1004 4865 Editio,
1032 4817 1148 4870 qua:
1177 4802 1244 4854 de
1271 4799 1524 4853 Hebraica
1552 4798 1775 4851 veritate
1805 4806 1976 4847 trans-

433 4902 538 4954 lata
571 4907 682 4960 est,
713 4895 869 4948 habet
908 4909 940 4944 α
986 4890 1232 4958 principio
1254 4929 1268 4951 ,
1311 4889 1363 4941 in
1393 4889 1602 4955 antiqua
1635 4887 1984 4942 translatione

439 4986 660 5057 positum
706 4992 786 5036 est
832 4984 896 5033 ad
942 4980 1225 5038 Orientem;
1255 4990 1319 5030 ex
1368 4990 1470 5044 quo
1521 4974 1758 5030 nonnulli
1801 4975 1984 5030 volunt

438 5071 573 5144 quod
613 5072 666 5125 in
696 5067 936 5123 orientali
967 5075 1115 5134 parte
1144 5063 1287 5117 orbis
1318 5075 1574 5116 terrarum
1608 5065 1676 5117 sit
1715 5063 1864 5116 locus
1893 5077 1981 5130 pa-

437 5164 619 5227 radisi,
645 5158 885 5230 quamvis
907 5153 934 5192 δ
963 5155 1267 5223 longissimo
1297 5154 1641 5222 interiacente
1668 5155 1856 5224 spatio,
1901 5155 1982 5209 vel

437 5252 668 5320 Oceani,
711 5249 793 5304 vel
838 5257 1133 5311 terrarum,
1184 5259 1213 5296 a
1257 5245 1460 5297 cunctis
1507 5244 1802 5314 regionibus
1832 5245 1977 5316 quas

507 5459 533 5487 "
565 5449 670 5512 AL,
700 5449 877 5500 Deum.

507 5517 534 5557 δ
568 5520 675 5578 AL,
705 5531 868 5583 quem.

511 5602 530 5626 ε
566 5588 668 5647 AL,
705 5585 938 5647 primum.

509 5657 533 5694 δ
567 5655 671 5716 AL,
701 5651 997 5716 largissime.

512 5736 532 5762 ο
568 5724 672 5788 AL,
707 5720 971 5790 potuerint.

2089 4541 2188 4592 sub
2218 4536 2440 4592 Domino
2472 4537 2578 4592 Deo
2606 4538 2808 4605 positus
2833 4536 3043 4591 aliunde
3089 4538 3478 4606 prohiberetur.
3507 4549 3568 4593 ut
3589 4542 3640 4594 ei

2086 4626 2421 4696 promerendi
2451 4626 2728 4680 Dominum
2782 4640 2936 4679 suum
2984 4627 3149 4680 virtus
3176 4637 3319 4680 esset
3373 4627 3480 4696 ipsa
3511 4628 3643 4682 obe-

2087 4721 2309 4783 tlientia,
2351 4734 2508 4787 quam
2545 4733 2755 4786 possum
2782 4719 3056 4786 verissime
3086 4720 3265 4774 dicere
3304 4721 3471 4774 solam
3519 4737 3644 4776 esse

2090 4810 2336 4864 virtutem
2363 4809 2507 4863 omni
2552 4819 2808 4863 creaturae
2851 4809 3147 4864 rationabili
3199 4812 3371 4877 agenti
3421 4810 3519 4864 sub
3551 4811 3642 4865 Dei

2090 4909 2347 4968 potestate
2376 4917 2389 4962 ;
2426 4899 2762 4968 primumque
2799 4913 2917 4953 esse
2945 4909 2999 4954 et
3029 4916 3315 4954 maximum
3349 4900 3528 4953 vitiant
3561 4911 3643 4954 tu-

2089 4992 2252 5043 moris
2275 4990 2340 5042 ad
2370 4989 2598 5053 ruinam,
2629 5005 2720 5044 sua
2752 4998 3011 5058 potestate
3045 4991 3178 5044 velle
3209 4991 3306 5050 uti,
3341 4986 3370 5026 δ
3396 4991 3476 5043 cui
3499 5004 3642 5045 sum-

2091 5097 2232 5136 mum
2277 5082 2389 5134 vitii
2445 5096 2638 5134 nomen
2657 5088 2747 5141 est
2797 5079 3168 5143 inobedientia.
3223 5077 3336 5132 Non
3389 5090 3468 5133 est
3515 5095 3645 5148 ergo

2092 5173 2229 5228 unde
2255 5187 2314 5226 se
2338 5173 2494 5224 homo
2526 5171 2802 5224 Dominum
2832 5168 3030 5221 habere
3055 5169 3312 5236 cogitaret
3343 5177 3497 5237 atque
3523 5183 3646 5224 seno

2093 5261 2249 5327 tlret,
2268 5261 2366 5315 nisi
2399 5261 2447 5313 ei
2477 5257 2678 5328 aliquid
2704 5256 2994 5326 iuberetur.
3021 5256 3188 5311 Arbor
3214 5257 3391 5326 itaque
3420 5258 3508 5312 illa
3539 5274 3645 5312 non

2161 5453 2186 5488 τ
2217 5451 2322 5512 Al.,
2353 5462 2620 5515 possimus.

2097 5592 2106 5603 δ
2165 5521 2286 5640 svltii
2320 5519 2440 5570 Mss.
2476 5515 2628 5569 l’iius
2658 5523 2827 5568 tamen
2873 5514 3054 5584 legunt
3077 5514 3273 5586 lignum
3303 5517 3567 5582 scientia'.
3600 5531 3660 5577 ut

2097 5608 2145 5640 tn
2225 5607 2252 5638 ιι
2277 5599 2413 5640 nata.

2095 5608 2145 5646 ιιι
2184 5606 2413 5655 Vulgata.

2165 5657 2189 5695 δ
2222 5655 2502 5725 Al.,~cujus
2529 5654 2632 5709 vitii
2670 5667 2867 5709 nomen.
