3866 6248
223 329 291 394 43
1462 338 1931 394 ΙΙΕΧᾹΕΜΕΙὶΟΝ
1973 340 2098 396 LIB.
2139 343 2178 396 1.
3345 343 3409 402 ιϐ

221 456 334 498 erat
359 443 515 504 mala,
557 441 648 496 sed
681 443 936 509 appellata
977 453 1054 497 est
1102 444 1334 498 scientiae
1365 453 1387 480 ⁸
1420 447 1758 516 dignoscendi
1791 452 1837 510 Α
1865 449 2011 504 sinus
2052 467 2317 521 venasque
2357 454 2617 524 longiores
2660 468 2876 513 exeunt.
2911 459 3281 530 interpretatur
3312 477 3392 530 au-

221 530 413 584 bonum
439 539 495 583 et
541 531 774 595 malum;
825 532 944 600 quia
994 533 1036 585 si
1071 541 1186 598 post
1234 532 1637 598 prohibitionem
1691 550 1758 588 ex

222 621 307 672 illa
336 618 495 672 homo
522 620 733 684 ederet,
765 619 815 672 in
863 621 944 672 illa
974 621 1220 689 prtecepti
1271 623 1435 674 futura
1464 632 1760 691 transgres-

219 711 368 763 sione
414 713 572 762 homo
598 725 692 778 per
720 711 1131 777 experimentum
1163 727 1330 777 pinna:
1379 714 1606 766 disceret
1636 715 1759 779 quid

221 796 499 850 interesset
551 798 688 850 inter
715 798 1029 852 obedientia:
1059 800 1252 854 bonum
1285 810 1338 855 et
1386 802 1758 856 inobedientite

217 885 433 937 malum.
488 884 714 938 Proinde
761 896 813 938 et
845 890 943 940 hoc
973 902 1075 941 non
1117 889 1171 943 in
1203 892 1368 960 Iigura
1398 891 1617 955 dictum,
1666 893 1759 948 sed

216 988 341 1027 vere
370 976 626 1040 quoddam
671 975 866 1043 lignum
893 979 1257 1044 accipiendum
1302 990 1400 1045 est,
1431 984 1513 1035 cui
1547 999 1648 1036 non
1693 983 1760 1038 de

215 1064 384 1118 fructu
414 1066 495 1118 vel
524 1080 681 1133 pomo
710 1066 848 1134 quod
899 1068 1024 1121 inde
1057 1081 1380 1134 nasceretur,
1431 1072 1522 1124 sed
1552 1087 1615 1126 ex
1645 1072 1756 1141 ipsa

216 1168 274 1208 re
306 1170 496 1208 nomen
543 1155 846 1223 impositum
874 1167 975 1223 est,
1007 1174 1141 1227 qum,
1192 1161 1282 1214 illo
1326 1173 1507 1214 contra
1535 1148 1754 1216 vetitum

213 1254 382 1306 tacto,
406 1242 581 1297 fuerat
605 1255 849 1300 secutura
876 1245 924 1303 δ.
963 1265 982 1298 ι

286 1356 352 1410 ει
385 1359 567 1426 ﬂuuius
605 1361 947 1428 egrediebatur
982 1362 1044 1415 de
1080 1363 1192 1417 loco
1228 1363 1496 1434 uoluptatis
1534 1368 1600 1420 ad
1639 1368 1753 1420 irri-

215 1449 438 1516 ganduns
475 1448 791 1516 paradisum.
829 1450 885 1504 Id
919 1459 1003 1504 est
1040 1451 1176 1521 ligna
1218 1453 1306 1506 illa
1348 1456 1564 1522 pulchra
1605 1466 1758 1520 atque

213 1543 475 1596 fructuosa
518 1559 634 1612 qua
672 1559 882 1596 omnem
915 1553 1105 1599 terram
1136 1547 1364 1613 regionis
1397 1548 1536 1602 illius
1569 1563 1756 1615 opaca-

212 1635 374 1697 hant,
430 1648 534 1702 quo
591 1649 656 1688 eo
711 1635 1000 1688 factitatum
1069 1635 1230 1691 fuisse
1284 1639 1601 1692 credendum
1645 1649 1755 1700 est.

209 1738 317 1790 quo
357 1722 411 1775 in
457 1723 554 1774 hac
594 1737 748 1788 quam
795 1738 890 1777 nos
935 1724 1210 1780 incolimus
1251 1733 1385 1778 terra
1427 1726 1572 1780 Nilus
1604 1728 1750 1794 plana

209 1809 393 1877 irrigat
419 1809 630 1879 Egypli
651 1851 666 1876 ,
705 1811 842 1865 unde
861 1853 876 1876 ,
906 1812 1047 1878 quod
1079 1823 1130 1865 ct
1157 1828 1308 1880 supra
1345 1816 1643 1880 posuimus,
1673 1816 1750 1867 tli-

208 1908 352 1969 ctum
380 1909 462 1953 est
486 1902 551 1951 de
583 1909 724 1952 terra
763 1899 1151 1966 Sodomorum,
1192 1917 1310 1969 qua:
1351 1907 1591 1958 universa
1633 1905 1751 1958 irri-

184 1966 426 2054 gabatur
461 1988 596 2041 sicut
619 1987 892 2054 paradisus
926 1989 1175 2054 Domini,
1211 1966 1272 2044 et
1313 1993 1450 2045 sicut
1495 1993 1750 2065 Aegyptus

205 2075 378 2143 (Gen.
405 2091 530 2138 aut,
561 2076 628 2130 10
649 2076 689 2145 ).
722 2077 785 2130 Et
812 2076 1026 2146 provida
1061 2079 1239 2145 utique
1269 2080 1610 2148 dispositione
1649 2083 1749 2134 Do-

207 2165 382 2216 minus
412 2179 471 2217 ac
504 2164 756 2217 Conditor
786 2179 959 2218 rermn
1002 2166 1052 2218 iu
1087 2175 1267 2219 nostro
1304 2167 1433 2222 orbe
1464 2169 1629 2222 voluit
1660 2171 1750 2223 ha-

202 2253 329 2308 bere
357 2254 754 2308 similitudinem
789 2257 1091 2310 nonnullam
1123 2260 1304 2327 patria:
1335 2261 1471 2314 illius
1499 2262 1561 2315 ad
1593 2276 1748 2330 quam

205 2347 574 2414 possidendam
603 2347 659 2400 in
695 2348 864 2416 primo
890 2358 1109 2418 parente
1138 2352 1303 2405 creati
1350 2368 1552 2418 sumus,
1602 2363 1653 2407 ut
1684 2354 1746 2407 ad

204 2436 616 2504 promerendum
658 2438 773 2503 ejus
803 2437 1032 2492 reditum
1065 2440 1131 2494 de
1163 2442 1337 2494 vicino
1364 2457 1460 2494 nos
1489 2443 1747 2497 admone-

201 2534 280 2578 vet
306 2525 579 2593 exemplo,
611 2526 839 2580 maxime
867 2539 920 2582 et
948 2528 1164 2583 ﬂumine
1204 2530 1298 2584 illo
1327 2531 1468 2599 quod
1499 2533 1564 2586 de
1596 2548 1740 2601 para-

199 2615 318 2668 diso
367 2624 578 2668 constat
625 2630 892 2671 emanare.
944 2619 1091 2672 Nilus
1147 2636 1373 2691 namque
1426 2622 1513 2691 qui
1569 2624 1746 2692 irrigat

199 2704 518 2775 Egyptum,
561 2704 674 2773 ipse
718 2716 799 2761 est
843 2706 1020 2773 Geon,
1070 2711 1157 2777 qui
1202 2710 1255 2763 in
1301 2713 1638 2780 sequentibus
1678 2715 1746 2767 de

197 2795 445 2862 paradisn
491 2794 778 2862 procedere
805 2806 1148 2850 memoratur.
1181 2799 1329 2853 Sicut
1357 2801 1516 2854 etiam
1543 2802 1744 2855 eversis

197 2881 396 2936 eisdem
441 2882 788 2937 Sodomorum
832 2883 1161 2952 civitatibus,
1211 2902 1326 2955 qua:
1371 2891 1634 2956 quondam
1689 2900 1745 2944 ut

195 2968 471 3038 paradisus
523 2969 725 3024 Domini
775 2971 1156 3040 irrigabautur,
1208 2975 1506 3042 exemplum
1557 2992 1738 3030 eorutn

197 3059 286 3126 qui
321 3059 482 3127 impie
511 3060 678 3113 acturi
709 3070 832 3114 sunt
861 3063 1065 3129 posuit,
1100 3073 1154 3115 ut
1183 3065 1395 3130 vestigia
1428 3067 1737 3132 perditionis
1763 3082 1816 3149 ς

194 3149 457 3202 malorum
489 3151 784 3204 certissima
817 3151 866 3205 iu
896 3155 1094 3207 mundo
1126 3153 1392 3224 vigilantia
1424 3164 1621 3209 :eterna
1651 3171 1740 3210 eo-

192 3255 308 3294 rum
342 3248 613 3294 tormenta
650 3242 964 3311 fugeremus.

261 3347 364 3414 Qui
410 3350 526 3405 inde
573 3352 813 3406 dividitur
863 3369 917 3406 in
964 3363 1180 3423 quatuor
1227 3365 1392 3424 capita
1433 3372 1607 3411 nomen
1653 3360 1741 3412 uni

192 3433 412 3490 Phison.
455 3439 707 3504 Constat,
749 3443 1110 3498 astruentibus
1150 3446 1461 3500 certissimis
1501 3451 1736 3501 auctori-

190 3526 320 3591 bus,
376 3526 561 3581 borum
615 3529 847 3583 omnium
893 3531 1168 3586 ﬂuminmn
1217 3552 1335 3601 qua:
1375 3536 1444 3589 de
1496 3539 1738 3604 paradiso

187 3616 338 3668 exire
382 3615 702 3680 referuntur,
747 3618 798 3671 in
833 3631 1010 3673 nostra
1043 3631 1178 3675 terra
1212 3624 1383 3676 fontes
1411 3639 1532 3678 esse
1561 3635 1732 3679 notos.

193 3705 439 3760 Phisonis
466 3699 711 3776 quidem,
743 3726 898 3778 quem
929 3728 1067 3768 nunc
1095 3713 1326 3784 Gangem
1354 3717 1651 3785 appellant,
1684 3722 1732 3773 in

152 3818 154 3822 τ
191 3791 320 3847 locis
345 3793 567 3852 Caucasi
598 3801 831 3864 montis;
875 3799 978 3855 Nili
1026 3817 1186 3869 vero,
1236 3819 1390 3872 quem
1432 3807 1734 3875 Scriptura,

191 3895 248 3938 ut
270 3886 524 3951 diximus,
555 3888 700 3944 Geon
726 3901 1000 3960 nuncupat
1019 3933 1035 3957 .
1065 3910 1204 3949 nunc
1232 3897 1410 3967 procul
1436 3898 1501 3952 ab
1528 3900 1736 3954 Atlante

193 3985 409 4041 monte,
450 3978 588 4042 quod
637 3990 718 4034 est
753 3983 969 4036 ultimus
1006 3982 1127 4037 linis
1165 3985 1356 4039 Africa:
1390 3987 1454 4041 ad
1488 3989 1734 4044 occiden-

190 4073 321 4118 tem.
355 4066 521 4120 Porru
551 4055 721 4137 Tigris
751 4081 803 4125 et
835 4073 1128 4141 Euphrates
1159 4092 1222 4130 ex
1265 4080 1514 4133 Armenia
1535 4121 1550 4144 ,
1596 4083 1735 4137 unde

185 4157 504 4211 credendum
533 4172 616 4213 est
642 4165 888 4228 quoniam
918 4166 1063 4218 locus
1094 4167 1207 4235 ipse
1236 4169 1460 4236 paradisi
1492 4186 1519 4223 a
1549 4173 1733 4241 cogni-

187 4245 331 4301 tione
361 4247 630 4302 hominum
662 4260 745 4304 est
780 4253 1165 4308 remotissimus
1185 4296 1201 4322 ,
1245 4259 1470 4327 indeque
1506 4269 1734 4328 quatuor

187 4349 441 4404 aquarum
472 4346 648 4407 partes
675 4338 871 4407 dividi;
902 4345 994 4396 sed
1023 4361 1084 4399 ea
1115 4346 1331 4401 ﬂumina
1361 4365 1579 4418 quorum
1612 4351 1727 4404 fon-

1865 547 1968 592 tem
2012 540 2203 597 Phison
2243 546 2342 597 oris
2386 548 2622 612 mutatio,
2678 558 2732 602 et
2775 559 2946 615 recte.
2993 553 3113 620 quia
3158 553 3402 609 nimirum

1863 628 2017 682 aliam
2047 632 2098 684 in
2131 642 2307 687 nostra
2337 637 2558 704 gratiam
2589 652 2696 691 sua:
2729 640 2874 693 faciei
2897 681 2911 700 ,
2944 643 2994 694 id
3026 653 3127 709 est,
3161 645 3400 700 viliorem

1863 718 2032 772 multo
2062 736 2218 787 quam
2250 723 2302 776 in
2331 724 2576 791 paradiso
2610 726 2803 780 habent
2834 730 3080 783 ostendit.

1933 804 2053 872 Ipse
2079 821 2151 862 est
2178 811 2264 877 qui
2292 811 2468 863 circuit
2498 829 2691 865 omnem
2719 825 2900 867 terram
2932 816 3148 873 Evilath.
3179 819 3298 875 llaec
3322 832 3402 876 est
3457 893 3461 896 ~

1861 894 2021 948 ludia:
2060 897 2235 966 regio,
2279 914 2468 954 nomen
2509 900 2627 954 inde
2669 905 2866 957 habens
2895 906 3032 973 quod
3067 922 3304 972 possessa
3337 913 3400 964 sit

1863 994 1980 1051 post
2009 986 2262 1041 diluvium
2293 990 2360 1042 ab
2393 991 2538 1044 Eviia
2585 994 2690 1045 lilio
2731 994 2953 1061 Jectan,
2997 997 3084 1065 qui
3129 999 3224 1052 fuit
3267 999 3402 1054 illius

1859 1073 2034 1130 Heber
2083 1076 2396 1144 patriarchae
2439 1079 2809 1148 liebrteorum,
2851 1101 3013 1154 quem
3058 1089 3212 1141 etiam
3257 1089 3402 1144 lose.

1861 1163 1996 1232 phus
2029 1177 2049 1204 ε
2083 1166 2243 1220 refert
2269 1183 2384 1221 cmn
2414 1167 2668 1224 fratribus
2694 1175 2803 1227 suis
2842 1191 2870 1226 ει
2911 1174 3121 1230 ﬂumine
3155 1176 3400 1246 Cephene

1856 1261 1913 1306 et
1943 1256 2159 1328 regione
2183 1255 2340 1310 india:
2367 1275 2532 1328 usque
2557 1261 2620 1324 ad
2651 1277 2769 1317 eum
2800 1265 2969 1318 locum
2999 1265 3086 1335 qui
3110 1269 3402 1335 appellatur

1859 1340 2033 1396 llieira
2067 1347 2388 1412 possedisse.

1930 1429 2010 1483 lbi
2038 1435 2262 1486 nascitur
2291 1451 2474 1488 aurum
2492 1477 2507 1502 ,
2535 1447 2581 1491 et
2608 1455 2790 1492 aurum
2818 1450 2963 1496 terra:
2990 1443 3126 1497 illius
3157 1454 3398 1514 optimum

1859 1531 1947 1573 est.
1985 1522 2047 1576 Et
2077 1523 2275 1578 Plinius
2312 1525 2585 1581 Secundus
2617 1529 2776 1584 india:
2814 1531 3056 1600 regiones
3095 1536 3207 1588 auri
3250 1540 3399 1590 venis

1859 1625 1966 1678 prae
1995 1615 2202 1667 caeteris
2229 1616 2500 1670 abundare
2531 1619 2684 1673 terris
2703 1660 2718 1683 ,
2753 1622 2889 1676 unde
2918 1633 2969 1678 et
2999 1624 3182 1680 insulae
3211 1641 3392 1681 eorum

1857 1698 2045 1768 chrysa
2073 1710 2124 1754 et
2153 1718 2341 1772 argyra
2371 1721 2398 1757 a
2429 1710 2578 1776 copia
2608 1709 2719 1763 auri
2748 1710 2857 1764 sive
2894 1715 3096 1780 urgenti
3140 1717 3391 1771 vocabula

1788 1766 1828 1821 Β
1855 1766 2208 1858 sumpserunt.

1925 1876 2103 1948 Ibique
2146 1883 2390 1937 invenitur
2437 1886 2461 1922 ἀ
2504 1888 2774 1943 bdocllinm
2823 1903 2868 1946 et
2915 1893 3046 1963 lapis
3091 1900 3390 1969 onychiuus.

1855 1969 2142 2025 Bdoeliium
2195 1983 2308 2040 est,
2360 1986 2415 2029 ut
2465 1980 2598 2032 idem
2653 1969 2921 2037 Pliniuse
2963 1988 3181 2054 seribit,
3235 1993 3393 2044 arhnr

1851 2057 2164 2121 aromatiCa,
2201 2061 2380 2114 colere
2407 2065 2590 2131 nigro,
2626 2069 2983 2133 magnitudine
3023 2075 3184 2138 olea},
3215 2085 3268 2130 et
3312 2078 3392 2128 in-

1851 2143 1915 2194 lia
1965 2144 2212 2211 roboris,
2262 2147 2434 2203 lructu
2487 2155 2782 2221 capriﬂcis,
2836 2159 2996 2226 ip~ins
3043 2175 3222 2217 natura
3271 2182 3389 2235 quae

1849 2235 2099 2297 gummis.
2138 2234 2229 2288 Est
2254 2246 2431 2291 autem
2467 2239 2694 2310 iacryma
2725 2245 2840 2312 ejus
2870 2247 3058 2312 lucida,
3090 2234 3390 2319 subalbida,

1850 2323 1975 2376 levis
1995 2364 2008 2388 ,
2044 2324 2250 2396 pinguis
2271 2370 2287 2395 ,
2318 2330 2592 2396 aequaliter
2621 2348 2776 2388 cerea
2801 2381 2814 2400 ,
2850 2347 2903 2391 et
2931 2355 3046 2407 quaa
3077 2340 3231 2396 facite
3261 2349 3393 2396 mol-

1851 2409 2025 2477 liatur,
2058 2423 2212 2482 gustu
2243 2430 2450 2482 amara,
2483 2421 2661 2477 odoris
2702 2425 2856 2491 boni,
2888 2429 2980 2480 sed
3022 2431 3141 2484 vino
3181 2437 3386 2499 perfusa

1847 2502 2139 2571 odoratior,
2167 2510 2315 2573 cuius
2345 2516 2400 2561 et
2429 2507 2558 2563 liber
2582 2511 2930 2569 Numerorum
2966 2519 3235 2589 meminit,
3267 2521 3398 2577 Erat

1845 2601 2038 2655 autem,
2071 2592 2346 2662 inquiens,
2377 2613 2492 2650 men
2534 2603 2678 2668 quasi
2715 2617 2879 2657 semen
2917 2609 3172 2662 coriandri
3209 2613 3391 2666 coloris

1847 2679 2020 2732 bdellii
2048 2681 2067 2750 (
2095 2680 2253 2736 Nunt.
2288 2701 2374 2752 at,
2403 2687 2432 2737 7
2457 2688 2510 2756 ),
2563 2690 2613 2742 id
2652 2700 2761 2756 est,
2804 2694 2956 2748 lucidi
3004 2706 3059 2750 et
3104 2701 3385 2756 subalbidi.

1795 2769 1992 2838 'Ouyx
2043 2782 2221 2827 autem
2272 2775 2404 2842 lapis
2448 2788 2528 2831 est
2589 2783 2879 2850 pretiosus,
2931 2785 3052 2842 inde
3097 2791 3388 2858 appellatus

1842 2861 1980 2929 quod
2014 2865 2172 2918 habet
2209 2866 2261 2918 in
2292 2881 2350 2920 se
2381 2871 2688 2935 permistum
2731 2875 3012 2932 candorem
3055 2881 3105 2932 iu
3145 2870 3386 2937 similitu-

1841 2953 2018 3007 dinem
2069 2959 2258 3025 ungu's
2310 2958 2542 3013 humani.
2595 2960 2761 3016 Graeci
2809 2966 2948 3019 enim
2990 2985 3210 3037 unguem
3250 2990 3384 3044 ony-

1843 3041 1994 3097 chem
2042 3043 2246 3098 dicunt.
2297 3044 2443 3101 lianc
2489 3057 2543 3101 et
2591 3051 2777 3106 Arabia
2824 3055 3015 3124 gignit,
3068 3061 3158 3112 sed
3210 3041 3382 3118 indica

1846 3130 2104 3199 igniculos
2149 3135 2336 3200 habet,
2382 3139 2515 3192 albis
2559 3141 2886 3209 cingentibus
2933 3145 3120 3214 zonis;
3168 3153 3382 3208 Arabica

1841 3232 2015 3278 autem
2066 3225 2211 3294 nigra
2258 3236 2340 3280 est
2389 3242 2508 3282 cum
2557 3231 2902 3289 candentibus
2943 3238 3112 3292 zonis.
3156 3243 3379 3312 Antiqua

1843 3312 2138 3368 Translatio
2185 3329 2279 3383 pro
2324 3318 2406 3371 his
2454 3318 2610 3374 habet
2635 3323 3009 3378 carbunculum
3058 3337 3114 3381 et
3159 3329 3380 3396 lapidem

1845 3399 1862 3435 ί
1900 3403 2188 3469 prasinum.
2239 3406 2330 3458 Est
2375 3417 2549 3460 autem
2595 3410 2985 3479 carbunculus,
3025 3415 3161 3468 sicut
3196 3425 3248 3470 et
3287 3436 3375 3470 no-

1841 3492 1983 3546 mine
2015 3494 2233 3560 probat,
2265 3495 2396 3562 lapis
2425 3496 2560 3564 ignei
2590 3490 2812 3564 coloris,
2843 3516 2947 3569 quo
2977 3504 3143 3556 noctis
3173 3521 3382 3575 quoque

1841 3583 2088 3637 tenebras
2139 3583 2404 3641 illustrare
2453 3589 2775 3656 perhibetur.
2828 3591 2921 3646 Est
2968 3594 3096 3662 lapis
3147 3600 3385 3664 prasinus

1838 3674 2116 3730 viridantis
2153 3690 2437 3745 aspectus:
2483 3683 2619 3738 unde
2655 3695 2708 3739 et
2744 3685 2926 3741 Graece
2962 3703 2991 3742 a
3033 3706 3211 3759 porro,
3244 3696 3383 3763 quod

1837 3765 1974 3834 apud
2005 3780 2098 3821 eos
2126 3783 2320 3837 prason
2351 3771 2560 3836 dicitur,
2591 3790 2782 3830 nomen
2810 3779 3030 3844 accepit.

1907 3854 1973 3908 Et
2017 3874 2194 3912 nomen
2233 3861 2384 3927 ﬂuvio
2425 3864 2643 3918 secundo
2669 3863 2831 3920 Geon.
2859 3867 2980 3934 Ipse
3004 3879 3073 3921 est
3099 3871 3185 3938 qui
3209 3871 3387 3926 circuit

1837 3963 2030 3999 onmem
2071 3959 2254 4003 terram
2297 3952 2596 4022 /Ethiopire.
2629 3956 2825 4010 Nomen
2855 3975 2966 4012 vero
2993 3963 3214 4030 ﬂuminis
3254 3968 3389 4017 tertii

1838 4032 2019 4104 Tigris.
2047 4035 2069 4087 Ι
2079 4053 2163 4103 pse
2185 4040 2318 4090 vadit
2338 4051 2515 4094 contra
2537 4046 2780 4112 Assyrios.
2810 4045 3017 4101 Fluvios
3038 4065 3152 4103 vero
3171 4063 3380 4120 quartus

1834 4125 1942 4188 ipse
1969 4138 2042 4178 est
2092 4126 2401 4193 Euphrates.
2438 4132 2636 4188 Idcirco
2681 4136 2746 4189 de
2788 4137 3051 4203 Euphrate
3091 4142 3176 4194 ubi
3221 4143 3375 4196 vadat

1833 4229 2031 4281 quasve
2074 4225 2248 4272 terras
2276 4219 2562 4276 circumeat
2603 4239 2705 4278 non
2736 4226 2887 4291 dicit,
2918 4229 3036 4296 quia
3069 4232 3178 4298 ipse
3209 4234 3258 4286 in
3290 4235 3374 4287 vi-

1834 4302 1953 4356 cino
1984 4306 2250 4370 proﬂuens
2281 4317 2434 4362 terrm
2464 4313 2916 4385 repromissionis,
2950 4319 3190 4376 facillim
3217 4337 3246 4376 a
3277 4338 3371 4392 po-
3437 4330 3451 4344 ‘

185 4395 264 4478 tes
291 4425 402 4481 noti
427 4395 550 4482 esse
572 4427 834 4494 dicuntur,
858 4395 1331 4490 ;.n..n"e;;.§;‘.li
1355 4395 1585 4494 5.1.3.2;
1612 4395 1732 4507 34's.
1758 4413 1810 4476 υ
1836 4395 1955 4462 pm"
1987 4395 2174 4459 "me"
2204 4400 2513 4507 φ’ξίδίάθω
2546 4407 2774 4473 manu“
2810 4409 2920 4463 ¹³³⁸⁰
2964 4410 3193 4468 “mm”
3221 4424 3331 4468 "3'
3352 4457 3368 4478 ν

191 4525 392 4570 tractus
440 4519 762 4586 prolixarum
812 4521 939 4575 locis
986 4527 1257 4594 regionum
1302 4530 1419 4582 aliis
1457 4531 1729 4598 erupisse,

193 4606 282 4657 ubi
314 4615 563 4673 tanquam
599 4608 650 4661 in
679 4609 788 4662 suis
815 4608 1047 4666 fontibus
1076 4618 1183 4668 noti
1213 4632 1332 4670 esse
1372 4620 1728 4686 perhibentur.

183 4691 311 4746 Nam
340 4695 438 4749 hoc
461 4695 574 4750 sole
586 4712 642 4752 re
664 4699 945 4752 nonnullas
965 4716 1126 4770 aquas
1148 4703 1319 4759 lacere
1345 4711 1461 4776 quis
1488 4708 1730 4778 ignorat?

179 4782 283 4836 Sed
319 4785 387 4838 ibi
421 4784 520 4838 hoc
559 4785 742 4850 scitur,
790 4788 879 4842 ubi
918 4804 1022 4842 non
1062 4791 1151 4844 diu
1192 4795 1291 4848 sub
1317 4799 1468 4850 terris
1495 4800 1727 4856 currunt.

185 4873 419 4944 Denique
451 4877 636 4930 eadem
665 4878 773 4945 ipsa
806 4878 1021 4933 ﬂumina
1053 4881 1279 4951 Tigrim.
1314 4888 1629 4955 Euphratem
1677 4904 1730 4948 et

181 4960 353 5016 Nilum
390 5005 405 5031 ,
465 4965 638 5020 ferunt
686 4966 919 5022 historici
971 4971 1233 5047 plerisque
1289 4977 1341 5030 in
1397 4980 1521 5033 locis
1577 4991 1730 5037 teme

179 5055 348 5119 sumi,
381 5065 435 5110 et
461 5059 728 5126 aliquanto
757 5061 1094 5128 interjacente
1133 5065 1305 5129 spatio
1344 5081 1524 5122 rursus
1552 5086 1726 5126 emer-

179 5147 351 5213 gentia
397 5149 608 5202 solitum
657 5166 813 5220 agere
855 5168 1098 5218 cursum;
1156 5155 1292 5222 quod
1339 5159 1495 5209 etiam
1557 5161 1724 5227 ipsum

181 5235 434 5288 Dominus
461 5238 524 5290 ad
557 5240 802 5295 indicium
842 5246 1010 5298 iacere
1034 5245 1325 5299 credendus
1351 5256 1429 5298 est
1454 5248 1588 5301 illius
1608 5266 1726 5305 curo

178 5341 298 5389 sus,
332 5339 437 5391 quo
467 5326 530 5377 ad
567 5342 662 5380 nos
689 5331 758 5384 de
798 5335 1038 5398 paradiso
1084 5350 1176 5403 per
1213 5335 1524 5389 occultiores
1574 5349 1726 5396 terra:

247 5444 272 5504 ᾳ
312 5434 396 5488 ΑΙ.
426 5475 441 5493 ,
473 5446 518 5486 et
544 5436 892 5504 diguoscendi.

243 5503 281 5558 lu
407 5503 658 5581 Atig._lih.
692 5522 782 5581 viti
809 5512 875 5563 de
902 5513 1031 5567 Gen.
1064 5516 1126 5567 ad
1158 5517 1258 5568 litt.
1284 5557 1296 5581 ,
1327 5530 1373 5570 c.
1408 5519 1468 5572 6.

246 5583 269 5648 ξ
315 5576 495 5648 Antiq;
523 5574 641 5648 .lud.
666 5614 680 5636 ,
712 5577 804 5630 lib.
843 5594 891 5644 ι,
919 5598 1036 5648 cap.
1067 5585 1158 5639 20.

243 5639 268 5677 ¹¹
309 5643 396 5696 Ai.
455 5641 708 5697 Bdelluut.

1836 4499 2034 4557 poterat
2083 4493 2229 4546 sciri.
2276 4493 2404 4559 Quia
2455 4510 2577 4550 vero
2624 4514 2716 4565 per
2757 4516 2918 4568 aquas
2961 4509 3372 4571 regeneratrit-es

1832 4595 2101 4647 regressus
2129 4583 2362 4651 nobisad
2390 4586 2621 4639 caelestia
2653 4598 2812 4653 patet.
2838 4594 3078 4658 congruit
3101 4595 3228 4648 satis
3254 4596 3367 4650 dis-

1833 4671 2190 4738 pensationem
2248 4671 2436 4723 divina:
2469 4674 2706 4740 pietatis,
2741 4686 2795 4729 ut
2839 4677 3007 4744 ipsum
3048 4682 3369 4740 elementum

1833 4774 1926 4828 per
1953 4760 2089 4827 quod
2123 4760 2184 4812 ad
2215 4774 2494 4826 supernam
2527 4763 2746 4830 patriam
2793 4766 3096 4824 reducimur
3125 4773 3274 4827 nobis
3303 4780 3372 4829 sit

1831 4863 1947 4901 cum
1997 4847 2271 4916 paradiso,
2329 4849 2378 4901 in
2427 4864 2532 4917 quo
2581 4852 2781 4917 positus
2829 4857 2896 4909 sit
2943 4857 3099 4914 homo
3147 4865 3368 4930 primus.

1830 4951 2108 4996 commune
2131 4977 2145 4999 ,
2181 4945 2234 4988 et
2277 4936 2410 4989 sicut
2434 4940 2609 5006 gratia
2641 4957 2736 4996 nos
2762 4959 3010 5000 recreans
3041 4949 3374 5007 invisibiliter

1833 5027 1980 5090 regni
2014 5026 2247 5080 caelestis
2281 5026 2541 5095 ingressui
2574 5043 2868 5098 praeparat:
2901 5036 2972 5088 ita
3002 5041 3156 5092 etiam
3191 5041 3371 5094 invisi-

1830 5113 2000 5167 biliter
2041 5113 2102 5165 ad
2147 5112 2421 5167 Dominum
2457 5117 2636 5171 orbem
2683 5120 2747 5171 de
2793 5124 3034 5188 paradiso
3076 5141 3167 5193 per
3212 5137 3367 5182 terrae

1829 5221 1988 5259 venas
2017 5205 2124 5272 ipsa
2162 5218 2252 5271 per
2279 5222 2430 5274 quant
2461 5223 2555 5262 nos
2587 5221 2784 5264 recreat
2811 5215 2942 5266 unda
2970 5218 3221 5282 prosiliat.
3253 5219 3373 5274 Sic-

1827 5304 1880 5345 ut
1909 5308 2030 5361 ergo
2060 5292 2282 5362 Spiritus
2328 5298 2414 5349 ubi
2437 5295 2541 5350 vult
2567 5299 2751 5367 spirat,
2800 5311 2844 5353 et
2868 5318 3030 5355 vocem
3060 5307 3365 5374 ejus’audis,

1827 5386 1910 5436 scd
1940 5393 1964 5426 κ
1995 5399 2094 5436 non
2119 5383 2221 5437 'scis
2249 5385 2382 5442 unde
2406 5389 2598 5452 veniat,
2629 5401 2719 5440 aut
2745 5406 2842 5458 quo
2872 5392 3020 5444 vadat
3051 5392 3242 5462 (Jcau.
3281 5414 3367 5460 ut.

1900 5502 1921 5565 εξ
1965 5492 2092 5565 liist.
2127 5492 2242 5547 Nat.
2275 5493 2364 5548 lib.
2401 5511 2470 5549 χιι
2493 5536 2507 5561 ,
2540 5511 2654 5565 cap.
2685 5497 2737 5549 9.

1903 5562 1919 5600 ι
1966 5563 2077 5623 AL,
2109 5565 2424 5628 parassinuut

1897 5637 1920 5672 8
1964 5631 2041 5681 ΑΙ.
2065 5669 2078 5696 ,
2110 5630 2284 5685 nescis.
