3866 6248
425 424 491 476 tr
586 455 603 462 ς
906 407 1100 466 nene:
1140 391 1592 462 vanensstus
1628 390 1908 452 orsnuu
1951 388 1999 443 P.

2107 383 2224 441 i'll.
2249 413 2315 426 --
2347 380 2730 439 EXEGE‘I‘ICA
2757 376 3089 433 ‘GENUINA.
3542 377 3611 429 68

423 513 496 580 8)
523 526 539 576 ;
568 521 644 562 ste
671 516 826 561 etiam
866 500 1089 555 decebat
1127 505 1184 551 ut
1219 508 1351 563 aqua
1393 505 1507 559 quae
1547 501 1639 543 eos
1677 497 1811 555 quos

425 569 652 670 spiritus
681 592 971 649 sanctiﬁcat
995 627 1011 652 ,
1040 590 1234 656 ignotis
1258 583 1322 636 ad
1356 594 1451 635 nos
1482 579 1583 633 viis
1623 576 1690 629 de
1726 569 1886 642 parad
1909 582 1969 622 so

429 663 710 747 adveniat,
743 681 804 734 ad
836 682 1009 747 ignota
1050 674 1205 729 nobis
1232 671 1346 727 loca
1380 668 1598 729 redeat,
1628 663 1746 732 quia
1777 668 1972 714 tantum

434 781 501 832 de
532 775 769 845 paradiso
799 766 1081 835 voluptatis
1111 763 1369 829 originem
1400 764 1606 810 constat
1635 753 1849 806 habere.

506 883 641 935 Tulit
675 894 792 947 ergo
824 875 1070 928 Dominus
1103 869 1235 922 Deus
1264 865 1508 918 hominem
1550 876 1694 930 quem
1733 858 1978 926 [armaaec

430 984 511 1026 rat
527 1013 543 1038 ,
564 982 609 1024 et
634 970 796 1038 posuit
819 980 929 1016 eum
958 963 1011 1014 in
1032 958 1277 1029 paradiso
1295 951 1581 1021 voluptatis,
1606 961 1660 1001 ut
1688 951 1980 1014 operaretur

434 1076 479 1116 et
509 1059 776 1116 custodiret
804 1053 968 1106 illum.
1000 1046 1150 1114 Quod
1178 1045 1282 1108 ait,
1311 1052 1367 1096 ut
1391 1049 1696 1110 oprraretnr
1724 1045 1777 1090 et
1806 1041 1979 1088 custoo

433 1154 570 1206 diret
595 1152 741 1204 illum
772 1186 786 1209 ,
820 1144 882 1197 ad
914 1157 1031 1196 eum
1064 1139 1267 1192 videtur
1301 1134 1564 1202 respicere
1594 1130 1764 1183 locum
1797 1126 1849 1178 in
1878 1139 1982 1192 quo

439 1247 632 1295 dictum
659 1248 740 1292 est
760 1279 775 1302 ,
813 1233 874 1286 Et
905 1233 1049 1283 homo
1079 1243 1178 1279 non
1205 1233 1314 1278 erat
1347 1223 1431 1290 qui
1460 1225 1747 1290 operaretur
1778 1226 1979 1267 terram.

445 1332 632 1385 Verum
660 1341 756 1379 nos
783 1333 833 1378 et
864 1322 919 1374 in
944 1319 1098 1386 hujus
1127 1312 1454 1380 expositione
1481 1307 1623 1361 verbi
1649 1305 1787 1358 dit-ta
1814 1302 1981 1355 sancti

437 1419 609 1473 Patris
638 1413 910 1482 Augustini
943 1419 1210 1479 ponamus
1242 1412 1292 1454 ⁸.
1323 1421 1342 1452 ι
1377 1400 1507 1467 Quid
1539 1406 1865 1466 operaretur,
1898 1394 1979 1446 in-

435 1513 582 1578 quit,
629 1509 706 1560 vel
757 1497 1090 1557 custodiret?
1140 1491 1382 1560 Nunquid
1431 1490 1565 1543 forte
1607 1485 1974 1555 agriculturam

439 1573 690 1652 Dominus
719 1592 886 1645 voluit
911 1585 1120 1656 operari
1163 1583 1387 1651 primum
1433 1573 1742 1631 hominem?
1769 1574 1845 1627 An
1877 1585 1979 1624 non

442 1701 524 1744 est
550 1683 797 1742 credibile
838 1679 976 1747 quod
1021 1689 1142 1728 eum
1180 1680 1302 1725 ante
1339 1677 1608 1737 peccatum
1651 1663 1985 1715 damnaverat

443 1779 505 1830 ad
536 1770 808 1830 laborem?
839 1769 910 1821 lta
953 1779 1082 1820 sane
1125 1761 1524 1819 arbitraremur,
1553 1753 1650 1805 nisi
1683 1751 1981 1803 videremus

446 1882 564 1922 cum
607 1875 746 1917 tanta
788 1861 1055 1925 voluptate
1095 1849 1255 1904 animi
1297 1844 1568 1913 agricolari
1609 1839 1892 1908 quosdam,
1926 1846 1982 1889 ut

449 1969 632 2022 magna
664 1951 739 2005 eis
771 1962 923 2016 pwna
952 1944 1022 1997 sit
1049 1940 1170 1994 inde
1199 1937 1262 1988 ad
1292 1933 1431 1987 aliud
1462 1931 1690 1985 evocari.
1723 1925 1981 1994 Quidquid

451 2017 581 2116 erg-0
603 2040 909 2095 deliciarum
939 2032 1095 2085 habet
1119 2025 1454 2096 agricultura,
1479 2031 1602 2074 tunc
1625 2017 1807 2083 utique
1835 2017 1985 2080 longe

450 2106 674 2202 aniplins
720 2137 867 2190 erat,
916 2121 1122 2193 quando
1170 2117 1296 2170 nihil
1346 2111 1615 2168 accidebat
1659 2107 1863 2161 adversi
1903 2106 1983 2158 vel

451 2189 609 2283 tet-ire
638 2225 720 2277 vel
752 2221 907 2275 caelo.
940 2215 1052 2269 Non
1080 2220 1194 2266 erat
1219 2210 1359 2264 enim
1389 2203 1585 2260 laberis
1612 2189 1861 2263 afﬂictio,
1893 2196 1984 2249 sed

452 2314 766 2372 exhilaratio
796 2306 1112 2369 voluntatis,
1164 2318 1281 2357 cum
1323 2315 1383 2354 ea
1423 2315 1538 2367 qua:
1571 2298 1708 2350 Deus
1734 2293 1760 2331 ι)
1793 2291 1988 2344 creavit

454 2407 668 2463 humani
701 2400 876 2468 operis
905 2395 1164 2463 adiutorio
1193 2391 1363 2444 laetius
1392 2387 1717 2452 feraciusque
1745 2379 1987 2449 proveni-

453 2508 600 2559 rent,
653 2493 789 2547 unde
833 2489 1058 2543 Creator
1112 2485 1222 2551 ipse
1269 2480 1482 2534 uberius
1530 2475 1853 2532 laudaretur,
1903 2470 1990 2537 qui

456 2558 646 2639 anima:
690 2583 742 2634 in
787 2588 1010 2642 coi’pore
1049 2569 1260 2624 animali
1289 2565 1582 2622 constituta:
1611 2563 1864 2617 rationem
1895 2558 1989 2612 de-

458 2678 624 2729 disset
666 2665 918 2737 operandi
949 2677 1008 2715 ac
1035 2661 1328 2714 facultatem
1348 2698 1361 2720 ,
1389 2665 1638 2725 quantum
1684 2653 1869 2705 animze
1896 2664 1989 2700 vo-

462 2763 616 2818 lentis
644 2760 770 2813 satis
801 2762 975 2816 esset,
1009 2767 1110 2804 non
1141 2757 1388 2816 quantum
1439 2743 1656 2798 invitum
1709 2738 1994 2806 indigentia

461 2850 700 2920 corporis
735 2853 962 2913 cogeret.
996 2859 1015 2892 ι
1051 2839 1115 2893 Ut
1153 2845 1465 2904 operaretur,
1508 2831 1710 2900 inquit,
1740 2836 1787 2881 et
1829 2835 1996 2879 custo-

462 2917 589 2994 diret
620 2935 793 2996 illum,
826 2931 1113 2986 custodiret
1149 2925 1394 2979 videlicet
1421 2919 1667 2976 eumdem
1699 2917 1993 2986 paradisum

461 3031 564 3096 ipsi
590 3027 718 3089 sibi,
743 3037 807 3077 ne
833 3017 1026 3088 aliquid
1053 3015 1352 3069 admitteret
1375 3027 1537 3078 quare
1563 3007 1682 3065 inde
1709 3014 1998 3061 mereretur

1851 478 1963 532 vult
1989 481 2040 539 Α
2067 473 2359 539 tione'Dei,
2386 471 2599 541 quando
2624 469 2749 523 illud
2779 469 3064 521 admissum
3091 473 3174 520 est
3203 466 3254 518 in
3283 479 3390 534 quo
3419 480 3486 520 ne
3513 466 3608 517 ad-

2073 564 2368 619 mitteretur
2394 562 2503 616 sola
2533 559 2749 615 deberet
2774 557 2947 627 jussio
2973 555 2999 592 «ι
3030 555 3345 609 dominantis
3372 554 3608 617 attendi,

2072 667 2188 720 qua
2214 653 2258 706 si
2288 652 2398 703 sola
2428 649 2785 704 attenderetur
2812 644 2932 714 quid
2960 643 3098 696 aliud
3125 658 3277 709 quam
3305 641 3396 696 Dei
3427 642 3606 694 volun-

2075 751 2153 795 tas
2178 739 2472 794 amaretur?
2493 737 2614 805 quid
2635 736 2773 788 aliud
2799 749 2952 802 quam
2982 732 3071 786 Dei
3101 732 3339 784 voluntas
3368 731 3610 782 humana

2075 829 2324 882 voluntati
2356 823 2781 897 przeponerelur?
2810 821 2917 876 Nec
2947 821 3058 873 ﬁeri
3089 828 3260 886 petest
3288 827 3343 870 ut
3370 817 3613 869 voluntas

2078 918 2286 986 proliria
2330 932 2432 970 non
2475 912 2655 983 grandi
2689 913 2853 966 rttiuze
2891 909 3126 977 pandere
3154 920 3314 973 super
3346 905 3615 957 hominem

2078 1006 2261 1070 radat,
2292 1005 2336 1057 si
2364 1005 2480 1056 eam
2519 1001 2774 1054 voluntati
2814 997 3102 1064 superioris
3139 992 3441 1047 extollendo
3480 1005 3613 1056 pra-

2083 1105 2257 1163 ponat.
2295 1093 2402 1147 lloc
2431 1101 2680 1158 expertus
2721 1099 2802 1142 est
2841 1080 2998 1140 homo
3041 1094 3385 1138 contemnens
3423 1091 3616 1147 praee-

2084 1190 2231 1250 ptum
2265 1169 2389 1243 Dei;
2423 1189 2473 1233 et
2503 1179 2600 1231 hoc
2630 1177 2992 1243 experimento
3019 1171 3202 1226 didicit
3237 1169 3362 1237 quid
3393 1168 3616 1220 interes-

2086 1281 2168 1325 set
2196 1274 2333 1324 inter
2368 1271 2559 1322 bonum
2591 1279 2645 1320 et
2673 1270 2893 1322 malum.
2924 1265 3123 1318 scilicet
3153 1262 3341 1313 bonum
3375 1258 3618 1309 obedien-

2088 1361 2191 1420 tize,
2261 1360 2453 1424 malum
2485 1366 2657 1409 autem
2690 1353 3087 1413 inobedientiae,
3118 1351 3166 1402 id
3194 1358 3294 1411 est,
3325 1345 3620 1412 superbia,

2092 1447 2462 1508 contumacim,
2494 1459 2755 1513 perversae
2786 1441 3096 1495 imitationis
3127 1439 3248 1502 Dei,
3280 1449 3330 1491 et
3361 1436 3530 1489 noxia:
3560 1435 3621 1487 lio

2090 1539 2326 1589 bertatis.
2361 1535 2469 1587 lloc
2498 1546 2672 1586 autem
2703 1533 2754 1584 in
2783 1546 2888 1597 quo
2921 1530 3158 1583 accidere
3198 1527 3366 1595 potuit
3401 1539 3465 1578 ex
3509 1524 3616 1590 ipsa

2091 1639 2150 1678 re
2171 1665 2185 1688 ,
2220 1633 2274 1676 ttt
2303 1638 2460 1689 supra
2491 1625 2684 1675 dictum
2716 1630 2832 1685 est,
2863 1635 3052 1673 nomen
3084 1619 3304 1685 accepit.

2161 1733 2226 1786 In
2261 1749 2549 1803 quocunque
2587 1733 2667 1784 die
2698 1733 2966 1783 comederis
2992 1745 3055 1782 ex
3081 1744 3160 1794 eo,
3190 1736 3345 1780 morte
3375 1725 3622 1776 morieris.

2012 1799 2060 1858 Β
2088 1834 2198 1887 Non
2230 1834 2338 1897 ait,
2369 1834 2410 1885 si
2443 1829 2738 1885 comederis
2767 1829 3004 1882 mortalis
3029 1828 3164 1891 eris,
3195 1825 3286 1878 sed
3317 1828 3368 1875 in
3397 1839 3623 1891 quocun-

2085 1947 2180 1999 que
2231 1932 2347 1998 die,
2399 1932 2601 1997 inquit,
2647 1929 2918 1981 comederis
2965 1943 3026 1979 ea:
3071 1943 3167 1990 eo,
3195 1933 3352 1976 morte
3379 1924 3624 1975 morieris.

2086 2032 2320 2087 Mortuus
2351 2044 2575 2097 namque
2603 2039 2684 2082 est
2714 2030 2871 2080 homo
2913 2028 2963 2079 in
3007 2024 3179 2078 anima
3209 2039 3326 2077 cum
3359 2023 3626 2090 peccavit,

2087 2134 2207 2201 quia
2240 2132 2461 2185 recessit
2489 2131 2554 2183 ab
2583 2144 2648 2183 eo
2680 2130 2845 2191 Deus,
2875 2127 2963 2194 qui
2993 2137 3074 2179 est
3100 2126 3201 2176 vita
3231 2123 3451 2184 animus,
3482 2120 3627 2187 cujus

2088 2231 2276 2283 merito
2309 2237 2331 2264 ⁸
2361 2237 2580 2280 mortem
2625 2235 2802 2279 secuta
2843 2233 2920 2278 est
2961 2237 3103 2276 mors
3142 2221 3408 2288 corporis,
3452 2218 3628 2270 disce-

2087 2320 2250 2372 dente
2293 2315 2360 2369 ab
2408 2317 2495 2368 illo
2541 2316 2747 2378 anima,
2800 2326 2915 2380 quas
2961 2319 3042 2364 est
3088 2312 3187 2363 vita
3229 2310 3375 2375 ejus,
3408 2320 3629 2373 quaeque

2089 2420 2235 2460 mors
2279 2406 2449 2458 eidem
2484 2403 2654 2470 primo
2699 2401 2892 2453 homini
2941 2409 3064 2452 tunc
3103 2398 3306 2459 evenit,
3335 2411 3454 2449 cum
3500 2409 3632 2459 pra:-

2093 2498 2259 2550 sentis
2288 2496 2405 2548 vita:
2439 2492 2720 2547 terminum
2759 2491 2959 2557 accepit
3002 2503 3104 2541 non
3146 2502 3302 2554 parvo
3341 2497 3458 2552 post
3499 2495 3630 2537 tem-

2092 2602 2218 2654 pore
2245 2598 2401 2653 quam
2433 2582 2647 2635 vetitum
2679 2579 2924 2634 comedit.
2959 2578 3135 2631 Potest
3167 2575 3185 2612 ‘
3220 2575 3377 2630 etiam
3409 2573 3635 2640 intelligi

2091 2673 2229 2744 quod
2281 2673 2420 2726 illam
2468 2681 2689 2723 mortem
2739 2670 2788 2722 in
2831 2669 2909 2747 eis
2948 2666 3132 2720 fecerit
3168 2667 3283 2718 dies
3312 2665 3400 2718 ille
3438 2665 3489 2716 in
3527 2677 3638 2730 quo

2099 2770 2445 2833 peccaverunt
2463 2799 2478 2823 ,
2509 2773 2666 2829 quam
2698 2757 2980 2827 Apostolus
3007 2759 3168 2825 gemit
3194 2756 3373 2808 dicens
3398 2771 3410 2804 :
3443 2753 3637 2806 Conde-

2101 2857 2254 2907 lcctor
2280 2853 2376 2920 legi
2409 2843 2498 2903 Dei
2535 2850 2808 2925 secundum
2847 2848 3132 2900 interiorem
3168 2845 3457 2906 hominem;
3497 2843 3639 2894 video

2100 2954 2264 2997 autem
2295 2942 2450 2994 aliam
2479 2940 2635 3009 legem
2663 2941 2713 2990 in
2741 2938 2969 2990 membris
3000 2936 3118 2987 meis
3159 2943 3516 3002 repugnantem
3544 2930 3646 2997 legi

2105 3035 2278 3087 mentis
2306 3046 2457 3096 mea},
2488 3039 2534 3082 et
2563 3030 2889 3098 captivantem
2920 3043 2998 3079 me
3038 3027 3088 3077 in
3129 3027 3235 3092 lege
3271 3025 3488 3089 peccati,
3529 3035 3643 3086 qua:

465 3094 676 3188 expelli.
724 3113 952 3180 Denique
994 3108 1182 3174 accipit
1210 3113 1260 3160 et
1291 3112 1638 3172 prmeeptum,
1669 3109 1726 3153 ut
1761 3107 1828 3152 sit
1858 3094 1995 3166 quod

2107 3134 2178 3178 est
2209 3124 2260 3173 in
2290 3094 2518 3173 membris
2547 3094 2689 3171 meis.
2722 3116 2909 3184 Infelix
2939 3131 3027 3180 ego
3066 3114 3252 3164 hante!
3279 3112 3387 3178 quis
3417 3126 3493 3162 me
3520 3111 3644 3162 libe-

467 3211 568 3265 sibi
608 3206 866 3262 custodiat
895 3200 1220 3269 paradisum,
1255 3196 1303 3248 id
1347 3204 1453 3259 est,
1497 3208 1600 3261 quo
1629 3202 1868 3255 servato,
1899 3202 2004 3240 non

471 3301 595 3356 inde
647 3294 973 3364 projiciatur.
1027 3288 1190 3339 Recte
1239 3284 1378 3336 enim
1417 3284 1636 3349 quisque
1672 3279 1863 3331 dicitur
1902 3290 2005 3328 non

475 3385 767 3444 custodisse
797 3393 906 3433 rem
935 3390 1080 3429 suam
1099 3414 1113 3438 ,
1145 3373 1231 3440 qui
1262 3372 1337 3425 sic
1369 3371 1468 3437 egit
1498 3379 1552 3422 ut
1581 3368 1843 3419 amitteret
1867 3379 2005 3429 eam,

478 3481 634 3532 «tiam
674 3475 716 3529 si
755 3469 903 3524 alteri
943 3467 1083 3520 salva
1120 3465 1222 3527 sit,
1264 3462 1347 3531 qui
1401 3476 1516 3515 eam
1566 3460 1648 3512 vel
1693 3457 1890 3511 invenit
1927 3455 2009 3506 vel

474 3569 712 3632 accipere
757 3560 970 3614 meruit.
1019 3556 1112 3608 Est
1158 3553 1289 3606 alius
1341 3554 1388 3604 in
1439 3550 1518 3602 his
1570 3548 1741 3602 verbis
1787 3560 2007 3609 sensus,

477 3671 627 3725 quem
669 3660 794 3721 puto
836 3662 937 3702 non
982 3644 1244 3696 innuerito
1276 3639 1676 3708 praeponendum
1701 3675 1721 3702 ,
1751 3647 1807 3689 ut
1836 3637 2006 3702 ipsum

481 3719 747 3802 hominem
776 3744 1080 3807 operaretur
1112 3732 1248 3786 Deus
1275 3739 1328 3783 et
1357 3719 1677 3790 custodirei;
1709 3725 1843 3778 sicut
1873 3727 2010 3777 enim

480 3844 724 3904 operatur
755 3835 920 3885 homo
949 3837 1172 3888 terram,
1206 3836 1305 3874 non
1337 3829 1393 3874 ut
1428 3835 1543 3872 eam
1586 3817 1737 3871 iaciat
1765 3830 1882 3868 esse
1911 3823 2016 3866 ter-

484 3942 596 3983 ram
617 3968 632 3991 ,
670 3923 761 3977 sed
795 3932 852 3973 ut
879 3919 1068 3972 cultam
1101 3925 1256 3981 atque
1286 3914 1628 3971 lructuosam,
1659 3908 1733 3961 sic
1760 3906 1896 3959 Deus
1924 3906 2015 3957 ho-

492 4021 689 4075 ntinem
720 4013 883 4069 multo
911 4010 1075 4078 magis
1099 4022 1249 4074 quem
1281 4003 1392 4072 ipse
1418 4002 1612 4055 creavit
1641 4008 1697 4050 ut
1723 3997 1879 4049 homo
1907 3995 2010 4057 sit,

486 4124 604 4164 cum
636 4108 750 4173 ipse
775 4109 1021 4171 operatur
1047 4106 1099 4150 ut
1127 4095 1296 4164 justus
1325 4093 1426 4156 sit,
1457 4090 1498 4143 si
1531 4089 1686 4141 homo
1714 4086 1779 4138 ab
1809 4085 1896 4136 illo
1927 4097 2017 4150 per

492 4196 792 4267 superbiam
823 4205 924 4244 non
952 4185 1217 4240 abscedat.
1247 4180 1422 4236 Posuit
1446 4193 1570 4247 ergo
1598 4178 1730 4230 Deus
1756 4175 2018 4227 hominem

493 4263 826 4354 iu'paradiso
874 4275 1185 4345 voluptatis,
1215 4281 1268 4325 ut
1298 4279 1604 4338 operaretur
1640 4275 1694 4318 et
1733 4263 2018 4318 custodiret

492 4378 658 4431 illum.
686 4373 1005 4439 Operaretur
1039 4364 1241 4417 scilicet.
1267 4371 1318 4412 ut
1348 4360 1512 4411 bonus
1539 4358 1822 4422 beatusque
1847 4363 2017 4405 esset:

2108 3211 2237 3265 rubi!
2269 3210 2329 3261 de
2361 3223 2563 3279 corpore
2602 3206 2774 3258 mortis
2804 3204 2954 3274 hujus
2985 3204 3002 3270 (
3035 3203 3176 3255 lieni.
3213 3215 3282 3254 VII
3305 3239 3319 3263 ,
3348 3198 3418 3251 22
3447 3200 3504 3266 )2
3532 3201 3648 3252 Non

2109 3306 2249 3355 enim
2281 3309 2304 3344 ε
2333 3299 2525 3350 suiiicit
2563 3294 2612 3349 ei
2654 3294 2697 3351 si
2739 3293 2979 3346 diceret:
3021 3290 3145 3355 Quis
3183 3304 3268 3342 me
3305 3287 3546 3341 liberabit
3582 3287 3648 3339 de

2112 3403 2338 3457 Corpore
2369 3387 2573 3440 mortali
2606 3386 2704 3439 hoc
2725 3425 2740 3448 ,
2771 3381 2862 3436 scd
2893 3382 2955 3434 de
2981 3393 3216 3443 corpore,
3250 3377 3444 3444 inquit,
3472 3376 3651 3428 mortis

2113 3480 2281 3550 hujus.
2329 3478 2476 3530 Sicut
2520 3477 2675 3528 etiam
2727 3472 2850 3526 illud
2882 3490 2894 3524 :
2931 3470 3122 3538 Corpus
3169 3467 3395 3534 quidem,
3443 3465 3650 3532 inquit,

2113 3577 2363 3620 mortuum
2390 3575 2460 3617 est
2488 3574 2692 3632 propter
2718 3571 2971 3627 peccatum
2996 3560 3014 3628 (
3041 3558 3186 3612 Rom.
3219 3569 3312 3609 vn!
3330 3595 3344 3619 ,
3378 3554 3479 3617 10)
3506 3569 3520 3616 ;
3554 3567 3652 3606 nec

2116 3656 2184 3710 ibi
2216 3657 2320 3720 ait,
2351 3656 2605 3717 mortale,
2639 3652 2729 3706 sed
2759 3660 3021 3704 mortuum
3044 3691 3056 3713 ,
3099 3650 3336 3716 quamvis
3376 3649 3558 3714 ungue
3598 3655 3652 3698 et

2117 3749 2340 3801 mortale
2384 3746 2503 3815 quia
2551 3747 2899 3804 moriturum,
2945 3755 3049 3792 non
3096 3740 3167 3792 ita
3213 3738 3530 3791 credendum
3571 3747 3653 3789 est

2125 3838 2284 3890 fuisse
2315 3837 2400 3889 illa
2428 3848 2682 3901 corpora,
2714 3833 2806 3883 sed
2838 3831 2958 3882 licet
2985 3827 3227 3880 animalia
3269 3827 3494 3880 nondum
3541 3840 3652 3891 spi-

2118 3923 2306 3989 ritalia,
2338 3938 2440 3976 non
2469 3931 2639 3976 tamen
2669 3927 2891 3980 mortua,
2923 3916 2972 3968 id
3000 3924 3099 3976 est,
3128 3927 3244 3981 qua
3273 3925 3487 3966 necesse
3511 3919 3657 3963 esset

2120 4025 2177 4069 ut
2205 4023 2555 4072 morerentur,
2597 4009 2732 4072 quod
2771 4023 2834 4059 eo
2873 4005 2959 4060 die
2991 4005 3179 4056 laetum
3211 4009 3293 4056 est
3321 4016 3424 4068 quo
3457 3999 3656 4066 lignum

2120 4113 2298 4157 contra
2329 4102 2544 4154 velitum
2577 4101 2875 4166 tetigerunt.

2192 4215 2328 4268 Dixit
2367 4225 2563 4281 quoque
2603 4209 2844 4267 Dominus
2885 4204 3018 4259 Deus
3045 4219 3061 4253 :
3094 4199 3214 4254 Non
3244 4207 3317 4252 est
3345 4200 3520 4250 bonum
3551 4209 3658 4247 esse

2123 4306 2370 4357 hominem
2405 4302 2598 4360 solum,
2648 4299 2896 4364 faciamus
2932 4293 3324 4364 ei'adjntoriunt
3359 4287 3516 4342 simile
3556 4287 3653 4338 sui.

2131 4396 2193 4447 Et
2220 4396 2330 4447 haec
2361 4393 2552 4445 locutio
2584 4387 2672 4442 Dei
2703 4402 2803 4440 non
2831 4383 3088 4449 corporali
3115 4396 3242 4434 voce
3272 4375 3398 4444 loris
3427 4378 3480 4430 in
3504 4391 3662 4429 auras

493 4464 781 4519 ευδιοδίνθι
807 4471 959 4544 “'0?
994 4462 1049 4544 υξ
1138 4461 1275 4544 ίοῳξ
1303 4458 1669 4544 essel_’_'ps',"s
1699 4458 1756 4496 se
1785 4443 2023 4495 domum.
2053 4438 2109 4499 θ
2136 4484 2330 4533 emissa
2355 4520 2369 4544 ,
2404 4481 2492 4532 sed
2524 4479 2574 4530 in
2607 4488 2743 4528 terra
2774 4438 2976 4526 ratione
3004 4469 3206 4521 divinae.
3225 4438 3533 4528 voluntatis,
3569 4479 3663 4532 per

495 4554 623 4608 tioni
652 4565 713 4602 ac
743 4541 1052 4615 protectioni
1084 4538 1344 4592 humiliter
1371 4533 1658 4603 subdendo.

567 4658 908 4726 Pracepitque
944 4653 990 4706 ei
1019 4651 1183 4702 dicens
1204 4663 1223 4702 :
1255 4647 1332 4699 Ea:
1358 4646 1491 4698 ornni
1521 4645 1654 4712 ligno
1697 4641 1918 4711 paradisi
1947 4655 2029 4692 co-

500 4762 641 4815 mede
659 4777 694 4820 ,'
719 4759 779 4807 de
823 4754 957 4820 ligno
988 4760 1150 4800 autem
1178 4746 1395 4814 scientia
1426 4743 1538 4796 boui
1564 4751 1609 4793 et
1641 4741 1757 4792 mali
1786 4754 1845 4790 ne
1872 4755 2032 4789 come-

513 4863 624 4912 das.
666 4853 778 4908 Non
817 4859 897 4903 est
934 4844 1249 4899 credendum
1287 4841 1419 4911 quod
1461 4843 1510 4894 in
1551 4843 1688 4909 ligno
1725 4837 1815 4892 ille
1842 4837 2030 4904 aliquid

511 4947 633 5001 mali
675 4937 984 4996 naturaliter
1023 4933 1246 4994 inesset,
1288 4933 1421 4983 sicut
1457 4939 1506 4982 et
1546 4942 1699 4996 supra
1728 4926 2032 4988 docuimus,

512 5035 696 5092 sed‘ab
722 5030 956 5096 eo’liguo
982 5022 1118 5093 quod
1146 5021 1339 5076 malum
1372 5034 1472 5072 non
1500 5028 1613 5072 erat
1643 5017 1932 5086 prohibitus
1959 5023 2040 5069 est

517 5130 672 5180 homo
692 5163 707 5187 ,
758 5131 813 5174 ut
858 5120 968 5186 ipsa
1020 5114 1110 5182 per
1139 5126 1195 5166 se
1225 5109 1465 5179 prmeepti
1493 5110 1818 5163 conservatio
1849 5107 2037 5160 bonum

519 5215 594 5269 illi
624 5221 762 5266 esset
789 5218 843 5261 ct
873 5202 1218 5272 transgressio
1244 5197 1458 5252 malum.
1486 5195 1715 5265 Denique
1738 5211 1766 5250 a
1796 5204 2042 5266 peccante

517 5305 643 5358 nihil
671 5300 808 5356 aliud
837 5295 1122 5366 appetitum
1151 5301 1231 5344 est
1291 5288 1389 5342 nisi
1417 5303 1517 5342 non
1547 5301 1665 5343 esse
1688 5290 1786 5344 sub
1809 5288 2038 5348 domina-

589 5497 611 5521 ¹¹
655 5493 768 5545 Lib.
807 5501 900 5538 vnr
926 5486 989 5538 de
1016 5483 1203 5537 Genesi
1233 5481 1297 5535 ad
1326 5481 1426 5534 litt.
1450 5519 1463 5542 ,
1496 5493 1608 5548 cap.
1643 5476 1698 5531 8.

554 5620 557 5621 ν
591 5556 614 5592 ³
643 5560 722 5612 ΑΙ.
743 5597 757 5618 ,
787 5563 1053 5607 creaverat.

593 5633 615 5660 ⁸
655 5628 736 5680 ΔΙ.
755 5664 768 5683 .
799 5634 952 5675 tutus.

595 5691 618 5730 ’³
657 5696 738 5749 Al.
757 5731 782 5758 μ
801 5689 1168 5742 dominationis.

2129 4588 2282 4640 quam
2337 4564 2512 4623 creata
2561 4575 2684 4620 sunt
2728 4563 2932 4628 omnia,
2984 4557 3318 4614 iuell'abiliter
3365 4556 3493 4608 facta
3542 4570 3661 4607 esse

2131 4659 2387 4716 credenda
2435 4667 2548 4720 est,
2597 4655 2741 4723 juxta
2778 4649 2915 4718 quod
2953 4658 3006 4701 et
3040 4660 3198 4716 supra
3233 4645 3533 4704 docuimus,
3576 4643 3666 4696 ubi
3697 4700 3701 4702 ν

2133 4751 2382 4818 scriptum
2412 4760 2491 4802 εει
2522 4764 2534 4796 :
2570 4743 2840 4796 Faciamus
2865 4740 3110 4793 hominem
3140 4737 3208 4789 ad
3234 4736 3496 4803 imaginem
3521 4745 3570 4786 et
3597 4737 3667 4786 si-

2136 4841 2463 4895 militudinem
2510 4845 2749 4889 uestram.
2800 4832 2857 4885 Si
2903 4841 3076 4882 autem
3127 4827 3317 4896 ςυεπίι
3365 4823 3555 4892 aliquis
3602 4823 3672 4875 ad

2139 4947 2294 5002 quam
2324 4945 2432 4982 rem
2475 4926 2584 4980 lieri
2623 4923 2913 4992 Oportuerit
2954 4923 3052 4974 hoc
3095 4918 3408 4986 adiutorium
3433 4949 3466 4977 ,»
3493 4912 3672 4967 audiat

2146 5034 2452 5091 responsum
2477 5014 2641 5072 sancti
2671 5013 2946 5083 Augustini
2963 5055 2977 5080 ,
3005 5011 3154 5079 cuius
3175 5020 3229 5064 et
3252 5006 3488 5074 superius
3509 5005 3674 5058 verba

2141 5090 2462 5176 saepissime,
2504 5103 2665 5157 tacito
2710 5101 2824 5169 ejus
2872 5101 3114 5160 nomine,
3160 5093 3448 5163 posuimus.
3490 5090 3675 5156 Nihil,

2145 5196 2338 5264 inquit,
2389 5191 2525 5252 aliud
2577 5189 2912 5258 probabiliter
2958 5184 3213 5246 occurrit,
3260 5195 3412 5250 quam
3459 5189 3680 5250 propter

2147 5286 2280 5339 lilios
2347 5279 2724 5349 procreandos,
2791 5277 2928 5329 sicut
2973 5269 3282 5342 adjmorium
3329 5270 3516 5325 semini
3557 5267 3584 5306 δ
3630 5270 3684 5324 in

2219 5484 2242 5511 ο
2291 5472 2401 5533 ΑΙ..
2436 5468 2636 5519 mortuis

2225 5541 2240 5578 ¹
2286 5542 2364 5593 ΑΙ.
2391 5578 2405 5600 ,
2454 5545 2496 5588 et
2527 5537 2615 5585 ita.

2224 5620 2246 5654 ς
2289 5608 2369 5659 ΑΙ.
2397 5645 2410 5665 ,
2442 5603 2694 5670 suﬁiterel.

2225 5677 2249 5713 ιι
2295 5676 2372 5729 AL
2400 5715 2423 5741 ι
2451 5685 2607 5726 ειη-α’.
