3866 6248
315 397 384 454 is
1547 385 2010 463 IIEXAEMERON
2050 388 2174 445 us.
2217 390 2256 443 ι.
3424 389 3489 444 so

318 521 458 563 terra
487 517 602 572 est,
634 514 690 560 ut
737 505 1014 574 virgultum
1060 519 1122 557 es
1167 513 1387 570 utroque
1431 511 1694 554 nascatur.
1745 499 1854 552 Hoc
1880 493 1931 551 Δ
1955 498 2221 568 Scriptura
2249 499 2593 570 intelligamus
2624 502 2761 555 unde
2796 501 3129 564 formaverit;
3176 513 3264 556 aut
3290 513 3482 558 terrain

287 598 460 650 enim
502 605 555 649 et
595 593 645 647 in
687 594 847 661 prima
878 607 1054 646 rerum
1083 601 1108 629 ι
1138 591 1434 646 conditione
1469 590 1663 643 dictum
1693 601 1802 642 erat
1833 606 1845 640 :

325 687 610 740 llaseutinn
636 694 685 740 et
710 685 1088 755 feminamtfeeit
1125 698 1241 746 eos,
1281 691 1329 736 et
1366 681 1616 735 benedixit
1657 695 1741 733 eos
1777 679 1856 731 tli-

323 791 479 830 cens:
510 775 723 830 Crescite
751 785 797 828 et
824 771 1256 841 multiplicamini,
1286 781 1332 825 et
1361 771 1559 837 implete
1598 780 1780 826 terram
1811 779 1859 824 et

324 866 654 918 dominamini
678 864 705 901 δ
735 867 862 934 ejus.
908 865 1034 930 Qum
1062 863 1196 916 ratio
1224 859 1536 917 conditionis
1561 871 1613 916 et
1640 860 1859 928 conjun-

231 1013 235 1022 δ
325 955 520 1009 ctionis
563 955 778 1008 masculi
819 965 875 1008 et
918 955 1126 1007 femina:
1161 962 1317 1021 atque
1356 950 1728 1005 benedictionis
1766 966 1862 1005 nec

333 1053 455 1114 post
480 1054 745 1111 peccatum
773 1045 998 1098 hominis
1024 1058 1330 1112 pmnamque
1355 1040 1565 1094 defecit.
1588 1039 1700 1108 Ipsa
1721 1040 1861 1092 enim

329 1145 416 1189 est
444 1134 732 1188 secundum
761 1149 915 1202 quam
950 1147 1086 1186 nunc
1113 1142 1251 1185 terra
1283 1129 1578 1184 horninibus
1605 1129 1754 1195 plena
1782 1135 1860 1181 est

325 1222 717 1276 dominantibus
750 1231 773 1259 ι
805 1223 939 1287 ejus.
966 1221 1271 1290 Quanquam
1299 1219 1434 1272 enim
1457 1217 1568 1286 jam
1598 1215 1773 1296 emissi
1801 1215 1866 1269 de

327 1314 578 1382 paradiso
622 1312 930 1366 convenisse
969 1322 1023 1366 et
1067 1314 1306 1378 genuisse
1347 1316 1862 1370 commemorentur;

332 1411 508 1455 tamen
540 1415 641 1455 non
672 1400 827 1454 video
854 1399 973 1468 quid
1003 1400 1283 1469 prohibere
1313 1399 1538 1467 potuerit
1562 1439 1578 1465 ,
1606 1407 1667 1451 ut
1693 1406 1870 1450 essent

334 1494 415 1547 eis
445 1493 600 1547 etiam
632 1493 682 1546 in
715 1493 957 1560 paradiso
987 1491 1316 1545 honorabiles
1363 1490 1556 1556 nuptiae
1598 1501 1648 1543 et
1689 1490 1869 1542 tliorns

337 1581 736 1645 immaculatus,
766 1582 864 1634 hoc
893 1581 1003 1635 Deo
1033 1588 1343 1648 praestante,
1375 1579 1603 1634 ﬁdeliter
1625 1579 1870 1647 justeque

345 1672 668 1734 viventibus,
700 1670 855 1738 eique
894 1670 1203 1724 obedienter
1245 1671 1599 1737 instanterque
1639 1670 1874 1722 servien-

333 1762 513 1826 tibus,
555 1770 611 1816 ut
639 1761 752 1814 sine
797 1761 906 1814 ullo
950 1761 1182 1827 inquieto
1227 1759 1414 1813 ardore
1456 1759 1711 1820 libidinis,
1758 1758 1871 1811 sine

339 1852 448 1904 ullo
484 1852 659 1904 labore
686 1867 746 1904 ac
776 1851 959 1906 dolore
989 1851 1255 1917 pariendi,
1284 1849 1421 1903 fetus
1454 1864 1520 1904 es
1561 1863 1742 1903 eorum
1785 1862 1868 1900 se-

333 1943 479 1996 mine
506 1943 826 2011 gigneretur,
860 1960 961 1995 non
992 1954 1048 1994 ut
1075 1941 1416 1995 morientibus
1447 1939 1750 2008 parentibus
1780 1937 1869 1991 lilii

314 2032 709 2095 succederent,
760 2035 848 2085 sed
898 2040 954 2084 ut
997 2032 1098 2086 illis
1145 2033 1230 2100 qui
1271 2033 1571 2100 genuissent
1608 2032 1660 2085 in
1697 2032 1872 2100 aliquo

333 2121 519 2220 formae
556 2131 690 2174 statu
733 2123 1090 2220 manentibus,
1134 2130 1199 2220 et.
1230 2137 1296 2175 ex
1332 2122 1468 2220 ligno
1491 2117 1608 2173 vitae
1633 2122 1771 2220 quod
1801 2120 1869 2173 ibi

339 2212 625 2275 plantatum
654 2221 766 2263 erat
795 2211 1120 2277 corporalem
1154 2211 1385 2280 vigorem
1426 2211 1779 2276 sumentibus,
1819 2219 1872 2264 et
1906 2262 1918 2286 λ

345 2299 418 2351 illi
449 2299 532 2364 qui
562 2299 832 2368 gignerent
859 2301 921 2351 ad
953 2302 1191 2353 eumdem
1219 2301 1622 2368 perducerentur
1645 2309 1835 2352 statum
1854 2341 1870 2364 ,

332 2385 507 2439 donec
534 2396 681 2439 certo
712 2402 929 2440 numero
959 2389 1204 2454 impleto,
1251 2388 1294 2440 si
1335 2387 1475 2455 juste
1519 2401 1701 2459 omnes
1744 2387 1870 2438 obe-

333 2473 643 2540 dieutesque
671 2474 937 2539 viverent,
971 2484 1097 2527 tunc
1127 2475 1274 2529 ﬁeret
1303 2477 1387 2528 illa
1418 2476 1782 2538 commutatio,
1815 2485 1872 2529 ut

335 2562 458 2616 sine
497 2562 595 2614 ulla
639 2573 805 2618 morte
840 2565 1082 2617 animalia
1113 2579 1329 2632 corpora
1358 2581 1607 2636 conversa
1634 2567 1684 2619 in
1713 2566 1872 2622 aliam

333 2651 669 2719 qualitatem,
711 2667 776 2706 eo
812 2654 948 2719 quod
988 2655 1050 2706 ad
1091 2669 1297 2708 omnem
1348 2668 1528 2710 nutum
1577 2659 1774 2726 regenti
1815 2672 1872 2713 se

337 2739 542 2804 spiritui
572 2738 925 2806 deservirem,
972 2753 1024 2794 et
1054 2742 1165 2794 solo
1204 2743 1387 2808 spiritu
1429 2744 1720 2799 vivificante
1760 2745 1875 2799 sine

341 2829 464 2883 ullis
515 2830 877 2883 alimentorum
933 2835 1282 2898 corporalium
1325 2836 1690 2888 sustentaculis
1732 2838 1876 2890 vive-

338 2929 488 2980 rent,
519 2920 764 2986 spiritalia
797 2931 1122 2974 vocarentur.
1155 2918 1180 2957 ἀ
1213 2922 1339 2975 Nam
1373 2923 1414 2976 si
1450 2922 1624 2976 Enoch
1654 2932 1707 2975 et
1736 2923 1874 2978 Elias

337 3009 395 3061 iu
449 3010 610 3062 Adam
663 3025 764 3064 non
819 3010 1042 3075 mortui,
1100 3011 1384 3077 mortisque
1435 3013 1768 3080 propaginem
1820 3012 1872 3066 in

333 3109 501 3150 carne
525 3107 786 3165 gestantes
805 3137 820 3162 ,
849 3100 984 3166 quod
1014 3097 1249 3152 debitum
1281 3107 1337 3150 ut
1360 3099 1568 3153 solvant
1593 3099 1872 3154 creduntur

335 3189 497 3239 etiam
541 3188 752 3241 redituri
793 3189 857 3241 ad
899 3189 1033 3243 hanc
1073 3189 1263 3253 vitam,
1292 3197 1376 3252 et,
1404 3190 1539 3257 quod
1579 3190 1755 3243 tandiu
1794 3189 1873 3245 di-

341 3275 507 3329 latum
537 3285 650 3340 est,
677 3279 946 3343 morituri,
980 3294 1119 3334 nunc
1143 3289 1359 3332 tantum
1392 3279 1443 3331 in
1473 3280 1570 3333 alia
1613 3281 1711 3331 vita
1757 3291 1876 3349 sunt

337 3368 461 3432 ubi,
494 3379 611 3422 ante
649 3372 1080 3426 resurrectionem
1108 3375 1313 3437 carnis,
1344 3382 1622 3442 antequam
1651 3374 1876 3428 animale

335 3471 531 3524 corpus
575 3458 624 3511 in
671 3460 906 3524 spiritale
951 3471 1207 3526 mutetur,
1242 3478 1335 3516 nec
1382 3463 1565 3516 morbo
1597 3477 1690 3518 nec
1720 3478 1875 3518 sene-

337 3557 486 3599 ctute
534 3548 812 3615 deficiunt,
866 3560 1058 3617 quanto
1109 3552 1298 3619 justius
1346 3563 1499 3618 atque
1556 3555 1875 3622 probabilius

337 3636 522 3701 primis
552 3637 650 3690 illis
679 3638 976 3692 hominibus
1017 3651 1351 3705 praestaretur
1379 3642 1495 3696 sine
1522 3645 1624 3695 ullo
1651 3658 1746 3696 suo
1778 3658 1874 3710 pa-

335 3733 611 3778 rentemve
651 3736 864 3793 peccato
904 3728 1224 3795 viventibus,
1274 3737 1327 3782 ut
1375 3730 1426 3783 in
1471 3731 1736 3784 meliorem
1784 3731 1878 3784 ali-

334 3828 493 3880 quotn
511 3821 698 3865 statum
719 3815 836 3868 liliis
859 3817 1051 3884 genitis
1071 3820 1333 3884 cederent,
1356 3820 1495 3874 unde
1517 3822 1707 3876 saeculo
1729 3821 1874 3874 linito

333 3916 460 3955 cum
488 3903 630 3955 omni
660 3906 961 3969 posteritate
1003 3917 1301 3961 ssmtorum
1346 3909 1399 3962 in
1443 3911 1725 3978 angelicam
1773 3911 1876 3963 for-

337 4005 479 4043 tnam
501 4031 516 4056 ,
543 4009 644 4047 non
669 4009 758 4060 per
779 3997 953 4048 carnis
979 4009 1197 4053 mortem
1220 4038 1236 4064 ,
1266 4005 1358 4055 sed
1389 4016 1480 4068 per
1509 4001 1599 4055 Dei
1631 4003 1870 4056 virtutem

338 4083 508 4135 multo
551 4086 749 4138 lélicius
778 4094 1102 4140 mutarentur
1135 4099 1180 4143 ο.

371 4246 376 4250 ,
412 4190 666 4248 Formatis
685 4197 836 4265 igitur
860 4195 1104 4251 Dominus
1132 4197 1266 4254 Deus
1283 4202 1344 4255 de
1367 4204 1513 4261 humo
1542 4203 1730 4255 cunctis
1760 4205 1873 4256 ani-

332 4291 589 4364 ulantibus
606 4305 768 4360 teme,
787 4305 831 4348 et
851 4295 1087 4348 universis
1111 4297 1392 4352 volatilibus
1420 4301 1551 4363 caeli,
1577 4301 1787 4354 adduxit
1812 4318 1871 4354 ea

334 4389 408 4444 ad
437 4393 614 4444 Adam.
639 4393 691 4446 Si
713 4410 866 4461 quem
895 4405 1065 4448 movet
1094 4399 1210 4462 quia
1239 4412 1341 4450 non
1364 4401 1510 4467 dixit,
1540 4400 1778 4476 formatis
1806 4403 1873 4459 de

332 4492 500 4542 humo
520 4494 725 4545 cunctis
745 4495 1093 4549 animantibus
1115 4505 1264 4551 terra:
1278 4511 1330 4554 et
1351 4501 1416 4554 de
1439 4503 1586 4569 aquis
1611 4507 1870 4562 Universis

333 4589 633 4667 volatilibus
654 4588 797 4655 coeli,
818 4593 909 4645 sed
938 4606 1179 4664 tanquam
1205 4606 1423 4665 utraque
1435 4614 1626 4666 genera
1645 4603 1711 4657 de
1731 4613 1869 4657 terra

265 4683 279 4688 ’
333 4674 931 4743 tormaverit,Formatis
956 4682 1132 4751 igitur,
1163 4684 1344 4753 inquit,
1371 4685 1610 4739 Dominus
1644 4688 1782 4744 Deus
1810 4693 1872 4745 de

332 4770 490 4820 humo
519 4768 709 4821 cunctis
728 4770 1064 4826 animantibus
1085 4785 1226 4830 terrm
1247 4786 1291 4828 et
1320 4776 1562 4829 universis
1589 4778 1871 4836 volatilibus

332 4858 481 4919 cali;
519 4859 694 4912 videat
722 4857 922 4911 duobus
965 4865 1132 4917 modis
1175 4874 1292 4920 esse
1315 4867 1705 4934 intelligendum
1741 4886 1751 4918 :
1783 4881 1872 4924 aut

334 4944 569 4998 tacuisse
597 4962 732 5000 nunc
759 4948 893 5000 unde
920 4948 1222 5005 formaviarit
1249 4956 1481 5009 volatilia
1503 4955 1645 5020 cmli,
1664 4956 1784 5022 quia
1817 4970 1871 5011 et

333 5032 553 5084 tacitum
580 5039 756 5102 pesset
780 5050 1075 5102 occurrere,
1102 5050 1158 5093 ut
1198 5057 1301 5096 non
1329 5028 1394 5099 de
1421 5053 1558 5099 terra
1592 5056 1868 5114 utrumque

331 5122 626 5188 accipiatur
689 5126 958 5180 Dominum
1009 5127 1311 5194 formasse;
1370 5135 1463 5188 sed
1513 5137 1868 5191 tantummodo

335 5212 618 5266 animantia
663 5223 814 5300 terra:
862 5228 914 5271 et
965 5217 1192 5272 volatilia
1242 5221 1400 5285 creti,
1451 5226 1610 5282 etiam
1665 5239 1868 5286 tacente

409 5331 435 5358 ι
480 5321 561 5376 Al.
581 5359 598 5386 ,
626 5323 890 5377 creatione.

408 5388 433 5426 ⁵
480 5391 560 5444 ΑΙ.
579 5429 596 5454 ,
625 5392 715 5443 eis.

410 5469 434 5496 ε
468 5459 572 5522 Al.,
598 5459 689 5512 eis.

407 5527 431 5564 ά
455 5531 582 5592 Quze
601 5528 988 5607 subsequuntur
1013 5535 1148 5607 apud
1193 5537 1534 5606 Augustinum
1566 5544 1863 5607 preceden-

501 5611 604 5652 non
632 5594 990 5682 subjiciuntur,
1021 5594 1110 5656 sud
1152 5594 1368 5664 suntues
1406 5594 1581 5678 cap.,ti
1629 5594 1862 5679 ejusdem

1957 592 2414 670 universalitersie
2444 591 2754 658 appellatam
2794 592 2949 647 simul
2998 607 3115 645 cum
3161 593 3326 660 aquis,
3357 609 3488 661 qne-

1957 678 2288 734 madmodum
2318 680 2576 747 appellata
2602 689 2687 745 est.
2713 681 2801 733 illo
2825 681 3022 748 psalmo
3045 681 3155 743 ubi,
3187 681 3483 736 caelestium

1959 765 2196 820 laudibus
2226 765 2538 830 terminatis,
2568 765 2636 820 ad
2683 776 2874 821 terram
2907 763 3036 820 facta
3089 756 3170 821 est
3212 752 3489 822 conversio

1956 855 2214 911 sermonis
2235 862 2288 907 et
2307 853 2503 907 dictum
2535 872 2546 906 :
2575 853 2802 915 Laudate
2824 853 3091 908 Dominum
3112 857 3172 919 de
3194 867 3344 920 terra,
3369 856 3490 909 tira-

1959 961 2125 1010 cones,
2155 955 2202 997 et
2234 960 2401 998 omnes
2442 943 2610 1013 abyssi
2668 943 2782 1012 (Ps.
2823 959 3041 1007 cxcvttt,
3097 945 3176 1012 7),
3233 954 3332 998 etc.
3388 944 3492 998 Nec

1960 1044 2137 1102 postea
2160 1032 2354 1087 dictum
2376 1042 2456 1088 est
2485 1033 2755 1088 :Landate
2785 1033 3059 1087 Dominum
3088 1034 3154 1088 de
3181 1035 3351 1102 aquis.
3397 1034 3492 1089 Ubi

1961 1123 2099 1177 enim
2132 1132 2253 1176 sunt
2279 1136 2465 1176 omnes
2491 1122 2661 1192 abyssi
2691 1137 2808 1191 quas
2841 1120 2860 1159 ί
2897 1121 2963 1176 de
2981 1130 3120 1176 terra
3153 1124 3362 1176 laudant
3392 1123 3488 1176 Do.

1964 1214 2185 1279 minum,
2216 1215 2283 1267 ibi
2309 1214 2468 1268 etiam
2495 1213 2701 1278 reptilia
2755 1222 2808 1266 et
2858 1213 3082 1266 volatilia
3113 1224 3333 1281 pennata
3377 1229 3492 1281 qua:

1966 1304 2299 1358 nihilominus
2345 1303 2412 1356 de
2458 1311 2596 1356 terra
2639 1302 2850 1355 laudant
2905 1311 2929 1350 8
2986 1302 3149 1356 Deum
3207 1303 3491 1357 secundum

1967 1393 2119 1446 istam
2154 1392 2504 1446 universalem
2551 1390 2951 1459 appellationem
2985 1403 3177 1455 terrae,
3203 1391 3491 1446 secundum

1967 1497 2125 1550 quam
2149 1483 2307 1535 etiam
2331 1483 2399 1536 de
2428 1492 2535 1535 toto
2556 1481 2752 1535 mundo
2778 1480 2970 1534 dicitur
2998 1498 3011 1534 :
3056 1480 3194 1534 Deus
3241 1482 3328 1549 qui
3377 1481 3494 1536 fet-it

1970 1573 2158 1626 malum
2189 1581 2241 1626 et
2273 1581 2489 1633 terram,
2518 1570 2630 1624 sive
2669 1569 2735 1622 de
2762 1569 2903 1622 arida
2934 1569 3044 1623 sive
3073 1569 3138 1622 de
3162 1569 3309 1638 aquis
3357 1585 3497 1636 qum-

1971 1677 2176 1728 cunqne
2202 1669 2378 1715 creata
2404 1667 2529 1714 sunt
2567 1659 2634 1712 de
2664 1666 2798 1712 terra
2837 1666 3011 1712 creata
3056 1659 3311 1712 veraciter
3340 1658 3498 1711 intel.

1974 1753 2219 1824 liguntur.

2043 1863 2364 1931 Adduxitque
2400 1878 2458 1914 ea
2484 1860 2549 1913 ad
2573 1861 2752 1924 Adam,
2783 1869 2837 1912 ut
2855 1860 3040 1913 videret
3058 1858 3176 1928 quid
3204 1867 3395 1911 voearet
3419 1875 3497 1911 ea.

1971 1957 2083 2011 Non
2122 1968 2201 2013 est
2219 1957 2556 2026 cogitandum
2582 1956 2864 2011 carnaliter
2918 1957 3057 2024 quod
3109 1957 3176 2010 ita
3223 1957 3501 2010 adduxerit

1971 2055 2111 2109 Deus
2130 2055 2412 2108 animantia
2456 2064 2607 2109 terra
2639 2058 2717 2108 vel
2758 2069 2880 2109 aves
2927 2056 2991 2108 ad
3025 2055 3212 2120 Adam,
3238 2056 3502 2124 quomodo

1970 2155 2102 2209 solet
2125 2163 2301 2225 pastor
2322 2169 2531 2224 gregem
2561 2155 2759 2209 minare
2785 2170 2936 2210 suum
2968 2155 3171 2210 deloco
3199 2155 3262 2208 ad
3280 2156 3498 2212 locum:

1970 2253 2062 2306 sed
2095 2254 2257 2322 magis
2285 2251 2701 2321 intelligendum,
2740 2253 2862 2320 quia
2887 2253 3025 2307 sicut
3052 2251 3232 2305 divina
3264 2255 3494 2320 ponentia

1970 2367 2088 2406 cum
2114 2351 2297 2416 voluit,
2328 2352 2438 2405 hac
2465 2351 2530 2405 de
2555 2353 2707 2418 aquis
2731 2351 2954 2415 creavit;
2989 2353 3057 2405 ita
3083 2352 3237 2405 etiam
3264 2349 3287 2388 δ
3319 2352 3498 2406 eadem

1971 2441 2180 2496 occulto
2211 2451 2336 2494 nutu
2363 2455 2475 2494 sua:
2511 2437 2756 2508 potentia
2798 2440 3008 2510 quando
3037 2441 3201 2494 voluit
3225 2441 3286 2492 ad
3337 2442 3502 2493 horni-

1973 2549 2092 2588 nem
2120 2532 2489 2600 conspicienda
2516 2533 2778 2600 perdusit,
2805 2532 3066 2602 quomodo
3093 2519 3247 2587 etiam
3301 2535 3363 2586 ad
3417 2549 3502 2586 ar-

1970 2638 2086 2677 cam
2109 2624 2216 2679 Noe
2244 2626 2445 2678 cunctis
2485 2624 2692 2693 generis
2745 2624 2972 2677 volatilia
3022 2625 3100 2677 vel
3148 2625 3502 2692 quadrupedia

1975 2728 2080 2766 non
2122 2713 2349 2766 hominis
2378 2727 2530 2767 manu
2576 2721 2912 2782 congregata,
2958 2713 3051 2766 sed
3099 2713 3344 2765 divinitus
3388 2723 3504 2767 aeta

1974 2803 2213 2864 venisse,
2272 2818 2493 2871 eamque
2543 2806 2765 2857 intrasse
2818 2804 3097 2872 leguntur,
3157 2805 3504 2858 nescientibus

1977 2891 2186 2960 quidem
2218 2892 2344 2958 ipsis
2371 2893 2435 2945 ad
2491 2893 2614 2959 quid
2668 2893 2925 2958 venirent,
2973 2894 3171 2948 sciente
3207 2905 3378 2948 autem
3411 2895 3503 2946 lto-

1977 2983 2138 3045 mine,
2169 2981 2258 3050 qui
2283 2995 2343 3034 ea
2375 2982 2631 3034 venientia
2664 2983 2716 3035 in
2748 2995 2941 3046 aream,
2979 2982 3085 3036 Deo
3125 2983 3415 3038 adducente
3443 2999 3504 3036 ac

1973 3072 2209 3142 iubente,
2232 3073 2562 3140 suscipiebat.

2047 3183 2204 3264 Omne
2218 3185 2346 3237 enim
2358 3184 2488 3252 quod
2503 3185 2688 3237 vocavit
2716 3184 2876 3237 Adam
2901 3186 3079 3238 animo
3100 3186 3317 3251 viventis,
3340 3187 3502 3254 ipsum

1974 3281 2046 3327 est
2075 3291 2253 3329 nomen
2301 3279 2410 3346 ejus
2434 3319 2448 3341 ,
2480 3278 2842 3347 appellavitque
2882 3278 3043 3330 Adam
3082 3280 3360 3332 nominibus
3401 3282 3506 3333 suis

1974 3374 2152 3417 cuncta
2179 3368 2456 3419 animantia
2497 3375 2659 3431 terraz,
2692 3376 2736 3419 et
2767 3369 2992 3420 universa
3039 3367 3261 3420 volatilia
3288 3369 3416 3435 cali,
3458 3380 3506 3422 et

1974 3469 2143 3507 carnes
2168 3454 2348 3508 bestias
2376 3466 2540 3509 terra.
2571 3455 2787 3511 Constat
2807 3458 2970 3511 Adam
2994 3459 3044 3512 in
3071 3474 3129 3512 ea
3173 3459 3366 3528 lingua,
3397 3476 3498 3528 qua

1976 3553 2140 3598 totum
2179 3559 2341 3612 genus
2395 3546 2678 3599 humanum
2723 3559 2886 3615 usque
2943 3547 3006 3600 ad
3060 3551 3499 3603 constructionem

1977 3623 2153 3699 turris,
2178 3638 2228 3688 in
2257 3652 2358 3704 qua
2404 3636 2592 3704 lingua:
2618 3636 2796 3689 divisae
2844 3647 2978 3697 sunt,
3016 3636 3340 3702 loquebatur,
3387 3638 3498 3690 ani-

1976 3725 2236 3778 mamilius
2255 3736 2408 3779 terra:
2439 3734 2489 3777 et
2505 3725 2927 3778 volatilibuscteli
2953 3740 3138 3778 nomen
3164 3725 3493 3793 imposuisse.

1973 3808 2229 3863 Craterum
2260 3810 2308 3863 in
2334 3811 2625 3877 dejectione
2649 3813 2826 3877 turris,
2850 3829 2965 3867 cum
2994 3813 3128 3866 Deus
3153 3828 3296 3866 suam
3317 3815 3502 3882 cuique

1976 3901 2112 3967 genti
2146 3900 2402 3967 propriam
2426 3911 2583 3967 atque
2610 3900 2868 3955 diversam
2915 3903 3167 3955 tribueret
3220 3901 3447 3969 linguam
3477 3941 3493 3963 ,

1979 4001 2100 4043 tunc
2121 3991 2200 4044 eis
2227 3991 2523 4045 credendus
2550 4001 2630 4046 est
2669 3994 2828 4047 etiam
2869 3993 3206 4047 animantium
3251 3992 3499 4046 vocabula

1974 4080 2236 4145 quomodo
2263 4090 2316 4132 et
2353 4095 2527 4133 rerum
2571 4074 2881 4135 ceterarum
2925 4084 3068 4150 juxta
3119 4097 3264 4136 suam
3313 4083 3503 4148 cuique

1978 4166 2283 4220 distinxisse
2305 4167 2571 4232 loquelam
2604 4186 2616 4219 :
2642 4171 2878 4236 quamvis
2917 4173 3074 4223 etiam
3104 4186 3205 4223 non
3235 4171 3361 4223 latet
3409 4171 3502 4222 Ιιοο

1977 4254 2142 4307 mines
2171 4265 2351 4323 postea
2381 4255 2636 4321 plurimis,
2665 4271 2779 4319 qute
2807 4256 2916 4310 sive
2946 4259 2959 4294 ί
3008 4272 3140 4310 nova
3166 4257 3298 4310 forte
3316 4271 3500 4310 occur-

1976 4354 2156 4398 rerunt
2182 4344 2356 4404 rebus,
2384 4345 2495 4398 haec
2520 4345 2866 4402 animantibus
2915 4360 3006 4412 per
3046 4346 3277 4413 singulas
3320 4355 3502 4412 gentes

1975 4432 2119 4501 juxta
2168 4447 2315 4486 suum
2356 4433 2600 4500 placitum
2655 4431 2909 4487 indidisse
2951 4434 3220 4494 vocabula,
3273 4443 3326 4486 et
3369 4448 3505 4486 nunc

1976 4520 2132 4571 etiam
2163 4518 2341 4573 indere
2361 4521 2552 4574 solere.
2585 4520 2817 4586 Denique
2844 4520 2907 4572 de
2931 4520 3154 4587 piscibus
3180 4521 3414 4574 adductis
3438 4522 3505 4573 ad

1975 4609 2163 4672 Adam,
2189 4619 2243 4661 ut
2265 4609 2342 4666 eis
2383 4610 2592 4663 nomina
2620 4610 2928 4675 imponeret,
2969 4611 3096 4666 nihil
3125 4612 3390 4678 Scriptura
3416 4630 3501 4667 re-

1976 4699 2076 4754 fert
2107 4699 2327 4766 :quibus
2361 4709 2530 4753 tamen
2560 4699 2809 4756 credibile
2855 4710 2939 4756 est
2989 4702 3232 4770 paulatim
3280 4705 3499 4772 cognitis

1975 4810 2072 4864 pro
2097 4795 2398 4848 diversitate
2427 4795 2657 4861 gentium
2688 4796 2894 4850 nomina
2939 4799 3007 4849 ab
3058 4797 3351 4849 hominibus
3379 4812 3498 4849 esse

1972 4886 2178 4939 diversa
2209 4884 2468 4950 imposita.
2498 4887 2510 4932 l
2545 4884 2713 4937 Prima
2739 4895 2907 4939 autem
2941 4888 3111 4954 lingua
3140 4885 3297 4954 fuisse
3319 4889 3493 4955 generi

1975 4972 2206 5025 humano
2237 4971 2699 5042 llebrzeavidetur,
2730 4987 2792 5025 es
2819 4988 2881 5025 eo
2910 4975 3050 5040 quod
3076 4975 3282 5027 nomina
3314 4985 3495 5029 cuncta

1970 5074 2090 5125 quze
2116 5075 2282 5127 usque
2304 5060 2367 5112 ad
2399 5059 2709 5114 divisionem
2741 5061 3036 5147 linguarum!
3060 5065 3111 5115 in
3142 5062 3330 5118 Genesi
3372 5064 3497 5133 legi-

1973 5162 2112 5212 mus,
2156 5151 2297 5202 illius
2324 5158 2534 5202 constat
2560 5164 2676 5203 esse
2722 5151 2965 5219 loquelas.
2995 5151 3160 5205 Causa
3189 5162 3360 5204 autem
3408 5155 3496 5204 ad-

1969 5239 2190 5299 ducendi
2219 5239 2284 5293 ad
2316 5241 2479 5294 Adam
2500 5252 2688 5295 cuncta
2717 5245 2997 5294 animantia
3022 5252 3176 5295 terra
3201 5251 3252 5295 et
3270 5243 3497 5295 volatilia

2042 5358 2064 5419 ξ
2097 5349 2167 5419 De
2192 5351 2379 5404 Genesi
2401 5353 2464 5403 ad
2497 5353 2620 5417 litt.,
2653 5353 2740 5404 lib.
2774 5368 2850 5415 Ix,
2881 5367 2995 5419 cap.
3024 5353 3075 5406 ὅ.

2044 5416 2063 5453 ί
2093 5418 2197 5478 ΑΙ..
2221 5428 2324 5470 tam
2340 5421 2402 5471 de
2426 5430 2576 5471 terra.

2039 5496 2062 5534 s
2091 5487 2195 5548 A|.,
2221 5489 2496 5538 dominum.

2039 5553 2062 5590 δ
2098 5556 2202 5617 ΑΙ..
2233 5557 2379 5607 deest
2398 5554 2588 5607 eadem.

2043 5624 2054 5660 ί
2092 5625 2195 5687 A|.,
2216 5624 2304 5675 sibi
2334 5640 2479 5676 nova.

2041 5694 2054 5743 i
2093 5693 2198 5760 AL,
2227 5694 2436 5761 primum
2482 5695 2705 5763 linguam
2743 5694 3018 5750 llcbrtcam.
