3866 6248
418 444 478 499 ιι
909 439 1104 496 ιιειιιε
1146 438 1594 497 VENERABILIS
1627 439 1908 504 OPljliUM
1951 439 1963 490 Ι

2066 438 2122 490 lS
2162 436 2224 491 IL
2263 466 2322 478 -—
2354 437 2741 494 EXEGETICA
2784 437 3106 493 ϐεκυικιι.
3547 435 3619 495 ες

416 553 555 613 rudi,
590 562 643 604 ut
663 551 863 605 videret
891 548 1013 619 quid
1043 565 1103 604 ca
1148 559 1378 612 vocaret,
1408 558 1463 602 et
1489 549 1569 604 eis
1599 550 1812 601 nomina
1866 547 1963 599 itn-
1991 550 2039 606 Λ
2064 554 2264 614 smupta
2288 557 2384 601 est.
2409 545 2681 614 Quomodo
2700 556 2872 600 autem
2927 545 3106 600 latina
3127 545 3440 616 etymologia
3482 563 3620 603 eon-

351 650 376 681 ’θ
421 652 657 707 poneret,
685 638 798 692 ba-c
823 646 925 703 e-t,
960 649 1016 690 ut
1055 638 1132 692 sic
1159 637 1546 690 demonstraret
1575 634 1716 688 Deus
1766 631 1962 688 homini

352 739 361 748 ‘
413 741 614 800 quanto
655 732 845 785 melior
884 744 1024 784 esset
1070 730 1309 784 omnibus
1359 725 1807 782 irrati‘onabilibus
1852 724 1965 778 ani-

415 821 699 876 mantibus.
745 819 820 873 Ex
854 820 954 874 hoc
991 820 1134 874 enim
1166 828 1387 887 apparet
1416 820 1527 885 ipsa
1560 817 1760 870 ratione
1790 814 1963 869 l.onti-

418 911 839 966 nem'tnrliorem
865 924 986 965 esse
1032 924 1190 978 quam
1240 923 1448 977 pecora,
1479 907 1615 974 quod
1643 906 1964 974 distinguere

414 1015 470 1057 et
508 1004 816 1058 nominatim
867 1017 929 1055 ea
981 1002 1283 1055 discernere
1315 1015 1416 1053 non
1466 997 1566 1053 nisi
1611 999 1745 1052 ratio
1795 1003 1965 1065 potest

410 1111 528 1162 qum
552 1094 738 1149 melior
775 1101 878 1148 est.

483 1183 647 1235 Atlans
701 1197 811 1234 vero
859 1196 961 1232 non
1007 1179 1343 1232 inveniebatur
1371 1179 1574 1248 adjutor
1606 1175 1784 1230 similis
1827 1177 1960 1244 ejus.

412 1270 632 1324 Inmisit
661 1285 779 1338 ergo
805 1268 1046 1323 Dominus
1070 1267 1202 1322 Deus
1241 1284 1469 1335 separent
1498 1268 1548 1318 in
1605 1265 1790 1327 Adam,
1820 1280 1963 1318 eunt-

410 1376 507 1427 que
525 1359 872 1424 obdormisset,
904 1359 1015 1412 tulit
1043 1372 1198 1411 uisant
1219 1360 1280 1410 de
1298 1359 1448 1410 costis
1487 1357 1619 1425 ejus,
1664 1365 1710 1408 et
1761 1354 1965 1423 repleuit

413 1466 614 1504 carnem
657 1465 746 1516 pro
789 1465 866 1509 ea.
915 1456 963 1503 et
1013 1448 1278 1515 aediﬁcavit
1320 1444 1567 1500 Dominus
1618 1443 1752 1499 Deus
1775 1455 1963 1498 costam

411 1554 560 1606 quam
590 1538 771 1593 tulerat
801 1538 862 1592 de
888 1538 1050 1591 Adam
1082 1539 1134 1590 in
1156 1537 1438 1591 mulierem.
1470 1535 1619 1602 Quod
1651 1535 1838 1590 mulier
1868 1534 1983 1588 visit

414 1630 481 1683 de
509 1629 674 1684 latere
702 1627 836 1681 facta
867 1638 971 1692 est,
995 1638 1210 1696 propter
1255 1626 1417 1693 ipsius
1445 1624 1832 1693 coniunctionis
1859 1624 1961 1677 vim

406 1716 890 1771 commendandam
919 1715 991 1768 ita
1041 1716 1154 1769 ﬁeri
1185 1717 1487 1784 oportuisse
1514 1714 1832 1768 credendum
1861 1723 1961 1767 est.

411 1807 559 1874 Quod
587 1815 764 1861 autem
795 1805 1078 1860 dormienti
1111 1805 1186 1857 illi
1208 1807 1400 1858 laetum
1435 1814 1538 1866 est,
1561 1803 1703 1870 quod
1730 1819 1851 1858 osse
1873 1805 1966 1858 de-

2064 636 2205 708 gruit
2233 638 2284 690 in
2313 636 2394 691 his
2413 637 2736 700 nominibus,
2766 652 2884 690 cum
2915 652 2944 690 a
2973 637 3085 691 viro
3109 647 3436 709 nuttcupator
3465 653 3618 694 Vtra-

2064 741 2152 794 go,
2172 724 2242 778 ita
2263 727 2512 780 convenit
2537 736 2592 779 et
2621 725 2841 780 Hebra-a
2868 726 2920 778 in
2947 739 3046 794 qua
3067 725 3310 781 videlicet
3334 726 3509 796 lingua
3533 729 3616 783 vir

2065 815 2355 882 appellatur
2381 815 2480 880 Isis,
2508 823 2560 873 ct
2607 814 2846 868 derivato
2886 813 2955 868 ab
3003 817 3103 870 hoe
3155 816 3369 870 nomine
3415 817 3614 873 femina

2063 907 2252 962 dicitur
2275 908 2430 961 Iussa.
2468 908 2706 977 Denique
2735 908 2872 977 quod
2901 907 2984 962 ltis
3029 909 3328 978 appellatur
3355 909 3614 968 llebraice

2065 998 2162 1061 vir,
2205 1007 2423 1053 testatur
2449 999 2608 1052 etiam
2637 1013 2828 1052 nomen
2857 997 3039 1059 Israel.
3069 999 3158 1067 qui
3193 1001 3269 1053 vir
3297 1001 3470 1054 rideas
3504 1001 3607 1054 Do-

2063 1089 2257 1142 minum
2283 1090 2675 1156 interpretatur.
2703 1088 2808 1144 Sed
2858 1098 2912 1142 et
2935 1088 3277 1143 sacramentis
3317 1089 3516 1145 Christi
3555 1097 3614 1145 et

2067 1179 2315 1236 Ecclesiae
2345 1182 2590 1236 convenit
2635 1181 2907 1250 amissi-ue
2934 1181 3073 1247 quod
3126 1182 3296 1236 Adam
3336 1183 3613 1238 mulierem

2062 1270 2129 1324 de
2151 1284 2246 1325 sua
2272 1285 2434 1326 carne
2457 1281 2687 1327 creatam
2734 1272 2970 1326 nominis
3009 1273 3090 1326 sui
3138 1272 3448 1342 participem
3499 1273 3615 1328 ﬁeri

2065 1360 2250 1422 voluit,
2287 1362 2405 1430 quia
2429 1369 2485 1415 et
2511 1361 2760 1415 Dominus
2806 1372 2985 1416 noster
3009 1360 3161 1416 Jesus
3189 1359 3434 1416 Christus
3461 1376 3615 1437 atque

2067 1451 2336 1514 Ecclesia»,
2368 1468 2521 1517 quam
2548 1467 2640 1519 per
2667 1452 2745 1505 sui
2801 1453 3042 1520 corporis
3089 1467 3153 1508 ac
3179 1454 3456 1521 sanguinis
3487 1467 3613 1520 pre-

2065 1541 2194 1593 tium
2222 1541 2466 1603 redemit,
2486 1541 2691 1610 sibique
2711 1541 2984 1609 adoptavit
3014 1543 3068 1596 in
3085 1555 3359 1609 sponsam,
3389 1545 3614 1610 partici-

2065 1628 2205 1697 pium
2258 1629 2340 1683 sui
2380 1630 2605 1682 numinis
2650 1630 2883 1696 dooavit,
2934 1641 2989 1684 ut
3034 1645 3062 1685 a
3103 1631 3319 1685 Christo
3373 1631 3616 1686 videlicet

2063 1719 2357 1772 Christiana
2388 1728 2685 1786 vocaretur,
2713 1720 2781 1774 ab
2807 1719 2954 1781 Jesu.
2983 1720 3036 1773 id
3065 1731 3168 1776 est.
3196 1720 3498 1785 Salvatore,
3527 1736 3616 1773 sa-

2067 1806 2225 1860 lutem
2248 1805 2273 1842 ⁶¹
2309 1807 2598 1874 requireret
2627 1819 2898 1862 azteroam.
2929 1807 3041 1862 Non
3065 1819 3242 1864 autem
3290 1819 3617 1877 praetereun-

417 1903 583 1948 tracto
635 1893 687 1948 in
736 1894 882 1962 cujus
932 1894 1106 1948 locum
1160 1909 1282 1947 caro
1341 1893 1709 1960 suppleretur,
1759 1892 1960 1947 altioris
1990 1882 2037 1940 Β
2068 1895 2189 1948 dum
2221 1895 2359 1963 quod
2389 1909 2548 1965 sopor
2596 1897 2704 1961 ille,
2735 1899 2846 1952 sive
2897 1893 3145 1961 exstasis,
3202 1897 3251 1950 id
3293 1908 3373 1954 est
3427 1898 3660 1954 mentis-

416 1984 650 2054 mysterii
679 1987 845 2053 gratia
890 1985 1078 2038 factum
1105 1993 1206 2038 est.
1231 1983 1636 2052 Signiiicabatur
1662 1973 1800 2038 eniin
1823 1983 1961 2053 quod

413 2075 486 2129 de
512 2076 678 2130 latete
702 2076 898 2129 Christi
927 2076 977 2129 in
1007 2089 1164 2130 cruce
1188 2089 1279 2143 per
1327 2084 1555 2128 mortem
1605 2075 1761 2143 sopiti
1786 2089 1955 2129 sacra-

413 2178 588 2223 menta
632 2179 808 2224 essent
841 2169 1026 2223 salutis
1076 2172 1282 2224 exitura
1311 2208 1325 2234 ,
1369 2168 1605 2223 videlicet
1646 2169 1858 2238 sanguis
1909 2177 1963 2220 et

411 2272 567 2326 aqua,
597 2258 664 2311 de
683 2258 869 2326 quibus
895 2270 1087 2324 sponsa
1118 2258 1191 2313 illi
1216 2258 1528 2316 conderetur
1558 2258 1810 2321 Ecclesia,
1843 2257 1961 2310 nam

412 2349 455 2400 si
487 2355 512 2382 ⁸
545 2347 672 2400 tanti
719 2349 1034 2402 sacramenti
1067 2363 1170 2400 non
1211 2359 1351 2401 esset
1401 2348 1565 2415 lignra
1618 2347 1671 2399 in
1701 2348 1963 2400 creatione

411 2434 621 2491 l'otnina:
647 2436 1032 2504 pra-mittenda,
1061 2435 1182 2503 quid
1204 2450 1337 2512 opus
1360 2435 1743 2490 eratdortnisse
1771 2434 1960 2500 Adam,

413 2536 471 2581 ut
494 2532 696 2581 costam
725 2525 798 2580 illi
823 2525 983 2591 Deus,
1009 2526 1077 2580 de
1105 2540 1206 2596 qua
1258 2525 1505 2581 feminam
1560 2525 1777 2593 laceret,
1811 2525 1962 2578 tolle-

411 2623 515 2679 ret,
545 2613 634 2681 qui
660 2621 715 2668 et
747 2614 969 2682 vigilanti
996 2629 1058 2668 ac
1083 2631 1191 2668 non
1236 2615 1432 2669 dolenti
1463 2614 1605 2670 idem
1657 2614 1830 2669 facere
1871 2627 1965 2682 po-

415 2700 602 2768 terat!
649 2703 783 2769 Quid
813 2704 1170 2761 necessarium
1209 2711 1265 2757 ut
1308 2717 1426 2757 cum
1472 2717 1532 2757 os
1576 2702 1719 2772 quod
1749 2703 1815 2756 de
1865 2702 1964 2755 viri

414 2795 577 2850 latere
616 2803 882 2864 sumptum
913 2804 1016 2860 est,
1056 2794 1194 2847 unde
1224 2790 1252 2830 ιν
1286 2792 1479 2847 femina
1515 2790 1859 2855 eondebatur,
1912 2789 1964 2844 in

415 2889 584 2938 locum
625 2884 761 2937 ossis
790 2897 892 2937 non
914 2897 997 2946 os,
1027 2880 1122 2936 sed
1143 2894 1268 2936 caro
1295 2881 1647 2949 suppleretur,
1695 2879 1793 2932 nisi
1844 2877 1964 2945 quia

416 2973 742 3045 ligurabator
768 2973 907 3042 quod
955 2972 1190 3027 Christus
1241 2961 1460 3040 propter
1504 2972 1788 3025 Ecclesiam
1819 2969 1966 3022 inllr-

2065 2001 2349 2051 excessus,
2383 1986 2669 2053 utantiqua
2717 1987 3013 2042 Translatio
3043 1989 3222 2052 habet,
3277 2004 3434 2055 quam
3481 1989 3620 2043 Deos

2064 2078 2281 2133 innnisit
2310 2081 2360 2132 in
2383 2078 2572 2145 Adam,
2599 2088 2740 2134 recte
2759 2078 3085 2149 intelligitur,
3109 2094 3162 2135 ut
3188 2081 3570 2150 S.Augustinus
3593 2091 3620 2120 0

2022 2197 2024 2199 ν
2063 2169 2207 2234 dicit,
2238 2188 2255 2220 t
2282 2169 2348 2223 ad
2379 2168 2478 2224 hoc
2509 2171 2762 2232 immissa,
2817 2180 2870 2223 ut
2928 2170 3256 2238 prius'tnetts
3299 2185 3393 2237 per
3441 2182 3621 2224 easta-

2066 2257 2167 2311 sitn
2198 2259 2463 2326 particeps
2491 2259 2640 2312 lieret
2668 2267 2912 2326 tanquam
2947 2259 3201 2328 angelica:
3243 2260 3426 2321 curize.
3457 2269 3512 2313 et
3539 2260 3620 2312 in-

2068 2357 2211 2400 trans
2242 2349 2292 2399 in
2325 2347 2683 2400 sanctuarium
2713 2346 2803 2401 Dei
2860 2346 3177 2414 intelligeret
3224 2347 3617 2401 in'uovissima.

2070 2436 2301 2503 Denique
2339 2434 2356 2473 ί
2388 2435 2918 2506 θνίςιιειιῌθιιίιυιιιιι
2950 2437 3219 2504 prepbetia
3250 2438 3472 2505 plenus,
3500 2453 3620 2492 cura

2065 2527 2130 2582 ad
2159 2543 2216 2582 se
2236 2527 2512 2582 adductam
2543 2528 2812 2582 mulierem
2857 2542 3008 2581 suam
3038 2528 3238 2581 videret
3262 2567 3276 2589 ,
3323 2528 3622 2583 eructuavit

2065 2619 2318 2672 continuo
2347 2617 2486 2688 quod
2519 2633 2764 2687 maguum
2809 2629 3199 2672 sacramentum
3228 2618 3623 2672 commendavit

2066 2707 2386 2774 Apostolus:
2423 2706 2533 2760 Hoc
2571 2724 2701 2761 nunc
2731 2722 2786 2760 os
2823 2708 2885 2761 de
2921 2709 3116 2761 ossibus
3145 2709 3288 2774 meis,
3334 2721 3380 2762 er
3414 2725 3534 2761 caro
3561 2710 3626 2762 de

2067 2812 2218 2849 came
2245 2812 2373 2850 mea.
2409 2795 2533 2850 Ηωσ
2579 2797 2833 2870 vocabitur
2873 2800 3077 2867 virago,
3117 2798 3357 2865 quoniam
3409 2798 3470 2852 de
3515 2798 3624 2852 sire

2065 2896 2262 2957 sumpta
2291 2896 2470 2965 estret
2497 2886 2638 2956 quod
2673 2887 2931 2955 semiitnr.
2967 2906 2987 2938 s

2141 2978 2477 3043 Quamobrem
2496 2976 2738 3045 relinquet
2760 2977 2908 3031 ltomo
2931 2989 3124 3046 patrem
3140 2995 3286 3032 suum
3319 2987 3366 3032 et
3391 2987 3622 3039 matrem,

414 3081 551 3128 mus,
582 3073 636 3119 at
661 3079 788 3118 vero
821 3063 1052 3118 Ecclesia
1076 3079 1169 3132 per
1194 3065 1368 3131 ipsum
1388 3073 1530 3119 esset
1563 3063 1710 3116 llrma
1750 3057 1963 3113 futura!

2066 3079 2115 3124 et
2133 3069 2405 3124 adluerebit
2451 3069 2598 3122 uxori
2617 3084 2746 3137 sue,
2793 3078 2838 3122 et
2882 3080 3026 3123 erant
3063 3071 3163 3122 duo
3202 3071 3254 3122 in
3303 3085 3454 3122 carne
3500 3083 3623 3120 una.

415 3153 568 3210 Unde
607 3153 848 3221 ejusdem
878 3155 1111 3223 mysterii
1153 3153 1317 3221 gratia
1347 3153 1522 3224 typico
1553 3165 1763 3221 quoque
1800 3151 1963 3204 verbo

2075 3161 2203 3224 Quae
2235 3159 2390 3226 primi
2418 3172 2538 3211 cum
2568 3159 2723 3212 verba
2756 3159 2982 3211 hominis
3013 3159 3172 3214 fuisse
3206 3159 3478 3226 Scriptura
3515 3159 3623 3226 ipsa

418 3257 510 3296 usa
542 3253 624 3298 est
650 3242 943 3311 Scriptura.
973 3251 1031 3296 ιιι
1050 3257 1154 3296 non
1169 3211 1402 3296 diceret-3
1427 3241 1570 3306 fecit.
1594 3251 1683 3294 aut
1700 3241 1962 3303 formavit.
1994 3211 2039 3270 C
2079 3211 2317 3312 leuatur,
2351 3247 2601 3301 Dominus
2631 3255 2806 3300 tamen
2830 3248 2878 3300 in
2906 3248 3187 3315 Evangelio
3235 3211 3396 3302 neum
3424 3211 3625 3302 ditiis.

412 3345 502 3389 aut
530 3336 749 3400 creavit,
780 3333 916 3390 sicut
963 3335 1014 3387 ill
1042 3333 1287 3388 omnibus
1336 3347 1493 3399 ευρη
1548 3332 1829 3401 operuit";
1877 3329 1971 3386 Sed
2075 3338 2378 3397 declaravit.
2408 3338 2509 3391 Ait
2535 3337 2672 3390 enim
2707 3353 2721 3390 :
2771 3336 2888 3390 Non
2927 3336 3118 3407 legistis
3144 3340 3263 3408 quia
3293 3340 3380 3407 qui
3415 3340 3531 3405 fecit
3562 3340 3624 3392 αι

418 3428 708 3496 sedi/ienuit,
736 3426 922 3494 inquit.
960 3425 1204 3479 Dominus
1227 3421 1360 3477 Deus
1383 3432 1767 3499 costam,_qttam
1789 3421 1970 3473 tulerat
2074 3429 2217 3482 initio
2239 3426 2515 3482 masculum
2536 3436 2579 3479 et
2602 3427 2840 3496 [cortinam
2862 3426 2977 3494 fecit
3011 3443 3118 3492 eos,
3149 3437 3195 3480 et
3217 3428 3344 3479 dixit
3366 3443 3386 3480 :
3411 3425 3625 3493 Propter

415 3522 477 3574 de
497 3524 660 3576 Adam
682 3523 736 3574 in
756 3522 1035 3584 mulierem,
1060 3534 1163 3573 non
1192 3527 1434 3586 tanquam
1451 3531 1640 3585 corpus
1663 3519 1968 3577 humanum.
2067 3520 2168 3573 hac
2194 3519 2406 3572 dimittet
2435 3519 2579 3572 homo
2604 3530 2793 3586 patrem
2812 3527 2858 3571 et
2887 3529 3091 3570 matrem
3112 3528 3158 3572 et
3185 3520 3456 3571 adha'rebit
3478 3535 3626 3586 mea

421 3612 513 3670 sed
547 3622 791 3680 tanquam
822 3611 1059 3670 domum,
1091 3608 1421 3678 quzedomos
1451 3623 1547 3662 nos
1587 3622 1790 3673 sumus,
1831 3605 1877 3682 si
1909 3603 1970 3658 ΙΙ·
2073 3626 2205 3677 suae,
2228 3620 2272 3662 et
2301 3619 2442 3662 erunt
2471 3609 2571 3662 duo
2610 3611 2662 3662 in
2687 3624 2836 3662 carne
2877 3614 2977 3661 una
3019 3607 3228 3677 (latth.
3273 3620 3383 3673 xtx',
3436 3607 3519 3677 ι),
3571 3619 3627 3662 ιιι

425 3700 632 3754 duciatn
657 3709 711 3754 et
739 3698 957 3767 simiam
987 3695 1099 3762 spei
1123 3710 1286 3764 usque
1313 3696 1377 3748 ad
1415 3695 1572 3748 linem
1603 3694 1806 3748 tirtnam
1837 3695 1965 3749 reti-
2076 3702 2195 3756 hinc
2215 3702 2626 3770 intelligeremus
2656 3710 2869 3768 propter
2895 3700 3151 3753 exstasim
3191 3714 3307 3768 quae
3337 3712 3626 3767 praeesse-

430 3806 664 3846 uenatus.
683 3791 878 3844 Taliter
893 3791 1030 3844 enim
1049 3788 1282 3857 decebat,
1299 3798 1352 3842 ut
1368 3785 1966 3865 humanigenerisorigo,
2074 3803 2157 3844 rat
2181 3792 2441 3854 in'Adam,
2475 3791 2575 3845 hoc
2594 3806 2715 3844 eum
2739 3789 2988 3843 divinitus
3024 3799 3270 3858 tanquam
3313 3788 3624 3857 prophetam

437 3879 541 3932 Deo
582 3887 834 3944 opetaute
861 3918 875 3935 .
937 3877 1282 3946 procederet,
1327 3886 1582 3945 quatenus
1632 3873 1971 3942 redemptioni
2072 3883 2248 3936 άιοιειει
2273 3879 2526 3946 potuisse.
2555 3877 2608 3930 Si
2638 3889 2763 3946 ergo
2790 3878 3032 3931 Christus
3085 3877 3310 3932 adbtesit
3351 3878 3625 3941 Ecclesia,

423 3969 588 4037 ipsius
617 3983 731 4034 qua!
761 3968 811 4021 in
841 3967 944 4022 ﬁne
991 3975 1104 4022 erat
1131 3967 1307 4022 Samii
1354 3981 1448 4034 per
1481 3964 1724 4020 eumdem
1753 3973 1969 4019 νθιιιυη
2075 3983 2130 4026 ιιι
2174 3980 2349 4026 essent
2398 3969 2502 4021 duo
2555 3969 2607 4021 in
2632 3982 2790 4021 carne
2822 3983 2948 4032 una,
2995 3969 3258 4036 quomodo
3290 3969 3495 4035 reliquit
3527 3968 3624 4023 Pa-

423 4057 748 4112 conditorem
778 4055 1171 4110 concinentibus
1209 4055 1386 4126 ﬁguris
1418 4053 1768 4108 testimonium
1796 4052 1967 4107 daret.
2074 4076 2226 4128 ιιθιιι,
2255 4061 2519 4132 quomodo
2548 4062 2801 4114 matrem?
2833 4059 3063 4129 Reliquit
3099 4061 3328 4127 mtrem,
3359 4062 3476 4130 quia
3507 4077 3625 4114 cum

489 4177 552 4232 Et
587 4178 800 4231 adduxit
832 4193 942 4232 eam
979 4175 1046 4230 ad
1092 4175 1271 4229 Atlans.
1328 4174 1567 4242 Dixitque
1603 4173 1805 4228 Adam:
1858 4171 1963 4226 llos

2070 4157 2120 4208 in
2150 4155 2310 4222 forma
2343 4152 2435 4202 Dei
2452 4156 2599 4212 esset,
2639 4165 2741 4203 non
2766 4150 3002 4217 rapinam
3025 4150 3295 4204 arbitratus
3319 4160 3388 4202 est
3425 4164 3533 4202 esse
3570 4164 3625 4202 se

417 4285 549 4323 ,ικηε
568 4284 623 4324 ο,
648 4285 710 4323 η,
737 4253 926 4322 cum,
947 4269 1088 4332 "m3,
1111 4276 1155 4320 ει
1172 4281 1292 4320 οπο
1307 4266 1368 4319 de
1385 4281 1537 4318 me
1558 4281 1688 4320 κο,
1709 4266 1963 4331 Quoniam
2067 4247 2308 4316 aqualem
2345 4245 2470 4307 Deo,
2493 4243 2581 4295 sed
2617 4243 2932 4310 semetipsum
2953 4242 3223 4295 exinnnioit
3255 4243 3467 4332 [arma—at
3494 4243 3622 4293 serui

418 4360 586 4414 Adam
616 4359 859 4412 adductis
882 4358 948 4412 ad
965 4373 1022 4410 se
1034 4329 1389 4411 animantibus
1413 4364 1566 4408 terra
1591 4366 1644 4409 et
1667 4329 1963 4410 volatilibus

2066 4339 2318 4405 accipiens
2345 4334 2508 4402 (Phil.
2543 4347 2602 4396 tt,
2629 4332 2706 4401 6).
2740 4331 2849 4387 Hoc
2892 4341 2974 4387 est
2997 4333 3136 4387 enim
3161 4332 3356 4399 reliquit
3389 4329 3622 4394 Patrem,

419 4447 624 4501 eunetis
651 4447 849 4499 nullum
877 4445 927 4498 in
959 4444 1039 4497 bis
1068 4443 1166 4497 sibi
1197 4453 1220 4481 ε
1250 4441 1424 4496 simile
1451 4443 1740 4507 invenerat,
1771 4441 1960 4496 merito

2066 4425 2187 4496 quia
2215 4440 2316 4476 non
2346 4421 2578 4476 deseruit
2593 4431 2645 4476 et
2678 4424 2894 4477 recessit
2918 4437 2946 4473 a
2972 4421 3150 4485 Patre,
3181 4419 3272 4474 sed
3297 4420 3418 4485 quia
3440 4431 3546 4469 non
3571 4420 3623 4470 in

422 4551 560 4591 nunc
588 4532 674 4590 ulii
701 4534 1018 4602 adjutorium
1050 4533 1222 4586 simile
1245 4521 1323 4586 sui
1348 4531 1538 4586 factum
1587 4505 1748 4600 atque
1793 4532 1858 4586 ad
1904 4547 1962 4586 se

2067 4531 2126 4571 ea
2159 4514 2325 4567 forma
2355 4511 2597 4580 apparuit
2626 4511 2944 4573 hominibus,
2973 4512 3024 4562 in
3051 4523 3152 4578 qua
3180 4508 3395 4575 aqualis
3417 4516 3499 4560 est
3523 4505 3624 4559 Ρα-

417 4625 700 4681 adductum
732 4595 882 4690 vidit,
907 4624 1138 4693 agnovit,
1168 4631 1221 4677 et
1241 4623 1552 4677 exclamavit
1591 4595 1772 4694 dicens
1801 4639 1815 4676 :
1849 4622 1963 4676 Hoc

2069 4603 2157 4668 tri,
2175 4600 2440 4672 quomodo
2455 4598 2663 4667 reliquit
2684 4609 2904 4651 matrem
2929 4595 3269 4664 relinquendo
3285 4595 3620 4663 Synagogam

420 4730 711 4771 nuncuea:
743 4687 1118 4770 ωιξόιιίιιιείσ.
1167 4714 1312 4768 Nunc
1360 4691 1623 4775 videlicet,
1675 4712 1796 4781 quia
1842 4710 1963 4764 visis

2066 4693 2392 4755 ludentum,
2421 4691 2489 4744 de
2535 4705 2635 4758 qua
2667 4687 2956 4743 secundum
2978 4701 3190 4742 carnem
3213 4699 3364 4739 natus
3407 4695 3510 4748 est,
3568 4696 3622 4740 et

425 4810 571 4876 prius
596 4806 952 4862 animantibus
981 4807 1099 4860 aliis
1146 4804 1372 4861 similent
1426 4805 1525 4859 sibi
1569 4775 1963 4858 non-viderat:

2068 4781 2376 4837 inhaerendo
2399 4781 2670 4848 Ecclesiae,
2699 4794 2855 4847 quam
2881 4792 2947 4831 ea
2967 4777 3209 4831 omnibus
3229 4775 3470 4845 gentibus
3487 4789 3622 4828 con-

426 4867 499 4952 δε
523 4907 695 4950 autem
719 4895 781 4949 de
809 4892 1005 4948 ossibus
1025 4896 1146 4947 meis
1173 4906 1220 4946 et
1247 4909 1368 4947 cars
1413 4896 1476 4947 de
1499 4907 1652 4945 eam
1675 4905 1806 4955 tates,
1844 4889 1963 4957 quia

2066 4874 2320 4940 stu-gavit,
2341 4884 2396 4925 ιιι
2407 4887 2533 4940 pace
2554 4871 2687 4925 Novi
2707 4869 3028 4923 Testamenti
3050 4876 3231 4922 essent
3255 4867 3358 4918 duo
3377 4867 3431 4917 in
3453 4879 3619 4918 carne

428 4999 616 5042 cetera
648 4998 846 5053 quens
869 4994 922 5039 et
949 4998 1161 5038 carnem
1191 4981 1434 5035 habentia
1481 4979 1692 5034 viderat
1731 4976 1963 5030 nomina-

2069 4979 2169 5026 una
2203 4981 2214 5015 :
2239 4963 2359 5031 quia
2385 4979 2502 5016 cum
2526 4964 2592 5016 sit
2621 4964 2758 5017 Deus
2785 4962 2923 5028 apud
2953 4961 3160 5014 Patrem
3193 4973 3288 5024 per
3309 4963 3464 5025 quem
3485 4958 3614 5012 tacti

429 5090 627 5145 tuoque
653 5048 983 5138 distinxerat,
1015 5089 1119 5128 non
1145 5087 1208 5127 ex
1261 5087 1357 5126 sua
1405 5069 1720 5134 substantia,
1777 5066 1870 5121 sed
1897 5080 1963 5120 ex

2069 5067 2270 5117 sumus,
2294 5056 2458 5104 laetus
2485 5063 2566 5106 est
2594 5068 2686 5121 per
2709 5056 2920 5105 carnem
2955 5049 3214 5117 particeps
3232 5054 3430 5114 noster,
3467 5057 3526 5102 ut
3552 5048 3617 5104 il-

428 5182 570 5224 terra
598 5169 680 5223 vel
703 5167 854 5235 aquis
880 5182 997 5222 esse
1043 5167 1175 5221 facta
1213 5174 1450 5220 noverat.
1496 5162 1649 5218 Sicut
1694 5175 1820 5213 vero
1866 5158 1963 5211 illis

2070 5142 2169 5193 lius
2187 5142 2374 5206 capitis
2405 5154 2597 5208 corpus
2617 5155 2734 5194 esse
2767 5152 3058 5206 possemus.

427 5259 676 5313 vocabula
697 5227 765 5311 ad
791 5273 849 5311 se
871 5255 1110 5311 adductis
1136 5263 1401 5320 posuerat,
1440 5251 1516 5307 sic
1569 5251 1797 5305 restabat
1825 5257 1881 5302 ut
1919 5248 1963 5300 ei

2139 5231 2264 5285 Erat
2289 5241 2459 5310 nutent
2507 5242 2709 5300 uterque
2736 5232 2916 5284 nudas.
2965 5228 3132 5281 Adam
3162 5227 3362 5282 scilicet
3398 5237 3451 5282 et
3479 5243 3620 5283 uxor

430 5365 584 5414 quam
627 5349 725 5405 sibi
756 5348 1001 5414 similem,
1030 5361 1094 5399 ac
1117 5346 1184 5400 de
1210 5362 1306 5399 suo
1336 5356 1556 5412 corpore
1599 5347 1828 5395 creatam
1875 5351 1963 5390 co-

2069 5323 2205 5390 ejus.
2239 5331 2291 5375 et
2343 5336 2446 5376 non
2500 5322 2904 5376 erubescebant.
2933 5328 2950 5367 ι
2991 5317 3058 5370 Et
3082 5318 3289 5380 merito,
3318 5317 3441 5384 quid
3471 5317 3618 5371 enim

429 5440 626 5504 piavit,
657 5452 849 5493 nomen
876 5436 1102 5491 inderet.

2070 5414 2284 5481 puderet
2309 5413 2516 5482 quando
2548 5412 2742 5466 nullam
2771 5409 2939 5476 legem
2976 5420 3252 5462 senserant
3282 5409 3333 5462 in
3361 5408 3621 5462 membris

496 5497 650 5593 "ei,
677 5529 874 5594 inquit,
917 5526 1170 5580 υοαιθξιιιτ
1221 5527 1424 5592 virago,
1447 5519 1708 5594 quoniam
1741 5512 1818 5588 de
1865 5513 1969 5565 viro
2069 5506 2174 5558 suis
2199 5507 2573 5573 repugnantem
2605 5502 2704 5570 legi
2744 5500 2936 5554 mentis
2976 5514 3084 5554 sua:
3113 5500 3269 5566 lqua:
3314 5497 3430 5551 illos
3461 5509 3620 5564 pana

2138 5645 2160 5684 ἀ
2195 5643 2267 5696 De
2295 5642 2426 5696 Gen.
2461 5640 2524 5691 ad
2557 5639 2678 5703 Iitl.,
2717 5636 2834 5702 lib.,
2869 5651 2944 5700 ts,
2974 5650 3087 5705 cap.
3122 5630 3202 5689 19.

2144 5722 2166 5781 f
2192 5713 2268 5764 Al.
2287 5748 2304 5774 ,
2326 5711 2500 5781 ipsius.

2148 5780 2162 5815 ί
2200 5781 2309 5844 AL,
2342 5778 2567 5849 uigilans.

499 5664 518 5691 "
553 5661 657 5721 AL,
699 5667 854 5707 mula.

495 5725 509 5761 ¹
548 5731 651 5789 AL,
686 5729 733 5777 in
776 5727 1033 5789 ferninam.

498 5807 520 5834 ‘
553 5799 662 5861 AL,
685 5797 915 5849 similem.
