3866 6248
293 371 372 427 εὖ
1546 363 1722 417 ιιεχι
1735 361 2005 417 EMERUN
2047 364 2169 417 LIB;
2211 360 2246 414 Ι.
3421 364 3494 418 δε

291 579 395 635 est,
429 577 710 636 usurpante
733 565 1081 620 inobedientia
1106 563 1442 632 prohibitum,
1462 569 1518 617 et
1541 561 1739 630 iustitia
1762 575 1844 628 pu-

295 660 471 714 niente
491 659 822 712 commissum
849 674 860 708 :
885 655 1023 725 quod
1037 664 1314 722 antequam
1331 654 1499 717 tieret,
1525 651 1650 704 nudi
1669 660 1842 713 erant,

294 761 351 803 ut
389 749 584 802 dictum
629 755 734 813 est,
763 756 936 801 etnon
977 741 1448 798 confundebantur.
1507 740 1694 794 Nullus
1729 749 1845 796 erat

293 845 473 890 motus
494 839 541 888 in
563 849 804 902 corpore,
829 834 912 886 cui
939 832 1253 906 verecundia
1273 830 1587 906 deberetur;
1611 829 1740 883 nihil
1759 843 1846 896 pu-

293 923 918 988 tabantvelandum,qnla
939 919 1062 974 nihil
1085 919 1792 974 senserantrefrenandum'.
1818 937 1837 970 ι

367 1014 472 1068 Sed
495 1021 545 1066 et
580 1028 783 1078 serpens
831 1021 939 1064 erat
988 1010 1225 1063 callidior
1267 1010 1461 1062 structis
1505 1007 1844 1061 animantibus

292 1111 446 1154 terre
471 1117 583 1169 qua:
604 1101 788 1166 fecerat
820 1099 1066 1152 Dominus
1096 1097 1253 1151 Deus.
1270 1129 1280 1141 ο
1297 1097 1479 1151 Potest
1507 1096 1606 1150 iste
1626 1109 1846 1164 serpens

293 1202 400 1242 non
424 1187 770 1242 inrationabili
800 1192 975 1239 anima
1005 1201 1124 1253 sua,
1153 1186 1246 1240 sed
1285 1185 1456 1239 alieno
1479 1184 1588 1252 jam
1632 1185 1842 1252 spiritu,

297 1279 353 1332 id
382 1287 483 1342 est,
506 1277 786 1341 diabolico,
817 1277 1056 1330 callidior
1092 1277 1193 1329 diei
1225 1277 1430 1329 cunctis
1455 1274 1840 1328 animantibus:

291 1367 685 1437 quantumlibet
732 1367 872 1420 enim
910 1367 1340 1435 prevaricatorea
1365 1364 1538 1432 angeli
1565 1364 1633 1417 de
1660 1377 1847 1432 super-

293 1459 379 1512 nis
405 1457 618 1510 sedibus
645 1464 753 1509 suae
773 1454 1133 1522 perversitatis
1158 1465 1212 1507 et
1237 1452 1502 1522 superbia
1531 1453 1720 1505 merito
1746 1451 1843 1504 de-

289 1547 418 1616 iecti
449 1547 582 1610 sint,
616 1555 798 1600 natura
827 1555 1000 1600 tamen
1033 1543 1433 1598 excellentiares
1460 1550 1585 1595 sunt
1602 1539 1844 1593 omnibus

289 1639 648 1692 animantibus
704 1647 857 1692 terra:
916 1645 1136 1705 propter
1208 1634 1425 1689 rationis
1479 1633 1842 1686 eminentiam.

289 1729 429 1796 Quid
458 1744 584 1800 ergo
623 1730 811 1784 mirum
841 1729 886 1782 si
914 1743 1010 1782 suo
1037 1729 1284 1782 instinctu
1325 1727 1564 1781 diabolus
1599 1726 1710 1794 jam
1740 1725 1840 1780 im-

199 532 201 534 .
296 477 493 546 peccati
525 486 640 545 post
672 476 1114 546 perpetrationem
1171 471 1616 542 praevaricationis
1657 481 1834 524 secuta
1865 475 1915 531 Α
1942 471 2060 524 Non
2091 475 2265 538 itaque
2291 484 2509 538 serpens
2535 471 2815 526 verboimn
2840 469 2999 526 senos
3023 471 3371 542 intelligebat,
3399 474 3485 542 qui

1941 574 2005 614 es
2033 560 2124 613 illo
2165 559 2359 614 liebant
2393 560 2456 612 ad
2487 561 2794 614 mulierem:
2835 575 3006 629 neque
3043 561 3183 616 enim
3231 575 3481 616 conversa

1941 649 2206 703 credenda
2255 651 2561 704 est-anima
2610 650 2724 719 ejus
2755 651 2805 703 in
2851 661 3088 704 naturam
3141 653 3483 717 rationalem,

1942 738 2152 807 quando
2183 754 2278 792 nec
2307 738 2404 806 ipsi
2437 740 2697 805 homines,
2729 756 2951 808 quorum
3000 741 3264 796 rationalis
3301 752 3484 796 natura

1943 837 2043 890 est,
2073 844 2190 883 cum
2219 829 2425 883 damon
2455 829 2506 882 in
2540 830 2617 884 eis
2664 831 2894 899 loquitur
2929 845 2988 886 ea
3023 831 3264 897 passione
3303 832 3389 885 cui
3419 833 3484 885 ab

1943 921 2204 973 exorcista
2239 921 2543 987 requiritur,
2567 921 2951 991 nesciuntqnid
2984 921 3292 990 loquantur:
3321 937 3485 990 quan—

1945 1021 1995 1064 to
2022 1012 2189 1065 minus
2217 1010 2304 1064 ille
2349 1013 2668 1078 intelligeret
2696 1011 2976 1066 verborum
3003 1025 3184 1074 sonos,
3225 1026 3354 1076 quos
3392 1027 3484 1079 per

1942 1117 2061 1155 eum
2083 1111 2216 1156 etes
2244 1117 2310 1156 eo
2328 1102 2669 1156 diabolusillo
2693 1102 2848 1156 modo
2869 1101 3092 1155 iaciebat
3110 1101 3198 1167 qni
3223 1102 3488 1156 hominem

1943 1191 2241 1257 loquentem
2271 1206 2374 1244 non
2409 1191 2748 1260 intelligeret,
2787 1192 2832 1246 si
2859 1207 2979 1245 eum
3005 1207 3035 1244 a
3070 1191 3326 1247 diabolica
3355 1208 3486 1261 pas-

1945 1286 2094 1336 sione
2137 1283 2384 1336 immunis
2421 1281 2625 1335 audiret
2659 1280 2734 1334 ί.)

2015 1371 2156 1424 Dixit
2191 1387 2308 1442 ergo
2332 1371 2400 1424 ad
2433 1371 2721 1425 mulierem:
2760 1369 2862 1424 Cur
2887 1369 3124 1439 praecepit
3169 1369 3308 1422 vobis
3353 1366 3484 1424 Deus

1942 1472 1996 1514 ut
2043 1477 2146 1514 non
2195 1461 2513 1514 comederetis
2549 1460 2610 1512 de
2655 1460 2793 1513 omni
2842 1459 2980 1531 ligno
3026 1458 3294 1511 Paradisi.’
3339 1456 3478 1511 Cui!

1941 1551 2196 1616 respondit
2215 1551 2414 1603 mulier:
2437 1550 2511 1602 De
2529 1551 2696 1618 [metu
2719 1549 2969 1620 lignorum
2987 1564 3099 1616 quae
3117 1559 3232 1602 sunt
3254 1549 3304 1599 in
3325 1563 3482 1616 para-

1943 1639 2054 1690 diso
2081 1653 2350 1702 timentur,
2380 1639 2440 1690 de
2469 1639 2636 1707 [ructu
2683 1654 2796 1691 vero
2825 1639 2948 1707 ligni
2973 1637 3106 1705 quod
3135 1648 3204 1690 est
3239 1637 3288 1690 in
3319 1637 3485 1690 medio

1943 1728 2170 1796 paradisi
2210 1727 2443 1795 pracepit
2472 1726 2614 1780 nobis
2651 1725 2787 1780 Deus
2814 1743 2874 1780 ne
2903 1726 3303 1790 comederemus,
3335 1737 3381 1779 et
3421 1741 3486 1778 ne

293 1827 450 1895 plens
477 1833 797 1890 serpentem,
829 1823 981 1891 eique
1024 1837 1174 1875 suum
1221 1822 1463 1890 spiritum
1495 1820 1744 1881 miscens,
1773 1833 1839 1873 eo
1873 1801 1916 1860 Β
1943 1817 2415 1886 tangeremusillud,
2438 1833 2499 1870 ne
2514 1817 2642 1884 forte
2663 1817 2953 1870 moriamur.
2979 1817 3292 1885 tldeovprius
3314 1816 3484 1869 inter-

292 1929 444 1968 more
468 1929 572 1980 quo
603 1924 750 1967 vates
798 1913 1181 1966 demoniorum
1214 1910 1420 1977 impleti
1453 1911 1648 1970 solent,
1687 1908 1839 1962 calli-

287 2004 562 2056 ilissizuum
590 2017 712 2056 eum
756 1985 1056 2054 reddiderat
1093 2004 1330 2054 omnium
1358 2000 1700 2056 animantium
1730 2008 1840 2050 ter-

288 2105 400 2154 rm;
431 2090 561 2153 sive,
588 2089 763 2142 utalia
789 2089 950 2142 editio
973 2089 1151 2153 habet,
1171 2089 1613 2160 sapientissimum
1643 2087 1840 2140 bestia-

289 2196 410 2235 rum
473 2179 760 2234 secundum
821 2180 1048 2233 animam
1097 2178 1271 2232 vivam
1326 2177 1842 2244 irrationabilemqne

291 2270 618 2324 viventium?
651 2271 738 2324 sSi
769 2283 896 2338 ergo
923 2267 1174 2336 quaeritur
1215 2282 1312 2320 cur
1341 2266 1478 2320 Deus
1505 2264 1699 2320 tentari
1725 2279 1844 2332 per-

294 2359 506 2412 miserit
533 2359 818 2422 hominem,
853 2372 1010 2426 quem
1040 2356 1282 2410 tentatori
1310 2369 1693 2410 consensurum
1724 2364 1842 2405 esse

294 2447 645 2515 prxsciebat;
693 2447 923 2499 occurrit
965 2445 1098 2498 ratio
1131 2459 1276 2506 vera,
1310 2459 1411 2497 non
1443 2458 1644 2511 magna:
1674 2442 1843 2494 laudis

289 2535 529 2590 futurum
576 2536 736 2588 fuisse
776 2534 1062 2600 hominem,
1112 2534 1154 2585 si
1186 2540 1460 2600 propterea
1501 2539 1680 2598 posset
1709 2528 1843 2581 bene

287 2627 490 2689 vivere,
531 2625 650 2694 quia
690 2637 843 2677 nemo
883 2623 1018 2675 male
1045 2624 1224 2676 vivere
1265 2620 1533 2683 suaderet,
1563 2633 1682 2693 cogn
1712 2616 1840 2671 etin

286 2731 482 2780 natura
511 2734 679 2788 posse,
714 2728 766 2772 et
797 2720 847 2771 in
880 2727 1140 2784 potestate
1171 2716 1387 2769 haberet
1413 2715 1550 2767 velle
1583 2727 1685 2765 non
1713 2725 1842 2764 eon-

286 2810 491 2868 sentire
526 2807 786 2872 suadenti,
819 2808 1100 2875 adiuvante
1133 2816 1307 2859 tamen
1346 2805 1437 2858 illo
1484 2802 1571 2870 qui
1601 2801 1844 2868 superbis

288 2899 514 2965 resistit,
551 2899 832 2952 humilibus
861 2907 1034 2950 autem
1059 2898 1148 2949 dat
1168 2897 1416 2962 gratiam.
1448 2892 1553 2946 Nec
1576 2891 1844 2944 arbitran-

288 2993 424 3046 dutn
454 2999 554 3054 est,
587 2989 726 3058 quod
759 2997 901 3040 esset
933 2987 1201 3040 hominem
1257 2984 1562 3052 deiecturus
1614 2990 1846 3035 tentator

288 3083 420 3146 iste,
447 3079 546 3134 nisi
596 3076 956 3144 praecessisset
993 3076 1042 3128 in
1079 3076 1252 3128 anima
1293 3071 1520 3126 hominis
1545 3069 1571 3108 ι
1602 3069 1840 3140 quedam

1943 1907 2378 1972 rogavitserpens
2406 1917 2459 1960 ct
2488 1905 2754 1966 respondit
2781 1907 2880 1960 hoc
2917 1907 3126 1970 mulier,
3154 1916 3210 1958 ut
3235 1904 3484 1972 praivari-

1940 1993 2077 2046 catio
2101 2003 2240 2046 esset
2265 1995 2652 2056 inexcusabilis,
2678 2009 2844 2063 neque
2873 1997 2979 2048 ullo
2999 1997 3153 2048 modo
3173 1996 3275 2048 dici
3302 2004 3483 2063 posset

1941 2083 1991 2134 id
2014 2085 2145 2150 quod
2174 2095 2488 2150 prmceperat
2512 2085 2646 2137 Deus
2670 2086 2880 2138 oblitam
2905 2087 3060 2138 fuisse
3083 2087 3351 2140 mulierem
3383 2082 3428 2136 δ.
3461 2104 3479 2136 ι

2011 2174 2154 2227 Dixit
2207 2185 2372 2227 autem
2429 2191 2632 2243 serpens
2659 2177 2746 2241 \ad
2795 2179 3094 2230 mulierem:
3149 2176 3475 2244 Nequaquam

1941 2277 2100 2320 morte
2127 2265 2426 2317 moriemini.
2471 2265 2576 2340 Scit
2610 2267 2740 2318 enim
2785 2263 2917 2318 Deus
2954 2265 3085 2334 quod
3111 2267 3160 2317 iu
3189 2279 3480 2333 quocunque

1944 2356 2027 2408 die
2051 2356 2370 2408 comederitis
2399 2370 2459 2406 ra:
2477 2371 2557 2416 eo,
2601 2357 2888 2422 aperientur
2917 2356 3049 2408 oculi
3079 2355 3248 2416 restri,
3271 2363 3316 2406 et
3347 2354 3487 2409 eritis

1941 2447 2068 2500 sicut
2091 2445 2163 2496 dii
2185 2445 2396 2497 scientes
2427 2445 2614 2497 bonum
2639 2454 2684 2495 et
2714 2445 2920 2496 malum.
2947 2442 3078 2508 Quid
3121 2443 3204 2496 hic
3235 2441 3487 2511 intelligi-

1944 2543 2047 2598 tur,
2081 2534 2181 2588 nisi
2215 2549 2518 2602 persuasum
2551 2533 2564 2570 ¹
2596 2536 2646 2590 ei
2673 2548 2830 2598 esse,
2863 2543 2920 2587 ut
2937 2535 3038 2588 sub
3063 2533 3167 2586 Deo
3207 2549 3326 2588 esse
3368 2535 3486 2588 unl-

1944 2622 2072 2686 lent,
2099 2622 2194 2676 sed
2237 2625 2289 2676 in
2319 2638 2412 2678 sua
2441 2634 2700 2691 potestate
2732 2627 2906 2692 potius
2933 2625 3046 2678 sine
3075 2625 3200 2688 Deo,
3231 2633 3288 2677 ut
3317 2624 3486 2693 legem

1943 2713 2058 2780 ejus
2105 2728 2208 2766 non
2254 2713 2601 2769 observarent
2645 2717 2792 2781 quasi
2841 2714 3124 2768 invidentis
3152 2712 3284 2777 sibi,
3316 2728 3381 2766 ne
3430 2728 3490 2768 so

1945 2800 2043 2867 ipsi
2074 2810 2340 2868 regerent,
2373 2816 2475 2855 non
2515 2803 2806 2871 indigentes
2850 2801 2986 2855 illius
3020 2810 3220 2854 teterno
3271 2801 3492 2866 lumine,

1942 2895 2035 2984 ’ed
2064 2904 2309 2955 vacantes
2353 2895 2562 2960 pr0pria
2591 2895 2918 2960 providentia
2973 2892 3119 2959 quasi
3160 2891 3326 2945 oculis
3379 2894 3488 2946 suis

1946 2982 2009 3036 ad
2041 2986 2458 3050 ilignoscendnm
2495 2986 2686 3038 bonum
2725 2993 2778 3037 et
2805 2984 2996 3036 malum
3030 2982 3168 3052 quod
3201 2983 3285 3034 ille
3313 2983 3487 3050 prohi-

1948 3075 2166 3128 buisset.
2211 3075 2262 3127 lu
2305 3074 2495 3142 quibus
2549 3075 2725 3128 verbis
2781 3074 3066 3128 notandum
3130 3083 3322 3142 quanta
3377 3081 3492 3126 arte

286 3173 452 3226 elatio
489 3168 921 3235 comprimenda,
955 3175 1012 3220 ut
1051 3181 1141 3233 pt't‘
1184 3163 1599 3217 humiliationem
1643 3159 1841 3228 peccati
1870 3131 1916 3192 (ἶ
1946 3162 2192 3232 nequitiae
2228 3131 2470 3218 diabolus
2515 3163 2778 3218 hominem
2829 3166 2895 3217 ab
2942 3163 3090 3217 initio
3115 3131 3163 3202 ω’
3189 3163 3490 3227 tentaverit,

285 3275 450 3330 quam
483 3259 550 3313 de
587 3273 644 3312 se
672 3259 806 3311 falso
839 3268 860 3295 ε
895 3265 1320 3324 ιπιιεειιηιρεεηιι,
1363 3255 1594 3308 disceret
1623 3252 1842 3306 verissi-

250 3407 256 3411 ,
287 3365 414 3405 me:
446 3349 637 3416 quippe
684 3347 878 3402 dictum
910 3355 1021 3400 est:
1069 3347 1198 3398 Ante
1227 3346 1430 3398 ruinam
1455 3343 1712 3396 uallatur
1736 3358 1840 3405 cor,

285 3453 339 3497 et
371 3453 488 3495 ante
514 3441 727 3512 gloriam
763 3438 1058 3490 humilialur
1089 3435 1266 3505 (Prov.
1297 3451 1401 3500 xvi,
1435 3434 1561 3501 l8)?
1586 3429 1612 3469 δ
1636 3432 1724 3486 Sic
1747 3447 1840 3485 au-

288 3547 403 3586 tem
443 3531 652 3599 quidam
695 3539 977 3582 moventur
1002 3528 1068 3581 de
1107 3527 1202 3580 bac
1234 3527 1382 3592 primi
1417 3523 1648 3578 hominis
1678 3533 1846 3578 tenta-

287 3628 460 3688 tione,
509 3623 647 3692 quod
695 3637 811 3675 eam
858 3622 968 3675 lteri
1013 3621 1308 3686 permiserit
1358 3619 1495 3672 Deus
1525 3619 1674 3684 quasi
1704 3630 1840 3669 nunc

286 3728 400 3766 non
433 3711 642 3764 videant
685 3710 984 3762 universum
1017 3721 1181 3777 genus
1207 3708 1489 3759 humanum
1515 3705 1712 3758 diaboli
1753 3704 1836 3758 in-

285 3801 336 3854 si
364 3801 442 3854 liis
471 3801 586 3854 sine
627 3799 924 3854 cessatione
954 3807 978 3834 ο
1010 3797 1208 3858 vexari,
1243 3811 1338 3849 cur
1389 3804 1443 3849 et
1473 3799 1572 3848 hoc
1601 3795 1839 3863 permisit

288 3889 475 3945 Deus?
503 3905 569 3944 an
610 3890 733 3958 quia
783 3890 1033 3958 probatur
1070 3899 1123 3941 et
1168 3897 1445 3941 exercetur
1490 3887 1652 3938 virtus
1679 3894 1844 3939 etest

286 3981 465 4048 palma
505 3981 786 4049 gloriosior
833 3993 936 4032 non
1002 3979 1339 4030 consensisse
1380 3984 1637 4029 tentatum
1685 3989 1842 4043 quam

286 4085 400 4125 non
431 4071 662 4140 potuisse
702 4069 914 4123 tentari.
965 4068 1019 4123 Si
1050 4079 1225 4120 autem
1264 4067 1519 4133 queritur
1544 4077 1640 4118 cur
1681 4068 1843 4132 potis-

284 4161 483 4215 simum
513 4176 606 4228 per
633 4168 931 4227 serpentem
962 4157 1203 4210 diabolus
1246 4153 1264 4192 ί
1311 4163 1520 4207 tentare
1554 4155 1844 4221 permissus

286 4253 401 4312 sit.
436 4251 543 4317 jam
590 4249 689 4303 hoc
729 4248 1054 4316 signiﬁcandi
1096 4247 1261 4315 gratia
1307 4245 1498 4298 factum
1537 4254 1638 4310 est,
1679 4258 1782 4296 non
1814 4251 1839 4288 ε

286 4354 402 4408 quo
424 4338 664 4391 diabolus
702 4335 897 4404 aliquid
927 4336 989 4387 ad
1021 4337 1372 4388 structionem
1412 4342 1644 4388 nostram
1683 4333 1845 4401 signi-

1946 3259 2035 3328 qui
2077 3273 2182 3312 non
2206 3259 2382 3312 solum
2413 3273 2534 3312 eum
2584 3257 2994 3312 inobedientiam
3026 3263 3492 3323 contemptumque

1950 3357 2030 3409 sui
2060 3352 2328 3408 Creatoris
2349 3353 2495 3406 velut
2522 3351 2622 3406 sibi
2652 3352 2930 3404 invidentis
2953 3350 3130 3403 docuit
3148 3388 3164 3412 ,
3187 3349 3277 3402 sed
3308 3354 3365 3401 et
3392 3361 3492 3398 nu-

1948 3446 2308 3498 merositatem
2332 3443 2552 3496 deorum
2579 3442 2650 3493 illi
2668 3440 2986 3493 credendam
3011 3437 3254 3506 proponit
3279 3438 3489 3491 dicens:

1945 3532 2013 3585 Et
2043 3534 2180 3586 eritis
2202 3539 2256 3583 ut
2277 3531 2370 3596 dii,
2402 3539 2659 3599 quatenus
2689 3529 2787 3583 etsi
2834 3528 2966 3582 forte
2991 3528 3056 3582 ad
3088 3528 3491 3583 inobedientiam

1945 3638 2063 3674 eum
2108 3623 2414 3690 protrahere
2459 3621 2720 3690 nequiret,
2764 3619 2884 3673 lidei
2917 3631 3107 3683 tamen,
3139 3628 3290 3689 "qua
3329 3635 3490 3674 unum

1950 3714 2112 3768 Deum
2135 3713 2402 3778 colebant,
2425 3713 2716 3765 castitatem
2740 3719 3136 3777 corrumperet;
3159 3713 3204 3764 si
3227 3724 3349 3764 vero
3383 3724 3496 3778 pero

1950 3807 2205 3867 traheret,
2227 3804 2278 3858 in
2303 3813 2524 3870 utroque
2551 3801 2720 3856 victor
2742 3802 3020 3856 existeret.
3051 3788 3298 3865 «Quando
3319 3809 3493 3853 autem

1950 3894 2030 3947 bis
2061 3894 2231 3947 verbis
2289 3894 2526 3947 crederet
2555 3894 2742 3946 tuulier
2769 3907 2797 3945 a
2829 3892 2963 3945 bona
2996 3901 3150 3958 atque
3191 3889 3302 3944 utili
3332 3905 3388 3943 re
3413 3891 3492 3942 di-

1945 3985 2139 4039 vinitus
2163 4001 2219 4038 se
2249 3984 2412 4039 fuisse
2457 3984 2772 4053 prohibitos,
2817 3983 2915 4036 nisi
2953 3982 3058 4051 iam
3099 3982 3294 4035 inesset
3319 3977 3473 4035 menti

1947 4089 2097 4128 amor
2146 4075 2230 4127 ille
2280 4075 2506 4140 propria:
2554 4075 2848 4141 potestatis,
2881 4083 2934 4127 et
2957 4072 3194 4141 qumdam
3221 4073 3286 4124 de
3312 4087 3370 4126 se
3401 4086 3483 4124 su-

1947 4163 2107 4229 perba
2137 4162 2496 4229 przrsumptio,
2521 4176 2638 4224 qua:
2661 4175 2756 4228 per
2781 4161 2924 4214 illam
2959 4160 3298 4212 tentationem
3322 4157 3491 4210 fuerat

1945 4251 2302 4304 convi:cenda
2355 4261 2408 4304 et
2445 4249 2808 4302 Ituiniliandal
2875 4249 3106 4316 Diuique
3163 4247 3338 4303 verbis
3389 4263 3492 4301 non

1947 4349 2193 4394 contenta
2243 4338 2523 4406 serpentis,
2579 4337 2934 4391 consideravit
2977 4337 3196 4405 lignum,
3227 4338 3482 4405 viditque,

291 4430 454 4481 licaie
511 4427 770 4519 voluerit,
816 4423 908 4476 sed
963 4438 1079 4476 cum
1126 4423 1380 4476 accedere
1424 4421 1840 4519 adnte-ntandltm
1873 4461 1926 4519 Ι)
1950 4437 2005 4480 ιιι
2032 4430 2300 4497 Scriptura
2331 4430 2479 4494 dicit,
2511 4427 2647 4495 quod
2678 4429 2868 4481 bonum
2898 4438 3037 4481 esset
3055 4429 3118 4480 ad
3145 4427 3480 4489 vescendum,

290 4533 404 4570 non
443 4525 640 4585 posset,
673 4515 774 4569 nisi
805 4515 1116 4582 permissus,
1145 4520 1314 4580 neque
1345 4527 1437 4581 per
1462 4510 1610 4563 aliud
1638 4519 1836 4576 posset,

291 4605 397 4660 nisi
413 4619 507 4670 per
522 4603 658 4671 quod
677 4601 1092 4670 permittebatur,
1109 4601 1380 4653 accedere.
1405 4598 1665 4664 Quidquid
1691 4598 1847 4663 igitur

289 4706 513 4760 serpens
553 4692 642 4744 ille
671 4689 1024 4759 signiﬁcavit,
1052 4690 1100 4743 ei
1135 4689 1479 4754 providentis:
1514 4685 1844 4739 tribuendum

290 4792 386 4839 est
433 4781 532 4836 sub
569 4795 671 4849 qua
709 4789 763 4834 et
798 4780 914 4847 ipse
964 4780 1203 4832 diabolus
1257 4791 1402 4830 suam
1439 4779 1648 4844 quidem
1690 4776 1848 4828 habet

294 4871 649 4940 cupiditatem
678 4869 920 4930 nocendi,
950 4858 1249 4921 facultatem
1273 4876 1447 4922 autem
1471 4885 1575 4921 non
1604 4867 1702 4922 nisi
1731 4883 1849 4934 quia:

291 4965 459 5016 datur
487 4961 570 5015 vel
597 4961 662 5013 ad
691 4958 1040 5012 subvertenda
1069 4973 1129 5011 ac
1163 4958 1425 5026 perdenda
1454 4974 1574 5013 vasa
1618 4958 1730 5022 irae,
1769 4959 1847 5011 vel

290 5053 370 5106 ad
414 5051 736 5108 bumilianda
767 5049 794 5086 ιι
823 5051 935 5104 sive
973 5049 1239 5119 probanda
1280 5064 1400 5102 Vile.
1445 5049 1844 5104 misericordias.
1894 5049 1904 5059 '

375 5233 398 5295 ξ·
431 5228 673 5295 Augost.,
699 5229 763 5282 de
790 5229 924 5284 Gen.
951 5228 1015 5282 ad
1047 5229 1172 5291 litt.,
1198 5227 1288 5280 lib.
1323 5244 1392 5292 at,
1422 5243 1470 5284 c.
1513 5229 1564 5282 4.

375 5293 399 5331 ¹³
443 5293 550 5357 Αιξ.
578 5299 719 5351 deest
743 5300 991 5365 quadam.

376 5366 398 5394 ⁸
441 5371 547 5427 ΑΙ..
580 5377 971 5432 prrcsuntpserit.

371 5435 398 5474 ἀ
442 5440 548 5501 AL,
577 5437 620 5489 si
640 5446 824 5488 autem.

378 5517 401 5543 ο
447 5508 552 5570 ΑΙ..
581 5506 766 5557 arrtari
791 5521 808 5568 ;
831 5505 924 5572 aL,
948 5506 1144 5558 certari.

379 5576 397 5614 ί
445 5575 550 5641 AL,
574 5577 772 5628 tentari.

374 5656 398 5692 s
445 5648 548 5709 A1,,
575 5643 726 5713 quod.

379 5715 402 5750 δ
445 5717 528 5769 Al.
563 5711 715 5771 Deest
741 5716 839 5769 sive
865 5711 1136 5782 probanda.

1949 4530 2002 4576 et
2031 4522 2306 4587 pulchrum
2358 4521 2545 4584 oculis,
2575 4527 2893 4585 aspectuque
2939 4517 3273 4581 delectabile;
3307 4525 3361 4569 et
3382 4532 3484 4569 non

1947 4612 2171 4665 credens
2195 4627 2350 4678 posse
2390 4611 2508 4664 inde
2537 4626 2594 4663 se
2617 4608 2768 4670 mori,
2810 4607 3036 4659 arbitror
3062 4606 3200 4673 quod
3231 4605 3486 4671 putaverit

1952 4702 2114 4755 Deum
2144 4702 2363 4770 alicujus
2402 4697 2802 4770 signiﬁcationis
2830 4710 2984 4749 causa
3012 4696 3239 4761 dixisse;
3261 4695 3308 4748 si
3339 4709 3490 4748 man-

1948 4793 2281 4852 ducaveritis,
2314 4800 2482 4843 morte
2508 4789 2800 4842 moriemini
2829 4803 2844 4851 ;
2896 4798 3053 4855 atque
3080 4787 3196 4841 ideo
3232 4803 3387 4841 ruur
3428 4803 3492 4842 os

1949 4891 2149 4932 rnucru
2203 4891 2402 4940 lLLlUI.
2444 4892 2511 4930 er
2560 4891 2818 4954 coiretur,
2875 4890 3133 4938 uenimus
3183 4890 3488 4954 vino.suo.

1950 4966 2182 5020 fortassis
2205 4968 2364 5020 etiam
2388 4982 2506 5021 cum
2534 4949 2714 5022 verbo~
2741 4968 3010 5030 suasorio,
3054 4964 3194 5033 quod
3221 4939 3487 5032 Scriptura

1951 5067 2129 5112 tacens
2155 5057 2552 5126 intelligendum
2583 5059 2809 5127 reliquit.
2835 5058 2914 5112 An
2947 5055 3078 5112 forte
3101 5070 3195 5112 nec
3224 5064 3248 5091 °
3269 5053 3481 5109 suaderi

2028 5240 2042 5277 ί
2087 5242 2219 5309 Aug.
2259 5237 2411 5300 lbid.,
2437 5252 2558 5309 cap.
2588 5241 2640 5306 ι,
2667 5240 2720 5305 5,
2748 5237 2800 5304 ϐ,
2832 5238 2914 5306 Η,
2943 5233 3030 5291 28.

2027 5311 2039 5358 ι
2092 5308 2198 5370 AL,
2229 5308 2552 5373 respondens.

2020 5376 2043 5414 ι
2088 5380 2218 5442 Aug.
2255 5377 2406 5442 ibid.,
2433 5391 2486 5430 c.
2515 5379 2602 5432 '50.

2029 5448 2045 5484 ι
2091 5449 2196 5509 AL,
2229 5447 2318 5497 eis.

2021 5527 2055 5553 ον
2101 5518 2202 5577 AL,
2237 5523 2526 5567 tentaverat.

2021 5596 2046 5623 ιι
2090 5585 2194 5647 AL,
2229 5584 2352 5653 qui;
2381 5585 2473 5648 aL,
2508 5583 2644 5653 quia.

2024 5664 2046 5690 °
2087 5655 2194 5716 AL,
2219 5651 2448 5706 suadere.
