3866 6248
481 385 548 441 55
994 383 1190 438 BEDA‘S
1234 385 1264 432 \'
1277 384 1494 438 ENEIM
1507 384 1667 438 DlLiS
1708 381 1988 436 UPEllUM

2132 379 2208 472 [ἴὸ1
2240 382 2304 437 Π.
2329 414 2396 426 -
2425 387 2802 445 EXEGETICA
2845 392 3163 449 GENUINA.
3595 399 3660 452 56

470 497 575 561 jam
599 510 730 557 opus
758 502 869 547 erat
912 495 1025 546 viro
1067 493 1277 561 quando
1318 493 1456 546 illam
1486 507 1550 548 eo
1581 493 1699 546 cibo
1751 503 2010 544 mortuam
2039 490 2089 545 Δ
2114 499 2159 542 et
2189 506 2317 544 ιιειοι·
2340 495 2472 562 ejus.
2500 496 2622 550 Post
2647 499 2914 551 meridiem
2947 503 3078 552 tales
3099 500 3205 568 jam
3231 513 3552 558 convenerat
3577 505 3660 558 vi-

474 597 575 637 ncit
598 597 715 635 esse
743 583 992 636 cernebat
1020 582 1106 634 αἳ»

539 673 636 742 ου.
657 687 904 728 comitr.
929 674 1004 728 E'r
1027 689 1207 727 Αρειιτι
1225 686 1354 727 sum
1373 689 1524 726 ocuu
1548 685 1810 724 insomni.
1835 669 2014 734 tho?

475 762 573 817 nisi
599 763 662 814 ad
695 764 914 816 invicem
948 763 1453 827 concupiscendum,
1479 763 1545 814 ad
1579 751 1774 829 peccati
1804 775 2010 827 pennam

479 855 653 908 carnis
683 855 844 922 ipsius
873 861 1044 906 morte
1077 860 1409 922 conceptam,
1437 862 1488 903 ut
1524 851 1630 918 jam
1659 861 1800 902 esset
1823 863 2016 916 corpus

477 957 578 996 non
622 943 848 997 animale
889 951 1112 1002 tantum,
1143 943 1280 1009 quod
1319 949 1547 1008 poterat,
1573 939 1617 993 si
1649 938 2010 993 obedientiam

476 1039 882 1094 conservarent,
929 1031 978 1084 in
1026 1029 1294 1083 meliorem
1338 1030 1734 1095 spiritalemqoe
1783 1026 2019 1078 habitmn

477 1121 590 1174 sine
633 1129 800 1173 morte
829 1120 1042 1184 mutari,
1083 1121 1174 1174 sed
1211 1121 1317 1186 jam
1345 1133 1538 1182 corpus
1589 1117 1790 1176 mortis,
1825 1113 1876 1167 in
1917 1129 2018 1180 quo

477 1211 560 1262 lex
603 1209 656 1262 in
699 1209 950 1263 membris
989 1194 1300 1275 repugnaret
1344 1205 1444 1274 legi
1493 1203 1682 1256 mentis
1709 1201 1760 1255 ιι.
1786 1222 1803 1252 ι
1838 1200 2016 1268 Neque

475 1299 614 1352 enim
638 1299 830 1353 clausis
854 1299 1020 1352 Oculis
1045 1297 1163 1350 facti
1186 1305 1362 1360 erant,
1387 1306 1439 1349 et
1466 1296 1519 1348 in
1545 1293 1784 1361 paradiso
1809 1291 2017 1344 delicia-

483 1405 600 1442 rum
651 1391 776 1443 caaci
833 1388 1207 1456 palpantesque
1235 1384 1568 1440 oberrabant.
1627 1381 1758 1434 Tale
1778 1391 1858 1435 est
1888 1379 2014 1432 illud

482 1478 742 1548 Evangelii
772 1494 890 1534 cum
928 1479 1130 1532 diceret
1153 1477 1219 1530 de
1249 1477 1350 1529 illis
1379 1474 1606 1536 duobus,
1653 1487 1872 1538 quorum
1904 1479 2018 1522 erat

479 1585 610 1623 unus
625 1570 898 1637 Cleopbas,
915 1567 1053 1634 quod
1070 1582 1187 1619 cum
1200 1565 1525 1634 fregisseteis
1541 1562 1790 1617 Dominus
1809 1577 2018 1632 panem,

477 1658 640 1727 aperti
666 1667 789 1710 sunt
814 1657 949 1710 oculi
992 1671 1194 1720 eorum,
1229 1666 1283 1710 et
1312 1664 1676 1723 cognoverunt
1703 1669 1821 1707 eum
1860 1667 2016 1720 quem

479 1761 574 1813 per
595 1749 730 1800 viam
760 1762 861 1800 non
889 1757 910 1785 ε
936 1757 1328 1816 cognoverant:
1355 1761 1456 1798 non
1481 1747 1657 1814 utique
1679 1742 1870 1797 clausis
1891 1756 2020 1794 ocu-

2115 575 2262 630 sitari
2317 581 2407 648 qui
2458 582 2812 637 defeceranta
2855 585 2970 638 luce
3017 587 3269 641 veritatis.
3331 587 3485 643 Unde
3539 602 3662 658 apte

2119 664 2368 721 Dominus
2397 684 2471 723 me
2483 671 2615 724 ridie
2639 685 2851 725 crucem
2869 673 3125 734 ascendit,
3145 685 3202 729 et
3223 679 3479 744 promissa
3497 677 3660 732 latro.

2118 752 2168 805 ni
2195 754 2517 810 habitatione
2545 760 2796 826 paradisi,
2841 772 2961 829 post
2989 765 3285 828 meridiem,
3309 765 3360 816 id
3389 776 3491 829 est,
3527 768 3658 820 liora

2121 859 2256 895 nona
2279 847 2519 912 spiritum
2555 849 2808 914 tradidit;
2835 859 2891 904 nt
2923 853 3162 905 videlicet
3190 855 3372 907 eadem
3405 856 3529 906 liora
3559 871 3659 922 qua

2125 934 2321 996 primus
2351 935 2510 989 homo
2551 937 2749 1006 lignum
2793 942 3238 1006 prwt'aricationis
3270 951 3530 1011 tetigerat,
3573 959 3661 998 se-

2121 1022 2319 1074 cundus
2364 1023 2525 1076 homo
2561 1025 2758 1093 lignum
2809 1029 3182 1095 redemptionis
3226 1035 3551 1092 ascenderet.
3603 1042 3658 1084 et

2122 1123 2220 1175 qua
2246 1109 2370 1162 hora
2403 1112 2508 1165 diei
2540 1114 2969 1177 praevaricatores
2998 1118 3237 1182 paradiso
3264 1120 3534 1186 expulerat
3562 1159 3579 1184 ,
3601 1135 3665 1172 ea

2121 1199 2479 1254 confessorem
2504 1203 2560 1255 in
2588 1205 2890 1271 paradisum
2933 1206 3220 1262 induceret.

2191 1290 2460 1343 Abscondit
2486 1307 2558 1356 se,
2586 1293 2773 1360 inquit,
2804 1295 2967 1347 Adam
2987 1306 3034 1348 et
3062 1313 3190 1349 uxor
3212 1299 3322 1366 ejus
3344 1315 3376 1349 a
3399 1299 3526 1364 facie
3557 1298 3665 1352 Do-

2121 1379 2246 1433 mitii
2275 1380 2366 1434 Dei
2398 1384 2445 1433 in
2471 1384 2633 1435 medio
2650 1385 2785 1453 'ligni
2815 1385 3060 1449 paradisi.
3098 1404 3117 1437 ι
3148 1387 3276 1439 Cum
3310 1387 3446 1438 Deus
3475 1387 3670 1439 avertit

2120 1469 2435 1524 intrinsecus
2457 1473 2641 1526 faciem
2663 1489 2834 1536 suam,
2860 1490 2963 1526 non
2993 1475 3248 1528 miremur
3274 1474 3386 1527 inec
3409 1475 3518 1526 fieri
3548 1489 3673 1542 quae

2121 1561 2311 1613 similia
2359 1572 2482 1614 sunt
2532 1563 2831 1630 dementiaa,
2882 1580 2974 1632 per
3021 1565 3239 1618 nimium
3295 1566 3548 1633 pudorem
3607 1581 3673 1619 ac

2123 1655 2388 1722 timorem,
2437 1658 2527 1711 illo
2563 1672 2772 1727 quoque
2797 1660 3010 1712 occulto
3057 1660 3306 1712 instinctu
3337 1675 3438 1712 nou
3485 1659 3676 1726 quies-

2123 1758 2294 1814 cente,
2327 1757 2384 1801 ut
2417 1764 2478 1802 ea
2517 1752 2816 1802 nescientes
2859 1748 3113 1811 facerent,
3142 1764 3259 1818 qua:
3288 1748 3482 1815 aliquid
3505 1750 3673 1816 signi-

479 1839 542 1890 lis
589 1837 941 1902 ambulantes,
988 1837 1079 1890 sed
1124 1850 1242 1889 eum
1275 1847 1600 1902 cognoscere
1627 1849 1730 1886 non
1760 1833 2017 1886 valentes.
2052 1807 2096 1865 Β
2126 1837 2321 1899 licent,
2374 1836 2690 1905 quandoque
2726 1839 2942 1890 seiruria
2993 1838 3218 1902 posteris
3275 1847 3486 1904 propter
3536 1853 3676 1904 quos

478 1926 556 1980 Ad
590 1925 688 1978 hoc
727 1941 855 1995 ergo
883 1923 1050 1992 aperti
1082 1933 1202 1977 sunt
1231 1925 1366 1975 oculi
1401 1924 1686 1990 primorum
1729 1921 2020 1982 hominum,

483 2017 546 2068 ad
579 2016 717 2084 quod
747 2025 902 2069 antea
933 2029 1034 2068 non
1067 2015 1329 2082 patebant,
1379 2011 1616 2080 quamvis
1645 2012 1710 2066 ad
1736 2010 1836 2064 alia
1868 2019 2021 2078 pate-

479 2115 614 2158 rent.

554 2178 775 2259 Caurique
803 2193 1142 2262 cognovissent
1163 2208 1268 2245 esse
1293 2209 1347 2246 se
1368 2193 1548 2258 nudos,
1573 2202 1874 2244 consuerant
1897 2191 2020 2259 folia

484 2285 630 2345 licus,
670 2289 717 2332 et
744 2284 966 2348 fecerunt
1013 2280 1104 2332 sibi
1136 2281 1458 2347 perisomata.
1491 2300 1508 2331 ι
1541 2281 1722 2332 Anima
1752 2280 2022 2331 rationalis

485 2369 753 2422 beatialem
806 2378 1002 2421 motum
1034 2368 1086 2420 iu
1126 2369 1376 2420 membris
1418 2383 1528 2420 suae
1566 2369 1739 2420 carnis
1785 2369 2015 2431 erubuit,

479 2461 632 2528 eique
660 2461 877 2515 incussit
906 2461 1175 2529 pudorem,
1202 2477 1302 2514 non
1321 2462 1488 2514 solum
1517 2463 1632 2528 quia
1666 2461 1764 2514 buc
1804 2459 1872 2514 ibi
1901 2476 2023 2514 sen-

488 2547 673 2612 tiebat,
701 2547 787 2602 ubi
817 2563 1079 2617 nunquam
1123 2559 1245 2602 ante
1282 2549 1384 2601 tale
1409 2549 1604 2616 aliquid
1631 2557 1899 2613 senserat;
1933 2563 2024 2601 ve-

478 2653 594 2689 rum
640 2639 795 2690 etiam
835 2639 972 2703 quod
1004 2641 1090 2691 ille
1131 2639 1400 2705 pudendus
1448 2650 1617 2691 mutus
1652 2639 1718 2691 de
1773 2639 2017 2705 praecepti

489 2727 903 2794 transgressione
958 2728 1218 2780 veniebat.
1252 2726 1320 2779 lbi
1351 2729 1488 2780 enim
1534 2728 1702 2781 sensit
1738 2742 1838 2795 qua
1881 2731 2024 2794 prius

479 2818 643 2885 gratia
675 2818 954 2872 vestiretur
974 2857 990 2882 ,
1017 2818 1223 2886 quando
1252 2819 1302 2870 in
1330 2833 1420 2870 sua
1445 2819 1675 2872 nuditate
1709 2817 1835 2871 nibil
1873 2817 2024 2870 inde-

479 2921 606 2959 cens
629 2907 936 2971 patiebatur.
989 2907 1220 2973 Denique
1245 2908 1330 2958 illa
1359 2907 1756 2960 conturbationc
1781 2906 1848 2959 ad
1902 2906 2036 2981 folia_

483 2995 702 3047 ticulnea
752 3005 1164 3058 concurrerunt,
1211 3010 1328 3062 quae
1360 2994 1494 3049 forte
1529 2997 1822 3062 perturbati
1855 3001 2017 3064 prima

481 3085 792 3136 invenerunt
823 3101 834 3135 :
861 3082 1191 3151 perizomata,
1223 3086 1270 3136 id
1301 3094 1400 3147 est,
1429 3086 1771 3154 §UCCiﬂCltlria
1799 3101 2021 3140 consue-

491 3183 632 3236 rnnt;
672 3183 724 3225 et
753 3172 871 3240 quia
895 3173 1163 3240 glorianda
1201 3173 1567 3237 deseruerunt,
1610 3173 1846 3240 pudenda
1874 3185 2018 3226 texe-

487 3270 630 3313 runt.
662 3260 766 3312 Nec
792 3261 1018 3313 arbitror
1047 3275 1138 3313 eos
1159 3262 1418 3328 cogitasse
1453 3261 1650 3328 aliquid
1681 3264 1731 3314 in
1757 3262 1861 3315 illis
1884 3261 2023 3316 foliis

482 3351 616 3419 quod
636 3349 823 3404 talibus
842 3359 1154 3417 congrueret
1173 3351 1377 3418 contegi
1390 3351 1495 3417 iam
1521 3353 1753 3406 ιιιοιιιὺω
1784 3354 2024 3418 prurien-

486 3443 572 3503 tia.
605 3441 695 3494 sed
727 3441 932 3494 occulto
981 3441 1225 3494 instinctu
1255 3442 1318 3492 ad
1370 3441 1468 3493 hoc
1501 3441 1585 3494 illa
1625 3442 2024 3494 cunturbatione

484 3531 739 3597 compulsi
778 3539 920 3590 sunt,
954 3539 1008 3581 ut
1050 3530 1206 3582 etiam
1248 3529 1363 3582 talis
1415 3543 1583 3594 paenae
1624 3543 1733 3581 suze
1764 3529 2024 3596 signiﬁes-

483 3622 626 3672 tione
677 3618 1029 3671 nescientibus
1081 3618 1251 3679 fieret,
1298 3632 1414 3684 quae
1452 3615 1475 3652 ἀ
1515 3627 1838 3683 peccatorem
1887 3617 2022 3668 laeta

486 3706 823 3760 convinceret
853 3715 906 3758 et
942 3704 1156 3757 doceret
1194 3703 1387 3771 scripta
1436 3705 1681 3756 lectorem
1713 3712 1791 3754 ο.»
1826 3705 2024 3772 Myste-

481 3799 616 3851 rium
671 3806 848 3850 autem
909 3796 1064 3858 liuius
1117 3794 1322 3848 arboris
1367 3796 1467 3846 sub
1513 3810 1611 3862 qua
1652 3803 1704 3846 et
1735 3793 2023 3846 Natbanael

487 3887 657 3938 adhuc
679 3887 907 3952 positum
934 3886 1182 3937 Dominus
1203 3884 1350 3948 vidit,
1378 3884 1435 3938 S.
1462 3885 1769 3937 Ambrosius
1796 3886 2027 3937 breviter

488 3975 721 4039 quidem,
773 3975 862 4025 sed
913 3975 1151 4039 patenter
1200 3973 1734 4038 exposuitdicensz‘i
1764 3975 1906 4025 Beati
1939 3974 2026 4035 qni

485 4063 583 4115 sub
611 4064 716 4115 vite
749 4071 803 4115 et
826 4063 940 4114 olea
966 4072 1128 4128 equos
1149 4076 1272 4114 suos
1299 4061 1529 4129 alligant,
1553 4063 1783 4113 laborum
1813 4078 2024 4115 cursum

490 4167 704 4205 suorum
734 4153 882 4204 faciei
915 4151 1109 4204 laetitize
1137 4163 1532 4205 consecrantes.
1565 4151 1643 4206 Me
1680 4153 1810 4205 licus
1834 4154 2026 4216 adhuc,

484 4242 651 4306 idest,
672 4241 974 4294 illecebrosa
998 4241 1300 4295 deliciarum
1318 4243 1598 4296 obumbrat
1618 4245 1827 4310 prurigo
1851 4245 2025 4296 iuundi

491 4329 701 4381 humilis
729 4326 792 4380 ad
824 4328 1188 4391 altitudinem,
1229 4330 1424 4397 fragilis
1451 4331 1515 4381 ad
1555 4331 1822 4394 laborem,
1857 4332 2028 4384 mollis

2123 1928 2220 1978 ista
2252 1927 2550 1992 conscripta
2589 1934 2731 1980 sunt.
2783 1927 3124 1980 Abscondunt
3151 1941 3210 1979 se
3240 1924 3264 1963 δ
3290 1943 3516 1992 namque
3537 1943 3570 1979 τ
3599 1929 3676 1976 fa-

2122 2018 2202 2070 cie
2235 2017 2324 2071 Dei
2354 2018 2442 2083 qui
2476 2026 2719 2084 peccant,
2749 2017 2866 2082 quia
2898 2017 3137 2084 indignos
3157 2030 3216 2069 se
3241 2015 3431 2068 divina:
3463 2015 3676 2082 pietatis

2123 2107 2345 2160 reddunt
2375 2116 2609 2173 aspectu.
2663 2107 3082 2159 Abseunduntse
3110 2120 3136 2156 ει
3169 2105 3298 2157 facie
3345 2105 3457 2166 Dei,
3487 2121 3588 2155 non
3619 2115 3677 2156 ut

2124 2197 2354 2263 ipsoruru
2396 2198 2774 2249 conscientiam
2808 2196 3046 2247 internus
3086 2193 3287 2246 arbiter
3329 2209 3434 2246 non
3476 2193 3670 2254 videat,

2122 2287 2211 2337 sed
2258 2295 2314 2336 nt
2354 2287 2449 2351 ipsi
2495 2284 2708 2352 gloriam
2740 2287 2912 2337 vultus
2953 2286 3070 2352 ejus
3101 2301 3368 2354 nunquam
3402 2287 3502 2338 nisi
3535 2290 3676 2339 resi-

2123 2374 2373 2442 piscendu
2401 2373 2725 2438 conspiciant
2757 2370 2794 2421 ί.
2814 2391 2833 2422 ι

2198 2461 2499 2527 νοεαυὸιτιιε
2549 2459 2793 2513 Dominus
2839 2458 2970 2513 Deus
2998 2461 3178 2523 Adam,
3211 2469 3257 2514 et
3283 2461 3410 2514 dixit
3441 2466 3485 2515 ei
3513 2477 3535 2516 :
3575 2461 3677 2517 Ufn'

2122 2553 2210 2604 es?
2233 2551 2345 2604 Non
2380 2552 2556 2617 utique
2598 2551 2891 2619 ignorando
2920 2551 3186 2616 quiesivit,
3211 2551 3300 2603 sed
3352 2553 3677 2614 increpando

2123 2639 2409 2700 admonuit,
2441 2648 2497 2691 ut
2520 2640 2816 2691 attenderet
2857 2638 2942 2690 ubi
2988 2648 3135 2690 esset
3175 2640 3225 2690 in
3264 2653 3367 2704 quo
3403 2638 3541 2691 Deus
3568 2656 3676 2692 non

2123 2739 2279 2781 esset.
2314 2707 2426 2780 Jatn
2469 2728 2608 2781 enim
2648 2730 2766 2792 quia
2805 2727 2871 2780 de
2925 2727 3114 2780 arbore
3161 2729 3319 2780 vetita
3350 2731 3677 2790 eomedera',

2124 2824 2363 2867 mortuus
2403 2824 2516 2868 erat
2562 2823 2732 2867 morte
2779 2815 2992 2873 animae.
3042 2828 3162 2868 cum
3199 2829 3314 2865 eam
3371 2817 3675 2868 deserni~se

2125 2903 2226 2956 vita
2270 2918 2361 2957 sua
2409 2903 2622 2956 dicitur.
2671 2921 2690 2952 ι
2725 2902 2788 2954 Et
2813 2902 2909 2955 hoc
2935 2917 3062 2956 sane
3086 2904 3150 2954 ad
3192 2903 3420 2969 aliquam
3457 2907 3679 2968 pertinet

2123 2991 2587 3057 significationem,
2637 2990 2775 3059 quod
2823 2991 2959 3044 sicut
3003 3003 3324 3058 praeceptum
3357 2993 3469 3044 viro
3497 2995 3678 3045 datum

2128 3092 2209 3133 est
2255 3096 2348 3149 per
2391 3097 2548 3150 quem
2581 3083 2880 3149 perveniret
2905 3081 2969 3133 ad
3000 3079 3285 3145 feminam;
3330 3081 3400 3133 ita
3434 3083 3513 3134 vir
3540 3084 3679 3150 prior

2129 3170 2496 3236 interrogatur.
2533 3169 2858 3236 Praeceptum
2890 3169 3028 3222 enim
3059 3184 3088 3220 a
3119 3170 3346 3222 Domino
3390 3187 3481 3235 per
3510 3176 3678 3225 virum

2126 3274 2289 3327 usque
2315 3261 2378 3312 ad
2426 3257 2674 3312 feminam
2703 3277 2715 3310 :
2763 3267 3038 3325 peccatum
3077 3269 3248 3310 autem
3278 3274 3306 3309 a
3330 3259 3546 3314 diabolo
3592 3277 3680 3328 per

2125 3349 2371 3402 feminam
2412 3363 2574 3416 usque
2596 3349 2662 3401 ad
2693 3349 2882 3401 virum.
2920 3349 3041 3402 Haec
3069 3349 3309 3417 mysticis
3339 3350 3676 3414 signiﬁcatio-

2126 3434 2281 3492 nibus
2336 3439 2483 3504 plena
2541 3449 2682 3505 sunt,
2731 3453 2834 3492 llOlt
2871 3439 2918 3490 id
2950 3439 3226 3506 agentibus
3249 3439 3299 3488 in
3331 3439 3526 3505 quibus
3547 3437 3679 3492 facta

2124 3537 2264 3588 sunt,
2316 3528 2408 3581 sed
2438 3530 2504 3581 de
2551 3529 2631 3580 bis
2662 3528 2714 3579 id
2770 3537 2959 3593 agente
3000 3527 3366 3594 potentissima
3421 3528 3678 3591 sapientia

2127 3617 2217 3670 Dei
2250 3632 2350 3671 non
2373 3627 2546 3671 autem
2570 3633 2709 3672 nonc
2736 3616 3028 3685 significata
3054 3615 3364 3677 referamus,
3395 3617 3489 3670 sed
3532 3631 3677 3682 gesta

2125 3708 2451 3764 defendimus
2469 3706 2483 3757 ἒ
2501 3746 2514 3758 .
2552 3724 2571 3758 ι

2198 3793 2299 3856 Qui
2327 3797 2436 3848 ait:
2471 3794 2654 3848 Vocem
2695 3805 2833 3848 tuam
2870 3797 3040 3848 audivi
3069 3798 3118 3848 in
3159 3797 3437 3863 paradiso,
3464 3807 3510 3849 et
3539 3797 3679 3848 timui

2129 3900 2184 3936 eo
2215 3884 2349 3952 quod
2375 3884 2536 3957 nudata
2565 3897 2741 3947 essem,
2768 3892 2812 3934 et
2837 3885 3078 3936 abscondi
3105 3901 3199 3936 me.
3227 3886 3368 3937 Satis
3400 3887 3674 3950 probabile

2127 3985 2210 4028 est
2229 3964 2402 4028 solere
2428 3974 2587 4027 Deum
2616 3988 2704 4038 ter
2727 3982 3022 4028 creaturam
3052 3976 3138 4026 tali
3166 3973 3360 4026 actioni
3387 3989 3682 4041 congruant

2130 4064 2386 4117 informa
2429 4065 2652 4117 burnana
2701 4065 2882 4132 primis
2919 4064 3025 4117 illis
3065 4063 3361 4116 hominibus
3390 4079 3671 4132 apparere.

2130 4168 2262 4222 quos
2291 4163 2465 4207 tamen
2510 4169 2776 4222 nunquam
2817 4153 3050 4220 permisit
3080 4154 3360 4206 advertere
3388 4155 3684 4205 nuditatem

2133 4258 2304 4307 suam,
2339 4257 2520 4296 eorum
2551 4244 2894 4295 intentionem
2921 4241 2972 4293 in
2995 4255 3218 4308 superna
3248 4244 3556 4304 sustollens,
3583 4243 3682 4295 nisi

2135 4343 2246 4399 post
2284 4340 2551 4399 peccatum
2583 4331 2882 4396 pudendum
2910 4330 2962 4382 in
2989 4332 3245 4385 membris
3267 4340 3467 4384 motuin
3490 4330 3685 4395 pierraii

488 4417 551 4468 ad
573 4432 744 4478 usuin,
767 4417 960 4468 sterilis
983 4419 1044 4468 ad
1072 4417 1350 4470 fructum.»
1375 4419 1439 4470 Et
1464 4420 1513 4470 in
1537 4420 1640 4472 alio
1667 4421 1817 4473 loco:
1851 4421 2027 4486 «Quod
2055 4452 2110 4514 Β
2136 4421 2493 4474 membrorum
2537 4419 2650 4488 lege
2697 4421 2998 4474 sensissent.
3039 4420 3128 4474 Sic
3169 4436 3295 4488 ergo
3335 4420 3504 4472 aﬂecri
3537 4430 3686 4482 sunt,

485 4506 644 4573 igitur
658 4506 870 4572 gravius
895 4514 994 4572 est,
1022 4507 1203 4572 inquit,
1226 4507 1323 4561 bac
1339 4523 1396 4562 se
1411 4507 1578 4562 Adam
1599 4510 2028 4575 interpretatisre

483 4593 744 4649 succinxit
795 4592 909 4648 'eo
949 4593 1048 4647 loci
1089 4597 1174 4646 tibi
1236 4594 1408 4648 fructu
1454 4598 1619 4665 magis
1669 4599 1923 4651 castitatis
1975 4614 2032 4653 se

489 4688 794 4754 succingere
815 4686 1106 4748 debuisset,
1138 4687 1187 4737 in
1220 4685 1406 4738 lumbis
1431 4687 1572 4739 enim
1596 4686 1783 4753 quibus
1802 4688 2030 4751 prtecin-

485 4783 658 4846 gimur
707 4777 945 4844 quadam
975 4776 1171 4828 semina
1214 4775 1566 4843 generationis
1597 4787 1716 4826 esse
1765 4774 2029 4839 dicuntur,

485 4880 537 4922 et
569 4867 685 4920 ideo
735 4854 870 4920 male
899 4865 969 4919 ibi
997 4863 1299 4917 succinctus
1350 4864 1512 4916 Adam
1564 4864 1700 4915 foliis
1746 4864 2030 4927 inutilibus,

488 4957 571 5010 ubi
603 4954 788 5008 futura:
829 4954 1186 5024 generationis
1221 4968 1322 5006 non
1369 4953 1595 5007 fructum
1644 4954 1905 5020 futurum,
1939 4954 2031 5008 sed
2065 5020 2071 5024 _

485 5043 727 5114 quaedam
759 5053 969 5109 peccata
1006 5042 1238 5109 signaret
1260 5050 1339 5093 ε.»

561 5134 623 5187 Et
650 5148 762 5185 cum
785 5131 1004 5183 audisset
1025 5147 1192 5183 vocent
1219 5129 1419 5183 Domini
1463 5124 1555 5182 Dei
1585 5131 1950 5186 deambulantis
1982 5135 2031 5185 in

489 5230 723 5298 paradiso
752 5225 818 5277 ad
855 5240 1031 5275 auram
1053 5234 1162 5290 post
1190 5223 1469 5290 meridiem,
1501 5226 1757 5278 abscondit
1787 5242 1840 5280 se
1869 5217 2031 5279 Adam

559 5363 584 5421 ε
627 5362 759 5421 Aug.
800 5354 954 5418 ibid.,
981 5367 1028 5405 c.
1059 5351 1145 5404 50.

561 5420 583 5452 ι’
629 5420 759 5489 Aug.
789 5423 942 5479 iititi.,
965 5438 1012 5473 ι’.
1054 5424 1140 5477 5i.

565 5496 583 5521 ’
628 5495 734 5553 AL,
763 5502 1109 5554 cogitarernnt.

561 5557 583 5592 ⁴
629 5564 733 5620 AL,
764 5569 1094 5623 peccatorum.

566 5634 591 5694 '_
629 5632 758 5694 Aug.
794 5626 942 5688 ibiti.,
970 5642 1014 5678 c.
1049 5628 1119 5680 δὲ

576 5692 591 5733 ⁸
634 5692 743 5758 Μ.)
771 5711 825 5746 eo
854 5697 983 5746 loco.

2139 4522 2190 4562 ut
2223 4510 2399 4563 solent
2426 4508 2561 4562 allici
2584 4509 2823 4564 boniines
2849 4511 2946 4563 sub
2967 4512 3130 4564 oculis
3151 4509 3420 4562 hominum
3443 4525 3456 4559 :
3485 4523 3537 4562 et
3566 4509 3688 4560 talis

2135 4601 2343 4659 aliectiu
2369 4601 2436 4654 de
2467 4602 2664 4669 peccati
2691 4616 2840 4668 paeni
2869 4611 3006 4663 erat,
3039 4603 3158 4654 etim
3181 4602 3348 4654 latere
3372 4601 3505 4653 velle
3527 4597 3688 4667 quem

2135 4692 2296 4744 latere
2339 4690 2464 4743 nihil
2524 4701 2712 4758 potest.
2765 4691 2914 4756 Quod
2945 4695 3083 4744 enim
3128 4692 3232 4756 jam
3281 4694 3423 4757 ipsos
3462 4693 3690 4757 pudebat

2134 4794 2256 4844 erga
2282 4793 2340 4832 se
2384 4782 2548 4847 ipsos.
2593 4780 2730 4832 unde
2774 4782 2870 4832 sibi
2903 4792 2954 4832 et
2985 4779 3003 4814 ι
3029 4779 3378 4832 succinctoria
3421 4778 3684 4838 fecerant,

2136 4869 2301 4918 multo
2331 4866 2692 4920 vehementius
2721 4869 2787 4920 ab
2817 4868 2904 4920 illo
2927 4867 3084 4920 etiam
3113 4868 3187 4920 sie
3216 4867 3473 4920 succincti
3517 4867 3688 4922 videri

2134 4957 2489 5020 verebantur,
2527 4958 2615 5024 qui
2665 4967 2910 5026 tanquam
2970 4956 3209 5011 familiari
3270 4966 3693 5022 temperamento

2135 5048 2198 5099 ad
2229 5062 2322 5100 eos
2368 5047 2622 5100 videndos
2668 5063 2760 5114 per
2792 5057 3092 5100 creaturam
3126 5045 3382 5099 visibilem
3410 5046 3558 5099 velut
3584 5045 3691 5100 bu-

2137 5153 2332 5190 manns-
2355 5139 2536 5190 oculos
2565 5137 2837 5189 afferebat.

2213 5245 2228 5275 ι
2246 5227 2494 5278 Dominus
2521 5239 2650 5290 ergo
2679 5224 2860 5276 volens
2880 5222 2986 5289 jam
3018 5232 3322 5290 peccatores
3355 5235 3506 5277 more
3532 5221 3689 5289 justi-

2206 5367 2228 5401 κ
2271 5358 2540 5419 Ambros,
2575 5356 2664 5407 lib.
2689 5355 2756 5407 de
2787 5354 3050 5417 l’sradtso,
3080 5368 3131 5408 c.
3165 5353 3246 5410 f5.

2205 5424 2228 5460 δ’
2272 5428 2377 5490 ΑΙ..
2409 5426 2554 5479 deest
2584 5435 2810 5482 nanque,

2213 5495 2222 5530 ι
2273 5496 2406 5559 Aug.
2437 5495 2584 5553 ibid..
2614 5508 2662 5546 c.
2693 5491 2781 5543 53.

2208 5567 2220 5610 i
2274 5565 2403 5632 Aug.
2437 5563 2587 5632 iitid..
2615 5575 2662 5612 c.
2696 5559 2785 5632 δι.

2205 5637 2225 5673 ι
2274 5631 2379 5696 AL,
2405 5649 2492 5684 stin
2524 5631 2784 5683 cinctoiirt.
