3866 6248
205 369 268 424 ἔῖι
1420 367 1878 422 ΙΙΕΧΑΕΜΕΒΟΝ
1919 370 2047 424 LIB.
2090 372 2129 425 Ι.
3298 372 3364 426 5η

202 475 285 526 tia
306 473 648 541 interrogatos
671 472 857 541 partire
879 473 1101 540 amplius
1120 488 1274 542 quam
1301 483 1417 527 erat
1440 476 1528 527 illa
1553 489 1726 542 pana,
1756 480 1806 537 Α
1831 477 2026 532 ducens
2054 479 2124 532 ad
2177 479 2439 534 interitum
2470 482 2622 549 rapit.
2647 483 2792 537 Sicut
2819 485 2954 538 cnim
3006 483 3169 538 sancti
3222 500 3362 551 ειμι

200 563 265 616 de
290 576 391 631 qua
414 561 523 630 jam
553 563 872 632 cogebantur
898 564 1233 628 erubescere,
1292 565 1414 631 Quis
1462 568 1614 628 enim,
1654 568 1736 621 in-

199 651 329 720 quit,
386 636 624 705 iudiciiin
674 653 761 705 tibi
800 654 934 720 quod
980 654 1144 706 nudus
1189 669 1341 719 esses,
1380 656 1478 708 nisi
1518 658 1652 723 quod
1677 673 1740 710 ea:

200 742 333 810 ligno
353 741 414 794 de
433 757 532 810 quo
562 743 650 794 tibi
677 754 982 810 praceptunt
1009 761 1069 798 ne
1095 747 1398 806 comedens,
1429 748 1692 801 remedisti
1714 750 1738 800 ?

204 830 332 884 Hinc
353 831 496 884 enim
526 846 665 886 mors
705 843 960 900 concepta
1008 846 1220 902 prontcr
1263 835 1354 888 Dei
1398 837 1736 899 sententiam,

199 923 286 991 qui
311 924 385 976 sic
412 921 584 976 fuerat
608 924 985 990 comminatus,
1013 925 1133 978 fecit
1155 925 1350 978 adverti
1368 926 1740 993 concupiscen-

203 1012 393 1065 tialiter
421 1013 687 1066 membra:
721 1014 807 1066 ubi
833 1013 957 1067 dicti
981 1022 1103 1066 sunt
1128 1013 1298 1080 aperti
1321 1013 1478 1077 oculi,
1508 1023 1563 1067 et
1583 1028 1735 1067 secu-

201 1109 308 1150 tum
339 1110 417 1153 est
442 1101 580 1166 quod
615 1099 833 1168 puderet
872 1104 918 1151 ⁶.
951 1119 972 1150 a

265 1191 503 1258 Dixitque
543 1193 706 1245 Adam
729 1207 750 1246 .'
781 1191 967 1245 Mulier
989 1207 1139 1257 quam
1167 1190 1349 1244 dedisti
1376 1191 1501 1243 mihi
1529 1190 1738 1255 sociam,

196 1290 334 1342 dedit
388 1290 514 1341 milii
557 1290 620 1342 de
662 1290 799 1354 ligno
828 1299 876 1342 et
899 1289 1114 1342 comedi.
1149 1307 1169 1339 ί
1204 1289 1458 1356 Superbia
1488 1289 1738 1355 nunquid

194 1363 355 1442 dixit,
388 1373 642 1446 peccavi?
681 1377 851 1434 Habet
891 1379 1280 1433 deformitatem
1311 1379 1656 1439 confusionis,
1685 1387 1740 1431 et

196 1482 300 1522 non
347 1468 502 1520 habet
555 1466 899 1521 humilitatem
955 1467 1324 1521 confessionis.
1379 1469 1455 1519 Ad
1505 1466 1602 1517 hoc
1636 1467 1734 1517 ista

193 1557 489 1624 conscripta
511 1564 653 1619 sunt,
676 1555 796 1624 quia
815 1565 868 1610 ct
885 1557 1012 1621 ipsa:
1036 1555 1472 1624 interrogationes
1491 1554 1735 1606 nimirum

191 1645 258 1700 ad
286 1646 386 1699 hoc
435 1645 583 1698 facta:
629 1653 771 1708 sunt,
811 1654 865 1696 ut
907 1645 1102 1698 utiliter
1146 1645 1522 1705 scriberentur,
1557 1653 1612 1694 ιιι
1646 1645 1736 1695 acl-

192 1745 461 1788 vertamus
527 1733 1120 1801 quomodobsuperbia
1183 1734 1420 1787 laborent
1499 1732 1737 1787 homines

192 1820 374 1883 hodie,
421 1838 524 1874 non
570 1821 672 1875 nisi
715 1823 765 1875 in
811 1822 1115 1877 Creatorem
1157 1833 1413 1876 conantes
1450 1823 1651 1876 referre
1693 1826 1736 1877 si

193 1912 318 1978 quid
345 1911 558 1978 egerint
578 1911 724 1975 mali,
757 1927 874 1966 cum
904 1913 1003 1964 sibi
1034 1913 1195 1965 velint
1225 1912 1376 1966 tribui
1406 1913 1448 1964 si
1471 1912 1594 1980 quid
1617 1928 1740 1982 ege-

186 2002 292 2054 rint
321 2003 464 2054 boni.
516 2003 720 2066 Mulier,
755 2003 941 2070 inquit,
969 2018 1118 2070 quam
1158 2003 1342 2054 dedisti
1369 2003 1490 2053 mihi
1525 2004 1735 2066 sociam,

186 2090 326 2142 dedit
350 2091 471 2143 milii
493 2093 555 2143 de
582 2091 720 2160 ligno
751 2101 796 2141 et
822 2091 1037 2152 comedi,
1087 2090 1234 2157 quasi
1263 2090 1328 2142 ad
1357 2090 1455 2142 hoc
1505 2091 1621 2142 data
1651 2091 1737 2154 sit,

189 2190 242 2234 ut
283 2197 384 2233 non
427 2182 536 2248 ipsa
570 2183 742 2248 potius
773 2180 1019 2234 obediret
1042 2181 1152 2232 viro
1173 2219 1187 2242 ,
1217 2190 1270 2234 et
1298 2181 1452 2233 ambo
1484 2181 1606 2233 Deo.

269 2288 286 2319 ι
302 2268 366 2320 Et
389 2270 515 2322 dixit
531 2269 773 2323 Dominus
799 2269 932 2322 Deus
948 2271 1012 2320 ad
1035 2270 1322 2323 mulierem:
1339 2269 1508 2332 Quare
1522 2270 1612 2321 hoc
1633 2269 1742 2334 {eci-

190 2359 282 2411 sti?
303 2359 426 2424 Qui:
445 2360 699 2425 respondit
722 2375 739 2412 :
763 2360 980 2428 Serpens
1011 2361 1197 2428 decepit
1225 2376 1324 2422 me,
1342 2369 1388 2410 et
1409 2360 1616 2412 comedi.
1637 2361 1741 2411 Nec

191 2448 287 2500 ista
314 2451 600 2502 contitctur
640 2460 933 2515 pet-catum.
956 2451 1048 2502 sed
1085 2450 1136 2500 in
1165 2449 1386 2501 alterum
1413 2448 1589 2512 refert,
1642 2450 1741 2498 im-

189 2539 300 2605 pari
327 2553 476 2601 sexu,
505 2539 614 2606 pari
658 2539 813 2604 fastu,
847 2538 1086 2608 Serpens,
1113 2538 1298 2606 inquit,
1344 2537 1535 2603 decepit
1583 2552 1660 2588 me
1695 2548 1742 2588 et

188 2631 416 2695 comedi;
457 2632 605 2698 quasi
648 2631 954 2699 cujusquam
1008 2626 1476 2696 suasio'przecepto
1531 2629 1618 2680 Dei
1653 2627 1744 2680 de-

190 2719 363 2772 buerit
389 2719 634 2786 anteponi
668 2730 713 2772 ο.
753 2738 770 2769 ι
817 2717 881 2771 Et
920 2717 1032 2786 ipsa
1062 2726 1237 2770 autem
1268 2717 1434 2781 culpae
1457 2718 1742 2767 causamin

187 2805 490 2860 Creatorem
545 2807 726 2869 refert,
758 2807 846 2874 qui
899 2817 1199 2872 serpentem
1250 2805 1303 2859 itt
1351 2803 1596 2873 paradiso
1655 2819 1746 2873 per

187 2909 344 2965 quem
367 2894 717 2962 deciperetur,
756 2895 1036 2947 creaverit.

257 2983 324 3038 Et
344 2985 428 3054 ait,
456 2982 705 3034 Dominus
735 2981 870 3035 Deus
919 2983 986 3033 ad
1032 2991 1309 3051 serpentem
1345 2997 1364 3035 :
1434 2981 1564 3044 Quia
1587 2983 1744 3047 fecisti

1836 568 2112 628 caelorum.
2139 570 2204 622 ita
2231 571 2442 624 nomine
2490 580 2643 624 terra:
2673 572 2722 623 bi
2753 574 2841 640 qui
2884 583 3088 628 terrena
3137 574 3364 639 sapiunt,

1837 657 2148 724 indicantur,
2179 662 2440 725 quomodo
2496 661 2548 713 in
2575 662 2914 728 sequentibus
2949 663 3075 717 Adin
3123 663 3308 716 dicitur
3349 677 3363 715 :

1840 744 1992 797 Terra
2021 763 2090 809 es,
2109 758 2156 798 et
2182 749 2232 800 in
2255 760 2433 800 terram
2464 749 2576 813 ibis,
2599 750 2733 816 quod
2765 761 2936 803 nostra
2974 750 3243 804 translatio
3273 751 3367 802 ha—

1838 831 1924 884 bet
1953 850 1966 885 :
2001 833 2127 896 Quia
2152 837 2309 900 puluis
2340 853 2389 889 es
2421 847 2465 888 et
2491 837 2541 888 in
2570 819 2815 903 pulverem
2842 840 3111 890 reverteris.
3148 840 3198 890 In
3221 839 3368 904 cujus

1834 925 2038 990 signum
2068 926 2418 981 dcvorationis
2467 927 2716 988 spiritalis
2745 930 2856 994 ipse
2885 939 3041 982 etiam
3064 943 3279 995 serpens
3304 932 3371 981 ir-

1837 1015 2122 1078 rationalis,
2181 1033 2286 1083 quo
2338 1020 2400 1070 ad
2431 1019 2790 1079 decipiendum
2827 1020 3089 1071 hominem
3123 1021 3257 1072 velut
3284 1034 3369 1071 nr-

1835 1120 1970 1170 gano
1995 1120 2091 1158 suo
2129 1121 2250 1160 usus
2278 1095 2372 1160 est
2405 1109 2660 1171 diabolus,
2707 1125 2843 1161 nunc
2888 1118 3076 1162 terram
3132 1110 3372 1161 materia-

1839 1192 1937 1246 letn
1975 1195 2247 1248 comedere
2296 1197 2530 1262 iubetur,
2582 1199 2663 1251 cni
2707 1199 2848 1264 prius
2895 1211 2993 1250 una
3023 1213 3140 1250 cum
3170 1200 3371 1253 caeteris

1837 1284 2183 1337 animantibus
2233 1293 2382 1338 terra:
2437 1285 2455 1323 ί
2505 1287 2681 1341 herbis
2725 1297 2779 1341 et
2826 1289 3082 1356 lignorum
3124 1295 3148 1334 ι
3203 1288 3372 1341 fructu

1839 1373 1974 1426 vesci
2003 1387 2306 1426 concessum
2335 1384 2466 1428 erat.

1909 1461 2206 1516 Inimicitias
2235 1480 2416 1530 ponam
2468 1466 2599 1517 inter
2642 1471 2688 1518 te
2725 1474 2770 1518 et
2816 1467 3093 1529 mulierem,
3123 1476 3169 1520 et
3211 1479 3373 1518 semen

1837 1558 1978 1602 tuum
2008 1561 2053 1604 et
2076 1568 2241 1604 semen
2262 1553 2418 1606 illius.
2442 1552 2634 1607 Semen
2663 1555 2896 1608 mulieris
2917 1564 3079 1608 totum
3104 1564 3185 1610 est
3211 1571 3375 1624 genus

1838 1640 2336 1705 bumanum,semen
2366 1643 2556 1697 diaboli
2591 1645 3015 1708 pmvaricatores
3042 1656 3161 1698 sunt
3183 1648 3373 1713 angeli,

1840 1731 1926 1798 qui
1971 1733 2208 1798 exemplo
2239 1741 2358 1786 sunt
2394 1734 2652 1800 superbia:
2682 1733 2820 1788 illius
2862 1750 2923 1788 ac
2951 1736 3252 1790 rebellionis
3279 1738 3376 1790 de-

1845 1821 2067 1887 pravati.
2098 1821 2291 1875 Semen
2321 1822 2460 1875 illius
2484 1830 2563 1875 est
2584 1837 2829 1890 perversa
2848 1825 3112 1892 suggestio
3149 1841 3163 1876 :
3194 1839 3373 1878 semen

1841 1909 2073 1962 mulieris
2101 1909 2299 1964 fructus
2360 1909 2480 1963 boni
2510 1911 2707 1978 operis,
2737 1926 2838 1980 quo
2861 1926 3120 1980 perversae
3167 1927 3375 1980 sugges-

1845 1998 1969 2050 tioni
1999 1999 2279 2053 resistitur.
2308 1999 2470 2068 Hujus
2489 2013 2662 2054 autem
2685 2002 2941 2068 serpentis
2963 2016 3022 2055 ac
3042 2002 3252 2054 seminis
3266 2000 3377 2068 ejus

1841 2089 2115 2141 memorati
2144 2089 2466 2142 inimicitiam
2496 2101 2744 2156 quantum
2784 2106 2946 2157 genus
2994 2095 3272 2144 humanum
3301 2101 3376 2143 to-

1843 2177 1997 2238 leret,
2044 2186 2292 2243 quantam
2353 2178 2602 2231 adversus
2657 2195 2775 2232 etun
2817 2179 3135 2232 inimicitiam
3201 2193 3378 2233 omnes

1841 2269 1992 2320 electi
2053 2279 2195 2321 recte
2223 2269 2444 2322 vivendo
2494 2280 2792 2334 exerceant,
2833 2272 3032 2323 cunctis
3055 2271 3166 2324 sole
3193 2271 3379 2324 clarius

1843 2360 2082 2413 fidelibus
2113 2371 2334 2416 constat.
2385 2363 2545 2429 Cujus
2567 2363 2769 2431 signum
2813 2365 3093 2417 inimicitire
3120 2364 3171 2416 in
3200 2372 3379 2416 natura

1840 2453 1994 2504 etiam
2038 2462 2255 2519 apparet
2302 2454 2672 2507 irrationaliilis
2727 2452 3006 2519 serpentis,
3053 2470 3154 2518 qua
3183 2456 3380 2508 cunctis

1840 2540 2188 2593 animantibus
2239 2551 2290 2592 et
2349 2541 2526 2593 bestiis
2575 2550 2727 2594 terra:
2767 2559 2860 2608 pro
2887 2543 3035 2595 insita
3087 2543 3184 2595 sibi
3240 2553 3380 2609 peste

1842 2630 2025 2681 veneni
2053 2630 2310 2695 generalis
2337 2643 2542 2698 semper
2582 2630 2764 2682 existit
2808 2631 3048 2683 inimicus
3091 2648 3103 2681 :
3137 2629 3276 2699 quod
3302 2631 3383 2682 vi-

1841 2719 2033 2772 delicet
2060 2719 2107 2772 ei
2147 2733 2177 2770 a
2217 2728 2451 2785 tempore
2499 2717 2880 2771 maledictionis
2937 2719 3116 2787 hujus,
3173 2729 3225 2772 ct
3282 2733 3383 2770 non

1842 2819 1962 2863 ante
1987 2810 2191 2862 insitum
2222 2823 2338 2861 esse
2358 2807 2676 2861 credendum
2706 2814 2809 2860 est.
3331 2817 3334 2821 ‘

1915 2899 2040 2966 Ipsa
2065 2905 2281 2952 conteret
2323 2905 2473 2963 caput
2516 2906 2677 2958 tuum,
2720 2906 2766 2948 tt
2805 2897 3120 2950 insidiaberis
3157 2896 3387 2948 ralcaneo

1843 2989 1968 3052 eius.
2001 2987 2182 3040 Mulier
2219 2987 2446 3039 conterit
2472 2995 2626 3052 caput
2656 2987 2943 3052 serpentis,
2987 3000 3106 3038 cum
3157 2985 3381 3039 Ecclesia

187 3075 300 3140 hoc,
332 3075 629 3133 maledictus
669 3091 718 3127 es
766 3077 892 3127 inter
930 3075 1096 3127 omnia
1127 3074 1407 3125 animantia
1458 3082 1502 3124 et
1559 3074 1742 3126 bestias
1767 3110 1812 3163 ρ
1844 3086 2021 3128 sancta
2063 3075 2281 3128 insidias
2327 3075 2521 3127 diaboli
2578 3084 2629 3126 et
2697 3074 2970 3127 suasiones
3001 3089 3288 3127 venenosas
3333 3076 3380 3126 in

190 3179 352 3221 term.
389 3185 409 3219 ι
439 3167 568 3232 Quia
600 3181 816 3234 serpens
841 3181 934 3219 cur
962 3166 1060 3218 hoc
1097 3165 1281 3220 fecerit
1308 3180 1411 3219 non
1449 3174 1529 3217 est
1574 3165 1738 3218 inter-
1768 3149 1813 3173 ’³
1841 3167 1953 3233 ipso
1978 3180 2095 3218 mos
2129 3166 2276 3219 initio
2305 3165 2658 3232 deprehensas
2700 3163 2881 3230 abigit,
2913 3174 2964 3218 et
2993 3165 3138 3230 quasi
3165 3167 3379 3221 concul-

189 3267 422 3325 rogatus,
477 3267 646 3323 potest
674 3257 836 3312 videri
875 3258 1014 3324 quod
1056 3272 1156 3310 non
1198 3257 1308 3323 ipse
1339 3257 1518 3324 utique
1568 3255 1616 3309 id
1646 3270 1738 3308 sua

191 3355 371 3400 natura
418 3355 471 3400 et
510 3348 776 3400 voluntate
819 3347 1033 3407 fecerat.
1079 3347 1171 3400 sed
1201 3347 1440 3400 diabolus
1467 3347 1532 3400 de
1561 3347 1650 3399 illo
1687 3356 1741 3400 et

192 3451 283 3504 per
310 3436 456 3488 illum
498 3435 664 3489 fuerat
688 3445 958 3503 operatus,
1000 3437 1086 3502 qui
1121 3436 1229 3505 jam
1275 3450 1339 3490 ea
1392 3444 1604 3502 peccato
1643 3435 1740 3489 im-

191 3526 396 3593 pietatis
422 3539 480 3577 ac
505 3526 766 3593 superbire
785 3541 898 3579 sua:
927 3526 1028 3593 igni
1059 3525 1349 3579 destinatus
1373 3525 1561 3578 fuerat.
1588 3525 1736 3578 Nunc

191 3629 317 3681 ergo
337 3613 478 3682 quod
508 3611 534 3651 ἀ
563 3615 797 3682 serpenti
818 3613 1026 3678 dicitur,
1057 3624 1110 3668 et
1137 3616 1200 3667 ad
1226 3631 1342 3666 eum
1373 3615 1461 3682 qui
1493 3631 1584 3681 per
1628 3630 1738 3666 ser-

189 3714 396 3769 pentem
427 3713 669 3769 operatus
694 3716 776 3757 est
831 3706 1008 3770 utique
1054 3705 1294 3763 refertur,
1355 3703 1528 3768 procul
1579 3701 1738 3753 dubio

191 3791 468 3860 figuratum
496 3801 596 3844 est.
625 3791 754 3842 Nam
787 3791 836 3843 in
870 3791 949 3843 bis
976 3791 1145 3842 verbis
1169 3797 1395 3842 tentator
1421 3788 1508 3844 ille
1537 3789 1737 3844 descri-

192 3878 329 3933 bitur
357 3878 524 3947 qualis
555 3879 732 3946 generi
765 3878 994 3931 ltumano
1027 3879 1224 3932 futurus
1263 3887 1404 3932 θέρει
1433 3888 1476 3930 ο.
1505 3895 1523 3929 i

257 3967 426 4038 Super
476 3978 644 4036 pectus
682 3979 821 4022 tuum
859 3971 1125 4038 gradieris,
1175 3981 1220 4022 et
1280 3981 1464 4021 terram
1511 3969 1735 4022 comedes

189 4059 376 4110 cunctis
398 4058 569 4109 diebus
592 4060 702 4112 vita
725 4068 840 4111 ture.
867 4057 1034 4124 Super
1060 4068 1242 4125 pectus
1289 4042 1480 4125 quippe
1501 4060 1736 4126 graditur

185 4161 424 4212 serpens,
462 4148 583 4214 quia
612 4163 795 4202 omnes
831 4166 1043 4219 gressus
1069 4150 1259 4202 diaboli
1316 4153 1559 4217 nequitiae
1608 4161 1732 4205 sunt

143 4247 147 4250 ‘
184 4247 235 4288 et
265 4235 477 4295 fraudes
504 4255 514 4287 :
540 4253 658 4289 nam
684 4239 733 4290 in
768 4251 976 4303 pectore
996 4239 1334 4294 calliditatem
1387 4250 1439 4291 et
1470 4244 1731 4296 versutias

185 4327 558 4394 cogitationum
589 4326 703 4392 ejus
766 4327 982 4394 indicat,
1018 4329 1206 4398 quibus
1236 4329 1298 4381 ad
1340 4344 1433 4383 eos
1460 4345 1592 4398 quos
1624 4332 1732 4384 vult

192 4502 400 4558 Pectore
425 4517 469 4559 et
498 4513 662 4558 ventre
698 4520 856 4566 repes.
913 4505 1064 4575 Repit
1109 4518 1284 4561 autem
1330 4518 1563 4574 pectore,
1612 4526 1735 4565 cutu

188 4603 427 4649 terrenas
457 4595 778 4661 hominibus,
806 4608 937 4660 quos
963 4611 1056 4649 sua
1085 4598 1319 4651 membra
1338 4597 1510 4653 facere
1531 4600 1738 4656 deside-

187 4696 286 4748 rat,
315 4683 660 4751 cogitationes
681 4685 925 4752 soggerit.
961 4683 1114 4753 [tepit
1146 4697 1198 4740 et
1223 4699 1426 4751 ventre,
1477 4704 1593 4742 cum
1644 4707 1737 4744 eos

188 4773 414 4843 ingluvie
443 4784 714 4840 superatos
742 4773 793 4826 in
824 4783 1006 4826 aestum
1039 4776 1283 4830 libidinis
1303 4778 1517 4831 excitat.
1544 4779 1732 4832 Omnia

188 4877 414 4929 namque
441 4905 445 4910 .
471 4877 586 4929 quae
628 4872 838 4929 repunt,
885 4875 1076 4929 corpus
1124 4881 1214 4931 per
1270 4855 1460 4921 lter-ram
1498 4871 1728 4921 trahunt.

187 4954 388 5020 Corpus
411 4962 584 5006 autem
614 4954 807 5007 diaboli
860 4962 981 5006 sunt
1015 4968 1200 5010 omnes
1252 4957 1493 5026 reprobi;
1525 4965 1580 5011 et
1623 4959 1733 5024 ipse

186 5057 398 5110 pectore
445 5056 498 5100 et
540 5055 724 5100 ventre
775 5061 871 5099 suo
918 5045 1072 5113 repit,
1103 5061 1221 5100 cum
1262 5064 1357 5103 eos
1385 5063 1477 5116 per
1527 5048 1731 5114 iniquas

183 5136 527 5201 cogitationes
558 5137 634 5191 vel
667 5136 937 5191 illecebras
965 5136 1376 5191 comessationis
1421 5152 1486 5190 ac
1507 5138 1731 5194 luxuria:

185 5221 248 5276 ad
279 5221 456 5276 infima
484 5227 744 5308 deprimit.
780 5227 1005 5282 Devorat
1043 5235 1213 5279 autem
1239 5229 1454 5290 terram.
1482 5241 1601 5282 cum
1633 5246 1730 5285 er-

188 5319 665 5382 rarepeccantinm
697 5320 927 5386 pascitur
945 5334 1010 5376 ac
1045 5318 1355 5388 delectatur,
1404 5333 1598 5390 eosque
1640 5339 1725 5380 se-

255 5468 282 5536 f
325 5465 456 5536 Aug.
487 5464 633 5523 ibiil..
668 5485 699 5523 c
751 5469 838 5524 53.

255 5529 281 5566 θ’
310 5529 433 5598 AL:
450 5551 536 5602 per
562 5539 858 5603 superbiam.

259 5611 281 5670 ε
309 5606 443 5670 Aug.
470 5604 614 5664 ibid.,
643 5622 692 5657 ε.
723 5606 806 5662 '55.

258 5667 284 5704 ⁴
311 5667 415 5741 ΑΙᾷ
446 5675 505 5728 de
530 5685 770 5743 secpcntc.

1841 3269 1966 3308 cans
1988 3255 2050 3308 ad
2099 3255 2316 3308 nihilum
2357 3253 2584 3307 deducit.
2616 3244 2850 3306 Conterit
2887 3263 3039 3320 caput
3088 3256 3380 3319 serpentis,

1841 3361 1955 3399 cum
1988 3347 2265 3413 superhize,
2292 3360 2551 3414 perquam
2579 3346 2678 3396 Eva
2711 3346 2926 3411 decepta
2969 3354 3069 3406 est,
3117 3359 3256 3410 saepe
3285 3345 3379 3395 sub

1843 3439 2036 3503 potenti
2068 3453 2220 3491 manu
2255 3438 2342 3491 Dei
2381 3437 2700 3489 ltumiliando
2729 3436 2954 3489 resistit:
2997 3435 3196 3487 initium
3241 3436 3378 3488 enim

1839 3530 2009 3580 omnis
2043 3529 2236 3594 peccati
2267 3528 2529 3594 superbia.
2573 3527 2637 3580 Et
2664 3541 2881 3594 serpens
2911 3526 3184 3579 insidiatur
3211 3529 3378 3580 calca-

1839 3629 1938 3666 neo
1964 3615 2216 3678 mulieris,
2246 3616 2365 3682 quia
2396 3616 2651 3670 circuiens
2685 3615 2970 3670 Ecclesiani
2991 3615 3226 3668 diabolus
3243 3617 3377 3668 velut

1838 3701 1920 3754 leo
1952 3703 2161 3769 rugiens
2189 3704 2376 3770 quaarit
2421 3719 2575 3771 quem
2614 3707 2846 3764 devoret,
2875 3702 3140 3769 quomodo
3167 3716 3378 3768 gressus

1840 3794 1986 3846 bona:
2017 3805 2207 3847 nostra:
2256 3796 2474 3847 actionis
2521 3803 2742 3847 evertat.
2800 3793 3076 3845 lnsidiatur
3107 3792 3374 3853 calcaueo,

1837 3899 1951 3938 cum
1983 3884 2032 3935 in
2064 3884 2166 3937 line
2194 3885 2312 3936 vita:
2343 3885 2612 3950 piamentis
2651 3897 2745 3935 nos
2773 3897 2956 3948 rapere
3005 3881 3212 3949 Subigit.
3263 3879 3375 3933 Cal-

1837 3990 1999 4028 cuneo
2030 3990 2254 4043 namque
2299 3976 2383 4042 qui
2415 3974 2532 4027 linis
2561 3984 2642 4028 est
2671 3975 2929 4038 corporis,
2979 3965 3080 4025 non
3114 3973 3375 4024 immerito

1839 4065 1952 4114 linis
1981 4067 2100 4115 vita:
2156 4064 2718 4136 nostrtedesignatur,
2765 4063 2902 4130 quod
2944 4070 3219 4128 utrumque
3271 4061 3375 4127 ipsa

1835 4165 2042 4218 quoque
2089 4153 2346 4215 serpentis
2401 4153 2636 4204 conditio
2689 4153 2905 4220 figurate
2959 4149 3255 4212 denuntiat,
3291 4150 3400 4215 qui.

1834 4238 2032 4291 conteri
2062 4238 2196 4290 solet
2225 4238 2290 4290 ab
2316 4237 2560 4291 omnibus
2591 4240 2676 4302 qui
2703 4247 2938 4306 possunt,
2961 4244 3015 4288 et
3037 4237 3148 4302 ipse
3179 4234 3374 4289 ferien-

1797 4369 1800 4373 ν
1832 4328 1914 4380 dis
1942 4328 2204 4381 hominum
2236 4328 2465 4397 vestigiis
2493 4327 2722 4380 insidiari
2756 4341 2858 4378 non
2890 4325 3079 4378 desinit

185 4415 430 4482 decipere
458 4415 638 4480 serpit,
674 4430 768 4482 pro
797 4432 903 4484 quo
941 4420 1154 4487 antiqua
1212 4420 1480 4498 translatio
1531 4423 1723 4474 habet:
1763 4433 1809 4491 ι)

1907 4415 2108 4470 Mulieri
2136 4434 2330 4486 quoque
2355 4408 2479 4469 dixit
2502 4432 2521 4470 :
2569 4414 2918 4484 Multiplicabo
2968 4431 3216 4468 rerumnas
3268 4425 3378 4470 tuas

1836 4519 1879 4559 et
1901 4517 2160 4573 conceptus
2181 4515 2310 4559 tuos.
2345 4506 2408 4557 In
2433 4508 2605 4558 dolore
2642 4507 2805 4573 paries
2854 4506 2986 4572 [ilics
3025 4520 3152 4560 tuos.
3203 4525 3218 4555 ι
3255 4505 3378 4558 HN:

1833 4611 2038 4663 quoque
2065 4597 2114 4648 in
2142 4597 2413 4649 mulierem
2467 4595 2557 4647 Dei
2597 4597 2749 4646 verba
2784 4594 2998 4661 figurate
3050 4611 3110 4649 ac
3138 4597 3376 4662 prophe-

1835 4686 1934 4737 ticc
1981 4686 2145 4738 multo
2177 4684 2506 4738 commodius
2565 4683 2943 4750 intelliguntur.
3003 4683 3374 4738 Verumtamen

1832 4775 1947 4839 quia
1980 4773 2207 4827 nondum
2238 4779 2510 4838 pepererat
2541 4771 2732 4825 femina
2753 4814 2768 4837 ,
2803 4772 3077 4825 nec-dolor
3107 4781 3161 4825 et
3184 4774 3371 4844 genii-

1833 4873 1913 4916 tus
1941 4864 2185 4931 parientis
2211 4862 2307 4915 nisi
2334 4875 2398 4914 ex
2428 4876 2649 4928 corpore
2677 4863 2856 4914 mortis
2882 4871 2984 4923 est,
3010 4877 3126 4928 qua:
3173 4875 3372 4929 prince-

1833 4955 1902 5020 pti
1932 4950 2340 5019 transgressione
2387 4963 2634 5016 concepta
2664 4963 2764 5011 est,
2819 4953 3041 5004 relertur
3072 4956 3182 5004 hac
3220 4966 3371 5016 pcena

1831 5053 1879 5096 et
1907 5041 1970 5095 ad
2001 5039 2372 5108 proprietatem
2399 5042 2585 5095 litterae
2616 5057 2630 5092 :
2657 5055 2773 5092 nam
2814 5050 2868 5093 et
2899 5043 2967 5092 in-
3000 5049 3065 5094 eo
3107 5040 3243 5105 quod
3288 5055 3372 5093 se-

1831 5137 2003 5205 quitur
2029 5152 2040 5186 :
2069 5133 2130 5186 Et
2151 5135 2241 5188 sub
2263 5137 2353 5189 viri
2381 5143 2618 5204 potestate
2661 5134 2775 5197 eris,
2807 5144 2853 5187 et
2897 5135 3000 5201 ipse
3038 5121 3375 5185 dominabitur

1832 5228 1922 5289 tui,
1956 5238 2072 5276 cum
2104 5233 2158 5277 et
2184 5235 2306 5279 ante
2329 5235 2593 5292 peccatum
2618 5226 2768 5278 aliter
2794 5221 2817 5258 δ
2850 5224 3036 5275 lactant
3079 5221 3238 5275 fuisse
3268 5237 3370 5276 non

1830 5317 2008 5371 deceat
2031 5314 2250 5369 credere
2279 5315 2573 5375 mulierem.
2601 5312 2700 5368 nisi
2729 5323 2784 5367 ut
2811 5313 2889 5365 vir
2915 5312 2961 5366 ei
2987 5309 3369 5375 dominaretur.

1904 5481 1925 5506 ι·
1949 5473 2077 5537 Aug.
2106 5472 2253 5532 ibid.,
2281 5487 2396 5538 cap.
2421 5475 2500 5531 Ξῖ».

1904 5540 1920 5576 ί
1951 5540 2029 5592 Al.
2041 5575 2056 5602 ,
2082 5541 2360 5595 herbarum.

1899 5619 1922 5655 ε
1954 5608 2056 5672 AL,
2089 5609 2349 5674 fructibus.

1899 5676 1922 5714 ι
1953 5677 2058 5741 ΑΙ..
2089 5680 2239 5746 facta.
