3866 6248
470 373 540 428 ω
800 345 804 348 ’
999 366 1201 424 usus;
1244 367 1693 423 VENEllAblLlS
1731 363 1993 420 UPEltUt

2099 366 2228 420 ARS
2265 364 2325 420 Il.
2355 395 2425 407 —
2452 365 2836 425 EXEGETICA
2875 367 3194 427 GENUINA.
3601 372 3671 426 60

469 494 516 535 et
549 481 646 533 sub
673 479 786 548 ejus
809 479 917 546 ipsa
949 486 1206 546 potestate
1225 477 1458 546 degeret,
1481 483 1623 531 recte
1651 473 1816 542 accipi
1847 478 2022 541 potest
2041 475 2092 530 A
2120 480 2235 535 post
2256 479 2524 538 peccatum
2554 481 2729 527 autem
2759 472 2995 528 videnms
3017 475 3178 529 multa
3226 474 3440 530 horrida
3487 487 3542 530 et
3585 478 3669 532 iu-

468 572 603 625 Ituuc
634 571 934 624 servitutem
955 567 1318 633 signiﬁcatam,
1349 580 1467 634 qua:
1510 563 1780 632 cujusdam
1829 566 2015 620 condi-

468 661 627 713 tionis
654 668 736 713 est
762 661 931 726 potius
951 672 1105 709 uuam
1125 655 1441 719 dilectionis,
1491 665 1548 708 nt
1575 656 1730 708 etiam
1759 657 1867 722 ipsa
1892 653 2012 711 talis

454 751 707 813 servitus,
747 763 844 814 qua
873 748 1112 801 homines
1144 745 1441 799 hominibus
1474 753 1651 814 postea
1709 744 1852 799 servi
1892 760 2014 800 esse

467 845 758 901 ceperunt,
787 835 854 889 de
901 846 1058 902 pana
1082 834 1276 898 peccati
1320 832 1611 898 reperiatur
1636 841 1840 886 exorta.
1875 832 2014 886 Dixit

465 928 673 992 quidem
723 923 1043 988 Apostolus:
1077 919 1176 974 Per
1228 922 1517 974 cbaritatem
1572 923 1748 975 servile
1802 922 2012 974 invicem

467 1014 604 1084 (Cal.
640 1030 688 1076 v,
717 1012 826 1077 13);
849 1013 938 1065 scd
970 1026 1293 1080 nequaquam
1318 1011 1521 1065 diceret
1547 1026 1560 1063 :
1591 1010 1812 1064 Invicem
1841 1012 2012 1066 domi-

464 1102 680 1156 ttatnini.
712 1102 934 1153 I’Ossnnt
956 1103 1128 1167 itaque
1155 1099 1405 1168 conjttges
1435 1114 1526 1168 per
1550 1099 1861 1163 Charilatcm
1892 1113 2010 1153 ser-

461 1191 575 1243 tire
600 1189 851 1250 invicem;
880 1187 968 1239 sed
1011 1187 1281 1240 mulierem
1309 1201 1411 1240 non
1443 1184 1696 1253 permittit
1722 1187 2008 1252 Apostolus

460 1276 716 1329 dominari
749 1280 797 1329 in
829 1278 1014 1330 virum.
1067 1275 1198 1330 ﬂare
1215 1275 1355 1330 enim
1389 1277 1501 1329 viro
1528 1277 1702 1343 potius
1747 1276 2003 1331 sententia

460 1366 662 1428 detulit,
691 1376 742 1419 et
769 1367 984 1419 maritus
1014 1365 1204 1420 habere
1221 1365 1510 1418 dominium
1540 1365 2004 1430 meruitmulieris,

462 1474 563 1508 nun
596 1465 798 1520 natura,
843 1456 934 1511 sed
966 1456 1117 1524 culpa
1158 1473 1172 1507 :
1213 1457 1349 1524 quod
1402 1466 1574 1510 tamen
1605 1455 1704 1511 nisi
1732 1467 2003 1517 servetur,

459 1545 828 1611 depravabitur
871 1544 1095 1612 amplius
1142 1553 1195 1596 et
1222 1542 1495 1611 augebitur
1519 1545 1668 1611 culpa
1709 1547 1756 1597 ⁸.
1783 1562 1802 1595 ι
1847 1543 2006 1611 Figu-

459 1643 570 1686 rate
598 1645 769 1686 autem
795 1633 950 1687 verba
978 1634 1089 1686 lucc
1116 1632 1180 1685 ad
1211 1630 1494 1688 Ecclesium
1523 1632 1799 1704 conjugcm
1859 1634 2005 1690 vide-

464 1724 582 1777 licet
626 1725 815 1777 Christi
847 1721 873 1759 ι’
897 1723 1234 1785 conveniunt,
1283 1723 1430 1790 cujus
1457 1738 1705 1776 utrumme
1735 1735 1847 1793 post
1877 1739 1996 1778 rea-

2117 558 2380 614 fructuosa
2409 561 2576 626 nasci,
2613 570 2827 628 propter
2851 577 2969 618 eam
2992 563 3232 619 videlicet
3257 577 3414 632 quam
3431 564 3675 620 diximus

2115 661 2349 703 causam.
2383 647 2596 719 Hystice
2619 665 2746 705 vero
2777 661 2916 707 terra
2946 667 3064 720 qua:
3093 651 3143 704 in
3170 666 3330 720 opere
3351 655 3670 722 prmvaria-

2117 736 2270 790 tiouis
2299 738 2426 791 Adae
2451 737 2729 793 maledicta
2778 755 2898 796 esse
2923 740 3246 810 perhibetur,
3279 756 3382 796 non
3408 743 3514 796 a'ia
3558 758 3671 797 ωιμ

2115 827 2213 882 lius
2241 843 2394 896 quam
2415 843 2538 883 caro
2563 830 2835 896 accipitur.
2887 832 3122 902 Namque
3147 833 3325 902 spinas
3343 832 3452 902 jam
3471 840 3532 887 et
3571 835 3668 888 tri.

2114 915 2265 969 bnlos
2288 917 2544 984 germinat
2596 919 2771 982 nobis,
2800 921 2917 988 quia
2949 935 3040 983 per
3085 921 3259 975 carnis
3283 925 3668 990 concupiscen-

2115 1006 2236 1058 tiam
2265 1006 2557 1075 propagati,
2588 1008 2898 1074 punctiones
2921 1019 2973 1063 et
3015 1009 3274 1064 incentiva
3302 1010 3556 1065 vitiorum
3600 1009 3670 1067 de

2111 1093 2222 1162 ipsa
2253 1107 2414 1146 carne
2435 1077 2679 1161 patimur.

2179 1184 2244 1238 In
2269 1185 2458 1241 sudore
2475 1192 2638 1242 vultus
2666 1188 2739 1241 tui
2755 1190 2962 1243 vesceris
2993 1206 3120 1256 pane
3147 1190 3305 1244 donec
3325 1192 3595 1266 revertaris
3612 1190 3666 1246 ἢ

2108 1272 2290 1328 terram
2317 1277 2379 1328 de
2407 1293 2504 1343 qua
2531 1287 2756 1346 sumptus
2799 1295 2873 1345 es,
2918 1277 3039 1348 quia
3081 1281 3248 1345 pulvis
3267 1295 3318 1332 es
3345 1289 3390 1332 et
3413 1281 3467 1333 in
3487 1281 3666 1349 pulu-

2107 1378 2211 1417 rem
2238 1368 2509 1420 reverteris.
2545 1367 2693 1420 Illum
2750 1367 2832 1420 hic
2881 1383 3068 1436 panem
3133 1368 3366 1436 intelligo
3393 1368 3500 1436 qui
3533 1370 3608 1422 ait
3645 1387 3661 1422 :

2107 1451 2219 1520 Ego
2247 1471 2357 1508 smn
2377 1457 2520 1520 panis
2540 1458 2673 1520 vitat,
2706 1458 2794 1526 qui
2819 1459 2881 1512 ds
2907 1463 3031 1512 ccta
3077 1459 3312 1512 descendi
3361 1458 3542 1527 (Joan.
3584 1473 3662 1523 tv,

2106 1543 2220 1608 5t);
2246 1560 2350 1610 quo
2376 1546 2425 1597 in
2456 1547 2646 1599 sudore
2677 1547 2861 1600 vultus
2900 1549 3065 1602 nostri
3107 1548 3390 1610 vescimur,
3443 1550 3567 1614 quia
3597 1549 3672 1602 ad

2104 1644 2444 1702 conspectum
2473 1635 2666 1689 divina
2715 1636 3066 1701 celsitudinis,
3105 1651 3206 1690 non
3251 1636 3351 1691 uisi
3398 1652 3492 1706 per
3518 1637 3663 1692 labo-

2105 1737 2216 1776 rem
2238 1725 2546 1778 oecessarite
2568 1725 2871 1779 afﬂictionis
2893 1727 3248 1780 ascendimus.

457 1825 563 1866 tum
617 1813 796 1882 prima:
851 1815 1292 1887 praevaricationis
1345 1789 1752 1882 multiplicantur
1801 1813 1852 1867 in
1903 1815 2001 1871 hac
2034 1789 2080 1848 Β
2175 1811 2240 1864 Et
2266 1814 2454 1866 vocavit
2481 1814 2644 1867 Adam
2667 1830 2846 1868 nomen
2893 1819 3065 1869 uxoris
3115 1832 3222 1869 sua
3269 1815 3397 1880 Eva,
3439 1833 3501 1871 eo
3531 1819 3660 1884 quod

453 1906 579 1966 vita,
629 1915 681 1958 ut
727 1907 791 1957 ad
846 1908 1002 1958 vitam
1050 1916 1351 1973 perpetuam
1401 1907 1648 1974 castigata
1705 1911 1998 1974 perveniat;

459 1995 866 2062 multiplicantur
893 2007 945 2048 et
971 2005 1274 2061 conceptus,
1297 2010 1414 2049 cum
1447 1996 1733 2060 spiritalem
1784 1997 1894 2051 Deo
1916 2011 2002 2051 so-

457 2086 626 2140 bolem
669 2087 997 2154 prardit-ando
1025 2101 1088 2138 ac
1127 2097 1268 2140 recte
1294 2086 1514 2140 vivendo
1541 2088 1754 2156 gignere
1778 2090 1996 2156 satagit;

455 2174 593 2227 unde
622 2175 789 2228 eidem
829 2190 938 2229 suae
963 2176 1128 2228 soboli
1178 2191 1270 2240 per
1309 2176 1574 2244 egregium
1606 2179 1999 2244 praedicatorem

450 2266 639 2317 dicitur
659 2281 670 2316 :
689 2262 865 2317 Filioli
891 2267 1006 2327 mei,
1037 2282 1158 2335 quos
1181 2266 1358 2318 iterum
1384 2269 1608 2334 parturio
1625 2270 1782 2319 donec
1811 2268 1999 2330 forme-

451 2367 532 2405 tur
562 2353 783 2406 Christus
804 2354 861 2406 its
875 2355 1008 2406 vobis
1037 2351 1176 2418 (Gul.
1211 2369 1285 2418 tv,
1319 2355 1427 2421 l9).
1464 2353 1606 2407 Parit
1633 2355 1685 2407 in
1709 2353 1893 2408 dolore
1932 2357 1997 2408 li-

456 2447 570 2508 lios,
602 2461 718 2499 cum
743 2445 962 2516 sollicita
1017 2446 1220 2506 metuit,
1277 2459 1342 2497 ne
1386 2444 1516 2496 sicut
1544 2459 1760 2511 serpens
1786 2445 1995 2500 seduxit

452 2533 608 2587 Ewm
635 2536 824 2586 astutia
870 2547 983 2595 sua,
1019 2533 1085 2586 ita
1125 2545 1526 2601 corrumpantur
1563 2547 1749 2587 sensus
1786 2549 1992 2599 eorum,

446 2635 500 2678 et
544 2625 840 2677 etritlanta
881 2623 1215 2688 simplicitate
1238 2637 1356 2690 qua:
1397 2632 1478 2675 νει
1523 2623 1572 2675 in
1603 2621 1830 2676 Christo.
1877 2625 1997 2692 Agit

449 2719 546 2769 sub
570 2715 665 2767 viri
690 2721 965 2781 potestate,
997 2713 1116 2780 quia
1157 2713 1318 2766 servit
1375 2712 1594 2766 Domino
1621 2715 1671 2766 in
1721 2716 1997 2789 timoreet

445 2807 668 2859 exsultat
698 2807 745 2858 ei
777 2821 876 2857 non
909 2803 958 2855 in
981 2803 1280 2867 securitate,
1312 2803 1403 2857 sed
1431 2819 1551 2858 cum
1583 2813 1842 2858 tremore:
1873 2804 1990 2868 cui,

428 2897 492 2950 .si
525 2912 786 2962 nunquam
820 2905 1106 2964 peccasset,
1136 2897 1248 2948 solo
1269 2910 1466 2949 secune
1497 2895 1796 2948 dilectionis
1831 2909 1994 2963 c0pu.

447 2991 639 3042 lz-retnr
664 2987 925 3054 amplexu.
960 2989 1020 3040 Et
1045 2986 1157 3054 ipse
1199 2985 1556 3040 dominabitur
1583 2985 1718 3053 ejus,
1748 2985 1990 3039 carnales

443 3079 557 3146 ejus
610 3077 858 3131 tohibens
905 3087 1098 3142 motus,
1167 3091 1387 3142 eamque
1439 3076 1501 3128 ad
1545 3085 1567 3113 ο
1599 3075 1982 3142 perceptionem
2011 3109 2058 3170 ϐ

444 3171 564 3220 vit:e
591 3169 818 3222 scelestis
845 3170 1092 3220 continuo
1119 3164 1718 3232 superuminsﬁtutionis
1732 3164 1986 3218 exercitio

443 3258 751 3328 provehens,
786 3271 813 3307 a
846 3254 1020 3324 quasi
1050 3269 1309 3321 nunquam
1337 3254 1661 3317 recessisset,
1696 3250 1844 3306 socia
1867 3269 1984 3306 cum

442 3351 543 3402 illo
559 3363 768 3413 semper
795 3347 1030 3399 libertate
1055 3353 1317 3412 regnaret.

509 3440 631 3492 Adae
662 3452 774 3490 vero
800 3437 926 3490 dixit
955 3452 971 3488 :
1005 3435 1136 3499 Quia
1166 3435 1352 3486 audisti
1383 3447 1547 3485 vocem
1577 3434 1752 3484 uxoris
1776 3443 1893 3495 tum,
1940 3442 1986 3484 et

438 3529 689 3582 comedisti
739 3527 800 3578 de
844 3526 981 3591 ligno
1009 3540 1072 3576 ea:
1107 3540 1204 3590 quo
1255 3521 1699 3591 prtereperamvlibi
1737 3537 1798 3573 ne
1819 3536 1984 3572 come-

437 3621 595 3679 ἀει-ιιι,
616 3616 744 3666 male
769 3615 876 3665 ’ὅσια
899 3624 1025 3665 terra
1043 3614 1091 3663 in
1111 3627 1257 3675 ap-‘re
1280 3621 1383 3661 tuo.
1407 3609 1468 3661 In
1499 3609 1748 3663 laboribus
1760 3611 1984 3663 comedas

437 3723 546 3761 eam
576 3704 764 3757 cunctis
791 3701 958 3753 diebus
996 3701 1102 3751 vita
1133 3712 1250 3762 tum,
1283 3698 1451 3766 spinas
1479 3707 1525 3749 et
1554 3699 1760 3749 tribulos
1803 3701 1984 3766 germi-

440 3799 571 3850 nnbit
603 3797 710 3856 tibi,
739 3803 784 3844 et
808 3791 1029 3844 rom-des
1047 3792 1121 3842 Ite.-
1135 3789 1220 3841 bas
1247 3801 1408 3853 terra,
1442 3797 1543 3841 etc.
1572 3808 1590 3838 ι
1637 3788 1743 3843 llus
1782 3804 1898 3843 esse
1931 3792 1981 3842 in

439 3889 575 3938 terra
609 3883 813 3934 labores
865 3879 1075 3932 humani
1104 3877 1310 3944 petieris
1337 3879 1454 3942 quis
1502 3877 1726 3944 ignorat,
1758 3888 1810 3931 et
1864 3879 1980 3947 quia

439 3990 540 4028 non
570 3983 746 4026 essent
774 3973 814 4022 si
839 3968 1057 4022 felicitas
1095 3980 1211 4032 qtuu
1242 3964 1292 4017 in
1326 3964 1570 4029 paradiso
1624 3965 1798 4021 fuerat
1838 3978 1986 4023 tene-

437 4059 662 4115 retur“?
693 4061 791 4113 Per
811 4067 1081 4126 peccatum
1110 4055 1247 4126 enim
1278 4055 1507 4108 hominis
1537 4067 1674 4110 terra
1707 4058 1982 4111 maledicta

407 4154 538 4220 ‘cst,
562 4161 618 4204 ut
669 4151 843 4218 spinas
873 4158 1098 4216 pareret,
1146 4155 1343 4227 nonut
1393 4146 1504 4215 ipsa
1556 4163 1736 4215 [urnas
1767 4150 1985 4203 sentiret

435 4255 552 4309 qua!
571 4239 684 4291 sine
701 4253 859 4290 sensu
887 4249 990 4302 εει,
1021 4235 1112 4290 sed
1149 4245 1206 4288 ut
1261 4237 1459 4303 peccati
1517 4236 1726 4290 humani
1775 4240 1978 4292 crimen

437 4345 644 4397 semper
666 4327 963 4381 hominibus
991 4337 1109 4380 ante
1137 4327 1317 4380 oculos
1341 4336 1575 4392 poneret,
1601 4343 1705 4394 quo
1733 4329 1982 4384 admOueo

2103 1907 2263 1952 mater
2286 1908 2412 1953 esset
2443 1909 2729 1953 cunctorum
2751 1903 3035 1955 viventium.
3066 1903 3132 1957 Et
3149 1904 3247 1956 hoc
3275 1919 3467 1959 nomen
3490 1906 3656 1959 Adam

2099 1984 2278 2040 divino
2321 1988 2573 2041 instinctu
2599 2000 2808 2042 constat
2855 1992 3005 2044 uxori
3056 2005 3164 2044 suae
3218 1995 3476 2060 posuisse,
3518 1994 3660 2061 quod

2099 2077 2366 2144 aptissime
2392 2081 2630 2147 congruit
2674 2080 2920 2135 Ecclesia
2943 2093 3158 2147 sanctae,
3211 2084 3260 2136 in
3291 2085 3444 2150 cujus
3487 2087 3656 2137 solum

2100 2167 2318 2230 unitate‘,
2348 2183 2463 2235 quin
2502 2170 2757 2223 catholica
2799 2181 3031 2235 vocatur,
3079 2172 3203 2245 vitae
3251 2173 3458 2226 cunctis
3494 2173 3656 2242 janua

2101 2263 2258 2323 patet.

2168 2344 2412 2416 Fecitque
2448 2347 2695 2403 Dominus
2741 2349 2873 2404 Deus
2896 2350 3019 2404 Aria:
3062 2361 3107 2405 et
3135 2368 3277 2405 uxori
3304 2369 3416 2421 ejus
3459 2357 3656 2406 tunicas

2096 2439 2341 2508 pellicias,
2365 2448 2411 2493 et
2439 2440 2603 2492 induit
2626 2457 2726 2494 eos.
2779 2441 2843 2494 Et
2897 2442 2996 2495 hoc
3051 2443 3450 2509 signiﬁcationis
3483 2436 3659 2510 gratia

2097 2529 2288 2582 factum
2322 2539 2423 2592 est,
2481 2531 2571 2582 sed
2605 2541 2782 2585 tamen
2813 2532 3030 2585 factum.
3079 2533 3204 2585 ham
3235 2532 3537 2600 huiusmodi
3570 2534 3654 2587 in-

2094 2604 2351 2670 dumento'
2372 2618 2626 2672 Dominus
2647 2634 2739 2672 eos
2766 2621 3014 2675 mortales
3036 2621 3144 2688 iam
3175 2621 3339 2676 factos
3370 2621 3532 2676 fuisse
3569 2624 3653 2675 iu-

2092 2707 2299 2770 sinuat;
2329 2709 2490 2772 pelles
2519 2711 2727 2776 quippe,
2759 2726 2874 2778 qua:
2905 2726 3006 2763 non
3039 2711 3138 2764 nisi
3173 2713 3393 2765 mortuis
3425 2714 3651 2780 pecudi-

2092 2793 2191 2847 bus
2227 2795 2627 2857 subtrahuntur,
2683 2799 2866 2867 mortis
2913 2799 3130 2868 ﬁguram
3157 2803 3450 2855 continent.
3497 2802 3577 2856 Ita
3621 2811 3648 2840 θ

2091 2901 2210 2940 cum
2243 2898 2427 2941 contra
2452 2900 2774 2956 praeceptum
2805 2906 2907 2944 non
2942 2893 3234 2946 imitatione
3263 2893 3518 2961 legitima,
3559 2894 3658 2948 sed

2089 2977 2264 3030 illicita
2294 2978 2537 3044 superbia
2592 2978 2728 3032 Deus
2770 2995 2888 3034 esse
2915 2982 3114 3048 appetit
3159 2982 3339 3045 homo,
3389 2997 3557 3048 usque
3587 2981 3652 3034 ad

2091 3066 2380 3121 belluarnm
2411 3064 2786 3123 mortalitatem
2817 3069 3053 3137 dejeetus
3080 3078 3179 3123 est.
3214 3071 3279 3122 Et
3307 3070 3518 3138 quidem
3542 3071 3654 3136 ipsi

2089 3156 2189 3209 sibi
2219 3157 2448 3211 iecerant
2496 3149 2813 3225 perizomata
2863 3158 2930 3210 de
2963 3158 3102 3211 foliis
3138 3156 3244 3221 fici.
3302 3160 3490 3227 quibus
3547 3175 3650 3228 pu-

2091 3248 2258 3300 denda
2291 3258 2558 3315 tegerent:
2595 3248 2687 3301 sed
2711 3249 2846 3301 Deus
2876 3249 2999 3302 facit
3029 3250 3131 3309 illis
3161 3250 3363 3304 tunicas
3385 3249 3648 3318 pellicias,

2088 3339 2275 3402 quibus
2295 3353 2451 3391 omne
2474 3352 2667 3403 corpus
2696 3340 2902 3392 illorum
2936 3340 3152 3393 induat:
3182 3345 3302 3408 quia
3353 3341 3479 3410 ipsi,
3520 3357 3649 3410 per-

2087 3427 2193 3479 dita
2245 3442 2336 3494 per
2387 3428 2868 3496 praevaricationem
2906 3430 3070 3496 gloria
3123 3432 3452 3494 innocentius,
3502 3449 3651 3497 pra-

2091 3517 2367 3570 tenderuot
2393 3518 2492 3571 sibi
2545 3519 2780 3572 velamen
2803 3523 3158 3576 excusationis
3184 3563 3199 3588 ,
3231 3531 3334 3590 quo
3359 3539 3503 3578 suam
3535 3525 3656 3578 cul-

2090 3624 2205 3677 pant
2236 3610 2285 3662 in
2311 3607 2646 3662 Conditorem
2680 3609 3106 3664 transiunderent
3134 3631 3146 3664 ε
3180 3622 3234 3667 et
3285 3615 3396 3682 ipse
3448 3614 3651 3669 Condi-

2089 3708 2170 3752 tnr
2195 3698 2310 3750 illos
2331 3713 2424 3766 per
2445 3698 2760 3752 sententiam
2783 3701 2905 3766 justi
2927 3700 3130 3769 judicii,
3153 3699 3172 3740 ί
3207 3703 3379 3756 ablato
3407 3714 3545 3757 statu
3579 3708 3655 3759 vi-

2090 3796 2157 3840 tae
2179 3788 2536 3857 immutabilis.
2563 3788 2619 3840 in
2660 3791 2831 3842 anima
2859 3789 3012 3843 simul
3055 3800 3109 3845 et
3163 3806 3323 3846 carne
3359 3776 3653 3850 .mulctavit

2089 3891 2238 3948 ιιιειιει
2264 3875 2616 3926 mortalitatis.
2647 3875 2835 3928 Narrat
2865 3889 3039 3930 autem
3075 3879 3384 3948 Evangeliea
3415 3883 3644 3948 parabo-

2088 3946 2138 4016 la
2158 3965 2276 4030 quia
2307 3965 2421 4031 pius
2451 3974 2596 4032 pater
2623 3968 2899 4019 revertenti
2927 3967 2992 4020 ad
3043 3983 3100 4021 se
3129 3946 3243 4035 perv
3271 3946 3637 4034 paenitentiam

2087 4056 2194 4108 filio
2224 4057 2493 4109 luxurioso
2547 4055 2681 4109 inter
2711 4057 2810 4108 alia
2859 4072 3072 4111 munera
3102 4060 3256 4112 etiam
3311 4060 3497 4114 stolam
3532 4062 3645 4129 pri~

2086 4160 2222 4198 mam
2257 4145 2498 4210 proferri,
2531 4151 2587 4196 et
2616 4160 2735 4199 eum
2767 4146 2908 4200 indui
2935 4148 3204 4214 prsccepit,
3251 4150 3470 4219 mystice
3509 4151 3642 4205 iusi-

2085 4249 2252 4288 nnans
2280 4235 2415 4302 quod
2446 4236 2596 4306 electi
2633 4237 2866 4290 habitum
2919 4239 3353 4309 immortalitatis,
3386 4256 3544 4310 quem
3586 4244 3641 4299 in

2085 4325 2250 4378 Adam
2300 4323 2350 4376 in
2405 4325 2629 4376 exordio
2650 4328 2827 4378 smeuli
2855 4327 3214 4395 perdiderunt,
3245 4329 3297 4384 in
3326 4330 3428 4386 line
3454 4333 3640 4389 secuti

438 4432 616 4476 rentur
651 4416 930 4486 aliquando
957 4416 1119 4468 averti
1147 4429 1176 4466 a
1201 4417 1446 4482 peccatis,
1479 4425 1531 4470 et
1558 4419 1623 4472 ad
1659 4419 1746 4471 Dei
1782 4434 1978 4484 prece-
2015 4434 2059 4492 ι)
2085 4414 2189 4466 sint
2218 4414 2476 4478 recepturi
2528 4413 2579 4466 in
2623 4414 2853 4481 Christo,
2896 4427 2949 4471 et
2985 4419 3195 4486 quidem
3247 4422 3486 4489 ampliori
3512 4437 3639 4489 gra-

437 4523 520 4576 pta
540 4507 792 4562 eouverti.
819 4505 944 4557 Nam
967 4511 1019 4555 et
1048 4502 1224 4555 herba:
1263 4518 1539 4558 venenosze
1566 4506 1629 4556 ad
1664 4521 1870 4573 pinnam
1897 4507 1980 4560 vel

437 4601 500 4652 ad
533 4597 955 4650 exercitationem
985 4593 1282 4646 mortalium
1309 4602 1498 4646 creata
1520 4602 1660 4645 sunt.
1689 4594 1749 4645 Et
1769 4595 1867 4646 hoc
1891 4610 1982 4645 ιιυ-

436 4691 646 4743 tandmn
677 4695 888 4755 propter
917 4697 1208 4756 peccatum,
1241 4683 1360 4752 quia
1408 4686 1656 4736 mortales
1691 4692 1804 4749 post
1863 4697 1986 4745 rec-

435 4790 614 4833 entum
637 4776 755 4830 facti
785 4757 980 4829 sumus.
1014 4775 1112 4827 Per
1150 4775 1497 4826 infructuosae
1524 4787 1731 4840 quoque
1761 4773 1980 4825 arbores

435 4866 1066 4931 insultatur.hominibus,
1109 4878 1163 4917 nt
1203 4866 1493 4933 intelligant
1548 4878 1705 4932 quam
1753 4864 1820 4916 sit
1863 4878 1984 4916 ern-

433 4958 748 5013 bescendum
779 4955 892 5010 sine
914 4955 1082 5008 l'ructu
1112 4956 1365 5007 bonorum
1382 4969 1600 5020 operum
1631 4969 1750 5008 esse
1778 4955 1827 5006 in
1858 4968 1984 5018 agro

357 5069 364 5074 π
433 5047 545 5112 Dei,
577 5048 677 5101 hoc
702 5055 782 5101 est
806 5047 856 5100 in
881 5044 1135 5108 Ecclesia,
1171 5054 1223 5098 et
1251 5051 1309 5096 ut
1337 5043 1552 5095 timeant
1577 5055 1642 5096 ne
1670 5042 1883 5094 deserat
1922 5042 1984 5094 il-

433 5141 511 5193 los
542 5140 700 5198 Deus,
730 5138 848 5207 quia
892 5146 946 5188 et
967 5135 1063 5204 ipsi
1091 5137 1141 5187 in
1167 5133 1307 5204 agris
1323 5132 1432 5186 suis
1459 5129 1808 5185 infructuosus
1829 5131 1984 5185 arbo-

433 5243 516 5280 res
542 5229 808 5289 desernnt,
856 5241 953 5279 nec
1001 5225 1226 5291 aliquam
1280 5222 1536 5276 culturam
1581 5219 1658 5275 cis
1705 5221 1978 5277 adhibent.

433 5323 567 5372 Ante
587 5327 854 5385 peccatum
879 5331 1008 5382 ergo
1035 5314 1264 5366 hominis
1290 5328 1394 5365 tton
1438 5321 1520 5367 est
1547 5311 1800 5380 scriptum
1843 5312 1980 5378 quod

434 5416 565 5459 terra
592 5405 864 5472 protulerit
891 5403 987 5456 nisi
1019 5402 1232 5455 herbam
1259 5401 1428 5470 pabuli
1459 5411 1508 5455 et
1526 5400 1665 5470 ligna
1694 5399 1976 5468 fructuosa;

498 5563 521 5590 ι
559 5556 689 5617 Aug.
717 5550 868 5612 ibid.,
897 5565 1012 5617 cap.
1041 5551 1114 5604 5⁷.

499 5624 522 5656 ¹’
558 5626 666 5683 ΛΙἾ
691 5621 910 5672 veniunt.

503 5705 520 5728 θ
555 5694 665 5754 ΑΙ.⁴
695 5689 1045 5754 ret‘epliunettt.

2087 4508 2176 4559 tia.
2206 4506 2332 4557 Nam
2367 4505 2529 4558 Adam
2577 4506 2654 4559 ita
2687 4508 2996 4563 immortalis
3025 4512 3191 4563 lactus
3223 4522 3327 4575 est,
3357 4520 3412 4565 ut
3457 4522 3642 4580 posset

2086 4611 2187 4646 non
2214 4595 2367 4657 mori,
2399 4595 2443 4650 si
2474 4608 2795 4665 praeceptum
2826 4603 3094 4653 servaret:
3127 4599 3220 4654 lilii
3251 4609 3424 4656 autem
3456 4616 3636 4658 resur-

2085 4682 2331 4735 rectionis
2362 4684 2429 4737 ita
2453 4691 2611 4738 erunt
2639 4685 2981 4746 immortales.
3011 4699 3066 4741 ut
3091 4704 3186 4744 nec
3212 4691 3343 4745 mori
3366 4673 3664 4761 unqnatn.’

2087 4786 2183 4824 nec
2210 4784 2350 4825 metu
2409 4777 2592 4828 mortis
2622 4778 2824 4843 possint
2863 4778 3023 4833 afﬁci.
3056 4778 3128 4832 De
3157 4780 3310 4847 cujus
3336 4782 3640 4849 ηαριὶοω

2086 4854 2233 4915 stula
2256 4862 2720 4930 dicitApostolus:
2757 4868 2960 4936 Oportet
3009 4870 3141 4922 enim
3175 4871 3492 4939 corraptibils
3535 4871 3636 4927 hac

2083 4951 2292 5003 induere
2335 4953 2780 5020 incorruptionem,
2809 4967 2854 5010 et
2893 4957 3106 5013 mortale
3152 4960 3246 5012 hoc
3291 4960 3496 5016 indum
3535 4963 3660 5020 ho.

2084 5040 2436 5093 mortalitatem
2467 5041 2512 5112 (Ι
2541 5043 2876 5112 Cor.xv,55):
2909 5048 2995 5101 ubi
3029 5047 3250 5102 induere
3280 5059 3453 5115 sonat,
3485 5053 3635 5108 abla-

2085 5137 2188 5181 tum
2221 5129 2398 5198 utique
2427 5132 2684 5202 signiticat
2714 5137 3027 5198 nuditatem,
3079 5151 3233 5202 quam
3265 5137 3434 5194 Adam
3481 5143 3540 5201 in
3572 5161 3632 5202 se

2082 5229 2134 5273 et
2155 5219 2261 5274 Eva
2293 5231 2409 5287 post
2435 5235 2705 5289 peccatum
2733 5227 2962 5293 agnitam
2988 5223 3384 5283 erubescebant.

2154 5310 2215 5364 Et
2241 5313 2311 5364 ait
2340 5327 2358 5365 :
2387 5311 2516 5366 Ecce
2553 5313 2714 5366 Adam
2742 5314 2906 5380 factus
2931 5323 3004 5366 est
3043 5315 3186 5382 quasi
3213 5330 3344 5370 unus
3383 5333 3448 5372 ea;
3471 5322 3634 5384 nobis,

2079 5403 2237 5458 sciens
2269 5403 2452 5456 bonum
2480 5413 2527 5455 et
2549 5403 2757 5456 malum.
2787 5403 2857 5456 Dc
2877 5402 2977 5457 hoc
2992 5403 3047 5460 S.
3073 5404 3430 5475 Augustinus:
3455 5425 3478 5461 v
3497 5411 3637 5479 Quo-

2150 5557 2173 5592 d
2210 5559 2340 5623 Aug.
2366 5554 2515 5614 ibid.,
2548 5570 2598 5608 c.
2630 5553 2716 5608 58.

2156 5629 2177 5654 °
2205 5625 2306 5685 .\l.,
2335 5623 2409 5673 illi
2435 5624 2521 5688 qui
2545 5635 2738 5681 rontra.

2161 5688 2178 5726 ί
2206 5696 2309 5756 AL,
2369 5692 2554 5747 oblato.
