3866 6248
211 409 272 464 6|
1449 403 1769 470 ΗΕΧΛΕΜΕ

1879 404 1916 456 .‘i
1960 400 2085 458 LIB.
2125 403 2162 458 Ι.
3248 360 3252 364 ”
3335 409 3404 468 σε

207 517 373 582 niam,
423 516 609 586 inquit.
642 530 732 583 fer
759 513 1028 583 quodlibet
1053 523 1106 567 et
1127 513 1522 583 quomodolibet
1549 514 1745 568 dictum
1780 517 1826 573 Α
1852 523 1990 594 ctum
2020 526 2160 573 esse,
2197 511 2297 564 nisi
2324 511 2441 580 quia
2473 511 2732 580 significat
2760 511 2953 582 aliquid
2976 515 3135 569 etiam
3162 516 3229 571 de
3247 520 3390 587 spiri-

206 603 300 668 sit,
327 605 464 660 lleus
505 615 677 659 tamen
720 603 872 666 dixit,
900 617 1002 656 non
1031 604 1181 656 aliter
1229 603 1622 670 intelligendum
1652 612 1750 665 est,

207 694 348 762 quod
376 695 451 748 ait
477 709 607 749 anas
626 709 689 746 ea:
713 693 873 757 nobis,
896 691 992 745 a‘si
1014 700 1223 761 propter
1235 691 1545 746 Trinitatem
1574 707 1757 745 autne-

209 786 301 838 rns
325 768 544 854 piutalis
557 784 867 854 accipiatur,
885 784 1020 838 sicut
1038 783 1234 837 dictum
1255 794 1368 837 erat
1384 781 1658 838 Faciamus
1679 786 1760 838 ho-

209 874 569 935 minemsicut
593 878 749 929 etiam
774 873 1024 926 Dominus
1050 873 1116 926 de
1142 886 1200 942 se
1225 884 1275 924 et
1301 873 1760 928 Patreszismns

211 965 280 1014 ad
321 980 456 1030 eum,
500 975 546 1016 et
586 962 893 1014 mansionem
932 962 1069 1032 apud
1113 977 1226 1016 eum
1269 962 1524 1031 faciemns'
1560 960 1757 1030 (Icari.

213 1050 343 1120 ειν).
376 1050 694 1118 Replicatom
722 1059 804 1104 est
830 1049 984 1118 igitur
1011 1051 1062 1104 in
1092 1059 1245 1114 caput
1269 1050 1476 1113 superbi
1499 1065 1604 1118 quo
1643 1066 1707 1104 ea
1730 1076 1758 1091 -

215 1152 271 1195 tu
302 1142 658 1208 concupiverit
686 1139 871 1209 quoda
898 1147 1142 1208 serpente
1170 1150 1470 1207 suggestum
1498 1146 1582 1193 est
1603 1137 1760 1193 Erilis

211 1232 342 1285 sicut
387 1231 480 1284 dii.
532 1228 677 1294 Ecce,
724 1229 910 1300 inquit,
939 1229 1102 1283 Adam
1148 1231 1309 1298 {actas
1337 1240 1407 1282 est
1449 1230 1578 1282 sicut
1633 1245 1761 1298 unus

212 1319 453 1373 exustis.
485 1317 651 1372 Verba
672 1318 810 1371 enim
832 1326 953 1373 sunt
983 1317 1095 1370 haec
1117 1316 1231 1383 Dei,
1257 1331 1359 1370 non
1389 1325 1493 1370 tam
1518 1316 1567 1369 ei
1600 1316 1762 1370 insul-

215 1411 395 1474 tantis,
426 1422 580 1476 quam
610 1416 832 1462 ceteros
860 1406 928 1460 ita
966 1420 1032 1460 ne
1053 1406 1357 1473 superbiant
1401 1405 1757 1470 deterrentis;

217 1509 431 1566 propter
450 1513 582 1566 quos
602 1498 698 1552 ista
728 1497 987 1565 descripta
1012 1507 1135 1550 sunt
1161 1511 1177 1551 :
1205 1495 1396 1549 Factus
1440 1505 1533 1562 est,
1573 1495 1757 1564 inquit,

212 1603 455 1661 tanquam
475 1607 602 1646 unus
629 1605 690 1644 ex
726 1590 885 1654 nobis,
912 1591 1076 1644 sciens
1104 1589 1284 1644 bonum
1310 1599 1356 1642 et
1381 1589 1591 1642 malum.
1628 1588 1760 1656 Quid

212 1678 353 1735 aliud
382 1680 768 1749 intelligendum
794 1679 894 1733 nisi
921 1678 1216 1745 exemplum
1248 1679 1448 1732 timoris
1472 1676 1760 1731 incutiendi

212 1785 335 1824 esse
364 1769 721 1839 propositum?
749 1771 869 1838 quia
899 1784 1004 1824 non
1031 1771 1200 1823 solum
1229 1784 1331 1823 non
1379 1770 1537 1823 fuerit
1591 1771 1762 1823 factus

1860 603 1945 654 tali
1999 601 2270 668 paradiso,
2336 617 2439 654 non
2493 611 2575 656 est
2631 601 2809 669 utique
2857 605 3201 660 dubitandum
3255 621 3274 648 ε
3323 626 3389 664 :t

1858 706 1972 758 quae
1999 692 2157 744 etiam
2188 691 2424 745 custodia
2451 691 2584 746 bene
2621 691 2882 746 versatilis
2920 709 3039 749 esse
3069 711 3410 752 asseverator

1861 796 1953 847 pro
1977 795 2039 834 eo
2063 781 2198 845 quod
2239 781 2549 849 quandoque
2597 785 2799 837 veniret
2849 791 3074 851 tempus,
3128 794 3188 838 ut
3240 788 3402 841 etiam

1861 872 2117 924 removeri
2141 872 2413 936 potuisset.
2450 871 2668 927 Remota
2721 882 2802 925 est
2841 885 3086 940 namque,
3138 871 3319 927 Enoeb
3368 888 3393 924 ηε

1863 960 2225 1028 peccatoribus
2249 960 2535 1025 translato;
2566 970 2789 1026 remota,
2837 960 2950 1014 Elia
2983 964 3032 1015 in
3059 977 3216 1015 curru
3246 964 3406 1030 igneo

1863 1058 2043 1116 rapto;
2071 1063 2267 1104 remota
2295 1051 2539 1104 omnibus
2567 1051 2771 1113 electis,
2800 1066 2941 1119 cum,
2976 1051 3197 1107 Domino
3228 1052 3402 1119 bapti—

1862 1148 1999 1202 zato,
2049 1139 2214 1204 aperti
2239 1144 2361 1190 sunt
2383 1139 2430 1192 ei
2459 1140 2616 1197 cmli:
2645 1149 2844 1192 remota
2873 1139 2995 1193 item
3033 1141 3247 1208 singulis
3295 1141 3406 1196 ele-

1863 1227 1986 1290 ctis,
2035 1239 2156 1279 cum
2203 1225 2442 1296 baptismi
2484 1228 2626 1280 fonte
2674 1227 2947 1293 lavantur;
2989 1239 3188 1282 remota
3221 1227 3406 1283 iisdem

1864 1316 2168 1385 perfectius,
2191 1332 2307 1371 cum
2335 1318 2493 1371 soluti
2521 1334 2549 1370 a
2577 1317 2802 1372 vinculis
2823 1320 2884 1370 ad
2910 1320 3143 1373 celestis
3180 1319 3406 1385 paradisi

1861 1406 2087 1476 gloriam
2115 1422 2211 1461 suo
2237 1411 2429 1477 quique
2459 1416 2692 1476 tempore
2721 1408 3100 1462 conscendunt.
3133 1400 3269 1462 Item.
3288 1410 3405 1477 quia

1862 1495 2133 1551 cherubim
2161 1497 2397 1551 scientia:
2425 1496 2724 1561 multitudo,
2754 1495 2864 1549 sive
2892 1496 3110 1549 scientia
3141 1498 3402 1563 multipli-
3443 1539 3448 1542 .

1861 1598 1977 1639 cata
2009 1588 2400 1652 interpretatur,
2437 1586 2571 1640 bene
2599 1586 2871 1639 cherubim
2904 1595 2958 1638 et
2986 1584 3258 1638 ﬂammeus
3287 1588 3399 1656 gla-

1861 1679 1979 1733 dius
2002 1680 2064 1732 ad
2095 1678 2489 1732 custodiendam
2519 1679 2652 1731 viam
2687 1679 2807 1746 ligni
2840 1678 2957 1730 vita:
2976 1675 3262 1728 collocatus
3290 1688 3408 1729 esse

1866 1773 2214 1841 perhibetur:
2269 1775 2392 1842 quia
2445 1771 2690 1826 nimirum
2741 1786 2832 1839 per
2879 1756 3207 1836 disciplinam
3253 1769 3404 1823 nobis

212 1863 386 1930 qualis
415 1838 526 1915 fieri
555 1860 801 1925 voluerit,
823 1861 914 1914 sed
945 1876 1042 1915 nec
1068 1860 1193 1914 illud
1217 1861 1352 1928 quod
1389 1860 1563 1914 factus
1593 1859 1760 1915 fuerat
1791 1838 1838 1899 Β
1864 1838 2096 1918 ὲοίοιιιίηι
2117 1838 2370 1928 ccclesiis,
2401 1872 2453 1917 et
2481 1879 2572 1930 per
2595 1862 2826 1915 laborem
2877 1860 3218 1914 alflictionum
3269 1868 3407 1913 tem-
3497 1916 3500 1920 ,

213 1952 622 2005 conservaverit.
682 1950 757 2004 De
787 1950 885 2004 hoc
909 1950 1015 2003 alio
1066 1949 1181 2003 loco
1213 1968 1225 2002 ε
1258 1949 1366 2004 Nec
1395 1950 1482 2003 Dei
1510 1953 1765 2004 conliten-

215 2041 304 2106 tis,
354 2040 548 2109 inquit,
579 2042 737 2095 verba
766 2050 907 2107 sunt,
940 2043 1030 2096 sed
1058 2043 1227 2107 potius
1283 2043 1649 2108 exprobrantis
1679 2052 1759 2096 ει.»

218 2131 351 2185 Ecce
378 2132 538 2184 Adam
567 2134 729 2201 [actus
756 2139 826 2183 est
852 2133 995 2199 quasi
1016 2145 1141 2183 unus
1176 2145 1238 2182 ea:
1261 2129 1424 2194 nobis,
1454 2130 1588 2184 sicut
1625 2129 1765 2196 Apo-

217 2223 386 2276 stolus
413 2221 499 2276 ubi
527 2221 648 2275 dicit
680 2237 695 2274 :
731 2219 924 2275 Donate
950 2219 1074 2273 milii
1103 2221 1229 2272 lianc
1257 2220 1495 2290 iajuriam
1527 2217 1613 2286 (II
1643 2219 1764 2275 Cor.

222 2327 320 2376 ait,
357 2311 466 2379 l3),
497 2312 674 2382 utique
699 2326 726 2364 a
759 2310 1025 2366 contrario
1052 2311 1158 2387 vult
1189 2311 1426 2380 intelligi.

302 2422 320 2454 ι
368 2402 515 2456 Nunc
565 2417 688 2471 ergo
734 2417 799 2456 ne
830 2400 964 2454 forte
992 2403 1161 2454 mittat
1192 2416 1400 2453 manum
1428 2414 1577 2453 suam
1603 2407 1656 2453 et
1681 2413 1768 2451 su-

221 2502 335 2548 mat
361 2492 520 2548 etiam
548 2493 612 2546 de
639 2492 777 2560 ligno
805 2492 923 2545 vitre
949 2503 1003 2545 et
1031 2491 1269 2544 comedat
1290 2499 1342 2544 et
1364 2491 1505 2541 vivat
1537 2487 1587 2541 in
1617 2496 1766 2540 a-tcr-

221 2597 372 2646 num,
398 2581 564 2635 emisit
590 2596 703 2634 eum
736 2579 979 2633 Dominus
1005 2581 1067 2633 de
1095 2581 1334 2650 paradiso
1364 2579 1634 2648 voluptatis
1655 2620 1669 2641 ,
1717 2586 1770 2629 ut

222 2684 520 2738 operaretur
543 2681 732 2726 terram
757 2673 822 2726 de
848 2688 947 2740 qua
975 2682 1202 2740 sumptus
1229 2681 1323 2724 est.
1344 2670 1625 2739 Superiora
1655 2684 1771 2723 ver-

223 2763 290 2818 ba
323 2763 415 2816 Dei
443 2771 587 2825 sunt,
629 2763 729 2816 hoc
758 2772 932 2816 autem
978 2762 1176 2816 factum
1210 2773 1424 2830 prepter
1469 2761 1592 2828 ipsa
1612 2760 1768 2812 verba

223 2863 463 2907 secutum
492 2863 591 2905 est.
623 2852 894 2906 Alienatus
914 2853 1052 2906 enim
1085 2865 1113 2904 a
1141 2852 1242 2904 vita
1271 2867 1372 2904 non
1403 2851 1572 2902 solum
1613 2863 1768 2916 quam

220 2941 415 3006 fuerat,
447 2940 490 2993 si
521 2948 836 3007 praceptum
867 2949 1160 3007 servasset,
1204 2954 1322 2993 cum
1368 2938 1569 3006 angelis
1615 2953 1765 2991 acce-

222 3044 433 3100 pturus;
465 3029 556 3084 sed
583 3030 650 3084 ab
676 3029 761 3083 illa
781 3029 958 3092 etiam,
982 3045 1132 3096 qu.un
1154 3029 1374 3082 ducebat
1407 3029 1457 3081 in
1499 3026 1763 3096 paradiso,

226 3122 365 3176 telici
395 3121 621 3191 quodam
650 3121 883 3189 corporis
910 3129 1071 3183 statu,
1098 3119 1330 3186 separari
1361 3117 1539 3184 utique
1582 3116 1762 3170 debuit

1798 3166 1845 3227 C

1867 1957 2122 2026 poralium
2152 1955 2353 2011 reditus
2372 1955 2438 2008 ad
2463 1968 2743 2022 supernam
2776 1951 2994 2021 patriam
3023 1959 3184 2018 patet,
3214 1965 3279 2004 ea
3309 1963 3408 2019 qua

1867 2061 1959 2111 per
1986 2045 2256 2097 stnltitlam
2276 2042 2743 2110 praevaricationis,
2773 2055 2965 2108 perque
2990 2040 3274 2106 appetitum
3296 2051 3410 2091 car-

1866 2135 2056 2188 nalium
2105 2134 2427 2198 voluptatum
2476 2132 2838 2184 discessimus.
2892 2130 2954 2182 Et
2989 2130 3120 2182 bene
3147 2143 3252 2181 nou
3280 2127 3410 2181 sim-

1869 2223 2072 2291 pliciter
2097 2224 2379 2283 ﬂammam,
2412 2221 2502 2274 sed
2533 2220 2657 2274 dicit
2678 2219 2906 2289 gladium
2949 2218 3250 2272 ﬂammeum
3278 2227 3406 2271 ante

1870 2313 2165 2379 paradisum
2208 2325 2324 2366 esse
2367 2312 2700 2374 collocatum,
2751 2308 3105 2364 utferiendas
3158 2307 3210 2360 in
3262 2308 3412 2360 nobis

1868 2403 2140 2456 illecebras
2180 2401 2618 2470 concupiscentiae
2650 2399 2951 2467 temporalis
2981 2398 3212 2450 insinuet
3241 2396 3413 2465 gladio

1867 2494 2105 2560 Spiritus,
2136 2492 2275 2558 quod
2301 2502 2380 2544 est
2410 2492 2626 2543 verbum
2654 2489 2768 2551 Dei,
2802 2489 2846 2540 si
2880 2487 2960 2556 ,ad
3014 2486 3208 2553 lignum
3258 2487 3410 2546 vitae,

1868 2586 1956 2652 qui
1983 2592 2063 2635 est
2086 2583 2325 2636 Christus
2355 2579 2627 2641 Dominus,
2661 2588 2936 2646 penetrare
2962 2576 3406 2644 concupiscimus.

1871 2674 1935 2727 Et
1983 2673 2114 2724 bene
2155 2673 2398 2724 eumdem
2455 2668 2683 2738 gladium
2716 2668 3013 2723 versatilem
3057 2681 3175 2720 esse
3220 2666 3415 2730 refert,

1873 2773 1929 2817 ut
1960 2763 2156 2816 indicet
2182 2760 2403 2830 mystice
2439 2775 2542 2813 non
2572 2760 2724 2813 nobis
2752 2774 2962 2823 semper
2999 2758 3141 2811 hunc
3171 2771 3414 2811 necessa-

1873 2855 2009 2906 rium
2049 2867 2166 2906 esse
2194 2851 2444 2919 gladium,
2496 2853 2608 2911 sed,
2641 2861 2696 2902 nt
2743 2850 2997 2916 scriptum
3047 2857 3146 2909 est,
3209 2858 3418 2911 tempus

1875 2956 1991 2995 esse
2022 2941 2164 3003 belli,
2197 2951 2401 3005 tempus
2428 2939 2605 3005 pacis:
2641 2938 2782 3000 belli,
2813 2937 3054 2991 videlicet
3085 2951 3204 2989 cuni
3230 2937 3282 3011 in
3307 2937 3405 2987 liu-

1870 3030 1956 3098 jus
2005 3030 2124 3082 vita:
2180 3027 2352 3081 stadio
2408 3027 2685 3080 adversum
2732 3039 2914 3078 aereas
2961 3032 3281 3088 potestates.
3329 3023 3413 3076 vel

1875 3121 2030 3174 etiam
2065 3128 2262 3170 nostra:
2292 3117 2482 3170 mentis
2525 3123 2614 3168 aut
2657 3115 2894 3182 corporis
2949 3115 3070 3167 vitia
3119 3123 3415 3173 certamus;

222 3227 252 3266 a
285 3213 428 3280 ligno
452 3212 598 3275 vitae,
619 3213 729 3266 sive
755 3210 894 3280 quod
924 3226 988 3266 ex
1021 3211 1136 3280 ipso
1164 3211 1237 3264 illi
1289 3210 1599 3263 subsisteret
1645 3204 1770 3261 felix
1799 3203 1845 3227 ν
1868 3208 2022 3276 pacis
2045 3218 2238 3271 antem,
2268 3221 2386 3261 cum
2440 3205 2664 3275 perfecta
2712 3203 2928 3258 victoria
2971 3217 3304 3263 coronamur,
3351 3215 3414 3255 ac

223 3304 314 3356 ille
342 3302 455 3371 ipse
503 3312 672 3356 status
715 3302 952 3372 corporis
973 3317 1037 3356 ex
1068 3316 1125 3356 re
1147 3301 1332 3356 visibili
1361 3301 1551 3355 virtute
1581 3300 1774 3354 invisi-

226 3392 341 3455 bili,
365 3393 476 3446 sive
502 3390 640 3461 quod
694 3391 748 3446 in
773 3406 838 3446 eo
865 3400 1008 3446 es~et
1057 3401 1113 3447 et
1155 3402 1540 3446 sacramentum
1569 3392 1775 3447 visibile

224 3479 503 3535 invisibilis
530 3481 822 3550 sapientia.
868 3482 1192 3535 Alieuandns
1240 3483 1360 3536 inde
1402 3483 1582 3550 utique
1605 3483 1775 3536 fuerat

227 3571 311 3625 vel
336 3571 441 3638 jam
475 3572 790 3636 moriturus,
837 3571 920 3625 vel
940 3571 1095 3625 etiam
1130 3582 1372 3639 tanquam
1413 3572 1776 3626 excommuni-

225 3671 394 3725 catus,
415 3662 549 3714 sicut
574 3662 728 3715 etiam
753 3663 805 3715 in
833 3661 929 3713 hoc
950 3661 1209 3728 paradiso,
1237 3662 1284 3713 id
1306 3671 1408 3724 est,
1443 3662 1492 3712 iu
1519 3661 1774 3723 Ecclesia,

226 3753 402 3806 solent
432 3766 461 3802 a
507 3749 859 3804 sacramentis
889 3750 1070 3802 altaris
1108 3748 1401 3801 visibilibus
1431 3750 1670 3803 homines
1696 3748 1777 3802 di-

225 3839 447 3907 atiplitia
474 3839 825 3894 ecclesiastica
859 3838 1116 3891 removeri
1144 3836 1193 3892 δ.
1245 3857 1264 3890 ι

299 3929 566 4002 Ejecitque
615 3929 796 3992 Adam,
849 3938 897 3981 et
928 3926 1189 3981 collocauit
1226 3939 1341 3980 ante
1365 3929 1662 3995 paradisum
1689 3944 1774 3981 νου

230 4021 442 4091 luptatis
490 4019 745 4072 cherubim
785 4029 830 4071 et
857 4021 1144 4086 ﬂammeum
1173 4019 1397 4088 gladium
1439 4029 1585 4088 atque
1613 4036 1780 4073 versa-

229 4111 372 4165 tilem
417 4110 484 4162 ad
527 4109 904 4162 custodiendam
932 4107 1064 4159 niam
1092 4108 1216 4176 ligni
1244 4109 1374 4159 t-itm.
1417 4109 1567 4160 lluuc
1605 4109 1777 4160 lucum

229 4203 446 4268 antiqua
469 4198 736 4253 translatio
765 4197 842 4250 sic
869 4197 1024 4249 liabet
1049 4214 1062 4247 :
1095 4195 1157 4248 Et
1203 4197 1344 4266 ejecit
1375 4197 1558 4260 Adam,
1589 4207 1634 4251 et
1677 4195 1789 4250 colo'

228 4290 416 4341 locavit
441 4303 555 4339 eum
585 4299 757 4339 contra
786 4287 1076 4354 paradisum
1104 4286 1392 4352 voluptatis,
1426 4297 1472 4340 et
1520 4289 1772 4340 ordinavit

230 4377 486 4431 cherubim
536 4386 583 4429 et
628 4377 913 4445 ﬂammeam
957 4374 1274 4442 rompheam,
1325 4384 1430 4429 etc.
1468 4395 1485 4428 t
1539 4377 1704 4442 Quam
1733 4375 1776 4427 si

1877 3301 2049 3353 fructu
2111 3298 2234 3366 ligni
2283 3298 2402 3350 vita:
2456 3308 2706 3364 perpetuo
2749 3297 2863 3349 sine
2892 3292 3100 3347 fastidio
3149 3295 3417 3346 satiamur.

1878 3389 2075 3456 Quaerit
2096 3398 2267 3442 autem
2298 3387 2628 3440 adversarius
2670 3385 2795 3451 legis
2825 3391 2877 3435 et
2901 3385 3292 3448 prophetarum,
3324 3381 3416 3433 sed

1880 3484 1976 3536 ista
2008 3481 2264 3548 inquiens,
2297 3477 2591 3539 arborqnze
2615 3474 2663 3524 iu
2690 3472 2933 3539 paradiso
2962 3471 3080 3523 vitai
3110 3469 3310 3527 fructus
3339 3468 3414 3524 fe-

1877 3572 2026 3625 rebat
2047 3568 2129 3622 cui
2160 3565 2435 3634 proderat?
2458 3563 2551 3618 Cui
2602 3562 2926 3631 respondens
2956 3560 3015 3614 S.
3047 3560 3402 3628 Augustinus:

1875 3659 1992 3723 Cui,
2020 3657 2205 3725 inquit,
2235 3655 2335 3709 nisi
2367 3657 2509 3723 prius
2556 3653 2658 3707 illis
2689 3651 2869 3720 primis
2900 3649 3200 3705 hominibus
3246 3649 3330 3716 qui
3364 3649 3415 3701 in

1881 3748 2126 3819 paradiso
2147 3750 2351 3802 fuerant
2381 3744 2693 3799 constituti?
2726 3742 2922 3797 Deinde
2945 3742 3058 3795 istis
3085 3740 3151 3794 de
3178 3737 3419 3805 paradiso

1883 3857 1975 3907 pro
1997 3840 2183 3895 merito
2206 3852 2314 3891 sua:
2339 3835 2629 3904 iniquitatis
2656 3833 2860 3903 ejectis,
2892 3832 3084 3885 mansit
3129 3829 3192 3883 ad
3221 3843 3422 3882 memo-

1881 3933 2011 3985 riam
2044 3925 2395 3997 signiﬁcanda:
2420 3924 2672 3992 spiritalis
2715 3916 2916 3976 arboris
2947 3921 3090 3982 vitae,
3129 3917 3153 3955 δ
3191 3933 3304 3984 qua:
3340 3923 3423 3967 est

1880 4023 2135 4088 sapientia
2185 4020 2489 4081 beatorum,
2548 4014 2698 4067 cibus
2749 4011 3056 4066 immortalis
3103 4008 3418 4061 animai-nm.

1885 4115 2066 4169 Utrum
2111 4119 2284 4164 autem
2337 4108 2422 4162 illo
2470 4107 2588 4158 cibo
2633 4118 2770 4155 nunc
2802 4109 3042 4153 vescatur
3064 4097 3288 4164 aliquis,
3322 4095 3423 4178 nisi

1884 4207 2017 4257 forte
2046 4202 2222 4254 Enocb
2245 4209 2297 4252 et
2319 4197 2474 4259 Elias,
2499 4209 2599 4247 non
2625 4201 2820 4245 temere
2837 4187 3244 4242 asseverandum
3269 4196 3412 4252 puto.

1883 4293 2046 4360 Ligno
2072 4301 2244 4343 tamen
2273 4287 2364 4340 illo
2391 4287 2532 4349 vitaz,
2555 4281 2695 4352 quod
2725 4280 2881 4334 estin
2910 4273 3131 4347 spiritali
3155 4275 3417 4345 paradiso,

1883 4381 1982 4435 nisi
2009 4380 2276 4440 alerentur
2320 4375 2507 4428 animm
2556 4372 2854 4435 beatorum,
2907 4382 3010 4420 non
3066 4380 3162 4434 pro
3209 4376 3424 4438 munere

232 4469 525 4536 διἀυἱηιυτι
557 4475 611 4520 ει
641 4466 738 4519 Ιιυο
788 4463 1113 4530 δίδηίῧοεηάί
1145 4467 1308 4532 Statil
1338 4464 1527 4518 laetum
1557 4465 1774 4518 credere
1805 4504 1856 4558 υ
1883 4471 2091 4540 pietatis
2123 4477 2178 4523 et
2205 4465 2522 4522 ﬁdelissima:
2570 4458 2920 4515 confessionis
2957 4455 3178 4510 latronis
3230 4451 3420 4505 anima:

230 4558 506 4622 debemus,
538 4555 630 4611 sed
663 4566 837 4609 tamen
888 4556 1105 4619 factum,
1149 4563 1205 4606 ut
1248 4564 1430 4608 contra
1458 4553 1769 4620 paradisum,

1881 4560 2143 4615 credentis
2185 4559 2236 4611 iti
2279 4555 2548 4610 Christum
2592 4551 2881 4619 legeremus
2912 4545 3206 4614 paradisum
3235 4543 3421 4594 eodem

231 4667 343 4719 quo
373 4639 670 4705 ibeatnaita
699 4652 858 4702 etiam
899 4646 1207 4715 spiritaliter
1251 4646 1659 4714 signiﬁcabatur,
1691 4646 1782 4698 lia-

233 4741 430 4794 bitaret
459 4745 704 4806 peccator
727 4739 902 4803 utique
927 4737 977 4787 in
1006 4735 1240 4788 miseria.
1277 4734 1425 4800 Quod
1454 4745 1630 4789 autem
1657 4735 1784 4787 dici-

232 4843 320 4884 tur
347 4829 639 4883 collocasse
673 4828 808 4880 Deus
856 4837 979 4879 ante
1021 4825 1322 4893 paradisum
1351 4827 1634 4895 voluptatis
1658 4827 1783 4880 che-

231 4920 406 4975 rubim
437 4927 490 4972 et
529 4918 826 4970 ﬂammeum
859 4915 1112 4984 g'adiniu,
1155 4915 1252 4969 hoc
1285 4931 1376 4984 per
1405 4919 1648 4970 cmlestes
1678 4915 1780 4968 uti-

231 5030 342 5082 que
397 5021 681 5082 potestates
733 5009 783 5063 in
842 5008 1087 5077 paradiso
1143 5008 1334 5061 visibili
1411 5012 1602 5062 factum
1667 5021 1785 5061 esse

230 5103 561 5156 credendum
591 5111 693 5165 est,
727 5109 784 5152 ut
811 5114 903 5168 per
933 5097 1234 5164 angelicum
1266 5098 1614 5151 ministerium
1641 5106 1785 5152 esset

241 5191 258 5244 i
286 5193 357 5242 lic
383 5190 528 5256 ignea
562 5189 802 5260 quaedam
835 5175 1101 5249 custodia,
1129 5199 1232 5239 non
1257 5193 1458 5238 tantum
1489 5185 1676 5239 frustra
1710 5187 1785 5236 l'a-

306 5319 333 5386 ξ’
367 5319 500 5386 Aug.
531 5319 681 5381 ibid.,
708 5331 822 5382 cap.
845 5315 929 5370 39.

305 5383 338 5425 ⁵
366 5383 501 5454 Aug.
531 5387 679 5453 ibid.,
707 5403 824 5456 cap.
858 5386 934 5439 ιθ.

1883 4653 1968 4707 die
1993 4652 2154 4705 fuisse
2177 4659 2504 4702 concessum.
2534 4642 2710 4700 Amen,
2744 4638 2927 4702 inquit,
2982 4634 3094 4684 dico
3145 4631 3233 4682 tibi
3276 4629 3422 4680 hodie

1885 4757 2076 4795 mecum
2123 4739 2219 4791 eris
2248 4738 2299 4788 in
2327 4733 2558 4800 paradiso
2581 4727 2728 4797 (Luc.
2763 4740 2912 4788 astu,
2948 4721 3060 4789 43).
3091 4721 3218 4773 Esse
3248 4728 3421 4771 autem

1884 4833 1954 4885 ibi
1992 4842 2109 4881 cum
2132 4823 2360 4885 Christo,
2403 4820 2501 4872 boc
2540 4827 2624 4872 est
2661 4831 2778 4871 esse
2807 4831 2924 4870 cum
2957 4815 3076 4867 vita:
3107 4813 3266 4880 ligno,
3314 4809 3425 4870 ipse

1885 4929 1966 4975 est
1993 4916 2181 4986 quippe
2207 4908 2492 4978 Sapientia,
2525 4907 2590 4962 de
2617 4921 2717 4976 qua
2745 4906 2999 4971 scriptum
3031 4911 3111 4955 est
3141 4919 3152 4952 :
3209 4899 3420 4986 Lignuui

1889 4976 2368 5062 t-itc'rsi'ontnilms
2387 4999 2795 5068 amplectentibus
2827 5010 2938 5048 eam
2963 4991 3148 5062 (Prov.
3185 5002 3269 5050 ιιι,
3307 4976 3411 5044 18).

1887 5102 2072 5156 Amen.

1972 5313 1992 5341 ε
2025 5304 2154 5368 Aug.
2186 5295 2303 5348 ibid.

1962 5374 1984 5408 ά
2018 5372 2123 5433 AL,
2150 5370 2282 5435 quod
2314 5375 2404 5418 est.

1507 5590 2138 5616 _______________
