3866 6248
508 401 578 455 03
993 391 1198 449 ΒΕοΕ
1238 388 1685 446 VENERABILIS
1723 377 2000 439 OPERUDI
2042 365 2213 436 I‘ARS
2234 372 2410 445 ,ll.—
2439 377 2821 434 EXEGE‘I‘ICA
2850 375 3172 432 GENUINA.
3644 373 3707 429 64

541 534 3709 570 ww

1659 659 1946 736 LIBER
1997 642 2541 733 SECUNDUS.

589 849 750 903 Adam
774 863 888 900 vero
915 844 1141 914 cognouit
1173 840 1328 894 anm
1373 836 1576 892 uxorein
1603 850 1776 896 suam,
1805 847 1918 903 qua
1943 845 2062 884 con-
2089 833 2141 889 Α
2167 843 2267 897 que
2295 837 2347 882 et
2371 826 2480 883 Noe
2498 828 2581 890 vir
2605 827 2840 896 agricola.
2859 826 3146 882 exercebat
3168 836 3383 890 terram,
3415 827 3711 895 plantavit-

523 942 653 1008 ccpit
702 952 746 992 et
768 938 954 1005 peperit
985 941 1010 968 ⁸
1040 932 1163 987 Cain
1185 932 1352 983 dicens
1386 943 1405 981 ε
1439 925 1645 978 Possedi
1692 923 1942 976 hominm
1972 933 2060 1008 per

522 1027 549 1066 δ
583 1003 761 1080 Deum.
804 1003 932 1078 l'linc
965 1023 1069 1090 jam
1100 1028 1216 1086 post
1246 1015 1462 1070 delicias
1485 1010 1709 1079 paradisi
1729 1017 1782 1062 et
1815 1003 2062 1076 praevari-

518 1115 743 1170 cationis
778 1114 959 1179 prima:
988 1117 1214 1171 reatum,
1249 1103 1405 1170 hujus
1432 1099 1610 1153 saeculi
1657 1110 1718 1150 ac
1745 1097 1863 1149 vita:
1912 1107 2063 1147 mor-

519 1204 638 1262 talis
658 1213 800 1269 gesta
831 1206 1132 1257 narrantur.
1164 1207 1283 1248 cum
1335 1186 1668 1258 prot0plasti,
1701 1186 1790 1254 qui
1844 1184 2062 1237 immor-

523 1296 658 1349 tales
685 1285 1139 1348 fuerantconditi,
1166 1293 1282 1353 post
1309 1292 1577 1348 acceptam
1602 1275 1858 1332 moriendi
1884 1271 2064 1327 condi-

522 1386 716 1438 tionem
746 1379 1044 1434 mortalium
1092 1393 1155 1430 ex
1195 1391 1256 1430 se
1281 1374 1516 1428 sobolem
1545 1370 1759 1438 gignere
1787 1362 2064 1429 incipiunt,

523 1471 765 1525 omnibus
797 1471 846 1521 iu
896 1467 1172 1533 iniquitate
1199 1462 1488 1529 conceptis,
1536 1470 1589 1512 et
1631 1458 1683 1508 in
1724 1453 1931 1506 delictis
1956 1463 2068 1502 ma-

523 1573 673 1614 terno
727 1575 789 1611 ex
837 1567 986 1610 utero
1039 1553 1433 1624 prodeuntibus.
1483 1551 1853 1615 Interpretatur
1891 1551 2064 1595 autem

527 1649 655 1702 Cain
684 1647 944 1716 possessio,
999 1644 1146 1712 cujus
1171 1656 1380 1696 causam
1421 1639 1656 1694 vocabuli
1695 1635 1940 1716 exposuit
1976 1645 2067 1701 ge-

524 1737 676 1789 niti-ix
707 1737 814 1803 ipsa
845 1750 962 1788 cum
987 1733 1060 1786 ait
1086 1751 1097 1784 :
1130 1731 1344 1785 Possedi
1372 1730 1621 1782 hominem
1647 1743 1734 1796 per
1767 1725 1948 1778 Deum.
2001 1721 2066 1774 Et

525 1826 623 1879 hoc
653 1825 795 1879 dicto
824 1865 839 1887 ,
873 1834 1040 1878 mater
1088 1833 1265 1875 nostra
1300 1819 1706 1894 jam’catholica
1752 1814 2067 1868 disoretione

526 1931 623 1969 nos
645 1916 816 1976 docet,
840 1915 975 1980 quod
1005 1915 1075 1965 ita
1104 1912 1266 1963 lilium
1298 1919 1512 1976 peccato
1540 1921 1651 1960 sua:
1683 1906 2068 1973 prmvaricatio-

527 2006 608 2057 nis
635 2003 917 2056 obnoxium
937 2001 1136 2067 genuit,
1167 2010 1223 2052 ut
1249 2009 1420 2052 tamen
1455 1999 1552 2050 hoc
1573 1996 1708 2063 quod
1733 1996 1889 2048 homo
1914 2004 2065 2046 natus

524 2103 634 2157 est;
661 2093 710 2145 id
740 2099 841 2156 est,
870 2090 1007 2159 quod
1033 2100 1054 2128 ε
1086 2088 1261 2142 anima
1301 2096 1543 2140 constans
1572 2094 1625 2138 et
1649 2098 1871 2150 corpore
1891 2122 1906 2146 ,
1938 2080 1965 2118 α
1992 2081 2063 2134 cf-

2158 933 2258 987 que
2284 919 2486 971 vineam
2514 936 2526 969 ε
2555 927 2610 971 et
2648 917 3031 971 Melchisedech
3056 918 3305 972 sacerdos
3339 917 3428 970 Dei
3460 918 3712 971 altissimi

2159 1009 2409 1063 oll'erebat
2431 1009 2497 1063 de
2526 1007 2778 1062 fructibus
2806 1016 2961 1062 terra
3002 1023 3188 1075 panem
3233 1017 3287 1061 et
3337 1009 3541 1060 vinum.
3596 1009 3711 1061 Non

2159 1112 2285 1165 ergo
2308 1097 2434 1150 Cain
2458 1098 2527 1150 ob
2547 1112 2710 1164 genus
2729 1096 3002 1149 oblationis
3019 1096 3122 1149 vile
3148 1095 3568 1164 reprobatusest.
3587 1094 3714 1148 Iade

2161 1187 2354 1241 etenim
2382 1187 2637 1240 oﬂerebat
2659 1186 2789 1248 Deo,
2817 1184 2956 1238 unde
2986 1192 3042 1238 et
3070 1186 3183 1249 ipse
3210 1185 3387 1238 vivere
3413 1198 3712 1237 consueve-

2163 1290 2274 1341 rat;
2298 1275 2387 1330 sed
2418 1277 2486 1347 ob
2521 1285 2747 1328 mentem
2769 1275 2979 1341 impiam
3003 1273 3291 1337 oli'erentis,
3319 1273 3431 1341 ipse
3457 1287 3712 1342 una_eum

2165 1364 2468 1418 muneribus
2493 1364 2558 1416 ab
2581 1376 2646 1416 eo
2666 1366 2755 1430 qui
2775 1361 2930 1415 corda
2956 1361 3166 1428 inspicit
3189 1360 3424 1428 abjectus
3444 1372 3550 1424 est,
3559 1358 3712 1428 juxta

2165 1453 2300 1521 quod
2327 1451 2597 1516 sequentia
2613 1453 2778 1503 verba
2810 1448 3148 1503 manifestant
3173 1463 3292 1501 cum
3311 1448 3530 1500 dicitur:

2234 1538 2300 1592 Et
2327 1541 2542 1608 respexit
2574 1541 2814 1592 Dominus
2835 1540 2899 1592 ad
2932 1538 3057 1592 Abel
3085 1546 3128 1591 et
3160 1539 3225 1589 ad
3247 1552 3452 1589 munera
3477 1539 3617 1604 ejus,
3649 1536 3714 1588 ad

2167 1627 2289 1681 Cain
2311 1645 2423 1681 vero
2445 1637 2490 1682 et
2517 1629 2582 1681 ad
2611 1645 2820 1681 rnunera
2845 1628 2984 1679 illius
3024 1642 3121 1678 non
3152 1626 3392 1690 respexit.
3423 1624 3533 1678 Non
3569 1627 3714 1678 enim

2169 1718 2277 1773 ait:
2313 1720 2374 1774 Et
2402 1719 2631 1786 respexit
2656 1718 2908 1771 Dominus
2940 1717 3003 1769 ad
3036 1730 3251 1768 munera
3294 1715 3424 1768 Abel
3455 1723 3509 1767 et
3534 1714 3605 1766 ad
3633 1716 3714 1783 ip-

2169 1829 2317 1878 sum;
2345 1811 2409 1865 ad
2441 1824 2654 1864 munera
2687 1823 2812 1863 vero
2832 1809 2958 1863 Cain
2977 1819 3031 1863 et
3050 1810 3114 1863 ad
3133 1808 3300 1876 ipsum
3325 1823 3428 1861 non
3453 1810 3716 1876 respexit;

2170 1907 2262 1959 sed
2287 1904 2458 1972 primo
2487 1917 2764 1970 personam
2789 1902 3056 1977 olfercntig
3082 1911 3349 1968 acceptam
3379 1901 3484 1955 Deo
3505 1902 3590 1953 vel
3615 1917 3713 1953 non

2169 2003 2458 2062 acceptam,
2482 1991 2671 2046 deinde
2700 2006 2916 2045 munera
2944 2001 3210 2058 respects,
3234 1993 3316 2044 vel
3344 2006 3447 2043 non
3473 2002 3712 2058 respeeta

2171 2098 2288 2137 esse
2340 2090 2581 2137 testatur.
2657 2081 2906 2135 Homines
2962 2080 3156 2133 ctenim
3218 2094 3359 2147 saepe
3411 2080 3712 2134 muneribus

528 2154 665 2234 fectu
692 2154 1196 2233 divinm'creationis
1215 2190 1276 2230 ac
1305 2177 1483 2245 prima:
1523 2163 2062 2228 bettcdictionis"tnu-
2097 2154 2144 2211 Β
2172 2187 2353 2225 eorum
2382 2186 2417 2223 a.
2451 2172 2637 2239 quibus
2663 2170 2868 2223 fuerant
2895 2169 3077 2222 olfensi
3108 2170 3407 2231 placantur;
3438 2167 3579 2221 Dens
3623 2181 3710 2218 au-

533 2284 659 2323 nere
685 2269 994 2334 possideret.

603 2359 920 2427 Rursumque
949 2361 1137 2428 peperit
1168 2360 1372 2426 fratrem
1402 2373 1510 2426 ejus
1550 2355 1689 2408 Abel.
1736 2353 1861 2406 Abel
1904 2352 2070 2404 inter-

534 2457 768 2515 pretatur
794 2447 952 2500 luctus
980 2449 1090 2500 sive
1119 2446 1414 2498 miserabilis
1447 2460 1465 2497 :
1505 2458 1608 2512 quo
1638 2443 1847 2495 nomine
1865 2431 2070 2508 praesa-

531 2537 750 2604 gabatur
779 2551 808 2589 a
855 2539 1017 2603 prima
1065 2546 1218 2591 aetate
1263 2536 1490 2587 dolenda
1547 2537 1842 2586 immatura:
1890 2532 2070 2583 mortis

533 2614 647 2692 ejus
688 2626 936 2678 conditio.
984 2626 1110 2676 Nam
1159 2623 1257 2675 etsi
1300 2626 1522 2688 pretiosa
1569 2631 1648 2674 est
1696 2622 1747 2672 in
1789 2628 2071 2686 conspectu

535 2714 740 2768 Domini
783 2728 920 2768 mors
966 2722 1264 2766 sanctorum
1294 2712 1426 2779 ejus,
1460 2721 1664 2776 gustato
1692 2711 1853 2764 calice
1892 2710 2071 2763 saluti-

530 2805 659 2858 fera:
691 2805 967 2872 passionis,
994 2815 1242 2871 quantum
1275 2813 1447 2856 tamen
1477 2804 1540 2855 ad
1593 2807 1873 2855 hmnauum
1907 2801 2072 2868 perti-

535 2904 623 2944 net
654 2893 919 2955 intuitum,
956 2894 1171 2958 lugubre
1201 2901 1283 2942 est
1303 2893 1450 2953 satis,
1478 2893 1528 2943 in
1555 2901 1751 2943 tantum
1785 2905 1879 2943 nos
1906 2893 1970 2942 ab
1995 2891 2064 2943 in-

541 2983 779 3036 nocentia
809 2983 989 3049 prima:
1017 2982 1334 3035 conditionis
1361 2982 1660 3044 recessisse,
1695 2989 1751 3034 ut
1773 2995 1868 3033 nec
1891 2981 1961 3032 illi
1985 2981 2070 3048 qui

538 3064 690 3138 primi
719 3071 768 3122 in
802 3080 938 3123 terra
960 3069 1086 3122 editi
1116 3079 1239 3123 sunt
1261 3057 1494 3137 germani
1524 3068 1712 3124 fratres
1735 3084 1913 3136 pacem
1937 3070 2073 3122 inter

535 3175 592 3213 se
619 3168 674 3213 et
695 3161 1025 3213 concordiam
1055 3160 1246 3212 habere
1271 3145 1549 3223 pctuerin’t,
1577 3158 1668 3210 sed
1698 3159 1830 3211 alter
1851 3159 2069 3208 alterum

539 3249 821 3300 invidendo
848 3247 1123 3308 occiderit,
1155 3247 1277 3298 dum
1305 3248 1400 3299 soli
1432 3249 1600 3298 adhuc
1627 3261 1744 3299 cum
1775 3245 2072 3314 parentibus

535 3337 680 3390 orbis
719 3338 873 3389 tutius
898 3337 1094 3388 domini
1125 3319 1479 3399 esstiti~seut;
1513 3335 1788 3389 manifeste
1825 3334 1931 3403 jam
1964 3346 2070 3388 tum

538 3436 884 3492 praesagantes
912 3425 1048 3491 quod
1080 3427 1244 3476 sancti
1275 3425 1324 3476 in
1348 3423 1443 3475 hac
1473 3422 1574 3474 vita
1604 3434 1877 3489 pressuras
1894 3433 2066 3475 essent

537 3528 563 3563 a
589 3515 822 3579 reprobis
846 3527 1141 3580 mortesque
1173 3514 1375 3580 passuri
1415 3531 1428 3566 :
1470 3516 1520 3566 in
1552 3514 1739 3580 quibus
1779 3524 1831 3567 et
1853 3513 1951 3566 hoc
1979 3528 2071 3564 n0-

464 3648 465 3652 η
540 3603 750 3654 tandum
780 3603 914 3664 quod
947 3601 1070 3653 Cain
1101 3602 1152 3654 in
1183 3604 1277 3655 ltac
1310 3603 1409 3653 vita
1442 3605 1583 3668 prior
1613 3614 1784 3666 natus,
1817 3603 1907 3655 sed
1942 3603 2069 3655 Abel

537 3692 603 3742 de
627 3691 720 3741 hac
750 3690 852 3742 vita
898 3689 1037 3758 prior
1085 3701 1165 3742 est
1209 3690 1458 3753 sublatus,
1503 3693 1621 3756 quia
1649 3691 1911 3743 .nimirum
1963 3691 2076 3742 haec

538 3780 640 3830 vita
672 3777 879 3848 proprie
905 3779 1157 3832 malorum
1185 3789 1266 3831 est
1295 3781 1417 3842 vita,
1473 3781 1537 3832 de
1591 3793 1691 3846 qua
1748 3780 1796 3831 in
1849 3789 2071 3832 tnortem

542 3870 928 3935 praecipitantur
953 3879 1201 3920 teter-nam
1228 3884 1241 3930 ;
1275 3879 1328 3920 at
1356 3883 1478 3920 vero
1507 3869 1792 3921 electorum
1824 3870 1926 3920 vita
1954 3884 2075 3936 pro-

544 3956 655 4019 prie
687 3955 854 4006 futura
877 3965 957 4004 est
978 3955 1105 4018 vita,
1131 3955 1196 4005 ad
1239 3969 1392 4021 quam
1423 3965 1476 4005 ut
1521 3955 1715 4007 felicius
1745 3958 2072 4022 perveniant,

547 4039 924 4092 mortiﬁcamur
954 4041 1002 4091 in
1037 4041 1132 4108 hac
1175 4044 1275 4092 vita
1304 4042 1552 4108 quotidie,
1585 4053 1636 4094 et
1659 4045 1982 4096 restituantur
2023 4052 2079 4095 ut

543 4150 668 4190 oves
689 4135 984 4188 occisionis.

610 4225 824 4279 Factum
848 4236 921 4278 est
944 4236 1106 4278 autem
1127 4235 1238 4295 post
1264 4226 1442 4278 multos
1477 4227 1604 4290 dies,
1642 4237 1696 4280 ut
1725 4226 1923 4293 offerret
1950 4225 2076 4280 Cain

544 4320 608 4370 de
629 4320 867 4386 fructibus
894 4330 1037 4369 term
1062 4335 1268 4371 munera
1295 4318 1547 4371 Domino:
1596 4319 1716 4372 Abel
1757 4335 1948 4388 quoque
1993 4320 2078 4372 ob-

539 4411 652 4459 tulit
683 4408 743 4458 de
765 4405 1104 4475 primqgenitis
1128 4409 1289 4474 gregis
1316 4409 1392 4458 sui
1422 4417 1466 4459 et
1509 4408 1569 4460 de
1605 4409 1836 4472 adipibus
1880 4423 2072 4460 eorum.

547 4496 817 4549 Manifeste
856 4501 1148 4552 05tcnditur
1188 4484 1324 4564 quod
1378 4500 1532 4550 ambo
1573 4498 1763 4552 fratres
1811 4499 1968 4551 (idem
2028 4501 2078 4550 in

543 4587 708 4639 Deum
737 4588 1032 4655 habuerint,
1065 4589 1220 4642 ambo
1249 4588 1325 4640 vel
1341 4588 1659 4640 naturaliter
1686 4588 1965 4650 admoniti,
1991 4589 2072 4642 vel

542 4692 574 4728 a
592 4679 901 4744 parentibus
931 4679 1123 4743 cdocti,
1153 4678 1388 4732 noverint
1415 4677 1676 4733 offerenda
1713 4678 1820 4731 Deo
1846 4679 2003 4743 dona,
2028 4687 2081 4730 et

2175 2269 2304 2324 tem,
2333 2260 2424 2328 qui
2453 2270 2535 2313 est
2564 2259 2826 2312 discretor
2853 2258 3225 2326 cogitationum
3276 2267 3331 2310 et
3373 2257 3710 2309 intentionurn

2172 2351 2369 2414 cordis,
2397 2352 2540 2404 nullo
2567 2351 2739 2416 magis
2767 2363 2983 2403 munere
3012 2363 3166 2416 quam
3191 2349 3274 2415 pia
3322 2347 3592 2400 oﬂ’erentis
3621 2347 3710 2399 de-

2177 2444 2388 2496 votione
2415 2444 2651 2507 placatur
2678 2459 2689 2493 :
2724 2441 2960 2505 Quicum
2991 2439 3270 2506 puritatem
3303 2449 3497 2490 nus-tne
3526 2441 3712 2490 mentis

2174 2535 2489 2602 probaverit,
2535 2544 2918 2599 consequenter
2949 2532 3107 2582 etiam
3149 2538 3266 2581 vota
3296 2511 3597 2581 oratitinum
3637 2529 3709 2580 vel

2173 2639 2388 2692 Operum
2419 2633 2714 2675 nostrorum
2745 2621 2993 2686 suscipiet

2243 2713 2507 2777 fretusque
2521 2722 2593 2765 est
2612 2710 2733 2763 Cain
2747 2709 3068 2772 vehementer,
3083 2719 3130 2760 et
3149 2709 3367 2761 concidit
3392 2708 3560 2760 uultus
3582 2708 3709 2771 eius.

2177 2803 2322 2855 Unde
2337 2810 2551 2852 novt-rat
2571 2799 2697 2850 Cain
2724 2801 3010 2864 respexisse
3032 2797 3305 2850 Dominum
3328 2794 3393 2848 ad
3410 2797 3540 2849 Abel
3569 2805 3624 2848 et
3649 2796 3710 2845 ad

2175 2907 2386 2944 munera
2406 2889 2519 2959 ejus
2543 2905 2559 2950 ;
2587 2905 2616 2940 a
2650 2904 2707 2940 se
2733 2901 2902 2939 autem
2945 2901 3007 2939 ac
3031 2887 3138 2938 suis
3175 2885 3478 2938 muneribus
3521 2885 3710 2936 vultum

2174 2981 2445 3042 avertisse,
2465 2979 2562 3031 nisi
2587 2967 2725 3045 quia,
2748 2977 2881 3030 sicut
2907 2975 3114 3045 quidam
3138 2976 3466 3041 interpretati
3485 2983 3622 3036 sunt,
3640 2974 3712 3038 iu-

2171 3068 2461 3120 flammavit
2492 3065 2740 3119 Dominus
2767 3079 2925 3132 super
2941 3064 3069 3117 Abel
3082 3075 3134 3117 et
3150 3063 3464 3116 sacriﬁcium
3478 3063 3613 3131 ejus,
3632 3077 3713 3113 su-

2176 3177 2269 3227 per
2296 3159 2423 3211 Cain
2445 3171 2572 3210 vero
2600 3168 2647 3207 et
2681 3154 3131 3220 sacriﬁciiinteius
3147 3169 3248 3207 non
3273 3151 3633 3216 inflammavit,
3665 3152 3710 3205 id

2175 3261 2254 3303 est
2275 3249 2393 3317 igne
2411 3251 2570 3302 tnisso
2588 3247 2652 3300 de
2664 3247 2811 3301 cadis
2830 3246 3050 3309 hostiam
3064 3246 3190 3299 Abel
3207 3248 3460 3313 suscepit,
3474 3245 3608 3312 quod
3622 3259 3713 3296 sre-

2171 3341 2384 3406 pissime
2397 3338 2586 3391 factum
2600 3338 2936 3392 oﬂ‘er‘entibus
2957 3337 3151 3391 sanctis
3163 3336 3290 3390 viris
3326 3337 3564 3405 legimus.
3588 3336 3709 3387 Cain

2174 3444 2294 3481 vero
2316 3425 2438 3492 ipse
2457 3428 2766 3480 sacrificium
2807 3441 2958 3478 suum
2984 3439 3293 3478 consumere
3324 3425 3442 3492 igne
3467 3425 3703 3476 debebat.

2172 3515 2300 3568 Nam
2323 3526 2375 3567 et
2391 3514 3308 3582 hocsignilicarevideturApostolus,
3327 3528 3444 3566 cum
3463 3514 3562 3566 ait:
3591 3511 3710 3564 Fide

2173 3606 2442 3674 plurimam
2478 3603 2696 3656 hostium
2735 3602 2855 3657 Abel
2890 3620 3038 3670 quant
3080 3603 3203 3656 Cain
3229 3603 3410 3654 obtulit
3465 3602 3591 3666 Deo,
3633 3619 3712 3669 per

2172 3709 2320 3760 quam
2336 3693 2666 3746 testimonium
2679 3706 2968 3746 consecutus
2985 3703 3055 3747 est
3074 3695 3369 3761 cssejustus,
3390 3695 3710 3746 testimonium

2175 3783 2458 3848 perhibente
2485 3783 2766 3833 muneribus
2805 3787 2913 3850 ejus
2947 3781 3050 3834 Deo
3083 3781 3269 3847 (Hebr.
3323 3798 3394 3845 at,
3439 3784 3515 3846 ι).
3551 3783 3710 3836 Testi-

2177 3871 2408 3922 monium
2455 3884 2594 3942 ergo,
2627 3869 2893 3934 perhibuit
2937 3869 3243 3921 muneribus
3288 3870 3418 3948 Abel
3450 3869 3583 3922 Deus
3625 3884 3710 3936 per

2177 3962 2368 4028 ignem,
2396 3960 2510 4015 haec
2532 3960 2865 4027 suscipiendo
2884 3961 2951 4013 de
2977 3961 3144 4024 cmlis.
3175 3975 3280 4026 quo
3301 3961 3462 4013 etiam
3487 3961 3707 4026 Apostoli

2179 4047 2480 4102 testimonio
2504 4047 2774 4109 docemur,
2804 4049 2939 4114 quod
2972 4048 3140 4101 hostia
3172 4047 3299 4100 Abel
3327 4062 3418 4113 per
3442 4049 3559 4102 fidei
3583 4048 3711 4101 illius

2147 4135 2504 4189 °det0tionem
2536 4138 2867 4200 acceptabilis
2895 4136 3002 4190 Deo
3030 4135 3164 4189 facta
3191 4146 3292 4198 est,
3318 4146 3372 4190 et
3393 4154 3424 4190 e
3443 4134 3699 4192 ccutrario

2178 4225 2567 4294 subintelligere
2595 4227 2850 4278 debemus
2877 4227 3002 4278 Cain
3037 4233 3314 4292 propterea
3345 4229 3696 4293 reprobatuut.

2179 4317 2315 4384 quod
2344 4331 2444 4368 non
2473 4317 2670 4386 integra
2697 4329 2795 4368 suo
2823 4314 3089 4367 Conditori
3123 4314 3223 4367 tide
3249 4317 3517 4369 servierit.

2249 4387 2480 4473 Dixitque
2508 4405 2749 4458 Dominus
2793 4405 2858 4457 ad
2896 4418 3006 4455 eum
3036 4419 3055 4456 :
3086 4404 3254 4469 Quare
3275 4406 3431 4458 iratus
3458 4422 3530 4465 es,
3559 4414 3604 4456 et
3631 4419 3710 4454 cur

2178 4496 2392 4548 concidit
2418 4497 2570 4561 facies
2595 4496 2715 4547 tita.’
2761 4493 2942 4547 Nonne
2988 4494 3031 4544 si
3068 4494 3189 4544 bene
3216 4494 3400 4559 egeris,
3451 4495 3656 4562 recipies
3684 4508 3701 4552 ,'

2177 4588 2254 4638 sin
2284 4596 2448 4639 autem
2470 4587 2621 4649 male,
2649 4587 2819 4638 statim
2845 4585 2895 4634 in
2925 4583 3114 4650 foribus
3144 4592 3400 4648 peccatum
3427 4595 3566 4636 tuum
3595 4583 3704 4635 adeo

2179 4677 2277 4728 rit?
2302 4675 2495 4740 Quare,
2529 4674 2716 4740 inquit,
2752 4673 3009 4732 irasceris,
3056 4683 3107 4726 et
3149 4672 3358 4727 invidias
3411 4673 3461 4726 in
3507 4672 3705 4726 fratrem

548 4777 749 4820 reatum
775 4775 1002 4832 paterna:
1031 4768 1053 4794 θ
1082 4769 1511 4842 transgressionis
1537 4766 1722 4818 oblatis
1765 4768 1812 4819 ei
1844 4761 1864 4800 ί
1914 4767 2074 4819 sacri-
2107 4787 2154 4844 ι)
2180 4765 2339 4818 livore
2360 4765 2629 4823 cruciaris,
2659 4761 2858 4813 vultum
2887 4761 3108 4815 dimittis
3160 4763 3212 4815 in
3263 4763 3496 4814 terram?
3537 4761 3707 4815 Nonne

542 4857 671 4910 liciis
710 4867 828 4909 esse
876 4851 1174 4908 diluendum
1208 4871 1221 4906 :
1252 4856 1344 4907 sed
1393 4857 1510 4922 quia
1543 4871 1643 4906 non
1673 4855 1857 4920 tequali
1903 4863 2075 4908 mente

541 4947 868 5007 obtulerunt,
917 4959 1016 4994 non
1045 4942 1312 5010 mqualiter
1356 4952 1476 4993 sunt
1518 4941 1784 5007 utriusque
1833 4951 1947 4994 vota
1989 4956 2076 4995 ac-

542 5045 712 5101 cepta.
741 5034 849 5086 Non
874 5034 1011 5086 enim
1045 5035 1094 5084 in
1119 5034 1217 5085 hoc
1248 5046 1492 5100 peccasse
1515 5030 1640 5082 Cain
1665 5033 1907 5095 arbitror,
1937 5033 2072 5101 quod

547 5125 625 5176 vel
669 5135 798 5189 opus
829 5122 1066 5175 exercuit
1102 5121 1363 5186 agricola,
1395 5121 1475 5173 vel
1509 5120 1719 5172 munera
1747 5123 1850 5175 Deo
1878 5124 1944 5175 de
1976 5122 2078 5174 fru-

543 5211 710 5262 etibus
735 5218 887 5262 terra:
914 5210 1126 5272 obtulit,
1156 5210 1243 5260 sed
1272 5209 1407 5273 quod
1432 5202 1603 5260 minus
1632 5209 1858 5274 perlecta
1885 5211 2076 5276 pietate

534 5297 600 5353 in
623 5300 817 5364 agenda
847 5296 1019 5352 carnis
1038 5312 1160 5349 cura
1185 5297 1522 5362 laboraverit,
1545 5297 1715 5354 minus
1739 5298 1962 5365 perfecta
1985 5297 2074 5350 ἀει

546 5391 749 5441 votione
792 5375 869 5439 ad
907 5386 1169 5440 oﬂ‘erenda
1210 5386 1314 5440 Deo
1343 5385 1558 5442 inuncta
1588 5388 1889 5441 accesserit.
1921 5387 2076 5441 Dcni-

606 5536 631 5598 f
664 5536 768 5597 AL,
804 5534 963 5598 ﬁlium
991 5533 1132 5588 Cain.

607 5596 631 5631 ¹³
665 5605 771 5664 AL,
801 5596 1084 5654 Dominum.

607 5668 626 5692 ⁸³
660 5675 762 5734 AL,
797 5686 858 5721 ex
893 5686 1078 5722 anima.

2178 4855 2220 4907 si
2251 4855 2381 4906 bene
2409 4847 2595 4920 egeris,
2628 4852 2686 4902 'si
2735 4865 2861 4917 pura
2893 4862 3064 4903 mente
3094 4852 3410 4903 sacriﬁcium
3437 4849 3703 4905 obtulerit.

2179 4943 2422 5009 recipies,
2455 4939 2768 5005 respiciente
2796 4939 3013 4992 Domino
3041 4939 3106 4992 ad
3139 4949 3188 4992 te
3214 4949 3268 4992 et
3294 4941 3360 4992 ad
3406 4939 3704 4991 sacriﬁcium

2180 5044 2324 5085 tuum
2357 5049 2369 5081 :
2402 5031 2481 5083 sin
2505 5039 2675 5080 autem
2705 5030 2837 5082 male
2863 5031 3056 5098 egeris,
3087 5029 3341 5081 atatimiu
3370 5029 3567 5081 furibus
3593 5042 3703 5096 pec-

2176 5137 2235 5174 ca
2264 5138 2346 5172 um
2379 5128 2521 5171 tuum
2553 5120 2736 5183 aderit,
2787 5129 2838 5173 et
2878 5120 2963 5171 tali
2999 5120 3222 5187 janitore
3265 5123 3472 5171 intrans
3500 5134 3698 5187 semper

2178 5212 2459 5273 exicasque
2486 5207 2743 5261 comitabe
2779 5208 2844 5270 's,
2879 5223 2972 5275 pro
2999 5222 3064 5261 eo
3089 5215 3147 5260 ut
3189 5206 3440 5260 Dominus
3486 5207 3700 5262 custodi-

2179 5304 2258 5347 ret
2288 5295 2550 5345 introitum
2586 5307 2729 5346 tuunt
2771 5303 2826 5346 et
2868 5294 3062 5346 exitum
3087 5301 3233 5344 tuum
3253 5330 3268 5354 ,
3294 5301 3350 5346 et
3375 5295 3512 5348 sicut
3534 5296 3603 5349 de
3624 5306 3702 5345 sa-

2182 5383 2370 5449 pientia
2397 5382 2586 5434 dicitur
2613 5400 2624 5432 ε
2671 5382 2769 5445 Qui
2798 5383 2861 5433 de
2889 5383 2998 5434 lace
3044 5381 3322 5448 vigilaverit
3353 5383 3426 5435 ad
3450 5383 3592 5436 illa:
3614 5395 3702 5432 tm

2252 5535 2275 5572 ἀ
2309 5539 2411 5602 AL,
2439 5553 2501 5588 ex
2524 5536 2723 5599 affectu.

2261 5617 2282 5639 υ
2311 5608 2414 5669 AL,
2450 5606 2889 5670 prwvaricatiouis.

2262 5673 2277 5710 ¹
2309 5675 2413 5738 ΑΙ.,
2446 5675 2748 5727 ntuneribus.
