3866 6248
165 381 234 437 65

1371 367 1835 424 ΙΙΕΧᾹΕΜΕΒΟΝ
1865 366 1992 422 LIB.
2038 367 2101 421 11.

3281 367 3349 421 66

175 491 441 548 laborabit.
470 486 778 541 Assidentent
816 485 946 538 enim
971 478 1112 535 illam
1137 482 1186 533 in
1213 481 1404 550 foribus
1432 483 1536 534 suis
1567 484 1702 534 inve-
1727 487 1775 544 Α
1803 493 1906 546 quo
1930 478 2212 551 jubebatur
2238 485 2292 528 ut
2318 474 2535 530 fratrem
2569 474 2731 530 frater
2756 487 2967 531 σοαιωθ
2984 482 3099 540 081;
3124 478 3343 544 perﬁdi.

172 587 274 638 niet
315 581 452 649 βαρ.
480 593 549 639 vt,
584 575 694 644 15).
719 575 785 629 Et
809 574 990 627 iterum
1017 588 1029 624 :
1064 572 1312 634 Quoniam
1335 559 1510 640 dignos
1530 586 1582 623 se
1599 572 1707 639 ipsa

169 673 347 727 circuit
369 683 611 738 querens,
637 675 682 719 et
719 665 773 717 in
809 664 900 717 siis
921 663 1131 716 ostendit
1157 677 1208 714 se
1231 661 1335 714 illis
1363 661 1636 724 habitator,
1661 660 1707 713 et

167 766 219 818 in
245 763 380 815 omni
411 758 721 826 providentia
747 755 962 809 occurrit
983 753 1085 806 illis
1114 749 1300 822 (Ibid.,
1331 751 1443 820 l7).

239 851 343 905 Sed
368 848 457 901 sub
488 857 534 899 te
559 847 648 898 erit
678 845 923 912 appetitus
959 845 1091 911 ejus,
1133 851 1178 894 et
1207 853 1259 893 tu
1286 840 1622 893 dominaberis
1646 841 1710 892 il-

168 941 288 993 lius.
311 939 466 992 Juxta
490 935 681 989 idioma
708 935 898 1002 lingua
925 932 1198 986 llebraicas
1219 932 1557 984 indicativutu
1599 946 1710 984 mo-

169 1030 295 1082 dum
325 1042 416 1096 pro
445 1028 752 1094 imperativo
778 1024 967 1091 posuit,
999 1023 1167 1091 qualia
1209 1023 1372 1076 babes
1394 1021 1662 1074 innumera
1694 1038 1705 1071 :

168 1117 363 1187 Diliges
385 1116 652 1168 Dominum
679 1113 841 1165 Deunt
865 1123 1022 1175 tuum,
1049 1112 1226 1180 diliges
1244 1113 1527 1181 proximum
1546 1121 1709 1176 tuum,

168 1225 268 1262 non
318 1207 664 1275 fortticaberis,
688 1220 786 1256 non
817 1206 1004 1272 fartum
1032 1203 1203 1270 facies,
1237 1217 1334 1254 non
1363 1202 1547 1268 falsum
1573 1203 1711 1255 testi-

167 1299 391 1350 monium
413 1295 870 1364 dices(Deut.vt,5)
888 1333 902 1355 ,
929 1307 1024 1360 pro
1042 1307 1106 1345 eo
1128 1301 1181 1344 ut
1203 1292 1494 1344 diceretur:
1522 1290 1706 1359 Dilige,

165 1397 222 1440 et
257 1401 322 1440 ne
360 1386 589 1447 occidas,
619 1399 682 1437 ne
713 1383 1008 1448 loruiceris,
1057 1397 1122 1436 ne
1169 1380 1366 1434 furtum
1419 1380 1610 1445 facias,
1643 1396 1710 1433 ne

165 1476 353 1529 falsum
401 1473 755 1528 testimonium
801 1472 965 1526 dicas.
1015 1471 1118 1526 Sub
1151 1479 1196 1522 te
1233 1486 1370 1540 ergo,
1403 1470 1584 1537 inquit,
1618 1470 1709 1521 erit

166 1567 417 1632 appetitus
444 1566 573 1631 ejus,
606 1572 650 1615 et
671 1573 724 1615 tu
755 1562 1087 1614 dominaberis
1115 1563 1284 1624 illius;
1317 1571 1369 1612 ttt
1402 1563 1520 1627 quia
1555 1559 1706 1613 liberi

167 1669 228 1707 es
263 1653 504 1717 arbitrii,
535 1666 724 1706 moneo
765 1661 818 1704 ttt
859 1655 1145 1718 appetitum
1186 1652 1381 1718 peccati
1417 1651 1706 1720 impugnari

167 1756 474 1810 cetnpescas
496 1781 511 1802 ,
541 1749 594 1794 et
623 1756 724 1794 non
756 1741 882 1794 illud
913 1741 985 1793 tui
1025 1743 1248 1806 amplius
1274 1741 1558 1793 crescendo
1577 1780 1590 1799 ,
1616 1739 1707 1792 sed

168 1843 222 1884 tu
273 1832 434 1901 magis
479 1831 618 1883 illius
646 1832 936 1884 correctius
968 1832 1186 1882 vivendo
1215 1831 1523 1883 domineris.
1560 1831 1707 1884 Hune

170 1923 340 1973 locum
382 1919 593 1986 antiqua
641 1919 912 1971 translatio
940 1920 1013 1970 sic
1045 1919 1233 1970 habet:
1268 1916 1448 1971 Nonne
1478 1919 1548 1970 sic
1575 1931 1705 1971 recte

167 2008 370 2072 offeras,
402 2017 529 2059 recte
555 2016 718 2070 autem
746 2022 842 2057 non
867 2007 1061 2057 dividas
1091 2007 1344 2074 peccasti?
1390 2009 1604 2074 quiesce,
1640 2011 1708 2060 ad

169 2107 217 2150 te
245 2096 372 2147 enim
402 2096 650 2147 conversio
679 2095 807 2162 ejus,
833 2102 875 2144 et
897 2104 950 2145 tu
977 2094 1311 2145 dominaberis
1340 2095 1500 2146 illius.
1536 2095 1700 2148 liecte

170 2195 345 2237 autem
369 2182 584 2235 ollertur
609 2181 736 2246 Deo,
777 2183 858 2234 cui
885 2183 970 2234 uni
1003 2183 1365 2235 tantummodo
1406 2185 1708 2237 sacriﬁcan-

172 2276 296 2324 dum
327 2279 424 2324 est.
473 2271 585 2325 Non
615 2280 785 2324 autem
812 2281 954 2335 recte
989 2271 1260 2335 dividitur,
1293 2273 1410 2326 cuin
1454 2289 1556 2326 non
1600 2274 1710 2328 dis-

173 2372 463 2415 cernuntur
502 2372 642 2416 recte
679 2363 758 2414 vel
791 2362 900 2414 loca
929 2400 944 2425 ,
992 2363 1072 2414 vel
1101 2371 1331 2429 tempora
1362 2363 1706 2428 oblationutn,
1755 2399 1757 2402 ‹

86 2481 102 2494 ο
177 2450 262 2500 vel
305 2464 388 2503 res
419 2449 543 2515 ipsa:
574 2465 689 2516 qua:
727 2447 1037 2511 oﬂ'eruutur,
1068 2451 1148 2504 vel
1195 2453 1280 2518 qui
1311 2452 1484 2517 oli‘ert,
1537 2455 1614 2506 vel
1659 2456 1708 2509 hi

178 2539 370 2606 quibus
395 2540 460 2590 ad
489 2540 801 2591 vescendum
833 2539 1164 2592 distribuitur
1189 2543 1325 2607 quod
1354 2543 1582 2595 oblatum
1605 2553 1707 2605 est,

176 2638 237 2680 ut
266 2627 571 2680 ditisionetn
605 2628 690 2680 bic
721 2628 1088 2681 discretionem
1120 2628 1492 2697 intelligamus.
1522 2630 1573 2683 lu
1605 2644 1712 2698 quo

176 2727 350 2770 autem
383 2718 562 2770 horum
618 2718 836 2770 Domino
882 2718 1204 2786 diSplicuerit
1226 2720 1377 2784 Cain,
1431 2721 1580 2775 facile
1607 2739 1708 2774 non

175 2807 607 2874 potestiuveniri.
636 2808 736 2861 Sed
748 2811 1010 2876 ~quoniam
1034 2809 1262 2863 Joannes
1281 2811 1564 2877 apostolus,
1591 2826 1709 2864 cum

175 2899 244 2949 de
272 2896 353 2949 his
379 2894 622 2950 fratribus
652 2897 972 2963 loqueretur.
1008 2896 1125 2950 Non
1151 2900 1276 2950 sicut
1306 2898 1469 2963 Cain,
1501 2900 1707 2967 inquit,

175 2984 261 3050 qui
281 2999 344 3035 ea:
372 2982 589 3048 maligno
620 2993 745 3045 erat,
768 2992 812 3036 et
840 2986 1019 3036 occidit
1050 2986 1255 3052 fratrem
1282 3001 1448 3039 suum.
1476 2985 1540 3037 Et
1569 2990 1711 3055 cujus

175 3078 250 3127 rei
273 3072 438 3141 gratia
481 3071 706 3142 occidit?
731 3073 846 3140 quia
874 3088 1025 3141 opera
1063 3075 1200 3126 illius
1233 3075 1451 3143 maligna
1485 3079 1708 3143 fuerunt,

177 3163 356 3227 fratris
379 3173 544 3213 autem
573 3163 680 3230 ejus
691 3162 834 3230 justo
858 3161 1028 3231 (Joan.
1060 3177 1138 3224 ut.
1168 3164 1288 3232 l3);
1315 3162 1464 3216 datur
1493 3165 1709 3234 intelligi

179 3259 454 3316 propterea
505 3247 668 3301 Deum
720 3265 820 3302 non
881 3255 1173 3317 respexisse
1222 3254 1273 3304 in
1329 3266 1517 3305 munus
1564 3253 1710 3320 eius,

176 3337 302 3404 quia
324 3339 419 3389 hoc
443 3337 557 3404 ipse
575 3339 706 3391 male
734 3338 1016 3398 dividebat.
1039 3341 1168 3394 dans
1197 3340 1300 3394 Deo
1322 3341 1712 3414 aliquid‘suum,

177 3427 282 3480 sibi
304 3436 474 3480 autem
496 3427 747 3494 seipsutn,
771 3430 906 3494 quod
929 3444 1110 3483 omnes
1137 3431 1331 3484 faciunt
1359 3434 1445 3499 qui
1470 3449 1572 3485 non
1603 3433 1717 3500 Dei,

178 3517 272 3570 sed
299 3531 446 3569 suam
477 3526 741 3571 sectantes
770 3520 1106 3583 voluntatem,
1155 3522 1205 3574 id
1257 3533 1357 3581 est,
1393 3539 1494 3575 non
1548 3537 1713 3588 reeto,

180 3605 274 3659 sed
301 3619 547 3672 perverso
573 3608 730 3660 corde
752 3610 1016 3670 viventes;
1045 3610 1267 3662 oderunt
1289 3621 1459 3663 tamen
1484 3613 1588 3665 Deo
1610 3627 1718 3664 mtt-

184 3707 308 3758 nus,
335 3708 439 3761 quo
471 3705 646 3761 putant
669 3711 784 3748 eum
817 3695 1025 3770 redimi,
1055 3704 1111 3746 ut
1152 3712 1331 3750 eorum
1366 3715 1468 3751 non
1496 3701 1720 3765 opitule-

182 3793 268 3835 tur
317 3783 561 3836 sanandis
619 3784 791 3850 pravis
836 3784 1247 3850 cupiditatibus,
1289 3787 1380 3839 sed
1427 3789 1716 3856 capiendis.

191 3872 418 3937 Quiesce.
451 3872 638 3939 inquit,
670 3873 735 3924 ad
765 3883 809 3925 te
828 3870 962 3926 enini
986 3875 1235 3926 conversio
1258 3879 1389 3940 eius,
1447 3886 1490 3928 et
1540 3887 1595 3928 tu
1635 3879 1720 3929 doc

183 3958 634 4016 minaberis'ilh'us.
687 3963 876 4018 Desine
924 3974 1133 4032 peccato
1176 3966 1454 4018 invidi-inin
1506 3967 1718 4020 fratrem

183 4053 574 4118 contabescere,
606 4055 724 4121 quia
755 4055 822 4109 ad
862 4065 914 4108 te
956 4056 1055 4108 erit
1082 4058 1352 4108 conversio
1377 4056 1610 4123 ejusdem
1646 4060 1716 4110 tui

191 4143 413 4207 peccati,
444 4154 496 4196 et
527 4144 576 4196 in
608 4153 753 4197 tuum
778 4153 934 4210 caput
961 4144 1204 4210 iniquitas
1227 4154 1310 4197 tua
1338 4145 1361 4172 ³
1387 4145 1716 4210 redundabit,

187 4238 246 4282 et
291 4241 345 4281 tu
372 4231 721 4285 dominaberis
773 4233 931 4296 illius,
987 4233 1181 4286 habens
1227 4233 1276 4286 in
1323 4243 1581 4297 potestate
1629 4251 1722 4302 per

187 4321 412 4387 gratiam
436 4319 596 4372 divini
628 4320 868 4388 atljutorii
896 4331 1199 4390 conceptam
1221 4323 1286 4377 de
1310 4333 1398 4376 tuo
1435 4325 1594 4379 corde
1635 4342 1722 4379 rc-

1807 583 1932 622 vero
1959 568 2107 630 Cain,
2139 567 2191 619 in
2216 581 2280 620 eo
2303 567 2442 635 quod
2470 567 2741 620 occisurus
2771 566 2984 621 fratrem
3009 567 3150 622 foras
3180 567 3344 633 ducit,

1805 658 1953 726 quasi
1978 658 2028 711 in
2054 658 2173 710 loco
2193 656 2465 710 secretiori
2489 655 2722 709 divinam
2742 658 2902 721 possit
2931 657 3197 710 declinare
3218 672 3348 723 prte-

1811 746 2037 802 sentiam
2072 761 2088 799 :
2121 760 2227 798 non
2280 745 2600 812 recogitans,
2659 760 2830 814 neque
2880 745 3177 814 intelligens
3228 748 3349 813 quia

1806 837 1894 901 qui
1923 835 2129 890 occulta
2150 835 2324 888 cordis
2345 835 2425 887 sui
2449 849 2564 900 qua:
2593 835 2854 904 redarguit
2876 835 2901 872 δ
2931 846 3167 900 noverat,
3191 837 3349 888 etiam

1806 939 1908 991 quo
1940 925 2054 991 ipse
2084 923 2358 977 secederet
2386 924 2583 992 quidve
2612 925 2666 976 in
2708 925 2884 978 abdito
2928 935 3132 994 gereret
3172 911 3346 993 posset

1807 1012 2018 1064 intueri.

1878 1117 1944 1171 Et
1971 1120 2040 1171 ait
2070 1117 2318 1171 Dominus
2340 1118 2406 1170 ad
2429 1117 2550 1170 Cain
2575 1133 2594 1170 :
2630 1115 2726 1170 Ubi
2753 1126 2828 1170 est
2858 1118 2981 1169 Abel
3011 1119 3168 1186 frater
3190 1127 3302 1169 tuus
3327 1125 3347 1168 Ξ

1809 1207 1922 1260 Non
1950 1218 2192 1275 tauquam
2226 1207 2434 1274 ignarus
2474 1219 2593 1257 eum
2641 1205 2667 1257 ὸ
2714 1220 2816 1272 quo
2845 1206 3014 1258 discat
3042 1207 3346 1272 interrogat,

1807 1296 1900 1349 sed
1939 1305 2184 1363 tanquam
2206 1296 2365 1363 judex
2394 1309 2537 1360 reum
2576 1309 2728 1361 quem
2762 1295 2957 1361 puniat.

1878 1386 1976 1447 Qui
2018 1385 2271 1450 respondit
2314 1399 2334 1435 :
2386 1384 2584 1436 Nescio.
2644 1382 2782 1435 Nunt
2834 1392 2996 1436 custos
3039 1386 3208 1452 fratris
3251 1384 3350 1436 mei

1806 1472 2152 1526 sum?Stu|ta
2208 1475 2400 1538 pariter
2445 1481 2496 1525 et
2531 1472 2755 1538 superba
2807 1473 3114 1539 responsio;
3165 1473 3347 1531 stulta.

1807 1577 1926 1614 cum
1977 1562 2124 1615 illum
2170 1560 2273 1613 falli
2331 1575 2486 1627 posse
2543 1561 2791 1628 putabat,
2845 1560 2930 1626 qui
2977 1561 3351 1613 conscientiam

1812 1666 1962 1705 suam
1997 1651 2255 1719 peccantis
2294 1657 2349 1703 et
2376 1659 2498 1701 ante
2548 1659 2806 1713 patratum
2856 1650 3029 1701 scelus
3080 1648 3348 1701 lratricidii

1811 1739 1965 1794 velut
2008 1741 2335 1793 occultorum
2364 1739 2601 1808 cognitor
2644 1739 2926 1802 arguebat;
2960 1736 3202 1804 superba,
3234 1752 3351 1790 cum

1810 1829 1863 1881 in
1891 1829 2101 1880 modum
2129 1827 2265 1880 servi
2297 1829 2581 1895 pervicacis
2610 1827 2883 1879 custodem
2935 1826 3109 1878 fratris
3141 1840 3198 1879 se
3227 1841 3345 1878 esse

1811 1917 2049 1981 negabat,
2102 1915 2189 1982 qui
2243 1912 2685 1976 mattil‘estatioue,
2729 1915 2773 1966 si
2822 1913 2944 1980 quid
2995 1915 3202 1980 periculi
3254 1913 3352 1964 iut-

1809 2004 2032 2054 ntineret
2059 2043 2074 2060 ,
2123 2004 2341 2053 minoris
2382 2002 2553 2055 fratris
2582 2016 2756 2053 curam
2787 2002 3000 2063 habere,
3046 2013 3097 2052 et
3137 2002 3352 2054 eumab

1807 2089 2167 2157 ingruentibus
2195 2089 2636 2161 adversisJutari
2683 2090 2827 2156 quasi
2870 2091 3037 2153 major
3066 2089 3337 2142 debuerat.

1834 2238 1836 2240 τ
1879 2196 2115 2266 Dixitque
2159 2199 2226 2248 ad
2278 2192 2436 2250 eum:
2482 2197 2616 2262 Quid
2669 2197 2873 2265 fecisti?
2929 2196 3035 2249 νοτ
3090 2200 3347 2266 sanguinis

1809 2292 1980 2359 fratris
2021 2292 2093 2342 tui
2145 2292 2333 2342 clamat
2355 2291 2420 2341 ad
2459 2292 2619 2342 mede
2664 2300 2816 2342 terra.
2875 2292 3109 2358 Magnam
3165 2307 3346 2344 vocent

1812 2383 1968 2436 habet
2019 2381 2250 2449 sanguis,
2307 2397 2410 2433 non
2460 2383 2625 2433 solum
2677 2381 2826 2442 Abel,
2859 2381 2972 2432 sedx
3009 2390 3058 2432 ct
3114 2383 3344 2432 omnium

1812 2471 2205 2525 interfectorum
2256 2485 2349 2536 pro
2404 2469 2622 2520 Domino
2672 2483 2686 2516 :
2741 2483 2834 2518 vox
2900 2478 2978 2519 est
3021 2468 3156 2519 enim
3223 2482 3343 2518 san-

1808 2561 1982 2630 guinis
2037 2573 2218 2612 eorutu
2283 2558 2393 2624 ipsa
2455 2556 2572 2609 ﬁdei
2619 2556 2951 2619 constantia,
3004 2557 3112 2620 ipse
3177 2555 3347 2609 fervor

1810 2649 2084 2704 cbaritatis
2113 2689 2129 2712 ,
2191 2661 2281 2714 per
2330 2660 2481 2714 quem
2547 2647 2652 2714 pati
2685 2659 2775 2708 pro
2824 2645 3040 2696 Domino
3093 2660 3350 2699 meruere.

1812 2739 1928 2804 Ipse
1953 2739 2142 2792 clamat
2169 2737 2233 2788 ad
2264 2736 2538 2788 Dominum
2566 2737 2631 2786 de
2671 2745 2806 2786 terra
2838 2751 2849 2784 :
2892 2737 3008 2801 quia
3060 2735 3261 2787 etiamsi
3295 2738 3346 2788 in

1811 2826 2002 2880 abditis
2053 2835 2205 2877 terrae
2245 2823 2446 2875 sinibus
2489 2824 2622 2874 sicut
2669 2823 2797 2874 Abel
2837 2826 3024 2876 luet-int
3067 2828 3131 2875 ab
3181 2827 3354 2891 impiis

1812 2914 2108 2983 interempti
2131 2953 2144 2975 ,
2189 2927 2342 2967 causa
2383 2921 2554 2964 tamen
2585 2913 2692 2978 ipsa
2718 2918 2898 2964 mottis
2926 2928 3106 2965 eorum
3137 2916 3184 2965 in
3211 2931 3348 2968 con-

1811 3018 1991 3080 spectu
2021 3008 2209 3063 interni
2237 3017 2258 3045 ε
2292 3008 2470 3060 arbitri
2505 3005 2727 3073 pretiosa
2749 3007 2997 3058 esistitet
3021 3009 3180 3071 clara,
3205 3008 3346 3077 jusle
3384 3065 3393 3072 ,

1817 3099 2086 3169 postulans
2113 3106 2167 3149 ut
2212 3105 2265 3149 et
2312 3096 2364 3148 bi
2400 3096 2484 3164 qui
2516 3096 2566 3148 in
2614 3110 2705 3147 sua
2736 3095 3068 3162 simplicitate
3098 3107 3218 3148 sunt
3258 3099 3348 3150 in-

1812 3194 1955 3257 juste
1990 3187 2264 3255 perempti,
2302 3196 2653 3249 coronentur;
2685 3194 2738 3239 et
2768 3186 2836 3238 illt
2884 3187 2970 3252 qui
3014 3201 3105 3240 eos
3154 3188 3345 3253 injuste

1818 3275 2178 3347 persequendo
2229 3275 2577 3337 trucitlavere,
2627 3275 2956 3326 damnentur.
2990 3275 3184 3347 Eorum
3224 3292 3348 3343 ergo

1819 3369 2033 3436 sanguis
2062 3367 2358 3420 occisorum
2389 3366 2579 3416 clamat
2608 3364 2670 3415 ad
2722 3363 3012 3424 Dominum,
3044 3379 3265 3430 quorum
3296 3374 3349 3417 et

1767 3495 1773 3502 -
1817 3456 1922 3509 vita
1972 3465 2093 3506 ante
2130 3461 2350 3504 mortem
2379 3451 2633 3502 clamasse
2657 3450 2903 3529 probatur
2950 3449 3012 3502 ad
3053 3453 3218 3514 illum,
3259 3453 3349 3520 qui

1817 3543 1991 3594 dicere
2014 3540 2184 3593 solent
2208 3555 2220 3590 :
2254 3537 2475 3591 Clamovi
2503 3539 2554 3589 in
2585 3546 2684 3590 toto
2705 3539 2852 3610 corde
2897 3556 3024 3602 meo,
3050 3543 3230 3592 exaudi
3254 3558 3351 3605 me,

1821 3630 2047 3694 Domine,
2098 3623 2470 3696 iustiﬁcationes
2521 3641 2631 3681 tuas
2665 3611 2910 3696 requirant
2957 3630 3127 3699 (Psal.
3172 3648 3359 3696 cxvttt,

1824 3718 1925 3773 HS
1953 3724 1990 3786 ).
2043 3719 2132 3775 Ille
2164 3700 2314 3770 ‘ettim
2361 3718 2423 3768 ad
2482 3715 2757 3772 Dominum
2811 3718 2970 3770 corde
3016 3721 3228 3781 clamat,
3270 3723 3358 3788 qui

1820 3821 2000 3874 magna
2042 3805 2288 3872 pestttlal,
2321 3805 2406 3871 qtti
2457 3805 2687 3855 ctelestia
2734 3815 3001 3871 precatur,
3048 3807 3132 3870 qui
3162 3816 3357 3860 {eterna

1817 3905 2014 3960 sperat,
2046 3895 2132 3960 qui
2166 3909 2266 3944 non
2315 3892 2532 3959 gloriam
2584 3892 2735 3966 hujus
2785 3893 2963 3945 steculi
3013 3895 3079 3944 ab
3113 3895 3199 3946 illo
3221 3936 3233 3956 ,
3260 3897 3356 3949 sed

1813 3980 2242 4047 justilicationum
2263 3979 2377 4044 ejus
2405 3979 2692 4030 custodiam
2721 3980 2957 4043 requirit.
2991 3978 3086 4043 Qui
3117 3982 3358 4034 videlicet

1819 4069 2016 4128 clamor
2045 4067 2184 4119 unde
2235 4067 2286 4118 in
2334 4066 2579 4117 cordibus
2617 4067 2876 4131 jUstoruut
2915 4080 3159 4120 nascatur
3205 4073 3360 4122 ducet

1820 4155 2105 4222 Apostolus
2152 4154 2332 4205 dicens
2364 4170 2375 4203 :
2409 4151 2548 4203 Mi~.it
2578 4152 2712 4204 Deus
2739 4152 2987 4219 Spiritum
3034 4151 3159 4206 Filii
3200 4157 3276 4207 sui
3303 4159 3356 4207 in

1821 4243 1972 4294 corda
2001 4250 2173 4292 nostra
2204 4239 2498 4292 clamantem
2542 4239 2667 4291 abba
2697 4238 2845 4291 l‘ater
2875 4239 3009 4305 (Cal.
3035 4256 3104 4305 tr,
3131 4241 3214 4310 6);
3255 4245 3363 4296 cla-

1823 4344 2048 4386 mantem
2081 4346 2302 4397 namque
2332 4333 2383 4384 in
2417 4331 2662 4385 cordibus
2687 4332 2881 4385 nostris
2907 4332 2969 4384 ad
3001 4331 3204 4386 Patrem
3234 4333 3363 4386 dicit

189 4410 394 4476 pellere
425 4410 730 4479 nequitiam.
753 4410 871 4463 liae
901 4411 1036 4469 Deus
1062 4404 1262 4466 locatus
1289 4424 1368 4467 est
1395 4415 1458 4467 ad
1483 4414 1629 4478 Cain,
1658 4431 1722 4470 eo
1752 4441 1799 4500 υ
1825 4422 2098 4488 Spiritum,
2129 4421 2246 4488 quia
2297 4421 2538 4472 nimirum
2599 4422 2711 4488 ip~e
2764 4423 2874 4473 hinc
2924 4423 2988 4473 ad
3031 4423 3364 4476 clamandum

191 4511 341 4551 more
360 4511 464 4566 quo
484 4511 602 4552 eum
630 4499 812 4566 primis
840 4501 1140 4555 hominibus
1169 4518 1260 4568 per
1280 4506 1570 4558 creaturam
1594 4505 1719 4557 sub-

189 4585 380 4654 jeCtam
402 4585 540 4639 velut
565 4600 751 4638 eorum
776 4589 946 4639 socius
1001 4588 1163 4641 forma
1205 4604 1430 4656 congrua
1467 4592 1717 4658 loqueba-

191 4685 295 4737 tur.
331 4672 520 4727 Verum
551 4672 673 4741 quia
699 4674 786 4725 ille
815 4689 918 4726 non
951 4673 1111 4737 intus,
1134 4676 1226 4728 sed
1253 4677 1377 4730 toris
1423 4689 1502 4731 est
1545 4679 1725 4734 admo-

195 4765 360 4829 nitus,
401 4762 738 4815 nihilominus
781 4760 1125 4814 deliberatum
1173 4767 1344 4818 scelus
1393 4765 1445 4818 iu
1494 4771 1726 4823 necando

195 4854 357 4907 l‘ratre
402 4855 558 4907 etiam
600 4861 713 4920 post
751 4850 984 4905 verbum
1011 4851 1198 4906 divina:
1244 4855 1611 4911 admonitionis
1649 4861 1726 4914 vel

195 4940 544 5008 correptionis
563 4942 828 5010 implevit;
855 4941 1087 5008 sequitur
1118 4945 1278 4998 enim.

265 5032 502 5103 Ditisque
528 5036 654 5090 Caiss
674 5037 741 5090 ad
771 5036 890 5090 Abel
925 5037 1126 5106 fratrem
1163 5053 1307 5089 suum
1335 5053 1351 5089 :
1399 5037 1728 5107 Egrediamur

193 5124 250 5177 in
293 5136 473 5190 agrum
499 5137 750 5192 :cutnque
790 5134 950 5178 essent
979 5125 1030 5176 in
1065 5139 1211 5192 agro,
1255 5128 1565 5180 consurrexit
1604 5128 1729 5182 Cain

195 5212 434 5265 adversus
458 5209 579 5262 Abel
606 5213 811 5279 fratrem
843 5228 1011 5274 suum,
1038 5224 1080 5264 et
1111 5214 1356 5277 interfecit
1383 5229 1512 5265 eum.
1562 5217 1623 5268 it't
1648 5218 1730 5271 hic

197 5298 415 5368 perlidia
431 5297 560 5353 Cain
581 5300 735 5353 simul
761 5310 814 5355 et
838 5303 1134 5356 innocentia
1153 5302 1542 5355 demonstratur
1563 5304 1688 5358 Abel
1713 5323 1724 5358 ε

196 5387 495 5442 innocentia
521 5386 729 5454 quidem
789 5389 937 5451 Abel,
970 5390 1020 5443 in
1077 5403 1140 5442 eo
1165 5391 1303 5457 quod
1334 5390 1581 5459 majorem
1628 5392 1737 5445 tra-

195 5490 356 5539 trem,
384 5476 476 5530 sed
501 5489 622 5542 erga
650 5489 707 5529 se
740 5476 913 5530 hostili
942 5478 1070 5532 odio
1107 5493 1380 5535 accensum
1426 5481 1743 5551 εὶιυριίιιὶιετι.

270 5615 300 5643 ⁸
331 5607 435 5670 AL,
466 5608 731 5660 reclinauit.

271 5672 422 5738 δΑΙ..
449 5678 602 5729 norit.

1823 4526 1942 4565 cum
1973 4511 2265 4574 impleverit
2287 4510 2544 4562 accendit.
2589 4509 2734 4561 llunc
2761 4509 3038 4561 clamorem
3074 4512 3170 4577 pia!
3195 4511 3359 4564 det-o-

1823 4603 1978 4656 tionis
2031 4611 2084 4654 et
2137 4601 2337 4652 animas
2391 4608 2674 4671 martyrum
2730 4609 2842 4663 post
2892 4609 3111 4652 mortem
3167 4601 3361 4664 habere

1823 4688 2116 4742 manifestat
2147 4687 2374 4738 .luanues
2403 4700 2522 4738 cum
2554 4687 2627 4736 ait
2661 4679 2833 4737 :A'Vidi
2852 4686 2950 4738 sub
2978 4690 3139 4740 altare
3171 4687 3370 4740 animos

1822 4780 2190 4848 interfectorum
2231 4787 2434 4845 propter
2461 4776 2661 4827 verbum
2690 4773 2785 4827 Dei
2832 4785 2878 4828 et
2918 4789 3121 4842 propter
3144 4779 3372 4828 testimo-

1754 4923 1771 4936 ,
1825 4870 1961 4922 nium
1987 4868 2121 4936 quod
2142 4866 2402 4928 habebant,
2432 4875 2479 4918 et
2520 4866 2804 4918 clamabant
2832 4882 2946 4918 t'oce
2983 4882 3167 4937 magna
3189 4867 3364 4917 dicen-

1828 4964 1939 5010 tes:
1975 4954 2264 5022 Usquequo.
2293 4953 2504 5005 Domine
2531 4963 2730 5006 sanctus
2757 4963 2800 5004 et
2822 4950 2984 5015 verius,
3022 4968 3117 5003 non
3146 4937 3370 5016 iudicas,

1828 5057 1875 5098 et
1896 5044 2119 5097 vindicas
2149 5043 2442 5113 sanguineus
2468 5053 2697 5110 nostrum
2741 5042 2802 5094 de
2834 5044 2910 5093 his
2937 5041 3028 5105 qui
3064 5040 3289 5091 Itabitaut
3315 5040 3371 5091 in

1828 5141 1964 5185 terra
1996 5133 2178 5200 (Apoc.
2212 5145 2282 5193 vt,
2318 5131 2373 5198 9)
2402 5128 2688 5187 i‘CIamaut
2715 5131 2853 5182 enim
2889 5129 3000 5182 haec
3024 5128 3212 5180 animae
3240 5141 3364 5179 sau-

1826 5233 2030 5277 etorutn
2068 5237 2171 5274 non
2201 5221 2324 5272 odio
2351 5221 2676 5274 inimicorum
2703 5261 2717 5284 ,
2769 5219 2857 5271 sed
2889 5234 3066 5272 amore
3100 5219 3317 5287 iustitia!
3349 5263 3372 5286 ,

1830 5324 1988 5376 quam
2009 5323 2216 5374 semper
2244 5307 2444 5361 esurire
2473 5323 2531 5361 ac
2558 5308 2704 5360 sitire
2751 5307 3086 5372 didicerunt,
3133 5308 3284 5361 simul
3315 5318 3371 5361 et

1792 5438 1793 5442 η
1831 5396 2094 5448 desiderio
2122 5395 2434 5461 recipiendae
2477 5410 2586 5448 sum
2625 5396 2817 5458 carnis,
2852 5404 2908 5447 ut
2937 5391 3097 5462 quam
3123 5410 3217 5464 pro
3257 5397 3376 5448 Do-

1833 5487 1973 5537 mino
2000 5484 2051 5536 in
2076 5492 2296 5554 mortem
2325 5484 2603 5552 dederant,
2629 5486 2653 5523 ά
2687 5487 2740 5541 itt
2775 5486 2873 5541 hac
2903 5487 3186 5543 immortali
3216 5499 3380 5557 atque

1904 5626 1923 5652 ο
1957 5613 2036 5668 AI.
2053 5652 2068 5677 ,
2093 5612 2302 5680 judicia.

1903 5681 1926 5717 ⁸³
1958 5683 2067 5749 AL,
2085 5692 2137 5734 tu
2159 5682 2273 5734 Itoc.
