3866 6248
483 333 552 388 ω
972 328 1170 384 881)ιεί
1212 325 1657 384 νεηπηλιιιωε
1695 325 1974 381 οιιειιιίι

2126 320 2193 378 ὶὸ
2228 323 2292 382 ll.
2326 352 2392 364 -—
2419 322 2649 379 EXEGE
2665 321 2810 381 “CA
2846 323 3160 383 GENUINA.
3272 338 3274 340 '
3606 329 3672 384 68

486 443 864 513 ineorruptibili
893 442 1118 496 Domino
1161 450 1335 494 astare
1362 449 1677 494 mereantur.
1709 438 1888 503 Magna
1934 449 2021 487 au-
2059 437 2098 491 Α
2131 433 2194 485 rit
2217 433 2339 485 (.‘ain
2367 437 2645 502 srpfuplttm
2675 436 2949 513 puuietur._
2975 436 3086 492 Non
3116 446 3172 492 ut
3202 435 3454 504 aestimas
3481 439 3674 494 morie-

489 548 594 591 tem
641 545 846 605 estvos
897 533 1138 588 clamoris
1166 548 1348 586 eorum
1373 572 1388 596 ,
1435 543 1678 596 magnum
1707 537 1790 580 est
1814 525 2026 579 deside-

488 626 622 678 rium
665 624 903 691 jostitizc.
949 622 1229 675 Clamante
1272 633 1403 672 vero
1454 619 1518 671 ad
1575 616 1852 670 Dominum
1907 626 2029 666 san-

486 714 643 783 guiue
671 725 990 776 sanctorum,
1021 711 1070 763 id
1125 720 1206 765 est
1248 710 1446 780 justam
1475 708 1724 761 ultionem
1775 719 1885 762 sum
1949 703 2028 757 in-

485 801 642 867 justas
667 803 809 854 necis
830 810 1129 866 expetente.
1153 798 1275 867 quid
1302 801 1367 850 de
1396 794 1819 865 persecutoribus
1844 807 2025 844 eorum

487 904 691 954 agatur,
715 892 1093 958 subsequenter
1120 888 1432 953 oSIenditur,
1465 885 1672 938 dicente
1704 881 1922 936 Domino
1961 881 2025 934 ad

482 979 644 1031 Cain:

566 1065 716 1117 Nunc
760 1071 914 1130 igitur
941 1065 1237 1118 maledictus
1265 1065 1360 1116 eris
1383 1078 1532 1132 super
1557 1072 1740 1114 terram
1771 1077 1880 1130 quia
1906 1077 2028 1128 ape-

485 1157 585 1208 ruit
609 1174 663 1208 os
683 1173 846 1217 suum,
872 1166 917 1209 et
948 1173 1025 1207 sui
1036 1158 1164 1219 cepit
1187 1157 1478 1222 sanguinem
1501 1155 1677 1219 fratris
1704 1155 1777 1205 tui
1794 1153 1857 1206 de
1877 1169 2028 1206 manu

485 1256 611 1297 tua:
640 1260 751 1297 eum
786 1256 1018 1305 inperatus
1045 1246 1200 1311 [ueris
1234 1260 1363 1307 eain,
1397 1260 1494 1296 non
1525 1243 1662 1294 dabit
1693 1244 1782 1295 tibi
1834 1243 2026 1311 fructus

486 1348 600 1385 suos
639 1347 835 1401 :uagus
882 1343 930 1385 et
981 1338 1220 1402 profugus
1275 1333 1374 1384 eris
1425 1340 1573 1399 super
1618 1341 1824 1385 terram.
1874 1331 2026 1385 Juxta

485 1434 786 1472 mensuram
829 1422 1153 1486 peccantium
1198 1420 1371 1487 justus
1417 1421 1576 1487 judcs
1627 1431 1680 1473 et
1727 1436 2023 1474 mensuram

487 1510 634 1575 pon’it
681 1509 919 1562 vindictae
948 1525 961 1560 :
990 1511 1153 1562 Adam
1206 1525 1428 1578 namque
1477 1510 1691 1563 vetitum
1743 1511 2026 1565 comedens

487 1610 815 1664 nequaquam
841 1595 950 1663 ips'e
973 1597 1324 1658 tnaledicitur,
1350 1597 1442 1650 sed
1474 1607 1612 1650 terra
1644 1597 1815 1660 potius
1837 1597 1888 1650 in
1912 1599 2024 1664 ejus

483 1699 644 1748 opere
673 1686 1027 1739 tualedictinni
1070 1686 1380 1752 subjicitur;
1430 1702 1532 1739 non
1568 1685 1776 1755 quidem
1810 1687 1942 1741 adeo
1973 1696 2026 1740 ttt

2129 520 2221 583 ris,
2249 531 2302 575 et
2330 531 2551 575 mortem
2581 537 2674 590 pro
2704 508 2949 578 remedio.
2974 528 3219 592 accipies.
3241 527 3335 582 sed
3367 530 3516 582 vives
3547 530 3672 596 ptu-

2131 595 2264 662 timo
2286 618 2522 678 tempore
2536 611 2599 664 ad
2618 613 2915 680 exemplum
2938 623 3270 682 cwterorum,
3283 631 3351 671 ne
3363 618 3440 671 sic
3453 595 3676 685 peccare

2128 698 2382 760 audeant;
2414 707 2718 767 tantumque
2739 701 2887 756 abest
2906 714 2960 756 ut
2985 714 3035 758 te
3068 715 3093 743 ο
3123 705 3218 760 abs
3244 707 3477 775 quolibet
3499 707 3666 760 inter-

2129 785 2212 840 lici
2262 786 2439 850 velim,
2473 797 2527 840 ut
2555 788 2740 855 siquis
2771 797 2822 844 te
2850 790 3191 858 interfecerit,
3239 795 3570 862 septuplum,
3621 793 3670 846 id

2126 876 2550 944 est,gravissima
2579 878 2776 931 ultione
2798 881 3063 950 puniatur,
3081 882 3168 950 qui
3201 898 3298 936 nec
3325 892 3426 937 tua
3452 884 3674 937 dsmns-

2129 961 2283 1018 tionis
2320 965 2610 1020 acerbitate
2640 967 2962 1034 admonitus,
3011 985 3038 1022 a
3069 971 3324 1042 sanguine
3352 973 3670 1028 effundenda

2127 1051 2288 1105 voluit
2315 1069 2502 1109 manus
2531 1054 2798 1111 cohibere.
2831 1056 2942 1109 Non
2967 1060 3105 1113 enim
3138 1060 3286 1114 illum
3317 1061 3673 1117 debuitbomo

2127 1141 2364 1195 occidere
2391 1143 2650 1197 hominem
2695 1147 2774 1198 cui
2805 1146 2940 1200 Deus
2969 1149 3124 1200 vitam
3156 1152 3391 1216 peccanti
3443 1154 3672 1206 donave-

2127 1243 2227 1297 rat,
2261 1236 2340 1288 vel
2371 1236 2433 1288 ad
2465 1237 2731 1289 cumulum
2765 1251 2929 1304 prs-nae
2949 1237 3132 1304 ipsius,
3164 1239 3244 1290 vel
3269 1238 3333 1291 ad
3365 1242 3664 1308 exemptum

2129 1323 2347 1376 cautela:
2373 1335 2426 1377 et
2452 1325 2674 1379 aliorum
2715 1325 3076 1380 correctionis.
3109 1326 3257 1381 Solet
3284 1342 3509 1395 namque
3539 1345 3670 1383 non-

2127 1431 2388 1484 nunquam
2419 1417 2685 1485 Scriptura
2710 1419 3006 1485 septenario
3049 1432 3268 1470 numero
3290 1417 3664 1484 plenitudinem

2124 1503 2237 1567 ejus
2268 1503 2333 1558 de
2363 1520 2460 1574 qua
2491 1506 2716 1574 loquitur
2745 1507 2818 1560 rei
2847 1507 3170 1574 signiﬁcare,
3213 1506 3352 1559 sicut
3379 1507 3429 1560 in
3464 1508 3659 1562 Leviti-

2131 1604 2232 1642 cn:
2266 1592 2327 1644 Si
2368 1595 2964 1659 ambulaceritis,inquit,
3019 1609 3082 1646 ea:
3131 1594 3340 1648 adverso
3387 1597 3529 1663 mihi,
3582 1615 3669 1650 nec

2127 1679 2383 1732 volueritis
2422 1683 2600 1734 audire
2629 1699 2726 1747 me,
2757 1682 2941 1735 addant
2963 1683 3139 1754 plagas
3177 1693 3363 1737 vestras
3389 1687 3666 1754 septuplunt

482 1771 679 1825 fructus
719 1774 958 1841 aperanti
989 1774 1230 1840 deneget,
1261 1775 1352 1829 sed
1383 1784 1437 1827 ut
1469 1776 1724 1829 laboranti
1771 1791 1833 1828 ac
1869 1777 2019 1829 desu-

2128 1766 2266 1835 (Lev.
2298 1784 2437 1834 xsvt,
2481 1769 2592 1838 21).
2645 1774 2704 1824 Et
2734 1773 2887 1839 paulo
2918 1780 3032 1840 post
3076 1788 3090 1823 :
3128 1771 3191 1824 Et
3263 1774 3539 1840 percutiam
3584 1790 3668 1828 sos

481 1859 626 1911 danti
672 1874 796 1912 suos
851 1861 1037 1913 cultori
1094 1860 1321 1927 proterat
1377 1860 1610 1927 fructus;
1668 1871 1722 1915 et
1775 1872 1832 1915 ut
1881 1863 2025 1915 labor

487 1950 623 2003 idem
676 1951 956 2018 aliquando
1001 1960 1176 2018 posset
1223 1952 1402 2019 tiniri,
1455 1967 1516 2006 ac
1571 1957 1776 2021 requ'es
1828 1963 2024 2007 aeterna

484 2040 705 2108 ingredi.
735 2040 918 2094 Carnis
945 2040 1101 2093 etiam
1135 2052 1302 2093 morte
1330 2040 1591 2094 addicitur
1622 2058 1635 2093 :
1677 2041 1814 2110 quod
1867 2042 2024 2096 bene-

492 2134 596 2185 tlcii
623 2134 786 2199 gratia
818 2133 1031 2192 tactum,
1059 2146 1123 2185 ne
1152 2147 1364 2199 semper
1390 2134 1458 2185 ita
1501 2133 1764 2185 laboraret
1791 2147 1851 2184 ac
1878 2132 2023 2184 dole-

2124 1860 2301 1925 septies
2329 1872 2531 1926 propter
2568 1872 2770 1930 peccata
2795 1872 2954 1914 vestra
2984 1860 3296 1932 (1ὸὶά.,ἳ4),
3325 1879 3419 1932 pro
3443 1881 3506 1918 eo
3527 1868 3664 1931 quod

2127 1957 2212 2002 est
2259 1952 2638 2017 multipliciter.
2695 1953 2755 2006 Et
2800 1954 2850 2007 in
2885 1952 3073 2016 bonam
3109 1968 3308 2022 partem
3352 1956 3662 2014 Psalmista:

2123 2035 2320 2106 Septies
2349 2039 2402 2093 in
2432 2043 2514 2094 die
2561 2043 2759 2096 laudem
2787 2042 2898 2097 dixi
2935 2043 3026 2098 tibi
3064 2043 3248 2114 (Psal.
3283 2061 3476 2111 cum,
3517 2049 3660 2116 164).

2121 2126 2256 2190 quod
2288 2138 2367 2179 est
2395 2129 2510 2182 aliis
2537 2132 2710 2183 verbis
2739 2131 2912 2184 dicere
2945 2149 2956 2182 :
2990 2131 3203 2198 Semper
3225 2132 3336 2186 laus
3358 2136 3470 2204 ejus
3499 2138 3550 2188 in
3575 2154 3660 2192 ore

3803 1407 3805 1512 l

487 2231 587 2286 ret,
618 2221 713 2275 soli
745 2221 829 2288 qui
878 2220 1154 2284 prteseutis
1199 2221 1378 2274 amculi
1408 2235 1566 2288 quam
1610 2221 1680 2272 sit
1730 2234 2024 2272 aerumnosa
2123 2229 2232 2265 υκο
2260 2212 2430 2281 (Ρεαι.
2466 2232 2647 2279 XXIIII.
2675 2216 2752 2284 ἰ).
2778 2218 2928 2284 Quod
2956 2234 3080 2272 vero
3106 2222 3304 2289 antiqui
3351 2222 3660 2290 interpretes

473 2312 587 2363 .vita
619 2309 942 2376 perpendere
969 2312 1229 2373 nesciunt,
1261 2309 1520 2360 dubitant.
1549 2307 1710 2361 Porro
1749 2308 1876 2360 Cain
1904 2323 2021 2360 cum
2121 2303 2364 2356 dixerunt
2398 2321 2413 2356 :
2441 2304 2617 2358 Omnis
2641 2307 2729 2373 qui
2757 2299 2994 2361 occiderit
3023 2308 3148 2362 Cain
3189 2325 3375 2378 septem
3421 2314 3660 2368 vindicta

479 2384 641 2456 sciret
693 2401 1171 2469 praevaricationem
1233 2413 1448 2452 suorum
1523 2397 2023 2465 damnation'emque
2125 2389 2145 2429 ί
2193 2393 2441 2458 exsolvet,
2492 2394 2631 2449 bone
2688 2397 2842 2450 habet
2885 2411 3120 2452 sensum.
3173 2398 3331 2455 Vives
3377 2417 3544 2472 usque
3597 2407 3659 2458 ad

484 2500 780 2558 parentum,
824 2490 1022 2542 addidit
1071 2489 1303 2556 ejusdem
1354 2503 1504 2541 noxa:
1559 2487 2017 2555 praevaricationis,
2118 2483 2389 2549 δοριίηιιηι
2437 2486 2857 2553 generationem.
2904 2496 2956 2540 el
3004 2488 3342 2545 conscienlie
3392 2500 3496 2548 tuo
3545 2495 3660 2562 igne
3717 2479 3725 2488 ’

471 2593 636 2644 .quam
674 2577 742 2630 de
788 2584 813 2610 ἰ
861 2575 1076 2628 traduce
1102 2583 1370 2640 traxerat,
1425 2574 1718 2643 graviorem
1768 2575 2015 2642 perﬁdiae,
2121 2572 2490 2640 torqueberis:
2522 2578 2587 2628 ita
2633 2586 2689 2629 ut
2740 2575 3037 2645 quicunque
3070 2586 3121 2632 te
3161 2580 3445 2645 occiderit,
3476 2598 3658 2638 settin-

485 2667 683 2730 livoris,
716 2663 980 2718 homicidii
1023 2676 1076 2716 et
1103 2664 1356 2716 mendacii
1389 2675 1588 2718 reatum
1616 2681 1630 2728 ;
1667 2665 1805 2719 unde
1832 2667 2020 2719 merito
2119 2658 2240 2714 dum
2262 2662 2518 2731 duplicem
2541 2657 2959 2735 intelligentiam.
2979 2678 3072 2722 aut
3102 2670 3152 2722 iu
3194 2672 3416 2741 septima
3446 2690 3659 2744 genera-

478 2764 703 2821 etpmna
737 2756 985 2822 plectitur
1010 2753 1209 2806 acriore
1246 2770 1258 2805 :
1292 2755 1458 2820 primo
1489 2763 1542 2807 ut
1575 2754 1684 2822 ipse
1709 2755 2020 2809 maledictus
2119 2748 2281 2811 ιῖυίιε.
2313 2748 2402 2804 aut
2432 2765 2620 2820 magno
2649 2763 2700 2807 lo
2732 2753 2916 2808 liberet
2965 2757 3200 2811 cruciatu
3229 2775 3242 2810 :
3276 2775 3379 2813 non
3407 2777 3514 2831 quo
3550 2766 3658 2831 ipse

478 2846 550 2899 sit
574 2859 733 2912 super
759 2853 979 2911 terram,
1006 2860 1159 2911 quam
1181 2859 1368 2898 cruore
1395 2845 1588 2909 fratris,
1615 2850 1835 2900 eatenus
1862 2863 2018 2900 mun-

476 2934 620 2997 dam,
645 2934 932 3002 polluerat;
964 2935 1152 2988 deinde
1188 2944 1250 2987 ut
1276 2935 1324 2987 in
1357 2946 1492 2988 terra
1524 2937 1810 2990 exercenda
1835 2952 2018 3004 snper-

477 3036 637 3075 vacue
665 3023 962 3087 desudaret,
997 3024 1135 3075 nulla
1166 3025 1274 3077 suis
1309 3025 1571 3077 laboribus
1604 3027 1808 3092 frugum
1855 3028 2004 3094 c0pia

2118 2839 2204 2902 qui
2229 2840 2482 2894 occiderit
2529 2840 2659 2894 Caio
2718 2853 2918 2910 septem
2967 2845 3256 2903 ultionibus
3304 2853 3657 2919 subjiciendus

2119 2927 2208 2990 sit,
2242 2928 2334 2980 sed
2367 2943 2469 2996 quo
2522 2939 2725 2996 septem
2772 2932 3058 2999 vindictas,
3109 2950 3223 3002 quas
3273 2936 3323 2992 in
3381 2940 3509 2995 Cain
3554 2953 3658 2997 toto

2121 3023 2356 3082 tempore
2384 3024 2744 3080 cucurrerunt,
2773 3019 2942 3072 solvat
2982 3019 3034 3074 in
3073 3022 3375 3091 interiecto,
3416 3030 3657 3084 occidens

490 3073 521 3075 η
556 3073 566 3074 ,
596 3073 632 3075 ,_
1379 3073 1407 3075 η
1606 3073 1808 3092 ._.,,,--_
1862 3073 2004 3094 --ρ-

483 3115 866 3178 respondente:
899 3114 1054 3164 tertio
1084 3120 1140 3162 ut
1169 3114 1216 3163 iu
1243 3113 1424 3179 eadem
1453 3124 1588 3164 terra
1621 3127 1780 3180 vagus
1807 3129 2019 3182 semper

2126 3073 2246 3154 cuni
2271 3102 2358 3169 qui
2391 3103 2511 3166 vita!
2538 3101 2710 3156 {iterat
2738 3103 3019 3160 derelictus
3046 3092 3120 3162 ad.
3153 3073 3382 3178 pinnam:
3430 3073 3657 3172 Nam‘et

484 3209 628 3253 esset
651 3210 704 3254 et
745 3199 1015 3268 profugus,
1047 3215 1213 3266 neque
1236 3215 1389 3252 ausus
1421 3204 1618 3268 uspiam
1649 3202 1802 3255 sedes
1827 3203 2020 3258 babere

485 3291 716 3358 quietas,
747 3291 880 3354 sive,
916 3300 972 3344 ut
997 3292 1099 3343 alia
1155 3291 1422 3344 translatio
1470 3291 1644 3354 habet,
1693 3303 1903 3348 tremens
1933 3313 2022 3365 ge-

479 3399 710 3451 mensque
737 3384 912 3436 viveret
943 3399 1093 3446 super
1137 3395 1338 3437 terram.
1370 3385 1434 3436 At
1457 3382 1481 3420 δ
1509 3384 1594 3436 ille
1618 3422 1633 3448 ,
1659 3386 1834 3438 audita
1866 3401 2016 3454 paena

481 3481 638 3524 tantae
654 3485 762 3524 suae
790 3471 1188 3533 maledictiouis,
1205 3458 1367 3525 noluit
1388 3475 1590 3528 veniant
1611 3476 1904 3542 deprecari,
1924 3477 2014 3530 sed

413 3609 420 3618 κ
484 3560 710 3631 peccatis
741 3571 948 3628 peccata
979 3562 1371 3629 congeminans,
1399 3574 1594 3616 tantum
1622 3567 1818 3632 putavit
1847 3567 2012 3631 nefas,

484 3659 566 3712 cui
599 3672 628 3710 a
659 3657 769 3724 Deo
796 3671 898 3708 nott
940 3665 1114 3723 posset
1141 3653 1358 3721 ignosci.
1396 3652 1624 3720 Denique
1656 3657 1925 3721 respondit
1953 3658 2017 3709 ad

487 3748 758 3803 Dominum
787 3764 798 3798 :
1855 3797 1859 3803 .

555 3838 721 3909 Major
746 3845 818 3891 est
845 3837 1084 3905 iniquitas
1131 3850 1239 3886 mea
1286 3851 1435 3901 quam
1480 3845 1531 3887 ut
1581 3839 1775 3888 veniam
1803 3851 2014 3890 merear.

482 3928 608 3983 Erae
629 3928 768 3999 ejicis
788 3943 865 3979 me
893 3926 1039 3977 hodie
1067 3941 1097 3975 a
1125 3924 1252 3992 facie
1293 3934 1395 3985 tua,
1423 3933 1468 3975 et
1495 3939 1526 3974 a
1563 3924 1691 3992 [acie
1729 3934 1873 3978 terra:
1897 3926 2016 3978 abs-

475 4020 683 4082 condar,
731 4024 777 4070 et
814 4031 899 4067 ero
939 4030 1092 4083 uagus
1121 4021 1167 4064 et
1220 4017 1463 4082 profugus
1507 4013 1557 4064 in
1599 4026 1750 4068 terra.
1801 4015 2014 4083 Ejicior,

477 4107 664 4174 inquit,
689 4120 718 4158 a
752 4115 1033 4171 οοιιςιιρειιι
1066 4114 1168 4165 tuo,
1199 4111 1249 4155 et
1272 4101 1588 4154 consricnlia
1607 4104 1818 4156 sceleris
1847 4105 2015 4158 lucent

481 4194 647 4262 ipsam
695 4193 836 4246 terre
878 4209 979 4246 non
1010 4193 1295 4255 sustinens,
1336 4191 1629 4245 abscondar
1657 4204 1677 4231 ε
1710 4202 1765 4245 ut
1797 4194 2012 4249 Iatitem.

481 4282 578 4334 Vel
605 4292 749 4334 certe
776 4281 926 4350 ejieis
949 4295 1032 4332 me
1053 4295 1080 4330 a
1114 4279 1247 4331 facie
1271 4287 1445 4342 terras,
1478 4293 1542 4330 ne
1566 4278 1803 4333 videlicet
1830 4281 1881 4334 in
1916 4283 2016 4334 ulla

2118 3188 2376 3256 septimus
2403 3191 2469 3242 ab
2513 3189 2677 3244 Adam
2711 3190 2810 3246 iuit
2839 3192 3061 3248 Lamecb
3104 3209 3133 3249 a
3172 3213 3276 3266 quo
3302 3200 3510 3257 occisus
3542 3217 3657 3258 esse

2120 3275 2248 3329 Cain
2295 3279 2600 3344 perhibetur
2627 3297 2640 3331 :
2665 3288 2718 3334 et
2763 3281 2847 3336 bic
2869 3285 3110 3338 eumdem
3140 3285 3267 3340 Cain
3318 3305 3410 3357 per
3436 3303 3652 3348 mortem

2124 3373 2325 3428 septem
2372 3366 2636 3431 vindictis,
2667 3383 2796 3438 quas
2831 3375 3235 3441 septempliciter
3277 3393 3501 3445 peccans
3551 3398 3657 3438 tne-

2119 3451 2244 3516 ruit,
2270 3453 2514 3507 absolvit.
2559 3455 2790 3510 Primum
2846 3473 3069 3527 namque
3097 3463 3211 3530 ejus
3261 3478 3533 3534 peccatum
3579 3481 3657 3526 est

2117 3540 2255 3609 quod
2285 3541 2514 3596 otl'erens
2543 3543 2648 3598 Deo
2694 3561 2794 3599 non
2828 3559 2971 3603 recte
3008 3550 3304 3620 dividebat;
3354 3558 3651 3622 secundum,

2116 3632 2252 3698 quod
2299 3630 2444 3684 fratri
2501 3633 2719 3699 invidit;
2763 3638 2996 3704 tertium,
3039 3641 3180 3708 quod
3222 3644 3407 3700 dolose
3432 3649 3651 3717 egitdi-

2115 3731 2278 3805 eeus:
2314 3717 2646 3785 Egrediomur
2669 3726 2721 3777 in
2765 3742 2978 3795 agrum;
3007 3741 3268 3800 quartum,
3306 3739 3445 3805 quod
3499 3739 3656 3794 inter-

2119 3803 2271 3869 iecit;
2320 3806 2578 3874 quintum,
2608 3811 2744 3877 quod
2805 3817 3094 3880 procaciter
3144 3803 3390 3887 negavit:
3425 3825 3646 3890 Nescio;

2116 3904 2340 3956 sextum,
2371 3896 2508 3963 quod
2549 3910 2608 3950 se
2640 3899 2806 3965 ipsum
2835 3901 3136 3957 damnavit:
3173 3904 3343 3976 Major
3366 3919 3436 3964 est
3477 3912 3658 3980 iuiqui-

2122 3993 2198 4036 tas
2230 3999 2359 4049 mea,
2407 4001 2557 4052 quam
2584 3997 2637 4038 ut
2663 3989 2856 4040 veniant
2904 4005 3125 4058 merear;
3153 3998 3431 4064 septimum
3455 4037 3473 4064 ,
3521 4002 3656 4070 quod

2119 4086 2216 4126 nec
2256 4077 2541 4128 damnatus
2570 4078 2676 4144 egit
2706 4080 3087 4146 pmnitentiam.

2195 4177 2460 4250 Posuitque
2488 4182 2622 4237 Deus
2664 4186 2788 4240 Cain
2825 4189 3043 4257 signant,
3074 4200 3129 4245 ut
3163 4209 3265 4247 non
3313 4210 3425 4249 sunt
3467 4197 3658 4267 interﬁ-

2117 4277 2245 4321 ceret
2270 4271 2427 4322 omnis
2442 4273 2531 4339 qui
2555 4272 2818 4329 invenisset
2835 4293 2966 4330 eum.
2986 4280 3158 4347 Ipsum
3182 4281 3422 4338 videlicet
3450 4285 3653 4354 signum

487 4379 746 4422 tetrarum
778 4368 1024 4433 regione,
1068 4379 1134 4418 ne
1182 4366 1318 4418 inter
1358 4367 1492 4418 ullos
1535 4361 1857 4421 habitatores
1902 4369 2016 4436 ejus

2126 4357 2257 4423 quod
2288 4368 2517 4412 tremens
2541 4369 2592 4413 et
2613 4377 2829 4428 gemens
2861 4379 3128 4437 vagusque
3155 4380 3207 4424 et
3236 4369 3484 4439 profugus
3509 4390 3652 4428 sem-

487 4455 631 4508 orbis
661 4468 876 4508 securus
916 4453 1146 4520 liberque
1193 4468 1407 4506 tnanere
1461 4455 1767 4520 permitlar,
1815 4471 1842 4507 a
1890 4459 2017 4512 facie

489 4558 697 4613 quoque
735 4551 820 4596 tua
842 4543 1151 4606 abscondar,
1184 4557 1248 4596 ne
1269 4544 1401 4596 banc
1429 4544 1561 4596 ultra
1590 4542 1764 4600 videre
1790 4561 2014 4611 merear,

480 4648 635 4704 quam
667 4647 833 4700 usque
862 4631 1012 4685 hodie
1033 4635 1224 4700 sapius
1261 4632 1534 4701 intuendo,
1566 4650 1628 4689 ac
1660 4645 1801 4690 tuam
1836 4653 2013 4692 vocem

474 4722 758 4785 audiendo,
789 4720 985 4774 felicior
1005 4723 1264 4777 vivebam.
1728 4745 1730 4747 ’

547 4815 721 4868 Omnis
745 4814 892 4883 igitur
917 4814 1002 4883 qui
1037 4815 1273 4867 invenerit
1313 4833 1410 4882 me,
1436 4819 1626 4872 occidet
1653 4836 1748 4873 me.
1782 4818 1910 4873 Dum
1945 4834 2008 4874 es

475 4918 709 4962 tremore
735 4906 971 4978 corporis
996 4912 1050 4957 et
1076 4903 1206 4956 furia
1239 4909 1530 4970 trementis,
1567 4909 1676 4964 sive
1705 4925 1768 4963 ex
1795 4910 2014 4962 instabi-

475 4995 616 5048 litate
643 4995 754 5061 ragi
782 5007 843 5048 ac
868 4994 1084 5063 profugi,
1117 5009 1233 5046 eum
1264 5009 1379 5048 esse
1406 4994 1429 5030 ἀ
1464 4997 1709 5065 intelligit
1759 4997 1844 5066 qui
1897 5013 2016 5051 me-

475 5096 648 5139 reatur
676 5083 913 5138 interﬁci.
946 5082 1137 5136 Verum
1164 5084 1299 5137 Deus
1329 5084 1512 5138 nolens
1540 5101 1659 5139 eum
1699 5087 2014 5153 compendio

480 5177 664 5229 mortis
714 5174 862 5228 linire
912 5175 1214 5240 cruciatus,
1284 5189 1381 5229 nec
1431 5176 1640 5231 tradens
1697 5193 1863 5246 preme
1915 5193 2012 5243 qua

477 5265 704 5330 seipsum
742 5266 1074 5318 damnaverat
1097 5279 1109 5317 :
1835 5253 1843 5258 ’

546 5352 895 5422 Nequaquam.
926 5353 1108 5420 inquit,
1145 5354 1214 5406 ita
1257 5352 1361 5419 ﬁet,
1385 5355 1473 5405 sed
1511 5371 1667 5408 omms
1708 5357 1792 5413 qui
1819 5356 2011 5408 occide-

540 5494 567 5522 ⁸
598 5485 680 5538 ΑΙ.
691 5524 707 5545 ,
733 5484 915 5533 mdict'.

541 5552 565 5587 δ
600 5555 703 5614 AL,
732 5552 841 5601 illa.

545 5634 564 5658 ε
599 5621 675 5672 .\l.
689 5660 702 5679 ,
727 5627 770 5668 et
794 5619 982 5668 latitent

2118 4458 2211 4511 per
2237 4445 2436 4499 viveret
2479 4463 2490 4498 :
2534 4448 2718 4504 eadem
2751 4465 2842 4504 sua
2887 4467 3121 4508 urnmna
3166 4456 3491 4524 admonitus,
3537 4464 3656 4527 quia

2116 4547 2216 4584 non
2247 4537 2441 4601 passim
2479 4550 2508 4590 a
2537 4538 2862 4604 quibuslbet
2891 4549 3069 4609 pusset
3109 4545 3311 4610 occidi;
3361 4547 3657 4618 quicunque

2115 4631 2288 4676 autem
2330 4639 2448 4676 eum
2496 4626 2779 4690 occideret,
2836 4630 2917 4684 vel
2964 4635 3166 4701 magnis
3219 4636 3445 4691 miseriis
3487 4638 3656 4706 ipsum

2115 4712 2240 4766 Cain
2293 4714 2576 4780 liberaret,
2609 4721 2688 4773 vel
2713 4734 2772 4775 se
2812 4721 2980 4790 ipsum
3030 4726 3128 4779 hoc
3175 4724 3374 4781 iaciens
3419 4738 3654 4797 septem-

2116 4804 2234 4871 plici
2281 4803 2522 4860 vindictae
2553 4809 2893 4879 manciparet.

2183 4909 2522 4984 Egressusque
2549 4915 2673 4970 Cain
2709 4934 2740 4969 a
2782 4921 2910 4986 facie
2938 4910 3159 4983 Domini,
3191 4920 3244 4975 id
3291 4930 3392 4986 est,
3413 4936 3442 4974 a
3495 4937 3655 4991 pene-

2116 5000 2333 5055 tralibus
2382 5003 2585 5058 illarum
2617 5005 2806 5061 mdium
2833 5008 2886 5062 in
2931 5007 3121 5077 quibus
3146 5018 3364 5063 esui-us
3392 5025 3514 5065 cum
3564 5030 3652 5080 pa-

2123 5091 2355 5145 rentibus
2381 5092 2695 5163 inhabitans,
2724 5099 2915 5165 saepius
2946 5097 3091 5150 illum
3125 5094 3303 5150 videre
3344 5097 3394 5151 in
3422 5101 3652 5170 angelica

2117 5178 2281 5234 forma
2310 5183 2530 5238 solebat.

2186 5268 2436 5323 Habitavit
2478 5272 2531 5323 in
2571 5283 2700 5325 terra
2743 5271 2984 5338 profugus
3011 5271 3079 5321 ad
3117 5273 3409 5326 orientalem
3450 5275 3652 5348 plagast

2117 5358 2278 5415 Eden.
2313 5361 2456 5416 Edon
2493 5361 2862 5436 interpretatur
2888 5360 3112 5430 voluptas
3148 5363 3260 5418 sive
3287 5363 3513 5431 delicia,
3553 5381 3652 5436 quo

2188 5484 2211 5522 ἀ
2244 5488 2321 5541 Al.
2334 5529 2348 5552 ,
2378 5489 2638 5553 intelliqet.

2191 5566 2214 5593 ⁸
2245 5561 2345 5622 AL,
2368 5574 2398 5620 α
2419 5558 2631 5624 quolibet

2194 5625 2208 5664 τ
2237 5631 2342 5692 AL,
2374 5628 2607 5680 absolvet.
