3866 6248
208 355 280 412 $9
1429 348 1888 405 IIEXAEMERUN
1930 346 2054 403 LIB.
2097 347 2160 402 ll.
3340 353 3405 404 7t)

205 467 425 518 notatae
450 458 718 529 paradisus
746 455 1050 527 designatur
1078 455 1146 513 de
1175 471 1280 527 quo
1322 471 1480 526 supra
1510 458 1706 514 dicitur
1732 475 1745 511 :
1784 462 1835 520 Α
1859 472 1918 511 se
1947 471 2041 523 pro
2070 456 2291 510 Domino
2335 455 2654 512 mortiﬁcare
2683 467 3009 521 curaverint,
3065 460 3178 528 ipse
3216 472 3402 516 \‘II‘iulc

215 553 543 608 Plantaeerat
568 559 733 605 suum
755 548 999 604 Dominus
1030 550 1164 604 Deus
1192 547 1486 618 paradisum
1519 551 1757 617 volupta-

209 647 274 698 tis
303 660 334 696 ιι
353 643 619 712 principia,
647 641 785 712 quod
808 641 1007 711 antiqui
1057 642 1368 709 interpretes
1413 642 1482 694 ita
1530 647 1762 694 transtu-

213 736 324 788 lere
357 750 369 784 :
404 730 468 784 Et
493 731 734 797 plantavit
763 728 1010 786 Dominus
1039 730 1175 785 Deus
1205 731 1500 799 paradisum
1527 732 1580 784 in
1613 729 1758 783 Eden

211 836 392 878 contra
421 824 661 876 orientem
689 837 710 877 :
739 823 876 877 unde
901 824 1057 876 datur
1084 822 1304 892 intelligi
1350 823 1414 876 ad
1449 823 1758 876 orientalem

213 914 397 969 mundi
426 915 628 983 plagam
663 914 959 986 paradisum
992 927 1113 968 esse
1157 913 1453 968 conditum.
1498 913 1762 967 llab'tavit

210 1018 340 1072 ergo
351 1001 497 1065 Cain,
520 1018 620 1055 non
639 1002 702 1054 ad
717 1001 1022 1054 orientalem
1037 1002 1240 1070 plagam
1257 1001 1514 1070 paradisi,
1528 1002 1758 1069 alioquin

214 1093 349 1144 ultra
403 1090 542 1144 hunc
589 1090 838 1144 mundum
885 1089 1165 1152 habitaret,
1197 1091 1288 1142 sed
1336 1091 1389 1144 in
1419 1091 1760 1146 orientalibus

199 1179 391 1232 mundi
435 1178 686 1246 partibus,
728 1179 916 1246 quibus
948 1180 998 1232 in
1043 1179 1281 1245 proximo
1327 1187 1410 1232 est
1458 1180 1756 1246 paradisus,

210 1269 454 1336 quamvis
479 1269 858 1323 inaccessibilis
885 1279 938 1322 ct
961 1268 1167 1337 ignotus
1199 1270 1530 1323 mortalibus.
1561 1268 1757 1325 Cuncta

211 1367 391 1411 autem
434 1372 551 1424 qua:
580 1357 646 1412 de
679 1355 882 1425 justitia
912 1355 992 1409 vel
1022 1356 1049 1384 ⁸
1078 1359 1329 1426 martyrio
1362 1357 1490 1411 Abel
1517 1396 1531 1418 ,
1586 1367 1639 1409 et
1693 1359 1760 1411 de

214 1448 472 1515 pravitate
497 1461 558 1500 ac
576 1446 909 1500 damnatione
936 1444 1063 1498 Cain
1077 1446 1224 1514 juxta
1248 1446 1472 1500 litteram
1491 1448 1757 1510 dicuntur,

207 1536 434 1606 mystice
453 1533 730 1589 dominicae
755 1533 977 1602 passioni
1003 1533 1084 1588 vel
1103 1547 1204 1584 con
1225 1535 1500 1588 versationi
1528 1536 1579 1588 in
1601 1549 1760 1589 carne

213 1639 269 1679 et
295 1627 645 1695 persecutioni
668 1639 730 1681 ac
758 1625 1038 1694 perditioni
1065 1625 1370 1680 Judazorum
1402 1628 1756 1681 testimonium

199 1714 616 1784 femen-Neque
655 1715 796 1770 enim
849 1716 1042 1769 frustra
1090 1716 1203 1783 ipse
1260 1717 1511 1770 Dominus
1555 1716 1756 1770 eisdem

1858 548 1936 601 sui
1965 546 2202 617 spiritus,
2247 561 2353 615 quo
2389 547 2615 614 amplius
2663 548 2714 603 in
2761 550 3068 604 caelestibus
3114 553 3400 620 ignes-cant,

1859 639 1966 693 imo
1997 639 2091 692 loti
2141 638 2392 693 cmicstes
2445 637 2760 707 efﬁciantur,
2805 639 3113 694 inflammat.
3164 643 3242 696 Ad
3281 643 3370 697 Cai

1860 743 1984 781 vero
2011 738 2063 780 et
2091 729 2156 779 ad
2187 742 2402 781 munera
2429 725 2545 795 ejus
2569 743 2670 781 nou
2695 728 2924 796 respicit,
2944 731 3062 798 quia
3084 714 3398 800 redargui-ns

1859 819 2083 872 carnalia
2111 818 2413 872 Jud.oorum
2443 834 2604 886 opera
2633 820 2758 874 dicit
2799 835 2890 889 per
2917 822 3222 889 prophetam
3249 840 3260 874 :
3293 826 3398 887 Qui.

1859 909 1980 961 mihi
2013 908 2382 962 multitudinem
2403 910 2716 963 uictimarum
2745 912 3063 964 vestrarum?
3089 914 3208 964 dicit
3234 912 3380 964 Domi
3391 947 3395 951 -

1860 1014 1952 1051 nus
1978 1014 1996 1050 :
2027 998 2212 1051 Plenus
2238 1015 2371 1061 sum,
2412 998 2708 1054 holocausta
2740 1000 2959 1053 arietum
2993 1013 3037 1054 et
3067 999 3266 1065 adipem
3293 1001 3395 1068 pin-

1859 1092 2031 1160 guium
2060 1076 2114 1141 ct
2159 1091 2452 1158 sanguinem
2493 1100 2752 1144 taurorum
2786 1100 2835 1148 et
2857 1090 3109 1144 hircorum
3147 1103 3190 1144 et
3217 1093 3381 1145 vitulo

1859 1194 1972 1230 rum
1998 1179 2135 1231 nolui
2165 1175 2294 1247 (lsa.
2332 1193 2369 1241 t,
2399 1178 2506 1242 Η).
2559 1180 2625 1231 ΕΙ.
2655 1180 2808 1247 paulo
2840 1191 2997 1248 post:
3048 1181 3231 1233 Manus
3275 1182 3400 1234 enim

1858 1279 2032 1322 vestris
2051 1272 2293 1338 sanguine
2321 1269 2482 1334 plena:
2527 1279 2662 1324 sunt.
2706 1269 2984 1333 Lauamini,
3031 1273 3207 1324 mundi
3233 1282 3385 1324 estote

1861 1359 2104 1413 videlicet
2151 1374 2241 1427 per
2279 1359 2434 1412 fidem
2477 1363 2658 1427 gratize
2683 1359 2899 1412 Christi.
2937 1358 2954 1397 ί
2984 1359 3234 1414 Irascitur
3274 1359 3398 1412 Cain

1859 1463 2038 1508 contra
2066 1453 2240 1506 fratris
2281 1453 2548 1520 pietatem,
2579 1466 2676 1506 nec
2702 1452 3012 1519 redargutus
3040 1467 3068 1503 a
3103 1451 3323 1505 Domino
3365 1466 3395 1504 a

1858 1556 2112 1614 concepto
2144 1560 2236 1612 per
2260 1544 2506 1599 invidiam
2546 1541 2723 1596 furere
2751 1543 3025 1610 resipiscit.
3077 1541 3282 1607 Quanto
3311 1543 3399 1595 .lu-

1859 1636 1956 1687 diei
1976 1648 2154 1689 contra
2181 1635 2454 1688 Dominum
2480 1644 2532 1688 et
2560 1635 2780 1702 gratiam
2810 1649 2903 1699 pro
2924 1633 3051 1685 Novi
3079 1630 3400 1686 Testamenti

1861 1724 2024 1778 livore
2056 1725 2292 1778 bacchati
2321 1726 2448 1788 sint,
2479 1725 2685 1792 quoties
2713 1723 2778 1776 ab
2803 1722 2891 1776 illo
2921 1723 3147 1792 correpti
3198 1723 3276 1774 vel
3307 1722 3401 1774 ad-

205 1802 405 1857 iudicis
418 1803 545 1858 dicit
568 1823 579 1857 :
607 1804 667 1858 Si
695 1805 966 1858 crederetis
995 1803 1180 1874 Moysi,
1199 1807 1465 1859 crederetis
1482 1809 1695 1876 forsitan
1713 1818 1758 1860 et

1869 1816 2044 1868 moniti
2075 1813 2411 1867 nihilominus
2455 1813 2694 1882 malignis
2744 1813 3064 1882 perstiterint
3112 1814 3161 1864 in
3192 1811 3401 1878 cceptis,

205 1894 372 1959 mihi;
395 1895 458 1947 de
479 1897 696 1948 meenim
721 1897 807 1949 ille
821 1885 1021 1963 scripsit
1036 1894 1214 1964 (Joan.
1231 1911 1281 1962 ν,
1299 1897 1414 1962 66).
1432 1895 1456 1933 δ
1481 1898 1614 1964 Ergo
1631 1896 1756 1950 Cain

203 1992 321 2038 erat
344 1982 741 2052 primogenitus,
771 1983 899 2038 Abel
923 1984 1204 2036 secundus.
1226 1985 1350 2036 Erat
1375 1986 1515 2050 prior
1540 1987 1759 2052 populus

206 2069 513 2124 Iudaeorum
545 2070 812 2139 possessio
845 2071 956 2134 Dei,
987 2070 1123 2123 sicut
1149 2070 1260 2137 ipse
1303 2071 1365 2123 ad
1419 2071 1618 2136 Mosen,
1665 2069 1758 2123 Fi-

207 2159 329 2224 lius,
367 2160 554 2229 inquit,
581 2176 716 2212 meus
740 2160 1103 2228 primogenitus
1129 2157 1292 2212 Israel
1324 2157 1515 2226 (Exod.
1545 2176 1613 2217 tv.
1644 2159 1755 2228 2‘2),

207 2260 234 2288 ε
261 2252 518 2305 secundus
556 2257 640 2304 est
666 2251 885 2320 populus
923 2251 1178 2319 gentium,
1208 2265 1302 2319 pro
1330 2250 1480 2320 cujus
1531 2253 1758 2306 maxime

206 2339 313 2394 vita
342 2340 432 2394 Dei
463 2339 626 2393 Filius
652 2335 677 2376 δ
724 2349 776 2394 et
803 2340 948 2394 nasci
992 2342 1042 2393 in
1083 2353 1244 2394 Carne
1282 2351 1335 2394 et
1360 2342 1490 2394 mori
1514 2342 1760 2410 dignatus

207 2439 312 2484 est.
346 2427 460 2482 Fuit
489 2428 617 2482 Abel
669 2437 847 2497 pastor
888 2429 1090 2491 ovium,
1120 2440 1170 2482 ot
1203 2428 1455 2483 Dominus
1497 2430 1568 2483 ait
1602 2449 1612 2481 :
1649 2431 1758 2496 Ego

208 2534 318 2569 smn
341 2529 512 2584 pastor
537 2517 692 2574 bonus
714 2515 1115 2586 (Joan.u,u).
1145 2518 1272 2571 Cain
1304 2530 1476 2573 autem
1505 2522 1756 2589 agricola,

208 2607 330 2672 quia
361 2606 584 2674 populus
611 2605 910 2659 Judaeorum
936 2605 1159 2659 terrenis
1181 2609 1630 2673 actemporalibus
1662 2625 1759 2664 ue-

208 2696 368 2768 getiis
415 2695 711 2762 insistebat,
743 2696 824 2750 vel
876 2698 986 2749 haec
1039 2694 1280 2750 videlicet
1330 2699 1442 2752 sola
1491 2713 1754 2767 querens,

208 2786 292 2842 vel
342 2784 528 2840 horum
584 2783 770 2838 intuitu
812 2784 1032 2838 Domino
1085 2787 1343 2850 serviens,
1398 2797 1455 2840 ut
1497 2797 1616 2855 pote
1643 2805 1758 2843 ear-

207 2874 401 2928 naliter
449 2873 742 2944 intelligens
791 2887 852 2926 ea
911 2887 1029 2942 qua:
1087 2874 1159 2926 illi
1214 2874 1483 2941 propinata:
1535 2880 1757 2946 mystico

205 2966 278 3020 de
327 2965 529 3019 cmlesti
585 2963 934 3032 promissione
976 2963 1325 3032 loquebantur
1371 2967 1607 3022 dicentes
1650 2983 1670 3022 :
1699 2969 1758 3023 Si

207 3055 464 3109 volueritis
488 3063 535 3108 et
564 3055 826 3109 audieritis
857 3069 954 3119 me,
977 3054 1107 3108 bona
1142 3065 1284 3108 terrae
1313 3059 1579 3111 comedetis
1610 3057 1751 3128 (lsa.

208 3161 273 3209 ll,
307 3145 417 3211 η).

281 3234 533 3300 Ollerebat
602 3236 733 3288 enim
795 3233 920 3289 Cain
965 3235 1027 3289 de
1069 3235 1312 3305 fructibus
1361 3247 1506 3291 terrtc
1553 3255 1760 3292 munera

206 3321 448 3378 Domino.
495 3322 626 3388 Quia
659 3324 884 3392 populus
914 3325 999 3378 ille
1030 3340 1123 3394 per
1150 3326 1278 3378 bona
1309 3343 1491 3396 opera,
1512 3345 1627 3396 qua:
1659 3338 1762 3382 ter-

207 3425 356 3465 rente
379 3411 742 3467 retributionis
769 3413 935 3481 gratia
964 3415 1284 3478 sectabatur,
1315 3415 1536 3469 Doiniuo
1566 3433 1622 3471 se
1651 3420 1763 3486 pla-

206 3513 336 3554 cere
365 3501 600 3566 putabat.
636 3501 727 3555 Vel
768 3511 915 3556 certe
957 3501 1023 3555 de
1053 3501 1310 3556 fructibus
1344 3517 1497 3558 terra:
1544 3522 1760 3560 munera

206 3589 420 3651 obtulit,
455 3603 572 3644 cum
604 3604 662 3643 se
705 3592 926 3658 populus
951 3592 1088 3645 idem
1131 3607 1222 3660 per
1249 3604 1509 3646 terrenam
1539 3597 1763 3649 circum-

211 3678 486 3743 cisionem,
514 3686 781 3732 terrenum
812 3680 1104 3744 sabbatum,
1129 3689 1395 3734 terrenum
1419 3697 1622 3750 azyma,
1657 3694 1764 3737 ter-

213 3783 400 3826 renum
415 3765 637 3831 Pascha,
645 3769 918 3837 justilicari
945 3769 1187 3836 credens,
1214 3772 1468 3837 justitiam
1499 3774 1616 3827 fidei
1647 3790 1763 3843 qua:

212 3859 269 3914 in
301 3857 508 3913 Christo
534 3867 616 3912 est
645 3860 886 3924 accipere
914 3860 1172 3926 despexit.

287 3950 409 4002 Abel
449 3965 644 4018 quoque
693 3950 869 4003 obtulit
912 3952 972 4003 de
1017 3953 1359 4020 primogenitis
1399 3955 1565 4023 gregis
1593 3971 1672 4007 snt
1715 3966 1761 4008 et

215 4038 455 4108 adipibus
480 4055 674 4092 eorum.
719 4038 848 4106 Quia
880 4041 1128 4094 Dominus
1175 4044 1510 4109 interpellans
1558 4043 1764 4098 Patrem

217 4145 318 4201 pro
363 4131 583 4194 sanctis,
631 4131 918 4206 secundum
953 4114 1170 4184 turmam
1203 4141 1487 4197 assumpta:
1527 4131 1766 4185 Immani-

215 4223 340 4276 tatis
368 4221 520 4274 otl'ert
548 4221 622 4274 illi
653 4231 772 4275 vola
797 4236 1002 4282 eorum,
1047 4236 1207 4288 opera
1236 4206 1485 4274 videlicet
1522 4222 1679 4284 bona.
1714 4231 1768 4275 et

213 4310 584 4382 pinguedinem
615 4309 834 4363 internae
864 4307 1177 4363 dilectionis.
1212 4310 1333 4363 Ihee
1353 4318 1476 4364 sunt
1502 4312 1640 4364 enim
1665 4313 1770 4378 pri-

1858 1905 2181 1956 sulficicntcr
2208 1902 2505 1972 evangelica
2557 1902 2732 1969 prodit
2773 1902 3022 1965 historia,
3066 1903 3252 1970 quibus
3279 1911 3400 1968 apte

1857 1992 2102 2042 convenit
2132 1991 2267 2057 quod
2300 1989 2364 2043 de
2397 1992 2524 2043 Cain
2555 1991 2761 2052 dicitur,
2792 1991 2911 2056 quia
2941 1990 3228 2056 conciderit
3272 1991 3394 2040 vul-

1856 2084 1941 2128 tus
1966 2077 2079 2142 ejus
2106 2093 2120 2127 ;
2155 2091 2256 2129 non
2285 2076 2424 2129 enim
2469 2085 2706 2144 poterant
2735 2076 2960 2128 revelata
3011 2075 3142 2128 facie
3169 2077 3388 2144 gloriam

1862 2164 2063 2216 Domini
2091 2164 2376 2232 speculari.
2404 2164 2739 2217 Perdiderant
2760 2177 2982 2231 namque
3005 2162 3246 2232 gaudium
3266 2162 3394 2215 illud

1859 2259 2049 2311 divinae
2074 2259 2276 2326 gratim,
2311 2257 2375 2309 de
2404 2271 2507 2322 quo
2534 2257 2658 2323 justi
2700 2257 2979 2324 gloriantes
3003 2260 3182 2307 aiunt:
3218 2254 3404 2321 Signa-

1862 2360 1963 2399 tum
1992 2358 2063 2400 est
2101 2343 2249 2417 super
2269 2363 2358 2400 nos
2386 2347 2553 2398 lumen
2595 2346 2759 2399 uultus
2789 2347 2883 2407 tui,
2925 2343 3178 2406 Domine;
3218 2345 3399 2396 dedisti

1859 2440 2087 2491 la‘titiam
2108 2438 2160 2488 in
2184 2438 2334 2488 corde
2364 2452 2468 2489 meo
2493 2433 2658 2504 (Psal.
2685 2450 2755 2495 tv,
2787 2435 2863 2498 Ἰ).

1931 2528 2120 2582 Eduxit
2151 2527 2275 2580 Cain
2305 2527 2512 2595 fratrem
2548 2542 2690 2578 suum
2718 2526 2876 2592 foras,
2904 2533 2949 2578 et
2971 2523 3148 2575 occidit
3174 2524 3224 2575 in
3252 2538 3400 2593 agro.

1863 2619 2052 2672 Eduxit
2081 2620 2302 2686 papulas
2331 2617 2578 2671 ludaicus
2620 2617 2894 2670 Dominum
2943 2616 3080 2668 foras
3107 2616 3172 2669 de
3194 2615 3403 2668 civitate

1860 2704 1951 2762 sua
1984 2708 2330 2770 Hierusalem,
2362 2719 2414 2762 et
2441 2709 2696 2762 crucifiin
2742 2709 2792 2760 in
2821 2709 2936 2761 loco
2964 2705 3215 2761 Calvarim
3242 2724 3256 2771 ;
3299 2721 3403 2772 quo

1862 2797 2131 2862 uti-iusque
2163 2797 2278 2848 loco
2304 2795 2564 2863 passionis
2592 2796 2938 2850 admonemur
2964 2796 3138 2865 typice
3168 2805 3223 2848 ut
3247 2806 3406 2849 esea—

1862 2899 1978 2939 mus
2007 2885 2070 2937 ad
2105 2884 2380 2937 Dominum
2425 2894 2572 2938 extra
2623 2895 2816 2949 castra,
2867 2886 3242 2950 improperium
3291 2884 3406 2950 cjus

1861 2985 2151 3046 portantes,
2175 2977 2225 3030 id
2254 2984 2355 3041 est,
2390 2979 2570 3029 relicto
2601 2976 2778 3029 mundi
2827 2975 3093 3028 consortio
3139 2987 3198 3026 ac
3243 2980 3411 3026 socie-

1866 3079 1969 3123 tate
1998 3083 2273 3136 pravorum
2292 3108 2304 3129 .
2357 3068 2581 3120 libenter
2622 3066 2825 3133 abjecta
2848 3080 3068 3134 quicque
3093 3064 3266 3120 saeculi
3316 3078 3409 3128 pro

1866 3161 2044 3231 patria:
2086 3160 2316 3214 ccclesiis
2346 3171 2524 3212 amore
2556 3159 2861 3211 toleremus.
2915 3159 3275 3225 interrogante
3309 3155 3410 3208 Do-

1865 3251 2008 3305 mino
2036 3250 2165 3304 Cain
2199 3250 2284 3304 ubi
2314 3260 2453 3302 esset
2486 3249 2615 3302 Abel
2648 3249 2806 3300 frater
2835 3248 2968 3314 ejus,
3000 3248 3200 3299 nescire
3245 3260 3301 3297 se
3329 3261 3413 3298 re-

1864 3341 2098 3409 spondit,
2149 3355 2244 3393 nee
2288 3339 2402 3407 ejus
2433 3351 2550 3389 esse
2594 3335 2887 3388 cuswdem.
2944 3334 3201 3386 llactenus
3245 3331 3414 3384 Judmi

1866 3429 2304 3496 interrogantibus
2332 3440 2389 3477 se
2420 3423 2681 3486 ﬁdelibus,
2717 3419 2964 3474 membris
2993 3419 3233 3473 videlicet
3258 3419 3414 3470 Chri-

1865 3516 1952 3580 sti,
1980 3515 2044 3567 de
2071 3513 2304 3574 Christo,
2334 3526 2390 3564 se
2423 3510 2627 3563 nescire
2653 3510 2853 3561 dicunt.
2893 3507 3080 3562 Essent
3106 3518 3280 3561 autem
3309 3507 3406 3572 ipsi

1867 3605 2255 3675 quodammodo
2279 3601 2470 3655 Christi
2502 3599 2766 3662 custodes,
2805 3599 2848 3651 si
2876 3595 3223 3651 Christianam
3258 3597 3411 3649 fidem

1867 3697 2134 3764 suscipere
2158 3704 2212 3748 et
2237 3694 2504 3748 custodite
2529 3693 2837 3743 voluissent.
2891 3690 3017 3740 Nam
3057 3689 3142 3753 qui
3185 3687 3414 3740 custodit

1869 3790 1922 3842 in
1953 3788 2113 3840 corde
2143 3801 2238 3840 suo
2267 3784 2553 3844 Christum,
2587 3796 2687 3835 non
2718 3781 2843 3834 dicit
2870 3778 3003 3846 quod
3028 3776 3180 3841 Cain,
3213 3777 3416 3831 nescire

1869 3894 1926 3934 se
1956 3879 2168 3932 fratrem
2199 3893 2375 3940 suum,
2408 3891 2503 3929 nec
2532 3877 2644 3940 eius
2665 3888 2780 3927 es-e
2810 3872 3100 3925 custodem.

1943 3976 1967 4013 ε
2000 3967 2137 4019 Dixit
2167 3966 2298 4018 Deus
2321 3966 2386 4017 ad
2410 3963 2533 4020 Cain
2560 3981 2578 4017 :
2613 3963 2745 4029 Quid
2769 3963 2969 4031 fecisti?
3015 3961 3124 4014 Vox
3151 3960 3414 4029 sanguinis

1870 4055 2042 4122 fratris
2088 4055 2162 4106 tui
2206 4055 2390 4106 clamat
2439 4054 2505 4106 ad
2551 4069 2627 4104 me
2689 4052 2751 4103 de
2795 4062 2944 4103 terra.
3004 4050 3092 4104 Sic
3145 4051 3315 4115 arguit
3360 4050 3411 4101 iu

1870 4144 2156 4211 Seripturis
2205 4143 2400 4196 sanctis
2432 4157 2531 4194 vox
2578 4141 2754 4194 divina
2790 4139 3017 4192 Judmos.
3072 4138 3237 4191 liabet
3276 4139 3414 4190 enim

1873 4249 2113 4304 magnam
2163 4247 2342 4286 vocem
2385 4233 2574 4285 Christi
2605 4232 2817 4299 sanguis
2861 4230 2914 4283 in‘
2958 4238 3129 4289 terra,
3174 4243 3290 4281 cum
3347 4243 3412 4280 eo

1874 4330 2089 4389 accepto
2131 4322 2197 4375 ab
2250 4321 2491 4374 omnibus
2521 4321 2760 4388 gentibus
2803 4318 3146 4388 respondetur
3172 4314 3197 4352 ¹ι
3228 4317 3418 4369 Amen.

223 4401 485 4469 moscnita
518 4399 832 4469 sresisrius
860 4401 1120 4469 etadipcs
1161 4416 1363 4456 eorum.
1408 4403 1638 4470 Respicit
1670 4404 1770 4458 Do-
1803 4438 1843 4495 ε
1878 4413 1999 4466 llaec
2063 4423 2181 4476 est,
2253 4412 2393 4464 clara
2450 4427 2548 4464 vox
2601 4409 2614 4446 ι
2667 4411 2936 4478 sanguinis
2989 4424 3145 4478 quam
3213 4407 3421 4474 sanguis

227 4490 405 4545 minus
430 4491 494 4542 ad
538 4491 666 4544 Abel
696 4491 878 4546 dicens
908 4508 924 4544 :
965 4490 1068 4544 llic
1093 4503 1164 4546 est
1200 4490 1367 4546 Filius
1397 4511 1532 4546 mens
1561 4495 1768 4548 dilectus
1805 4490 1830 4510 τ

217 4578 275 4630 in
300 4591 398 4645 quo
427 4575 552 4628 mihi
579 4579 697 4628 bene
721 4578 999 4646 complacui
1033 4578 1242 4645 (Matth.
1269 4596 1395 4648 xvii,
1425 4581 1499 4650 5).
1533 4583 1772 4650 Respicit

224 4675 249 4703 ⁸
278 4677 329 4719 et
360 4666 422 4717 ad
455 4679 669 4718 munera
691 4667 825 4734 ejus,
855 4667 976 4734 quia
1005 4668 1161 4720 vitam
1192 4669 1481 4723 electorum
1514 4687 1666 4740 quam
1695 4673 1774 4726 of-

222 4761 325 4812 fert
351 4755 424 4809 illi
453 4765 739 4825 gratanter,
787 4754 926 4810 Deus
973 4756 1124 4810 Pater
1151 4759 1363 4827 accipit,
1414 4769 1468 4815 et
1499 4762 1647 4827 quasi
1682 4777 1773 4830 per

225 4849 402 4918 ignem
431 4845 497 4901 de
547 4846 681 4900 cmlo
713 4845 934 4901 hostiam
967 4849 1084 4914 ejus
1113 4845 1366 4916 incendit,
1412 4852 1530 4922 quia
1562 4868 1656 4908 eos
1687 4855 1773 4924 qui

297 4996 602 5087 ‘..Ye.lerf8,
634 5005 683 5087 eLt
715 4997 939 5087 maxime
959 4997 1096 5087 circa
1122 4997 1272 5052 Beda:
1297 5011 1552 5082 tempora,
1579 5017 1776 5087 marry-

223 5063 904 5139 ristituloﬁonabantnou
942 5071 1114 5120 solum
1145 5083 1239 5139 eos
1289 5071 1378 5137 qui
1407 5063 1549 5139 'pro'
1575 5075 1674 5128 fide
1721 5063 1773 5130 in

224 5132 406 5184 odium
451 5133 644 5188 Christi
684 5135 1076 5198 occidebantur,
1114 5137 1206 5189 sed
1250 5132 1340 5190 eos
1384 5132 1547 5195 etiam
1589 5159 1778 5199 omnes

225 5202 318 5269 qui
353 5199 543 5274 injuste
571 5217 876 5274 quacunque
920 5220 982 5257 ex
1037 5219 1212 5266 causa,
1251 5224 1301 5258 ν.
1333 5223 1410 5274 g.,
1464 5227 1526 5264 ex
1581 5213 1773 5267 invidia

227 5270 585 5349 necabantur.
609 5271 678 5322 Ita
720 5270 1074 5349 beodcgarius
1128 5270 1616 5349 Augustodunensis
1663 5282 1774 5349 epi-

227 5349 422 5417 scopus
460 5348 657 5417 martyr
705 5341 917 5417 dicitur,
947 5359 1100 5417 quem
1134 5344 1398 5417 Ebroinus
1424 5363 1508 5417 “ex
1554 5351 1662 5402 sola
1696 5341 1776 5402 in-

229 5405 385 5482 vidiae
427 5420 582 5459 causa
632 5410 924 5482 trucidavit.
955 5405 1025 5464 ita
1073 5412 1381 5466 Latnbertus
1421 5415 1462 5467 Τ
1469 5417 1774 5482 rajcctensis

229 5475 536 5543 episcopus,
585 5475 671 5542 qui
701 5477 856 5530 simili
880 5494 1004 5533 casu
1027 5481 1288 5537 occubuit.
1320 5483 1450 5538 Hinc
1481 5475 1614 5541 infra
1646 5489 1774 5543 Abel

230 5545 425 5614 dicitur
455 5552 823 5614 protomartyr.

306 5611 332 5650 δ
356 5611 465 5675 AL,
490 5623 594 5666 erat
612 5611 764 5665 enim.

307 5691 329 5719 ‘
357 5683 463 5748 AL,
489 5691 681 5737 secutus
709 5694 796 5737 est.

1879 4507 1991 4570 ipse
2039 4503 2281 4568 exprimit
2348 4517 2411 4556 ex
2468 4517 2560 4556 ore
2625 4502 2851 4555 ﬁdelium
2912 4502 3097 4554 eodem
3165 4500 3418 4568 sanguine

1880 4593 2262 4655 redemptorum
2291 4589 2357 4641 de
2387 4605 2488 4655 quo
2515 4590 2650 4641 bene
2683 4588 2921 4641 fidelibus
2949 4588 3070 4640 dicit
3096 4590 3376 4651 Apostolus
3403 4607 3415 4640 :

1873 4680 2162 4734 Accessistis
2184 4679 2249 4728 ad
2282 4675 2583 4729 Testamenti
2610 4677 2738 4729 Noui
2773 4680 3094 4730 mediutorem
3130 4677 3302 4736 Jesum
3376 4691 3412 4706 -'

1873 4769 2133 4838 sanguinis
2195 4768 2499 4831 sparsionem
2547 4766 2726 4820 melius
2777 4770 3052 4831 loquentem
3105 4786 3287 4838 quam,

1875 4859 2030 4925 (lleb.
2060 4873 2154 4922 an,
2181 4856 2291 4922 2i).
2326 4855 2708 4926 Meliusquippe
2738 4859 2963 4925 loquitur
2988 4858 3197 4926 sanguis
3223 4857 3416 4910 (Ἄπιδι.

1943 5011 1969 5049 ἀ
2003 5011 2104 5072 ΑΙ.,
2136 5010 2401 5061 ἱησατηαιῖ.

1948 5093 1971 5120 ο
1999 5080 2105 5144 AL,
2135 5079 2256 5130 add.
2284 5075 2548 5132 Dominus.

1951 5150 1968 5188 ι
2005 5151 2084 5202 Al.
2096 5187 2110 5210 ,
2140 5148 2403 5202 irascatur.

1949 5228 1974 5264 tt
2006 5219 2110 5280 Al,
2137 5219 2257 5268 dicit
2291 5216 2570 5280 Dominus;
2603 5217 2698 5274 aL,
2722 5215 2947 5284 dixitque
2975 5216 3126 5269 Deus.

1946 5285 1971 5324 ¹ι
2002 5289 2092 5339 llic
2117 5285 2298 5338 alludit
2319 5287 2382 5338 ad
2405 5287 2669 5355 antiquam
2697 5286 2938 5338 Ecclesia:
2963 5288 3412 5353 consuetudinem,

1877 5373 1975 5426 qua
2008 5355 2182 5409 fideles
2209 5356 2626 5426 coninnniicandi
2658 5356 3031 5426 Eueliaristiam
3065 5359 3413 5423 percipienth

1877 5427 2142 5487 dicebant,
2161 5427 2348 5494 Amen.
2386 5425 2457 5477 De
2485 5441 2581 5493 qua
2615 5426 2751 5488 vide,
2781 5425 2824 5476 si
2857 5426 3018 5487 lubet,
3046 5441 3104 5478 ea
3132 5442 3248 5494 qua:
3275 5429 3416 5480 dixi-

1877 5511 1992 5548 mus
2044 5496 2094 5548 in
2138 5492 2271 5546 lib.t
2310 5494 2376 5546 de
2405 5492 2642 5563 Antiquis
2692 5495 2940 5548 Ecclesia:
2986 5492 3208 5558 liitibus,
3257 5511 3308 5551 c.
3358 5498 3414 5557 ὁ.

1893 5575 1976 5620 att.
2011 5565 2095 5617 l0.

1955 5635 1968 5672 ί
2005 5634 2108 5693 AL,
2141 5633 2290 5688 deest
2313 5633 2572 5703 sanguinis
