3866 6248
466 399 530 453 Η
955 381 1156 441 BENE
1192 373 1642 434 VENERABILIS
1679 370 1956 428 OPERUM
1996 371 2030 425 l‘

2205 368 2270 440 ll_.
2293 395 2362 410 --
2392 365 2772 423 EXEGETICA
2810 361 3125 419 assum.
3582 355 3646 412 rs

463 518 618 574 quam
652 502 800 562 Abel,
849 509 968 564 quia
1007 491 1248 545 nimirum
1275 487 1363 540 ille
1410 485 1463 538 in
1513 481 1998 537 condemnationem
2026 483 2072 540 Α
2103 478 2297 531 tionem
2332 473 2602 529 sententiis
2642 480 2916 540 propterea
2941 470 3082 536 juxta
3114 476 3380 536 antiquam
3422 466 3648 518 transla-

468 566 748 642 l'ratricida
775 583 1029 637 clamabat
1057 580 1121 631 ad
1149 575 1443 635 Dominum,
1492 572 1576 623 ltic
1604 579 1776 622 autem
1809 568 1860 620 in
1901 566 2005 619 sal-

469 681 727 730 vationctn
755 672 946 727 Cbristi
987 671 1200 721 fratrum
1232 664 1459 716 lidelium
1488 674 1668 713 vocem
1695 671 1840 711 suam
1873 654 2006 707 tollit

467 768 532 819 ad
558 767 768 818 omium.

541 854 687 906 Nunc
706 853 856 920 igitur
883 845 1175 900 maledictns
1214 840 1310 893 eris
1331 852 1481 904 super
1521 845 1730 894 terram,
1761 845 1871 897 quc
1889 845 2006 898 ape-

469 944 567 993 ruit
617 955 671 990 os
717 917 891 998 suum,
935 941 981 985 st
1027 929 1239 996 suscepit
1283 925 1574 991 sanguinem
1612 920 1784 990 fratris
1830 917 1902 968 tui
1947 917 2008 968 de

474 1045 626 1081 manu
654 1037 760 1077 tua.
790 1012 1006 1076 Terram
1045 1020 1168 1072 dicit
1195 1016 1476 1070 Ecclesiam
1501 1027 1515 1064 :
1539 1012 1647 1079 ipsa
1693 1008 1853 1069 enim,
1904 1020 2006 1058 non

477 1120 600 1179 alia,
631 1116 797 1184 aperit
821 1129 880 1165 os
910 1127 1056 1166 suum
1082 1119 1289 1178 gustare
1332 1107 1381 1158 itt
1411 1105 1664 1172 mysterio
1704 1100 2006 1166 sanguinem

477 1205 665 1257 Christi
694 1202 779 1268 qui
818 1201 1012 1252 ell'nsns
1057 1207 1139 1250 est
1185 1194 1422 1247 manibus
1472 1191 1644 1258 populi
1685 1189 2007 1241 Judaeorum.

472 1294 640 1358 Super
667 1292 798 1342 lianc
829 1286 1133 1340 maledictus
1157 1293 1236 1336 est
1263 1282 1481 1350 populus
1508 1280 1642 1330 idem
1669 1294 1682 1328 :
1710 1277 1830 1341 quia
1859 1274 2010 1326 nimi-

476 1395 591 1434 rum
634 1383 746 1432 haec
788 1387 981 1445 quanto
1013 1374 1206 1426 arctius
1250 1370 1411 1422 amori
1465 1367 1542 1420 sui
1585 1364 1881 1419 Conditoris
1933 1363 2010 1415 in-

481 1469 667 1525 haeret.
700 1476 841 1516 tanto
867 1463 1070 1530 gravius
1096 1460 1355 1513 inimicam
1383 1457 1428 1509 ei
1454 1465 1658 1523 gentem
1683 1453 2009 1505 maledictam

485 1574 601 1613 esse
630 1557 889 1622 intelligit,
938 1554 1173 1620 quamvis
1202 1549 1443 1616 seipsam.
1489 1548 1659 1600 adhuc
1705 1545 2008 1612 superbiens

484 1647 778 1713 Specialiter
805 1643 1124 1694 benedictum
1155 1638 1426 1707 glorietur.

548 1738 668 1790 Cum
697 1745 926 1805 aperotus
952 1733 1104 1802 fueris
1124 1747 1256 1793 eam,
1282 1745 1381 1781 non
1398 1728 1534 1780 dabit
1555 1726 1644 1778 tibi
1665 1725 1854 1792 fructus
1875 1737 2011 1774 suos.

483 1831 740 1892 Operatns
767 1834 844 1877 est
874 1823 1092 1889 populus
1141 1820 1274 1871 idem
1309 1819 1359 1868 in
1402 1831 1462 1868 ea
1492 1826 1625 1866 terra
1673 1827 1826 1880 quam
1855 1819 2012 1875 caput

487 1916 738 1969 Ecclesia:
765 1912 1008 1964 Christus
1040 1908 1282 1974 portavit,
1307 1905 1356 1958 id
1384 1914 1486 1968 est,
1517 1904 1568 1956 in
1598 1903 1710 1967 ejus
1737 1915 1895 1952 carne
1923 1912 2010 1950 sa-

484 2007 645 2060 lutem
677 2012 926 2062 nostram,
977 1995 1329 2064 cruciﬁgendo
1356 2007 1474 2046 eum
1515 1991 1601 2059 qui
1651 2001 1885 2042 mortuus
1935 1992 2015 2039 est

484 2101 695 2161 propter
724 2090 911 2143 delicta
943 2097 1135 2149 nostra,
1176 2098 1271 2138 nec
1297 2085 1342 2136 ei
1367 2080 1511 2135 dedit
1535 2078 1716 2132 eadem
1743 2088 1876 2131 terra
1904 2072 2015 2125 fru-

485 2192 599 2237 ctus
626 2196 767 2238 suos.
811 2179 929 2246 quia
985 2191 1086 2228 non
1112 2173 1419 2240 justilicatns
1444 2177 1524 2223 est
1553 2168 1652 2220 lide
1681 2163 2018 2218 resurrectio-

489 2274 570 2325 nis
599 2271 714 2337 ejus
743 2269 828 2336 qui
867 2265 1152 2319 resurrexit
1195 2271 1404 2329 propter
1445 2253 1867 2325 jnstilicationem
1918 2264 2014 2303 no-

486 2371 645 2412 stram
668 2376 678 2409 :
733 2355 868 2410 unde
896 2369 994 2407 nec
1037 2364 1308 2418 resurgens
1333 2349 1410 2402 eis
1430 2363 1457 2400 a
1485 2347 1670 2415 quibus
1699 2350 1812 2397 erat
1847 2339 2013 2394 cruci-

493 2450 624 2500 tisus
652 2445 920 2513 apparuit,
967 2451 1214 2505 tanquam
1260 2436 1389 2491 Cain
1430 2433 1664 2504 aperanti
1708 2441 1917 2492 terram,
1965 2435 2021 2481 ut

492 2549 708 2601 granum
735 2531 856 2584 illud
874 2530 1242 2589 seminaretur,
1267 2541 1368 2577 non
1387 2523 1668 2578 ostendens
1683 2519 1864 2601 eadem
1889 2527 2022 2571 terra

494 2582 715 2676 furnctum
742 2620 943 2672 virtutis
971 2633 1100 2670 sine.
1152 2615 1254 2669 Sed
1284 2628 1396 2666 eam
1439 2622 1628 2665 terram
1675 2623 1790 2676 qua:
1816 2582 1899 2661 est
1929 2605 2025 2658 Ec-

490 2711 650 2765 clesia
714 2707 911 2775 operati
976 2712 1098 2757 sunt
1161 2701 1350 2764 Judaei,
1419 2700 1529 2752 suis
1578 2691 2027 2765 persccutionibus

492 2798 689 2865 agendo
717 2805 772 2848 ut
801 2793 1026 2860 amplius
1057 2793 1107 2844 in
1141 2791 1301 2844 Deum
1336 2787 1649 2856 proliceret:
1699 2796 1840 2849 saepe
1865 2779 2025 2834 etiam

495 2890 545 2938 in
577 2885 770 2938 multos
799 2882 862 2934 ad
892 2892 1113 2934 mortem
1158 2892 1321 2944 usque
1348 2874 1631 2936 saeviendo,
1662 2872 1754 2926 sed
1785 2873 1879 2940 ipsi
1908 2870 2028 2924 ﬁdei

497 2987 549 3028 et
578 2974 822 3042 pretiosae
870 2971 1051 3024 mortis
1077 2983 1257 3021 eorum
1312 2965 1533 3019 fructum
1565 2963 1741 3016 videre
1789 2975 1893 3014 non
1920 2973 2027 3011 me-

491 3074 726 3120 ruerunt.
751 3060 899 3125 Quod
929 3069 1102 3111 autem
1132 3055 1402 3123 respondit
1428 3053 1648 3106 Domino
1685 3050 1812 3103 Cain
1856 3046 2025 3113 Major

384 3204 401 3225 ,
494 3162 562 3205 cst
589 3151 825 3219 iniquitas
850 3163 959 3199 mea
979 3161 1124 3210 quam
1155 3153 1210 3194 ut
1236 3143 1426 3194 veniam
1458 3154 1668 3191 merear.
1719 3135 1844 3188 Ecce
1889 3134 2029 3204 ejicis

497 3262 574 3297 me
599 3243 743 3294 hodie
770 3257 799 3290 a
820 3239 948 3306 facie
971 3247 1134 3298 teme,
1162 3243 1208 3285 et
1227 3249 1256 3284 a
1279 3232 1404 3300 [acie
1440 3239 1524 3282 tua
1544 3227 1842 3292 obscondar,
1872 3237 1914 3277 et
1949 3239 2034 3275 ero

496 3347 647 3399 cogas
667 3337 712 3382 et
735 3329 978 3396 profugus
1022 3326 1276 3376 interra:
1326 3329 1465 3389 patet
1489 3319 1554 3370 de
1597 3317 1894 3372 Judteorum
1945 3329 2034 3380 po.

503 3423 626 3485 pulo
653 3422 767 3471 luce
792 3418 1001 3478 clarius,
1024 3415 1144 3482 quia
1172 3412 1336 3479 major
1355 3419 1436 3465 est
1460 3410 1706 3479 iniquitas
1732 3423 1830 3475 qua
1849 3405 2034 3459 Filium

506 3509 600 3561 Dei
623 3506 834 3568 occidit,
866 3519 1019 3570 quam
1055 3509 1112 3553 ut
1143 3500 1344 3553 veniam
1374 3508 1671 3562 mereatur;
1698 3508 1751 3551 et
1779 3490 2038 3562 ideo'qni-

506 3610 708 3663 cunque
734 3608 799 3647 ex
828 3606 891 3645 eo
922 3589 1124 3644 veniam
1155 3589 1470 3657 pmnitentes
1513 3587 1792 3657 accipiunt,
1836 3586 1888 3636 lii
1918 3597 2038 3650 pro-

513 3685 649 3738 lecto
681 3695 820 3736 trans
852 3681 1089 3734 meritum
1123 3693 1274 3732 suum
1303 3677 1493 3730 divina:
1520 3675 1682 3743 gratia
1713 3674 1917 3741 pietatis
1941 3672 2044 3723 sal-

506 3784 710 3828 vantur.
739 3773 886 3826 Patet
911 3773 1030 3839 quia
1060 3770 1257 3836 ejectus
1285 3778 1366 3821 est
1386 3781 1416 3819 a
1443 3763 1575 3818 facie
1603 3775 1778 3824 terrae,
1808 3763 1857 3814 id
1880 3771 1981 3825 est,
2013 3775 2042 3812 a

511 3874 653 3919 sorte
679 3871 872 3915 sancta:
918 3859 1192 3919 Ecclesiae,
1238 3867 1290 3909 et
1319 3857 1602 3912 absconsus
1629 3867 1658 3903 a
1701 3853 1830 3904 facie
1857 3850 2045 3903 divina:

517 3949 1006 4018 contemplationis;
1037 3945 1174 4015 quod
1199 3945 1297 3997 sibi
1325 3945 1434 4010 ipse
1457 3941 1816 4009 protendebat,
1839 3939 2046 4008 quando

517 4039 701 4092 faciem
731 4036 923 4090 Christi
956 4035 1006 4086 in
1059 4031 1300 4099 passione
1342 4029 1554 4092 velavit,
1603 4027 1742 4096 quod
1786 4027 1862 4080 illi
1889 4026 2043 4080 etiam

515 4127 746 4180 scelestis
780 4126 924 4193 signa
954 4119 1352 4190 prutcndebant,
1384 4119 1588 4186 quando
1611 4133 1674 4173 eo
1698 4117 1947 4171 crttcilixo
1968 4115 2044 4168 sol

515 4217 690 4270 radios
716 4228 822 4268 sua:
845 4214 972 4266 lucis
999 4209 1289 4273 abscondit,
1344 4209 1649 4276 perditoque
1677 4220 1838 4273 regno
1867 4204 2046 4272 prolu-

515 4318 610 4372 gns
640 4317 700 4356 ac
727 4297 883 4370 vagus
932 4314 1024 4367 per
1052 4298 1235 4352 orbem
1276 4302 1584 4363 quacunque
1626 4293 1898 4359 dispersus
1944 4298 2046 4352 est,

515 4394 704 4444 timens
749 4393 816 4442 ne
867 4390 975 4454 ipsa
1021 4387 1175 4440 etiam
1224 4381 1492 4450 temporali
1536 4381 1640 4434 vita
1685 4381 1952 4447 privetur,
1996 4386 2049 4432 et

512 4480 658 4546 quasi
711 4478 836 4531 dicit
887 4491 1003 4529 cum
1037 4476 1200 4527 Cain:
1234 4481 1260 4508 ⁸
1289 4469 1464 4523 Omnis
1511 4470 1662 4540 igitur
1693 4468 1778 4535 qui
1813 4468 2051 4520 invenerit

518 4583 615 4630 me,
646 4570 828 4619 occidet
858 4581 953 4618 me.
980 4564 1079 4619 Sed
1109 4561 1231 4629 quid
1258 4561 1304 4613 ei
1336 4557 1605 4626 respondit
1631 4556 1813 4610 Deus?
1843 4554 2050 4623 Nequa-

516 4670 663 4723 quam
687 4656 754 4704 ita
779 4655 877 4717 ﬁet,
912 4655 995 4705 sed
1019 4656 1178 4704 omnis
1193 4651 1276 4718 qui
1297 4649 1526 4700 occiderit
1555 4645 1682 4700 Cain
1718 4653 1901 4711 septem
1939 4645 2050 4695 sin-

518 4743 678 4794 dictas
703 4740 942 4798 exsolvet,
965 4739 1012 4789 id
1042 4747 1146 4798 est,
1174 4751 1275 4788 non
1305 4735 1566 4802 corporali
1601 4743 1771 4786 morte
1818 4729 2050 4785 interibit

517 4845 683 4898 genus
738 4825 952 4893 impium
1017 4823 1297 4876 carnalium
1344 4822 1661 4874 Judaeorum.
1747 4821 2055 4885 Quicunque

519 4921 661 4973 eunim
691 4930 781 4969 eos
827 4915 897 4967 ita
924 4909 1231 4980 perdiderit,
1279 4917 1478 4976 septem
1511 4910 1764 4962 vindictas
1792 4907 2052 4968 exsolvet,

523 5010 575 5061 id
602 5004 909 5069 est,anl’e:et
937 5001 1002 5053 ab
1031 5001 1106 5052 eis
1133 5007 1328 5066 septem
1359 4997 1618 5067 vindictas}
1633 4997 1829 5065 quibus
1858 4994 2054 5062 alligati

524 5103 646 5147 sunt
676 5101 886 5161 propter
910 5101 1108 5142 reatum
1137 5086 1296 5140 occisi
1321 5085 1536 5150 Christi,
1583 5093 1642 5138 ut
1669 5085 1767 5139 hoc
1797 5093 1904 5139 toto
1931 5093 2057 5136 tem—

526 5197 670 5248 pore,
719 5177 856 5246 quod
883 5175 1176 5241 septenario
1196 5172 1396 5226 dierum
1425 5185 1646 5226 numero
1671 5173 1917 5233 volvitur,
1950 5183 2059 5221 ma-

528 5271 606 5335 gis
630 5267 748 5334 quia
779 5280 879 5317 non
911 5263 1104 5316 interiit
1129 5277 1257 5329 gens
1282 5260 1481 5322 ludas,
1511 5261 1638 5315 satis
1658 5269 1906 5330 appareat
1931 5258 2060 5311 lide-

465 5407 467 5409 ,
531 5362 668 5413 libus
692 5358 1005 5410 Christianis
1031 5371 1185 5422 quam
1212 5355 1584 5422 subjectionem
1615 5356 1922 5419 meruerint,
1972 5351 2060 5419 qui

533 5445 757 5515 superbo
780 5458 939 5510 regno
959 5442 1231 5496 Dominum
1258 5442 1647 5513 interfecerunt.
1669 5442 1830 5512 Hujus
1853 5441 2060 5510 exposi-

601 5581 626 5609 ⁸
654 5575 763 5634 ΔΙ..
793 5571 964 5624 Omnis
985 5573 1132 5624 enim.

600 5641 625 5677 δ
659 5643 830 5707 Antii].
863 5638 1003 5705 Jttt.l.,
1036 5640 1122 5690 lib.
1153 5655 1187 5702 t,
1219 5654 1331 5708 cap.
1362 5638 1412 5690 5.

2103 567 2297 618 tionem
2322 563 2610 629 posuimus,
2635 562 2754 629 quia
2777 560 2842 612 de
2869 558 3136 626 Opust-uiis
3161 557 3220 610 S'.
3250 555 3530 622 Augustini
3559 554 3652 625 qui

2102 652 2237 706 hanc
2266 643 2607 720 sequebatur,
2639 650 2767 703 sicut
2800 657 2854 702 et
2881 649 2980 700 alia
3005 647 3167 700 multa
3189 646 3578 714 decerpsimus.

2173 765 2448 832 Posuitqite
2470 762 2602 814 Deus
2623 760 2744 814 Cain
2772 762 2825 813 in
2851 760 3082 829 signum,
3111 766 3166 809 ut
3209 773 3310 810 non
3352 773 3469 809 eum
3498 757 3650 808 inter-

2103 855 2268 923 ﬁceret
2314 854 2472 906 omnis
2517 853 2601 919 qui
2628 852 2888 904 invenisset
2928 865 3060 903 eum.
3108 847 3273 901 [labet
3314 861 3446 914 gens
3472 846 3652 899 indas

2102 947 2212 998 sive
2241 945 2338 996 sub
2364 944 2574 1011 paganis
2602 942 2829 1008 regibus,
2854 940 2965 994 sive
2987 939 3083 992 sub
3105 935 3419 992 Christianis
3443 937 3651 1002 signum

2105 1034 2233 1100 legis
2263 1049 2324 1086 sn
2343 1053 2390 1094 ιι,
2423 1048 2526 1100 quo
2556 1047 2584 1082 a
2612 1031 2816 1084 ceteris
2840 1029 3083 1097 gentibus
3127 1026 3436 1095 populisque
3465 1025 3655 1076 distin-

2105 1124 2298 1191 guitur,
2319 1133 2371 1175 et
2385 1122 2560 1174 omnis
2589 1121 2870 1189 imperator
2900 1121 2979 1172 vel
3009 1134 3126 1182 res,
3166 1118 3252 1186 qui
3283 1133 3374 1170 eos
3409 1118 3462 1168 in
3492 1129 3655 1182 regno

2107 1228 2203 1270 suo
2233 1213 2448 1270 invenit.
2480 1226 2596 1263 cum
2627 1211 2741 1273 ipso
2768 1211 2916 1278 signo
2938 1224 3032 1262 eos
3057 1207 3271 1269 invenit,
3317 1222 3412 1258 nec
3441 1205 3656 1264 occidit,

2107 1302 2155 1356 id
2181 1314 2283 1365 eSt,
2315 1316 2416 1354 non
2443 1299 2607 1354 ellicit
2634 1307 2693 1353 ut
2713 1314 2814 1350 non
2843 1299 2946 1351 sint
2972 1298 3159 1364 Judaei,
3185 1312 3262 1349 cet
3279 1305 3332 1347 to
3351 1294 3582 1360 quodam
3609 1304 3658 1346 et

2109 1391 2315 1458 proprio
2342 1405 2450 1443 suze
2476 1387 2858 1442 observationis
2905 1386 3059 1451 signo
3105 1400 3134 1436 a
3178 1396 3486 1437 cmterarutn
3531 1396 3648 1447 gen.

2080 1497 2082 1499 ‘
2107 1484 2237 1534 tium
2266 1480 2632 1534 communione
2660 1474 2896 1540 discreti,
2929 1475 3025 1528 nisi
3056 1475 3352 1544 quicunque
3375 1487 3559 1524 eorum
3591 1470 3654 1522 ad

2109 1567 2372 1620 Christum
2403 1567 2744 1620 transierunt.

2181 1675 2519 1744 Egressusque
2542 1674 2666 1727 Cain
2695 1690 2725 1724 o
2751 1672 2882 1741 [acie
2928 1671 3132 1723 Domini
3175 1668 3412 1722 habitavit
3441 1668 3490 1719 in
3520 1677 3658 1746 terra

2045 1801 2084 1858 Β
2114 1767 2355 1836 profugus
2383 1766 2448 1858 ad
2481 1765 2767 1816 orientalem
2811 1762 3016 1832 plagam
3060 1759 3224 1812 Eden.
3275 1759 3329 1810 In
3376 1756 3504 1810 facie
3541 1747 3654 1808 De-

2114 1853 2238 1906 mini
2263 1851 2453 1919 agnitio
2479 1854 2611 1916 ejus,
2649 1865 2747 1917 qua
2791 1865 2850 1903 se
2878 1848 3179 1901 manifestat
3223 1861 3285 1899 ac
3309 1845 3652 1914 dignoscitur,

2114 1943 2245 1995 solet
2288 1941 2523 2008 intelligi.
2573 1938 2758 1993 Merito
2805 1954 2931 2006 ergo
2983 1939 3222 2005 p0pnlus,
3273 1935 3414 2004 quia
3464 1934 3656 1988 divina

2115 2030 2429 2098 cognitionis
2457 2031 2618 2096 gratia
2646 2029 2892 2088 recessit,
2946 2028 2997 2080 in
3045 2038 3181 2080 terra
3212 2027 3444 2078 habitare
3473 2025 3652 2089 perhio

2118 2118 2288 2171 betur.
2319 2117 2430 2170 Non
2459 2119 2597 2169 enim
2629 2127 2800 2182 potest
2855 2116 3029 2168 dicere
3051 2129 3170 2167 cum
3198 2115 3384 2168 electis
3417 2128 3431 2164 :
3466 2113 3655 2164 Nostra

2121 2217 2282 2258 autem
2312 2207 2614 2258 conuersatio
2640 2207 2693 2258 in
2711 2205 2845 2258 stetis
2871 2214 2944 2257 est
2967 2220 2986 2257 :
3013 2205 3144 2257 unde
3171 2206 3317 2255 etiant
3346 2204 3654 2256 Salutarem

2126 2306 2468 2361 exspectamus
2494 2294 2759 2347 Dominum
2785 2304 3008 2346 nostrum
3025 2292 3198 2345 Jestmt
3221 2291 3473 2346 Christum
3510 2289 3636 2358 (Phi

2128 2388 2217 2454 lip.
2235 2400 2313 2450 Ill,
2337 2383 2451 2452 20).
2482 2384 2630 2438 Hunc
2654 2384 2824 2436 locum
2841 2381 2974 2436 LXX
3003 2383 3314 2448 lnterprctes
3342 2382 3411 2433 ita
3435 2387 3662 2431 transtu-

2125 2477 2234 2529 lere
2251 2491 2264 2526 :
2286 2475 2416 2528 Exiit
2433 2485 2596 2526 autem
2611 2472 2737 2526 Cain
2751 2490 2781 2524 a
2800 2473 2928 2539 {acie
2945 2471 3149 2524 Domini
3170 2469 3280 2533 Dei,
3297 2481 3344 2522 et
3361 2468 3597 2520 habitavit
3611 2470 3664 2520 is
3725 2526 3728 2527 ν

2127 2573 2256 2617 terra
2275 2563 2410 2615 Naid
2431 2573 2607 2616 contra
2625 2561 2787 2615 Eden.
2809 2561 2935 2614 Naid
2960 2571 3133 2614 autem
3165 2562 3217 2612 in
3245 2559 3537 2626 profugum,
3556 2558 3665 2610 sive

2129 2662 2185 2706 ut
2210 2653 2262 2706 in
2287 2653 2418 2705 libro
2468 2652 2802 2704 Hebraeorum
2827 2651 3117 2701 \nominum
3166 2647 3479 2708 invenimus,
3497 2645 3662 2698 insta-

2127 2744 2282 2798 bilem
2307 2751 2508 2795 motum
2525 2749 2578 2794 et
2595 2739 2979 2794 fluctuationem
3002 2736 3385 2804 vertitur,quod
3410 2734 3664 2794 nonnulli,

2127 2835 2314 2902 quibus
2367 2841 2421 2886 et
2446 2832 2702 2899 Jnscphus
2726 2827 2753 2864 ¹³
2785 2828 3076 2893 consentit,
3105 2828 3274 2880 locum
3304 2840 3422 2878 esse
3477 2824 3524 2876 in
3567 2837 3668 2889 quo

2130 2922 2436 2977 habitaverit
2463 2918 2611 2983 Cain,
2642 2925 2933 2970 autumant.
2976 2914 3140 2968 Porro
3187 2926 3366 2967 noster
3407 2911 3666 2975 interpres

2131 3027 2234 3064 non
2266 3012 2365 3063 hoc
2387 3024 2576 3062 nomen
2608 3008 2730 3070 loci,
2779 3007 2872 3059 sed
2904 3005 2978 3058 rei
3020 3003 3182 3070 ipsius
3224 3015 3342 3055 esse
3373 3000 3668 3067 signiﬁcam-

2057 3112 2102 3172 ρ
2137 3101 2258 3153 tiam
2290 3097 2585 3161 intellexit;
2638 3097 2755 3163 quia
2787 3094 2918 3147 Cain
2971 3091 3228 3145 instabilis
3257 3103 3466 3157 semper
3491 3098 3544 3142 et
3574 3087 3666 3139 llu-

2132 3201 2315 3244 ctuans
2342 3196 2497 3255 atque
2521 3187 2834 3240 incertarum
2857 3183 3056 3238 aedium
3086 3191 3225 3236 esset
3252 3181 3475 3234 futurus.
3521 3177 3665 3244 Quod

2137 3291 2160 3319 ο
2189 3290 2436 3346 quantum
2469 3277 2706 3342 presenti
2734 3275 3030 3328 Judaeorum
3053 3272 3208 3324 statui
3237 3273 3535 3330 conveniat,
3562 3269 3670 3319 uui-

2138 3382 2323 3422 versus
2353 3366 2504 3419 testis
2549 3373 2630 3417 est
2671 3361 2917 3415 mundus.
2963 3358 3061 3424 Qui
3109 3359 3242 3411 bene
3285 3353 3443 3410 etiam
3490 3366 3667 3408 contra

2144 3455 2282 3508 Eden
2309 3450 2334 3488 ά
2365 3451 2594 3505 habitare
2641 3449 2966 3518 perhibetur.
3016 3447 3159 3500 Eden
3201 3447 3396 3513 quippe
3439 3445 3670 3510 volupta-

2144 3554 2246 3598 tem
2271 3542 2386 3596 sive
2415 3541 2630 3594 delicias
2677 3539 2971 3606 signiﬁcat:
3018 3536 3138 3606 quia
3169 3535 3415 3588 nimirum
3448 3533 3676 3601 perlidns

2141 3634 2230 3686 ille
2252 3633 2474 3700 populus
2503 3642 2753 3698 quantum
2783 3642 2998 3681 aversus
3025 3641 3053 3678 a
3077 3626 3400 3700 ‘cognitione
3442 3624 3676 3676 veritatis

2146 3721 2368 3775 terrenis
2409 3734 2469 3772 se
2520 3721 2746 3786 negotiis
2801 3716 3058 3784 implicat,
3113 3724 3313 3767 tantum
3365 3715 3677 3767 contrariam

2149 3808 2349 3862 delictis
2396 3807 2695 3861 cmlestibus
2725 3807 2880 3857 vitam
2909 3804 3083 3872 gerit;
3122 3811 3175 3855 et
3225 3803 3346 3869 quia
3376 3801 3678 3867 temporalia

2143 3896 2469 3951 solummodo
2516 3894 2699 3964 gaudia
2729 3893 2861 3955 sitit,
2896 3891 3112 3944 torrenti
3139 3891 3424 3956 voluptatis
3470 3891 3677 3949 divinae.

2144 4002 2247 4054 quo
2273 3985 2396 4053 justi
2425 3991 2697 4053 petantur,
2725 3980 2879 4034 siccis
2902 3980 3132 4033 faucibus
3157 3979 3331 4032 cordis
3351 3978 3682 4031 adversarius

2145 4076 2340 4130 existit.

2215 4180 2451 4250 Cognovit
2473 4188 2638 4230 autem
2665 4176 2788 4230 Cain
2829 4191 3035 4229 uxorein
3089 4162 3261 4236 suam,
3307 4189 3422 4243 quc
3464 4175 3685 4240 concepit

2148 4277 2192 4319 et
2212 4269 2400 4334 peperit
2425 4266 2622 4328 Enoclt,
2652 4274 2696 4318 et
2723 4264 2990 4330 (adiﬁcauit
3011 4264 3257 4315 civitatem
3284 4259 3569 4329 necabitque
3597 4275 3686 4313 no-

2152 4373 2261 4409 men
2287 4358 2395 4424 ejus
2425 4371 2483 4408 es
2515 4355 2713 4407 nomine
2749 4353 2845 4419 filii
2883 4353 2962 4404 sui
3016 4351 3212 4402 Enoelt.
3251 4351 3409 4406 Sicut
3449 4349 3517 4411 ab
3545 4347 3689 4399 initio

2155 4447 2331 4501 saeculi
2359 4445 2655 4514 incipientis
2679 4445 2731 4497 in
2768 4441 3033 4495 occisione
3081 4439 3208 4492 Abel
3261 4438 3532 4504 passiones
3573 4449 3689 4490 saa-

2153 4543 2395 4598 ctorum;
2441 4534 2491 4587 itt
2523 4532 2688 4585 livore
2731 4537 2902 4580 autem
2927 4539 2982 4580 et
3014 4529 3378 4592 petsecutioue
3424 4525 3550 4578 Cain
3577 4540 3691 4591 per-

2156 4623 2292 4676 ﬁdia:
2357 4631 2480 4675 sunt
2527 4619 2800 4672 insinuata:
2847 4617 3227 4683 reproborum,
3268 4631 3386 4684 qua:
3433 4617 3496 4670 ad
3540 4618 3688 4672 lith

2155 4727 2318 4780 usque
2342 4710 2517 4764 saeculi
2567 4716 2723 4761 erunt
2745 4706 2914 4759 ambae
2954 4706 3005 4759 in
3055 4706 3250 4760 mundo
3293 4721 3688 4773 permansura;

2157 4804 2310 4858 sicel
2337 4799 2624 4854 incivitate
2667 4811 2823 4864 quam
2873 4798 3153 4851 aedificavit
3198 4796 3328 4850 Cain
3384 4796 3693 4865 typiceintio

2158 4891 2396 4941 mabstur
2424 4887 2561 4955 quod
2590 4900 2709 4952 spes
2746 4895 2860 4939 .tota
2911 4898 3192 4953 pravorum
3243 4885 3296 4936 iu
3325 4882 3479 4950 hujus
3521 4882 3693 4937 saeculi

2158 4991 2320 5043 regno
2350 4983 2488 5027 esset
2510 4990 2572 5029 ac
2614 4974 2862 5028 lelicitate
2889 4973 3118 5040 ﬁgenda,
3149 4980 3206 5024 ut
3232 4982 3355 5036 poto
3378 4971 3467 5036 qui
3493 4970 3692 5026 futuro.

2160 5076 2272 5114 rum
2303 5061 2556 5113 bonorum
2585 5069 2671 5111 aut
2701 5060 2854 5112 tidem
2882 5066 2973 5111 aut
2999 5056 3320 5111 desiderium
3374 5059 3572 5113 nullum
3603 5060 3688 5111 ln-

2137 5151 2361 5204 'berent.
2405 5149 2477 5203 De
2507 5164 2606 5217 qua
2634 5149 2848 5202 civitate
2900 5145 3125 5213 loquitor
3153 5145 3408 5204 Dominus
3449 5164 3542 5216 per
3581 5164 3692 5218 pro-

2163 5239 2371 5307 phetam
2386 5240 2521 5293 Osee
2545 5256 2557 5289 :
2582 5237 2719 5291 Deus
2733 5253 2843 5308 ego,
2871 5244 2916 5289 et
2937 5251 3038 5288 non
3059 5235 3226 5298 homo,
3244 5234 3297 5288 in
3317 5237 3482 5291 medio
3505 5239 3694 5289 tuim-

2163 5338 2289 5392 ctus,
2334 5338 2382 5380 et
2409 5343 2510 5380 non
2553 5328 2806 5395 ingredior
2851 5327 3095 5378 civitatem
3139 5323 3281 5394 (Ou.
3306 5341 3368 5390 Il,
3393 5326 3476 5395 9).
3528 5325 3695 5394 Neque

2160 5417 2299 5470 enim
2328 5415 2454 5469 Abel
2481 5416 2589 5470 sive
2615 5415 2765 5481 Selii,
2810 5415 2896 5484 qui
2924 5427 3016 5484 pro
3042 5428 3106 5468 eo
3133 5422 3286 5468 ustus
3309 5424 3414 5480 est,
3443 5415 3700 5472 civitatem

2243 5579 2259 5607 ε
2291 5570 2395 5630 AL,
2427 5578 2633 5620 tantum.

2239 5634 2260 5671 ³
2295 5637 2400 5699 AL,
2433 5636 2699 5689 habitasse.
