3866 6248
139 377 200 431 73
1339 369 1805 429 HEXAEHERON
1847 371 1970 426 LIB.
2013 371 2071 426 ll.
2107 390 2116 398 '
2166 435 2169 438 _
3266 372 3337 430 π

135 502 219 545 aut
248 501 274 527 ι
315 491 500 546 domos
529 489 556 528 δ
599 490 889 545 aedificasse
927 489 1171 558 leguntur
1198 506 1210 540 :
1266 487 1387 557 quia
1435 486 1679 540 nimirum
1712 485 1755 541 A
1783 483 1846 534 ad
1879 484 2110 551 requiem
2139 484 2191 535 in
2222 483 2321 536 alia
2365 483 2491 544 vita,
2520 493 2570 536 et
2604 483 2808 551 reprobi
2859 485 3074 537 tendant
3110 483 3174 538 ad
3202 499 3325 551 sup-

134 596 222 633 eos
245 581 613 650 designabant,
657 581 764 634 imo
789 596 972 635 eorum
1001 586 1153 635 erant
1181 578 1445 647 primitiae,
1471 576 1558 645 qni
1589 588 1686 628 suo

133 670 360 736 gaudent
403 677 619 723 cantare
655 670 893 724 Creatori
924 688 936 723 :
970 670 1219 735 Quoniam
1255 667 1422 720 incola
1445 681 1536 735 ego
1577 681 1686 717 sum

136 761 269 828 apud
298 771 344 813 te
371 761 422 812 in
453 770 587 813 terra
623 771 670 812 et
712 761 1000 828 peregrinus
1035 763 1167 813 sicut
1195 775 1364 812 omnes
1386 767 1552 826 patres
1590 757 1689 808 mei

135 849 300 915 (I’sal.
334 865 556 913 xssvtn,
590 849 698 916 l5).
741 851 943 915 Quibus
969 858 1088 916 apte
1133 850 1380 903 convenit
1424 849 1522 901 hoc
1549 847 1685 915 quod

136 938 485 1006 praemisimus
529 939 734 992 Domini
786 939 1140 1007 promissum:
1195 935 1332 990 Dens
1369 952 1462 1005 ego
1500 945 1549 988 et
1588 951 1686 988 non

136 1030 285 1082 homo
309 1031 364 1082 in
403 1031 567 1082 medio
606 1032 678 1082 tui
702 1039 902 1084 sanctus
925 1044 945 1083 :
972 1031 1092 1098 quia
1119 1043 1222 1097 quo
1251 1043 1280 1080 a
1311 1028 1588 1082 mundana:
1613 1028 1686 1081 ci-

137 1119 312 1172 vitatis
341 1119 613 1173 consortio
638 1134 696 1173 se
724 1119 949 1174 reddunt
989 1127 1297 1183 extraneos,
1337 1131 1401 1172 eo
1430 1115 1686 1169 inhabita-

138 1210 278 1264 tione
305 1208 386 1263 sui
416 1208 720 1263 Conditoris
750 1210 987 1264 existunt
1014 1208 1301 1277 digniores.
1355 1209 1486 1271 Apte
1510 1215 1682 1258 autem

134 1299 262 1352 Cain
295 1311 486 1354 nomen
514 1299 741 1353 civitatis
770 1313 835 1352 es
888 1299 1104 1352 nomine
1134 1296 1223 1349 lilii
1272 1294 1352 1349 sui
1386 1294 1562 1349 Enoch
1593 1307 1686 1346 vo-

134 1388 298 1451 cavit,
326 1395 384 1441 ttt
410 1400 743 1441 successores
770 1402 830 1441 se
872 1386 1003 1442 tales
1031 1385 1324 1439 habiturum
1367 1385 1684 1452 designaret,

135 1476 222 1542 qui
251 1478 434 1545 patrie
459 1476 694 1531 caelestis
724 1488 987 1542 cssortes,
1035 1477 1085 1528 in
1122 1474 1277 1540 hujus
1305 1474 1425 1527 vitae
1452 1473 1685 1527 delecta-

136 1568 280 1621 tione
299 1567 454 1622 corda
479 1566 780 1621 fundarent.
834 1567 898 1620 Et
923 1568 1057 1620 bene
1087 1565 1265 1619 Euoch
1311 1566 1685 1632 interpretatur

139 1653 430 1719 Dedicatio,
463 1654 584 1723 quia
615 1653 822 1722 reprobi
865 1652 989 1706 dum
1022 1668 1115 1719 pro
1138 1652 1217 1706 eis
1241 1667 1358 1721 qure
1399 1661 1686 1718 cperantur

139 1743 190 1796 in
244 1744 489 1812 praesenti
536 1743 767 1813 gaudere
811 1742 1156 1806 desiderant,
1199 1742 1348 1811 quasi
1394 1742 1683 1803 civitatem,

1790 576 2026 641 plicinm,
2053 585 2107 629 nt
2135 577 2313 640 etiam,
2341 586 2586 629 narrante
2617 575 2860 638 Domino,
2891 576 3066 630 Lazari
3092 583 3336 647 pauperis

1788 674 1838 716 et
1870 666 2048 719 divitis
2080 669 2290 735 Superbi
2323 666 2604 720 manifeSte
2635 667 2818 734 probat
2849 667 3082 720 historia.

1859 755 2064 819 Genuit,
2095 757 2283 826 inquit,
2331 757 2442 810 Aria
2489 756 2658 818 Jabel,
2691 760 2773 826 qui
2802 757 2898 826 fuit
2935 768 3073 827 pater
3109 757 3340 812 habitan-

1787 847 1909 897 tium
1937 847 1986 898 in
2018 847 2243 899 tentoriis
2271 854 2420 915 atque
2457 857 2740 917 pastorum,
2763 856 3007 902 etvnomen
3037 849 3209 917 fratris
3228 851 3340 920 ejus

1785 934 1959 989 anal.
2006 935 2122 1005 Ipse
2159 938 2254 1005 fuit
2299 948 2441 1007 pater
2478 940 2760 992 canentium
2807 940 3001 993 cithara
3041 950 3086 993 et
3126 957 3337 1011 organo.

1787 1025 1929 1080 Sella
1969 1043 2164 1096 quoque
2207 1030 2376 1098 genuit
2420 1029 2718 1094 Tubalcain,
2746 1031 2833 1099 qui
2863 1031 2957 1098 fuit
2995 1031 3261 1084 malleator
3288 1031 3342 1084 in

1785 1127 1967 1170 cuncta
1996 1136 2146 1186 opera
2176 1120 2290 1172 teris
2318 1131 2364 1172 et
2409 1120 2552 1187 ferri.
2597 1120 2793 1174 Cnncla
2827 1121 2941 1176 haec
2969 1137 3083 1189 quae
3112 1121 3201 1175 lilii
3245 1122 3344 1175 La-

1786 1210 1936 1264 meclt
1965 1211 2226 1264 invenisse
2255 1214 2330 1264 vel
2363 1213 2532 1278 egisse
2554 1211 2860 1275 referuntur
2881 1251 2894 1273 ,
2927 1211 2990 1264 ad
3019 1213 3219 1265 cultum
3252 1213 3338 1266 vel

1785 1309 2028 1352 ornatum
2060 1299 2142 1352 vel
2199 1299 2476 1352 illecebras
2527 1301 2682 1368 hujus
2728 1301 2849 1353 vitae
2890 1299 3341 1368 pertinentznibil

1785 1398 1960 1442 autem
2008 1389 2108 1440 tale
2139 1389 2287 1447 Abel,
2321 1389 2450 1441 nihil
2481 1397 2505 1435 ι
2537 1391 2638 1444 tale
2671 1398 2823 1444 natus
2857 1406 2950 1457 pro
2977 1406 3040 1445 eo
3069 1390 3220 1458 Setb,
3252 1400 3342 1444 aut

1787 1488 2004 1542 nepotes
2031 1477 2145 1544 ejus
2173 1478 2357 1531 fecisse
2390 1478 2634 1545 leguntur
2656 1521 2669 1543 ,
2701 1478 2793 1532 sed
2823 1481 2967 1532 velut
2997 1480 3254 1545 peregrini
3285 1481 3335 1531 in

1790 1576 1929 1620 terra
1959 1567 2250 1636 simplicem
2295 1566 2507 1621 duxisse
2539 1568 2696 1620 vitam
2731 1568 3035 1635 probantur.
3082 1566 3207 1618 Nam
3238 1566 3341 1619 etsi

1791 1656 1923 1710 Abel
1955 1665 2130 1723 pastor
2159 1664 2274 1710 erat
2300 1655 2500 1716 ovium,
2525 1671 2629 1709 non
2661 1666 2830 1710 tamen
2855 1657 3015 1709 voluit
3042 1659 3174 1709 adeo
3217 1657 3338 1708 huic

1789 1759 1846 1798 se
1872 1745 2048 1801 ofﬁcio
2071 1747 2392 1814 mancipare,
2426 1754 2482 1799 ut
2511 1747 2732 1801 tentoria
2762 1747 2859 1801 sibi
2887 1747 2937 1800 in
2967 1748 3155 1815 quibus
3182 1746 3336 1798 fatui-

135 1847 292 1901 quam
318 1834 416 1886 sibi
447 1812 734 1898 aedificant,
784 1833 834 1886 in
860 1833 1027 1902 prima
1057 1831 1395 1902 generatione
1422 1831 1684 1885 dedicant.
1722 1812 1765 1871 Β
1795 1837 1949 1890 larius
1972 1836 2072 1890 boc
2091 1812 2342 1891 exercere
2358 1845 2534 1902 posset
2555 1844 2880 1890 contexeret.
2908 1812 3135 1891 Cit—harae
3161 1846 3338 1890 autem

137 1924 204 1972 At
239 1930 426 1974 contra
459 1921 510 1973 in
539 1921 626 1973 illa
673 1923 882 1989 generis
923 1921 1134 1973 humani
1166 1921 1404 1988 prosapia
1448 1935 1566 1988 qua:
1595 1935 1692 1987 per

135 2010 264 2062 Setb
298 2011 361 2062 ad
388 2009 499 2062 Noe
520 2008 818 2073 descendit,
871 2009 1129 2076 septimus
1169 2008 1236 2060 ab
1262 2007 1428 2060 Adam
1460 2008 1691 2059 nascitur

135 2099 340 2161 Enoch,
369 2098 459 2167 qui
488 2099 784 2152 ambulasse
806 2113 983 2152 coram
1011 2097 1118 2149 Deo
1145 2096 1356 2162 legitur,
1388 2104 1442 2150 et
1470 2110 1573 2149 non
1604 2109 1690 2163 ap-

135 2189 392 2252 paruisse,
424 2186 543 2254 quia
574 2187 748 2240 tulerit
789 2201 910 2240 eum
941 2185 1116 2240 Deus:
1164 2185 1283 2253 quia
1326 2185 1574 2239 nimirum
1606 2201 1688 2238 re-

133 2280 282 2342 quies
312 2286 366 2332 et
390 2278 567 2331 laetitia
597 2292 823 2347 spesque
850 2277 1024 2332 omnis
1049 2277 1339 2331 electorum
1375 2277 1583 2330 nonnisi
1637 2276 1688 2328 in

135 2367 312 2420 futuro
341 2368 558 2420 sabbato
588 2377 691 2432 est,
736 2368 822 2434 qui
849 2375 1124 2435 postquam
1153 2366 1203 2419 in
1247 2366 1344 2418 hac
1372 2366 1476 2420 vita
1506 2366 1690 2418 ambu-

138 2456 245 2507 lant
275 2470 395 2509 cum
425 2457 667 2520 Domino,
717 2456 987 2508 humiliter
1015 2455 1129 2522 ejus
1161 2464 1418 2524 praecepta
1463 2469 1690 2524 sequen-

137 2559 238 2609 tes,
275 2546 529 2600 tolluntur
557 2548 622 2599 ab
652 2562 715 2600 eo
759 2547 811 2600 in
853 2548 1009 2599 vitam
1058 2556 1322 2613 perpetua:
1371 2546 1584 2614 quietis,
1638 2555 1692 2599 et

135 2655 238 2691 non
271 2649 527 2706 apparent
557 2640 689 2691 ultra
723 2639 859 2691 inter
885 2637 1286 2704 mortales,quia
1317 2651 1438 2690 cum
1467 2636 1558 2689 illo
1587 2637 1686 2687 im-

134 2727 428 2780 mortaliter
463 2728 657 2780 vivunt.
698 2727 797 2796 Ipsi
832 2729 973 2781 enim
998 2736 1117 2779 sunt
1147 2725 1331 2780 civitas
1350 2724 1465 2794 eius
1491 2734 1544 2778 et
1571 2735 1688 2778 tem-

135 2822 301 2887 plum,
333 2835 468 2873 nunc
494 2819 811 2886 quotidianis
841 2818 1159 2888 profectibus
1187 2801 1441 2870 bonorum
1470 2830 1684 2885 operum

132 2913 194 2960 ad
239 2908 616 2977 perfectionem
669 2908 964 2970 tendentes,
1017 2915 1140 2959 tunc
1190 2905 1348 2959 finitis
1395 2904 1683 2966 laboribus,

131 3014 252 3054 curn
281 3001 373 3055 illo
402 3009 711 3070 regnantes,
759 3010 813 3054 et
843 3002 892 3054 in
939 3013 1034 3052 sua
1066 2997 1164 3066 ipsi
1190 2997 1545 3059 dedicatione,
1570 3011 1685 3063 qum

132 3105 225 3157 per
254 3091 590 3160 przesentiatn
635 3091 800 3145 sancti
845 3091 1070 3160 Spiritus
1113 3097 1369 3159 perpetuo
1395 3089 1685 3143 celebrabi-

133 3191 235 3246 tur,
268 3182 460 3248 singuli
491 3182 638 3250 quasi
664 3182 715 3235 in
748 3181 930 3236 Enoclt
956 3184 1169 3236 nomine
1197 3182 1505 3249 gaudentes.

203 3270 369 3324 Porro
399 3271 572 3324 Enoch
601 3274 767 3341 genuit
796 3283 818 3308 '-
853 3271 1010 3331 lratn.
1038 3281 1083 3325 et
1111 3270 1253 3323 Iram
1282 3273 1455 3339 genuit
1483 3272 1534 3324 Μ
1543 3271 1684 3324 avia-

127 3359 230 3426 Iiel,
255 3370 303 3413 et
334 3360 584 3414 Mavialtel
607 3363 774 3431 genuit
802 3361 1107 3424 Matusaltel,
1131 3371 1176 3414 et
1201 3360 1486 3416 Matusahel
1514 3363 1684 3430 genuit

129 3445 376 3513 Latneclr,
399 3451 484 3519 qui
522 3451 706 3519 accepit
734 3466 913 3504 uxores
954 3451 1080 3504 duas
1103 3465 1314 3504 :nomen
1353 3453 1437 3504 uni
1478 3453 1607 3516 Atla,
1640 3460 1686 3503 et

127 3554 312 3592 nomen
358 3536 555 3592 alteri‘l
581 3538 745 3604 Sella,
771 3539 1034 3608 genuitque
1072 3539 1183 3591 Atla
1230 3539 1401 3592 labet.
1434 3549 1456 3576 ⁶
1493 3540 1686 3606 Proge-

126 3631 246 3683 nies
280 3628 413 3682 Cain
444 3643 608 3696 usque
634 3628 698 3682 ad
727 3630 1005 3696 septimam
1034 3629 1422 3695 generationem
1465 3642 1683 3694 compu-

126 3730 294 3784 tatur,
327 3728 378 3771 et
406 3719 456 3772 in
490 3719 585 3770 hac
613 3716 722 3779 ipse
745 3731 772 3770 a
804 3716 1030 3771 Lamecb
1061 3718 1268 3771 occisus
1293 3757 1308 3780 ,
1338 3727 1537 3785 septem
1567 3717 1682 3770 viu-

125 3809 283 3862 dictis
310 3823 442 3876 quas
471 3807 765 3860 diutissime
810 3803 970 3861 mis’er
993 3807 1252 3876 gestabat,
1284 3807 1554 3862 absolutus
1580 3817 1680 3861 est.

127 3899 181 3950 lu
213 3899 314 3953 hac
357 3909 460 3952 tota
489 3914 606 3968 qua:
631 3898 697 3954 de
724 3879 813 3952 illo
841 3910 958 3952 nata
988 3907 1102 3952 erat
1127 3898 1334 3953 soboles
1361 3938 1378 3962 ,
1409 3909 1682 3967 postquam

125 3989 188 4039 ad
219 3996 555 4055 augmentum
581 3987 962 4040 maledictionis
982 3988 1140 4040 etiam
1170 3988 1427 4042 adulterio
1454 3989 1681 4044 Lamech

125 4079 326 4144 polluta
355 4089 453 4136 est.
491 4076 508 4114 τ
544 4078 815 4147 ingruente
863 4076 1065 4129 diluvio
1104 4074 1277 4145 periit.
1311 4079 1364 4131 ln
1396 4089 1540 4132 sexta
1569 4082 1684 4147 qui-

124 4169 245 4220 dem
287 4167 628 4236 gencratioite
675 4165 935 4218 adulterio
967 4165 1179 4229 foedata,
1213 4169 1263 4218 in
1292 4167 1510 4233 septima
1557 4183 1682 4221 vero

124 4258 329 4310 diluvio
372 4255 544 4309 deleta
573 4273 584 4305 :
610 4255 661 4307 in
707 4270 810 4319 quo
857 4245 1164 4320 spiritaliter
1209 4256 1501 4309 insinuatur
1543 4258 1677 4324 quod

123 4347 409 4412 impiorum
440 4345 619 4409 civitas
643 4382 659 4407 ,
692 4343 742 4395 id
773 4351 874 4404 est,
921 4344 1144 4396 societas
1175 4354 1278 4397 tota
1313 4348 1676 4412 reproborum,

1793 1937 1845 1980 et
1871 1942 2068 1996 organo
2093 1927 2229 1982 absit
2261 1936 2316 1982 ut
2341 1927 2423 1981 vir
2451 1936 2624 1981 tantus
2655 1927 2814 1980 ullum
2849 1937 3055 1993 tempus
3100 1926 3338 1996 indulge-

1793 2027 1891 2068 ret.
1938 2016 1992 2069 Si
2020 2017 2137 2082 quis
2168 2030 2292 2069 vero
2322 2024 2508 2069 cuncta
2537 2029 2694 2082 opera
2725 2029 2841 2082 quae
2867 2015 2933 2067 de
2961 2029 3067 2067 :ere
3095 2029 3156 2069 ac
3199 2016 3338 2069 ferro

1796 2103 1924 2157 linnl
1971 2104 2194 2158 solerter
2237 2104 2488 2166 intuetur,
2519 2103 2791 2158 manifeste
2832 2107 3098 2172 cognoscit
3144 2106 3261 2174 quia
3293 2109 3341 2161 si

1793 2203 1931 2246 recte
1973 2193 2264 2246 naturalem
2312 2194 2476 2260 legem
2519 2201 2754 2246 servaret
2801 2209 2966 2262 genus
3014 2194 3329 2260 humanum,

1791 2283 1951 2336 etiam
1978 2282 2044 2335 de
2071 2279 2298 2350 paradisi
2338 2281 2541 2350 gaudiis
2570 2281 2721 2348 culpa
2771 2284 3219 2349 prmvaricationis
3249 2301 3341 2340 es-

1795 2375 2021 2439 pulsum,
2042 2387 2368 2447 nequaquam
2394 2373 2472 2424 his
2500 2371 2742 2424 omnibus
2763 2385 2895 2440 opus
2918 2371 3135 2426 haberet
3161 2391 3172 2425 :
3199 2375 3338 2429 unde

1797 2464 1907 2516 lucc
1933 2464 2108 2516 omnia
2131 2477 2158 2515 a
2178 2461 2296 2515 filiis
2320 2461 2703 2515 maletlictionis
2730 2475 2848 2516 esse
2868 2471 3076 2542 constat
3099 2463 3332 2531 inventa,

1795 2555 2033 2620 quamvis
2065 2553 2416 2622 postmodum,
2440 2552 2794 2621 degenerante
2825 2552 3055 2606 humano
3082 2569 3276 2622 genere
3305 2573 3332 2609 a

1793 2645 2032 2697 castitate
2074 2643 2253 2710 primat
2298 2641 2917 2708 conversationis,,etiam
2972 2643 3092 2695 boui
3139 2645 3229 2696 Dci
3263 2644 3339 2696 fa.

1794 2732 1916 2784 muli
1947 2746 2041 2799 pro
2069 2732 2435 2784 communione
2479 2730 2598 2782 vice
2639 2728 2850 2781 socialis
2895 2728 3210 2795 aliquotiens
3240 2731 3332 2784 bu~

1789 2819 2018 2887 jusmodi
2065 2820 2224 2874 rebus
2271 2821 2484 2885 operam
2533 2816 2747 2870 dabant.
2795 2815 2900 2870 Sed
2941 2831 3124 2886 magna
3155 2821 3333 2888 utique

1793 2911 2058 2974 distantia,
2083 2911 2200 2977 quia
2231 2911 2472 2963 nimirum
2504 2909 2709 2977 reprobi
2736 2909 2924 2963 talibus
2947 2911 3096 2978 quasi
3125 2926 3331 2965 summo

1792 3013 1888 3052 suo
1919 2999 2058 3052 bono
2087 2997 2113 3033 δ
2139 2997 2533 3051 delectabantur
2561 3014 2574 3050 :
2600 2996 2756 3051 electi
2784 3012 2910 3052 vero
2939 2998 3018 3052 his
3048 3011 3136 3053 aut
3161 3002 3334 3053 omni-

1795 3088 1962 3141 modis
2004 3087 2392 3152 abrenuntiant,
2417 3097 2506 3140 aut
2554 3103 2648 3156 pro
2695 3086 2974 3141 commodo
3013 3089 3132 3143 vitae
3180 3088 3336 3158 bujns

1790 3178 1983 3244 aliquo,
2012 3177 2179 3230 donec
2221 3176 2284 3227 ad
2330 3185 2582 3230 aeternam
2632 3177 2971 3245 perveniant,
3005 3176 3138 3231 sicut
3163 3179 3332 3231 viator

1785 3266 1991 3320 stabulo
2036 3267 2146 3320 sive
2194 3266 2414 3329 viatico,
2447 3275 2780 3319 transeuntes
2823 3275 3056 3322 utuntur.
3102 3268 3337 3336 Denique

1787 3357 2098 3424 patriarclne
2152 3356 2452 3407 habitabant
2499 3354 2549 3406 iu
2599 3355 2876 3420 tentoriis,
2907 3357 2999 3408 sed
3049 3355 3149 3410 hoc
3193 3358 3338 3410 velut

1787 3447 2048 3516 peregrini
2097 3446 2148 3497 in
2196 3443 2411 3510 mundo,
2443 3443 2506 3494 ad
2536 3442 2923 3497 distinctionem
2953 3459 3134 3498 eorum
3162 3447 3251 3514 qtti
3280 3449 3332 3500 in

1785 3537 2000 3588 urbibus
2023 3548 2086 3587 ac
2113 3532 2357 3586 domibus
2385 3534 2532 3601 quasi
2572 3543 2726 3588 terrae
2753 3534 2898 3588 cives
2928 3535 3163 3590 habitare
3191 3538 3330 3590 sole-

1786 3625 1930 3677 bant.
1962 3622 2252 3677 Utebantur
2274 3624 2560 3692 psalmista:
2590 3624 2790 3678 cithara
2822 3634 2875 3678 et
2900 3641 3115 3694 organo,
3141 3627 3231 3681 sed
3260 3630 3325 3682 ad

1785 3714 2102 3768 laudandum
2133 3713 2183 3767 in
2214 3715 2292 3768 eis
2321 3714 2596 3766 Dominum
2627 3725 2709 3768 :et
2738 3729 2768 3770 e
2797 3726 2978 3769 contra
3006 3719 3179 3786 arguit
3207 3733 3329 3786 pro-

1784 3809 1938 3874 pheta
1965 3819 2054 3858 eos
2083 3805 2171 3873 qui
2220 3805 2448 3868 cithara,
2483 3812 2730 3872 tympano
2773 3813 2827 3859 et
2854 3805 2964 3876 lyra
2997 3807 3045 3858 in
3078 3809 3335 3861 ctnviviis

1785 3896 2150 3963 personabant.
2185 3895 2346 3948 Erant
2367 3894 2418 3948 in
2446 3897 2636 3962 populo
2660 3895 2751 3950 Dei
2775 3897 2869 3950 viri
2896 3896 3034 3952 docti
3063 3900 3114 3952 in
3141 3911 3328 3953 cuncta

1783 4003 1942 4054 opera
1986 3987 2106 4038 aris
2135 3996 2186 4038 et
2217 3985 2372 4050 ferri,
2403 3999 2609 4038 necnon
2641 3996 2695 4038 et
2723 3988 2922 4055 argenti
2956 3996 3010 4040 et
3049 3992 3160 4042 auri
3188 4008 3199 4041 :
3238 3993 3329 4042 sed

1785 4075 1880 4128 hos
1910 4075 2018 4142 ipse
2041 4074 2176 4126 hanc
2197 4081 2361 4124 artem
2390 4073 2454 4127 ad
2480 4074 2874 4128 distinctionem
2898 4078 2975 4129 sui
3006 4077 3329 4132 tabernaculi

1783 4169 2063 4216 transterre
2093 4163 2359 4230 pra-cepit.
2392 4161 2652 4228 Propheta
2685 4177 2892 4231 quoque
2934 4165 3120 4230 gaudia
3154 4165 3330 4218 Domi-

1781 4256 1910 4308 nicze
1955 4254 2330 4308 incarnationis
2360 4255 2768 4323 evangelizans,
2793 4268 2949 4322 opera
3004 4253 3126 4308 ferri
3171 4257 3325 4310 noxia

1781 4345 2005 4397 tollenla
2039 4352 2192 4409 atque
2237 4342 2288 4396 in
2337 4345 2524 4396 melius
2567 4344 2937 4397 commutanda
2987 4345 3246 4412 praedixit.
3283 4359 3332 4400 et

124 4437 175 4486 in
203 4450 298 4487 ses
327 4433 480 4501 hujus
502 4433 678 4486 srcculi
701 4433 941 4486 aetatibus
964 4447 1022 4486 se
1037 4445 1342 4499 corruptura
1365 4437 1671 4502 sceleribus,
1705 4462 1758 4521 Β
1779 4435 2088 4504 conﬂabant,
2119 4435 2376 4502 inquiens,
2409 4435 2605 4504 gladios
2643 4451 2759 4488 suos
2785 4436 2836 4488 in
2873 4451 3116 4500 vomeres,
3145 4447 3192 4489 et
3221 4438 3333 4490 lan-

124 4527 174 4576 in
203 4525 430 4592 septima
462 4533 659 4589 autem,
692 4537 810 4592 quae
838 4535 918 4577 eet
943 4523 994 4576 in
1026 4525 1220 4586 futuro,
1249 4526 1299 4578 in
1330 4535 1580 4582 aeternum
1608 4531 1678 4583 sit

122 4616 378 4681 peritura.
408 4614 552 4665 Sicut
576 4611 716 4666 enim
740 4614 994 4679 septimus
1015 4615 1081 4666 ab
1103 4616 1266 4668 Atlant
1298 4616 1475 4669 Enoch
1499 4628 1676 4684 raptus

119 4714 205 4757 est
237 4706 292 4757 in
327 4702 647 4772 paradisum,
677 4711 728 4756 et
755 4718 856 4755 non
885 4703 1015 4756 vidit
1040 4719 1160 4759 eum
1191 4705 1370 4770 homo,
1401 4709 1519 4777 quia
1550 4710 1676 4762 vivit

119 4796 170 4846 in
203 4808 337 4862 pace
370 4807 487 4846 cunt
517 4792 654 4854 Deo;
687 4793 755 4844 ita
795 4793 1050 4860 septimus
1076 4808 1105 4845 a
1134 4795 1260 4848 Cain
1302 4793 1448 4850 Jabel
1471 4838 1485 4861 ,
1513 4798 1676 4852 inter.

118 4895 364 4951 pretatur
412 4886 638 4940 Mutatus
669 4927 684 4950 ,
713 4899 830 4938 cum
875 4885 985 4938 suis
1033 4885 1278 4940 fratribus
1325 4898 1378 4940 et
1431 4891 1673 4943 universa

120 4975 377 5051 progenie
405 4977 607 5031 deletus
635 4983 717 5030 est
737 4976 953 5040 diluvio,
979 4987 1034 5029 et
1059 4993 1164 5031 nou
1192 4977 1324 5032 vidzt
1347 4996 1465 5032 curn
1496 4982 1670 5045 homo,

116 5065 240 5130 quia
274 5075 467 5116 aeterna
501 5077 669 5119 morte
695 5067 992 5129 mulctatus,
1025 5075 1078 5119 et
1106 5067 1171 5119 ab
1198 5082 1255 5118 ea
1288 5084 1444 5135 quam
1475 5071 1673 5124 dilexe-

119 5163 202 5204 rat
233 5152 403 5219 gloria
455 5156 634 5206 saenli
663 5197 678 5218 ,
711 5157 848 5208 illam
895 5172 1052 5224 quam
1105 5173 1206 5208 non
1253 5159 1566 5224 prarvidebat
1593 5173 1672 5213 est

119 5255 359 5298 mutatus
387 5247 438 5297 in
471 5261 696 5310 plenam.
741 5249 793 5300 lu
825 5250 1012 5315 quibus
1041 5261 1220 5314 aperte
1263 5249 1587 5316 designatur,
1620 5264 1672 5303 ut

115 5336 533 5402 dixitnns,qnod
583 5338 747 5388 sancti
801 5349 914 5404 post
961 5338 1113 5406 hujus
1162 5340 1335 5391 Strculi
1370 5356 1456 5393 sex
1492 5353 1671 5395 uitatis

185 5499 211 5523 ⁸
245 5489 362 5554 AL,
391 5489 586 5542 damus.

186 5555 212 5593 δ
245 5560 356 5616 ΑΙ..
389 5560 676 5622 trdiﬁcasse.

187 5637 207 5662 ε
247 5629 356 5685 ΑΙ..
393 5625 536 5685 Itan,
564 5639 607 5679 et
629 5626 782 5689 Iran;
810 5627 899 5686 aL,
933 5627 1075 5689 Irad,
1103 5639 1145 5680 et
1175 5627 1314 5682 lratl.

183 5694 208 5728 ’³
246 5695 358 5754 AL,
393 5695 536 5747 ὅρια.

360 5785 476 5843 Pn
492 5802 626 5844 non.
661 5786 811 5845 XCI.

1781 4544 1890 4579 reas
1935 4545 2048 4580 suas
2083 4528 2136 4580 in
2162 4529 2357 4597 falces;
2398 4543 2498 4579 non
2539 4527 2714 4578 levabit
2759 4543 2876 4595 gens
2917 4537 3091 4580 contra
3129 4540 3327 4593 gentem

1779 4619 2025 4683 gladium,
2055 4635 2141 4670 nec
2182 4617 2538 4671 exercebantur
2565 4618 2700 4668 ultra
2737 4618 2804 4670 ad
2835 4621 3062 4686 prtelium
3103 4619 3232 4688 (Isa.
3267 4639 3325 4684 ll,

1779 4707 1855 4764 4i.
1886 4708 1990 4763 Nec
2012 4709 2432 4777 pratereundum
2465 4709 2783 4776 negligenter
2822 4711 2958 4778 quod
3003 4728 3120 4766 cum
3152 4715 3322 4769 horni-

1777 4813 1870 4851 nes
1918 4798 2174 4851 adulterio
2219 4798 2503 4866 inquinari,
2547 4814 2664 4852 cum
2720 4803 2994 4867 pascendis
3041 4805 3320 4872 pecoribus

1775 4891 1999 4959 amplius
2025 4890 2165 4954 justo
2196 4889 2457 4956 insistere,
2488 4905 2604 4943 cum
2633 4891 2800 4943 modis
2832 4893 3045 4945 musicis
3071 4894 3312 4957 dissolvi,

1773 4995 1891 5034 cum
1924 4979 2195 5034 fabrilibus
2235 4993 2447 5046 operam
2491 4981 2616 5034 dare
2644 4982 2844 5035 artibus
2871 4992 3160 5048 creperum,
3192 4993 3315 5036 tunc

1773 5071 1971 5125 diluvio
2016 5079 2136 5124 sunt
2194 5069 2598 5137 superveniente
2649 5070 2824 5125 deleti.
2876 5072 2976 5124 Sed
3027 5073 3310 5124 cavendqu

1774 5165 2020 5217 solertius
2051 5176 2115 5213 ne
2146 5173 2239 5211 nos
2268 5160 2560 5228 hujusmodi
2595 5161 2748 5215 rebus
2777 5163 2906 5213 ultra
2941 5161 3152 5213 modum
3183 5163 3314 5216 irre-

1775 5257 1895 5310 titos
1940 5255 2151 5306 ultimus
2192 5253 2306 5305 dies
2336 5254 2585 5317 inveniat,
2615 5269 2731 5307 cum
2761 5255 2914 5306 etiam
2965 5253 3216 5324 Dominus
3244 5258 3312 5310 de

1773 5346 1856 5396 die
1893 5343 2070 5411 judicii
2121 5343 2337 5407 loquens
2377 5349 2788 5397 commemorato
2819 5342 2915 5396 hoc
2947 5350 3208 5413 tempore,
3246 5348 3309 5401 ad

1845 5502 1866 5527 ε
1902 5494 2001 5553 AL,
2037 5493 2193 5558 primo
2222 5494 2410 5558 genitus
2440 5503 2506 5547 est
2538 5495 2681 5548 Cain.

1847 5562 1862 5596 ί
1902 5571 1935 5614 Α
1950 5565 2006 5624 |.,
2041 5565 2413 5626 inrongruente.

1842 5642 1866 5676 ὅ
1903 5634 1980 5684 Al.
2016 5631 2159 5681 deest
2191 5632 2308 5681 tale.

1842 5699 1865 5734 “
1892 5704 1996 5765 AL,
2026 5701 2350 5753 dt'lt’rlantut’.

3471 5003 3498 5022 ο
