3866 6248
173 342 240 398 τι
1393 328 1722 388 ΙΙΕΧΛΕΙΕ

1826 328 1868 385 Ν
1906 331 2038 386 LIB.
2080 330 2122 386 il
3298 335 3367 392 78

166 455 350 510 occidit
372 451 525 506 Cain.
551 450 750 508 Pisanus
776 462 856 508 est
887 466 982 522 pro
1011 450 1162 513 Abel.
1191 463 1295 503 non
1337 447 1507 501 solum
1537 443 1724 500 ordine
1753 446 1798 500 Α
1825 443 2084 511 septimus
2111 445 2178 500 ah
2197 445 2287 499 illo
2310 444 2532 500 Lumeeh
2556 455 2800 501 statutam
2839 446 3054 501 masculi
3081 425 3132 499 et
3159 446 3364 504 femina:

168 545 442 608 nascendi,
469 544 562 598 sed
599 551 654 596 et
701 543 896 598 merito
935 540 1164 606 virtutis,
1191 540 1366 592 locum
1413 536 1588 591 fratris
1623 535 1723 589 im-

169 637 343 703 pletis,
366 635 518 705 cujus
538 635 750 688 devotio
778 635 971 690 mentis
999 631 1158 685 etiam
1189 629 1256 684 ad
1286 627 1522 684 sobolem
1556 626 1721 694 ipsius

166 733 420 786 transisse
450 739 792 792 monstrator,
811 741 932 781 eum
958 725 1202 780 subditur
1227 737 1244 776 :

236 819 344 876 Sed
364 825 412 873 et
431 819 554 874 Setb
577 829 728 871 uetus
755 825 831 871 est
849 811 1012 886 ﬁlius,
1038 829 1187 885 quens
1213 811 1404 866 secarit
1433 807 1592 862 Euos.
1617 807 1721 862 Iste

163 910 316 977 capit
365 911 597 964 incerare
639 922 819 960 nonten
878 904 1103 960 Domini.
1153 903 1296 957 Eoos
1346 897 1721 968 interpretatur

167 999 340 1058 iiomo
368 1000 454 1055 vei
475 998 567 1053 Vir
589 1015 602 1050 :
626 998 767 1053 unde
796 1008 938 1052 recte
965 994 1056 1065 qui
1104 995 1213 1050 tale
1259 1007 1453 1048 nomen
1483 991 1596 1060 ipse
1624 988 1719 1041 hs-

165 1095 280 1160 bet,
311 1105 501 1147 nomen
526 1091 732 1147 Domini
755 1089 938 1160 incipit
962 1089 1232 1152 invocare,
1262 1094 1412 1139 tanto
1439 1081 1719 1137 instantius

165 1181 484 1250 quotidianis
511 1182 563 1238 in
591 1180 838 1250 precibus
875 1180 1127 1234 auxilium
1167 1174 1475 1232 Conditoris
1517 1171 1718 1239 implo-

164 1286 315 1338 rans,
355 1264 555 1342 quanto
597 1285 658 1327 se
705 1269 908 1340 fragilis
959 1277 1166 1323 natura:
1214 1265 1410 1321 factum
1455 1259 1716 1316 meminit.

167 1363 386 1432 Mystice
437 1368 612 1416 autern
662 1359 802 1415 sicut
851 1357 982 1413 Abel
1035 1353 1457 1410 oceisusaCain
1505 1360 1718 1419 passum

166 1449 488 1515 Dominum;
517 1448 588 1524 ita
625 1457 782 1503 natus
813 1461 909 1516 pro
933 1462 1000 1501 eo
1037 1445 1167 1501 Selii
1195 1442 1570 1500 resuscitatum
1598 1451 1720 1493 eum

162 1551 195 1592 s
245 1549 416 1594 morte
455 1537 693 1609 designat
743 1555 757 1590 :
808 1538 950 1592 unde
997 1546 1120 1605 apte
1167 1533 1305 1605 apud
1375 1528 1718 1599 Septuaginta

164 1625 535 1684 Translatores
561 1636 688 1682 nato
714 1641 780 1680 eo
818 1624 1019 1681 dixisse
1045 1625 1214 1681 fertur
1237 1631 1388 1691 pater
1414 1619 1528 1674 sive
1550 1625 1722 1672 mater

161 1719 281 1786 eius
304 1737 320 1772 :
346 1719 618 1775 Susciterit
635 1719 770 1772 enirn
797 1717 922 1772 inihi
951 1716 1088 1771 Dens
1106 1730 1273 1770 senten
1293 1711 1444 1769 aliud,
1459 1723 1552 1777 pro
1572 1705 1719 1769 Abel,

1822 530 2012 600 legem,
2041 534 2110 589 de
2144 549 2244 605 qua
2272 534 2468 590 dictum
2497 549 2607 590 erat
2625 581 2641 604 ,
2672 535 2833 590 Erunt
2863 539 2965 589 duo
3003 538 3055 590 in
3084 551 3236 590 carne
3261 554 3364 591 una

1820 621 1969 692 (Gen.
2013 639 2087 689 ll,
2125 623 2243 696 2i),
2281 626 2583 695 accipiendo
2631 629 2760 683 duas
2806 640 3032 688 uxores.
3081 638 3135 684 et
3175 630 3228 684 iu
3258 645 3362 684 una

1823 725 1983 766 carne
2012 721 2119 768 tres
2147 715 2546 786 coniungendo,
2573 725 2628 772 et
2663 717 3117 772 crebrescentibus
3167 721 3361 788 passim

1821 801 1994 866 malis,
2029 805 2077 856 iu
2106 813 2305 860 tantum
2333 821 2363 860 a
2390 807 2731 863 similitudine
2756 811 2834 864 sui
2857 809 3156 864 Conditoris
3173 827 3234 865 ac
3258 813 3366 880 prio

1820 903 1900 942 ma
1952 891 2314 950 benedictione
2358 911 2528 968 geuus
2578 901 2796 957 recessit
2845 900 3164 964 humanum,
3211 910 3266 955 ut
3307 901 3360 956 in

1817 979 2017 1034 decima
2044 987 2406 1052 generatione,
2433 989 2676 1057 exceptis
2705 991 2918 1060 paucis;
2965 1006 3098 1060 quos
3121 1005 3243 1047 arca
3270 1007 3367 1049 c0-

1818 1067 2018 1133 bibuit,
2048 1079 2212 1126 totum
2241 1073 2408 1130 deleri
2456 1079 2767 1145 meruisset;
2795 1079 2859 1134 ad
2890 1095 3046 1149 quam
3077 1089 3250 1137 tamen
3277 1074 3358 1137 si?

1821 1157 2164 1217 militudiuetn
2190 1177 2253 1219 ac
2273 1164 2690 1224 benedictionem
2719 1170 2871 1225 nobis
2902 1171 3076 1228 redire
3099 1174 3364 1229 concessit

1817 1246 2066 1305 Conditor
2093 1251 2240 1321 ipse,
2271 1254 2324 1310 in
2356 1266 2550 1312 nostra:
2597 1269 2797 1314 naturae
2841 1261 3189 1319 similitudine
3218 1263 3366 1320 nasci

1817 1351 1881 1391 ac
1906 1339 2144 1397 maledici
2175 1346 2416 1417 moriqu
2451 1349 2730 1419 dignatus,
2768 1363 3030 1421 quatenus
3074 1369 3169 1422 per
3193 1355 3363 1425 ipsum

1820 1428 2070 1500 redempti
2100 1440 2154 1487 et
2180 1433 2362 1491 dicere
2389 1437 2457 1494 de
2495 1438 2609 1509 ipso
2648 1454 2983 1498 mereamur:
3016 1442 3219 1500 Seianus
3243 1447 3363 1516 quia

1819 1530 1932 1569 cunt
1954 1525 2270 1591 apparuerit,
2291 1527 2480 1585 similes
2505 1529 2554 1584 ei
2577 1531 2761 1587 erimus
2777 1547 2797 1586 :
2813 1531 3084 1590 videbimus
3103 1535 3234 1589 enirn
3254 1553 3370 1591 eunt

1989 1622 2060 1665 est
2097 1611 2151 1684 (1
2179 1613 2334 1673 Joan.
2357 1632 2448 1686 ttt,
2477 1618 2563 1689 2),
2589 1627 2644 1676 et
2666 1621 2851 1678 audire
2888 1623 2956 1678 ab
2984 1623 3137 1694 ipso:
3169 1624 3371 1690 Venite.

1821 1695 2064 1755 benedicti
2091 1701 2262 1761 Patris
2285 1709 2403 1774 ntei,
2424 1711 2671 1781 possidete
2688 1706 2717 1750 ει
2745 1723 2976 1784 paratum
2998 1718 3133 1778 vobis
3159 1731 3371 1788 regnant

160 1779 310 1875 4'.“
336 1809 516 1862 “cui;
557 1807 704 1863 δοίη,
754 1806 906 1874 Quod
943 1806 1066 1861 meo
1109 1813 1256 1861 ncte
1292 1803 1442 1872 juxu
1469 1800 1718 1869 mystico;
1749 1779 1794 1837 Β
1823 1806 1854 1842 a
1882 1800 2232 1854 constitutione
2252 1779 2434 1858 mundi
2450 1799 2662 1866 (Matth.
2686 1779 2810 1874 κέν,
2836 1806 2948 1879 3i).

163 1910 356 1951 sensus
397 1911 578 1952 semen
625 1896 765 1950 aliud
805 1896 1122 1965 appellatur,
1143 1908 1266 1949 cum
1299 1893 1440 1946 idem
1470 1888 1724 1944 Dominus

163 1987 257 2053 qui
295 1987 504 2041 occisus
541 1995 624 2041 est
659 1984 986 2048 resurrexit,
1024 1984 1146 2052 quia
1189 1983 1435 2037 nimirum
1488 1977 1724 2034 mortalis

163 2075 376 2130 occisus
424 2084 538 2140 est,
594 2076 886 2130 resurrexit
941 2074 1255 2130 immortalis
1292 2091 1304 2126 :
1348 2079 1589 2126 mortuus
1640 2078 1720 2122 est

165 2179 238 2219 ne
286 2180 383 2220 nos
427 2165 558 2219 mori
604 2165 1206 2220 timeremus:surrexit
1235 2170 1296 2217 ut
1343 2160 1496 2217 nobis
1549 2172 1724 2214 resur-

165 2255 330 2323 geudi
374 2270 405 2310 a
450 2264 626 2312 morte
663 2271 815 2326 spem
855 2255 1122 2328 iidemque
1169 2256 1426 2312 tribueret
1457 2271 1471 2307 :
1497 2263 1720 2322 quorum

163 2342 470 2399 distantiam
509 2347 794 2410 seminum,
837 2344 1060 2414 loquens
1106 2343 1173 2400 de
1223 2353 1402 2400 nostra
1456 2354 1726 2398 resurrec-

167 2431 336 2499 tione,
363 2434 646 2503 Apostolus
671 2432 953 2490 manifeste
992 2434 1266 2496 discrerit,
1297 2434 1608 2496 seminatur,
1633 2428 1725 2483 iu-

165 2520 381 2590 quiens,
410 2523 464 2575 in
485 2525 825 2592 corruptione,
849 2530 1020 2591 surget
1046 2524 1100 2576 in
1137 2522 1512 2591 incorruptione
1537 2535 1558 2575 :
1577 2521 1725 2574 senti-

167 2617 328 2662 natur
373 2610 427 2662 in
465 2610 812 2679 ignobilitate,
846 2612 1020 2682 surget
1064 2611 1117 2664 in
1151 2611 1313 2682 gloria
1335 2610 1645 2666 :setninetnr
1669 2607 1725 2662 in

60 2741 72 2766 ,
165 2697 500 2766 inﬁrmitate,
544 2708 716 2768 surget
762 2699 816 2752 in
851 2699 1032 2753 virtute
1054 2713 1074 2752 :
1094 2699 1367 2754 seminatur
1397 2711 1580 2767 corpus
1613 2696 1726 2749 ani-

167 2787 302 2839 ntale
324 2825 341 2850 ,
368 2797 537 2856 surget
575 2799 759 2854 corpus
789 2788 1019 2856 spiritale
1052 2787 1103 2855 (l
1133 2786 1253 2841 Cor.
1289 2802 1382 2854 xv,
1422 2785 1536 2855 η).
1569 2786 1631 2839 Et
1657 2784 1724 2839 de

169 2874 289 2940 ipso
315 2873 560 2941 Domino,
597 2873 706 2927 Etsi
727 2883 954 2928 ntortuus
974 2886 1068 2942 cst,
1095 2875 1282 2947 inquit,
1309 2892 1373 2929 es
1408 2876 1722 2942 inﬁrmitate,

167 2963 261 3016 sed
299 2963 413 3015 ricit
442 2977 504 3017 ea:
541 2964 723 3017 uirtute
762 2963 859 3018 Dei
894 2962 984 3034 (11
1020 2964 1139 3021 Cor.
1167 2980 1282 3031 xut,
1313 2965 1389 3034 ι).
1433 2967 1572 3019 Eoos
1599 2979 1725 3020 vero

170 3049 311 3104 illius
339 3049 469 3107 Scth
498 3053 749 3122 populum
781 3061 807 3090 ⁸
828 3050 1186 3108 Christianum
1212 3052 1500 3124 figuraliter
1540 3055 1722 3121 expri-

171 3141 292 3204 mit,
320 3141 407 3212 qui
557 3110 713 3198 iidetu
741 3156 806 3199 ae
846 3154 1230 3200 sacramentum
1248 3110 1556 3198 vdomiuica
1597 3110 1718 3213 pas-
1748 3110 1793 3172 ϐ

169 3229 340 3283 siouis
365 3243 429 3284 ac
469 3231 871 3287 resurrectionis
898 3234 1134 3302 quotidie
1181 3248 1275 3302 per
1319 3242 1490 3287 totum
1533 3231 1718 3286 orbem

169 3337 240 3375 ex
273 3336 408 3390 aqua
426 3330 483 3376 et
500 3321 698 3391 Spiritu
726 3333 908 3379 sancto
933 3326 1182 3380 nascitur.
1214 3322 1314 3380 iste
1336 3323 1478 3379 enim
1501 3324 1719 3392 gratiam

158 3410 587 3479 regenerationis
616 3427 729 3466 sine
759 3413 940 3480 prima:
967 3398 1294 3484 generationi
1321 3413 1631 3483 praferens,
1666 3413 1718 3466 in

172 3502 438 3554 universis
463 3516 580 3571 qua:
605 3499 634 3539 δ
662 3502 772 3571 agit
793 3503 1049 3557 auxilium
1081 3502 1313 3559 nominis
1343 3504 1548 3563 Domini
1575 3502 1725 3554 invo-

168 3599 298 3643 care
320 3591 598 3645 consuevit
617 3630 636 3656 ,
664 3591 845 3646 dicens
866 3608 884 3648 :
907 3587 1064 3645 Pater
1091 3601 1275 3656 noster,
1303 3593 1389 3660 qui
1412 3605 1464 3644 es
1491 3590 1543 3642 in
1564 3591 1720 3654 caelis,

169 3667 514 3746 sanctiﬁcat"
541 3691 715 3732 nenten
744 3689 883 3732 tuum
911 3678 1204 3750 (ιιηαιωι,
1228 3680 1307 3748 9),
1333 3689 1464 3753 εις..
1487 3678 1722 3748 ejusdem

173 3769 460 3823 dominica:
486 3771 762 3836 orationis,
784 3771 894 3824 sive
914 3770 1132 3825 aliarum
1158 3770 1345 3840 quibus
1364 3773 1549 3840 gratia:
1579 3769 1721 3837 ejus,

172 3860 297 3914 sine
337 3876 440 3930 qua
487 3857 620 3916 nihil
668 3863 920 3930 valemus,
952 3841 1251 3932 supplicare
1286 3863 1554 3926 solemus;
1585 3860 1725 3914 unde

173 3952 339 4003 etiam
368 3961 511 4006 recte
540 3963 637 4006 nos
662 3962 872 4023 prepter
897 3954 1273 4008 conscientiam
1301 3960 1495 4004 nostr-.e
1527 3949 1724 4019 fragili-

175 4042 305 4094 tatis
333 4041 493 4102 Euos.
514 4041 565 4095 id
590 4051 692 4108 est,
720 4038 958 4096 Hominis
983 4043 1237 4096 vocabulo
1257 4040 1723 4110 cognominamur:

175 4141 396 4200 propter
420 4143 549 4186 vero
578 4144 725 4200 spem
756 4131 947 4187 futura
977 4144 1170 4187 nostra:
1193 4132 1601 4186 immortalitatis
1630 4130 1722 4182 filii

175 4221 335 4286 Setia,
363 4219 415 4276 id
438 4231 547 4286 est,
572 4222 1010 4289 Resurrectionis,
1040 4223 1336 4277 existimas.

254 4308 354 4361 llic
381 4319 454 4362 est
482 4311 602 4363 liber
628 4313 959 4380 generationis
995 4313 1176 4376 Adam.
1214 4308 1278 4364 lu
1314 4311 1396 4364 die
1421 4327 1522 4379 qua
1544 4309 1726 4364 creavit

1897 1879 1965 1934 Et
1992 1889 2182 1940 metvit
2211 1891 2413 1945 nomine
2451 1905 2622 1948 rerum
2663 1896 2826 1950 Adoni
2864 1898 2917 1952 in
2963 1897 3048 1953 die
3081 1917 3179 1969 quo
3216 1903 3374 1958 creati

1824 1981 1962 2024 sunt.
1991 1975 2156 2028 Adam
2189 1979 2326 2032 sicut
2362 1991 2413 2034 et
2447 1982 2586 2035 Eous
2633 1980 3006 2052 interpretatur
3046 1986 3234 2054 "omo.
3268 1988 3368 2044 κά

1824 2057 1902 2111 sic
1930 2060 2069 2116 Enos
2093 2078 2282 2121 sonare
2302 2067 2466 2122 fertur
2491 2069 2792 2138 iiomiuetn,
2814 2081 2870 2126 ut
2892 2076 3139 2131 masculis
3160 2085 3361 2135 tantum

1823 2158 2113 2218 congruat:
2142 2155 2308 2211 Adam
2351 2171 2478 2213 vero
2528 2161 2598 2215 ita
2646 2143 2704 2217 ut
2754 2164 2963 2233 utrique
3007 2166 3162 2229 sexui
3201 2169 3374 2236 possit

1825 2239 2024 2304 aptari;
2047 2242 2186 2298 unde
2223 2255 2371 2302 recte
2397 2247 2591 2305 dicitur
2614 2251 2736 2319 quia
2780 2252 2992 2307 vocavit
3027 2255 3244 2311 nomina
3271 2243 3372 2312 eo-
3448 2297 3452 2300 -

1825 2337 1940 2377 rum
1968 2325 2158 2394 Adam,
2187 2330 2238 2384 id
2263 2344 2364 2399 est,
2397 2333 2586 2392 ilomo.
2616 2336 2766 2394 Sicut
2792 2330 2968 2395 autem
2989 2339 3372 2399 homo‘htine

1825 2413 1893 2467 ab
1921 2415 2083 2471 humo
2107 2421 2334 2478 nominis
2362 2427 2737 2497 etymologiam
2759 2427 2940 2495 habet,
2971 2431 3094 2501 quia
3117 2430 3186 2487 de
3205 2428 3371 2489 itumo
3431 2454 3433 2456 ·

1823 2504 1997 2580 carnis
2019 2507 2273 2576 originem
2315 2515 2506 2582 traxit,
2551 2515 2624 2570 ita
2672 2516 2812 2585 apud
2855 2517 3102 2575 iiebraos
3141 2520 3310 2577 Adam
3338 2537 3388 2586 ag

1825 2599 1967 2648 terra
1993 2597 2314 2665 nominatur,
2336 2603 2459 2672 quia
2485 2604 2553 2660 de
2580 2605 2706 2662 limo
2736 2617 2894 2664 teme
2920 2611 3078 2669 homo
3111 2610 3370 2666 formatus

1821 2690 1938 2748 est;
1977 2685 2118 2740 unde
2145 2687 2306 2742 etiam
2346 2690 2515 2745 Adam
2543 2693 2835 2755 Terreuns.
2879 2697 2994 2752 sive
3035 2706 3178 2753 terra
3210 2698 3369 2757 rubra

1822 2782 1996 2842 potest
2022 2775 2372 2846 interpretari.
2415 2781 2583 2836 Porro
2610 2785 2751 2852 apud
2780 2782 2995 2841 Graecos
3023 2787 3182 2843 homo
3207 2789 3366 2844 aliam

1825 2864 1984 2918 habet
2009 2867 2418 2936 etymologiam:
2450 2881 2666 2926 vocatur
2704 2875 2847 2929 enim
2895 2885 3176 2944 antropos,
3208 2877 3275 2931 ab
3300 2893 3365 2932 eo

1821 2951 1959 3021 quod
2005 2967 2236 3023 sperna
2278 2958 2539 3026 speculari
2586 2968 2640 3015 et
2680 2960 2746 3016 ad
2786 2963 3023 3020 cmiestia
3064 2967 3362 3022 contuenda

1823 3041 2016 3099 debeat
2043 3044 2224 3100 oculos
2252 3050 2444 3104 mentis
2478 3051 2740 3108 attollere.
2776 3051 2919 3109 inest
2947 3064 3122 3111 autem
3153 3059 3362 3112 nomini

1826 3135 2019 3201 Adam,
2052 3146 2270 3204 excepta
2303 3139 2740 3208 interpretatione
2782 3155 2882 3212 qua
2913 3129 3176 3199 hominem
3216 3144 3361 3199 desi-

1821 3233 1978 3294 gnat,
2007 3236 2060 3281 et
2083 3227 2224 3281 aliud
2253 3235 2640 3284 sacramentum
2680 3231 2817 3298 quod
2847 3230 3059 3285 silentio
3103 3234 3364 3301 praeteriti

1823 3331 1926 3369 non
1954 3317 2130 3370 debet.
2162 3317 2327 3372 liabet
2354 3321 2496 3373 enim
2527 3321 2730 3374 litteras
2759 3329 2984 3388 quatuor
3009 3323 3051 3375 Α
3070 3362 3088 3386 ,
3118 3331 3174 3375 et
3203 3318 3276 3383 ι).
3307 3332 3366 3376 et

1823 3407 1964 3466 A,et
1995 3407 2064 3470 ii,
2094 3421 2124 3460 a
2155 3408 2346 3474 quibus
2390 3406 2578 3462 litteris
2618 3416 2672 3463 et
2712 3418 2935 3478 quatuor
2979 3409 3125 3465 orbis
3169 3411 3365 3480 plagae.

1821 3508 1938 3546 cum
1966 3493 2148 3548 Graece
2191 3496 2548 3562 nominantur,
2593 3497 2799 3552 initium
2847 3507 3083 3554 sumunt.
3138 3499 3365 3555 Vocatur

1823 3596 2048 3652 namque
2076 3587 2211 3652 apud
2251 3601 2348 3641 eus
2373 3587 2583 3644 anatoie
2627 3589 2807 3644 oriens
2828 3630 2845 3655 ,
2893 3591 3038 3661 dysis
3079 3590 3327 3646 occidens
3347 3632 3364 3655 .

1822 3680 1996 3727 arctos
2025 3675 2314 3742 septentrio
2339 3715 2356 3741 ,
2388 3677 2702 3733 mesembria
2733 3678 3008 3746 meridies;
3043 3679 3367 3750 multumque

1823 3766 2044 3821 decebat
2086 3777 2145 3821 ut
2188 3783 2377 3823 nomen
2411 3768 2724 3839 protoplasti
2754 3785 2940 3825 omnes
2981 3770 3162 3824 mundi
3192 3770 3371 3840 plagas

1827 3856 1938 3927 ipse
1959 3860 2176 3930 mystice
2194 3860 2505 3926 contineret,
2529 3874 2622 3930 per
2641 3862 2792 3930 cujus
2814 3863 3113 3932 progeniem
3139 3862 3366 3915 mundus

1823 3958 1938 4004 erat
1964 3951 2136 4005 omnis
2163 3951 2479 4021 implendus.
2501 3953 2650 4020 Quod
2676 3965 2847 4009 autem
2874 3966 2898 3992 ι
2923 3955 3069 4018 dicit,
3092 3954 3154 4008 Et
3177 3957 3368 4010 vocarit

1823 4041 2028 4093 nomine
2064 4056 2234 4094 eorum
2255 4043 2417 4094 Adam
2439 4083 2455 4107 ,
2489 4041 2508 4080 ί
2538 4052 2593 4097 et
2619 4043 2846 4106 addidit,
2876 4043 2942 4097 In
2967 4046 3048 4097 die
3079 4062 3180 4114 quo
3207 4046 3368 4100 creati

1822 4138 1955 4190 sunt,
1984 4139 2224 4195 patenter
2251 4129 2478 4184 insinuat
2518 4131 2658 4198 quod
2703 4147 2805 4184 uno
2849 4132 3281 4201 eodemquedie.
3311 4134 3362 4189 id

1823 4226 1926 4279 est,
1954 4228 2105 4271 sexto
2135 4219 2314 4273 mundi
2339 4221 2634 4283 nascentis,
2665 4220 2826 4273 Adam
2870 4231 2924 4274 et
2948 4236 3078 4275 uxor
3097 4223 3211 4286 ejus
3240 4223 3370 4279 facti

1822 4319 1980 4374 sunt,
2029 4320 2082 4364 et
2126 4326 2228 4365 non
2260 4326 2391 4367 uxor
2435 4314 2503 4367 de
2551 4312 2713 4367 latere
2741 4313 2855 4383 ejui
2886 4301 3005 4382 post
3037 4324 3245 4366 sextum
3273 4319 3365 4376 aut

181 4397 324 4450 Deus
348 4398 619 4464 hominem,
646 4398 715 4449 ad
735 4396 1109 4451 similitudinem
1143 4396 1236 4452 Dei
1260 4399 1375 4464 fecit
1401 4398 1583 4451 illuni:
1615 4389 1723 4449 inu-
1757 4437 1808 4495 Β
1827 4402 2104 4468 septimum
2127 4401 2264 4456 diem
2290 4408 2524 4457 seorsum
2551 4413 2750 4459 creata.

180 4485 381 4539 sculnnt
404 4493 451 4540 et
473 4487 712 4556 feminam
755 4489 937 4541 creavit
973 4503 1085 4552 eos,
1115 4495 1162 4540 et
1188 4489 1437 4542 benedixit
1479 4487 1602 4541 illis.
1634 4486 1726 4541 llic

181 4585 269 4627 est
297 4575 428 4628 liber
454 4576 637 4644 prima
661 4576 944 4630 creatiouis
964 4578 1209 4642 hominis,
1232 4579 1369 4646 quod
1390 4576 1455 4630 ad
1480 4577 1725 4632 similitu-

179 4668 363 4725 dinem
384 4679 529 4718 susut
556 4665 678 4720 fecit
707 4663 849 4719 illum
878 4667 1045 4731 Deus,
1075 4681 1129 4720 ut
1167 4670 1416 4724 videlicet
1444 4669 1721 4738 participa-

185 4757 332 4810 tiune
360 4755 607 4811 bonitatis
629 4756 745 4825 ejus
766 4767 902 4812 esset
929 4770 1181 4828 perpetuo
1203 4760 1394 4826 buuus,
1417 4759 1722 4816 immortalis

182 4853 244 4898 et
271 4845 422 4911 felix;
454 4846 591 4916 quod
620 4847 910 4900 masculum
937 4859 990 4902 et
1015 4849 1261 4903 feminam
1287 4850 1411 4904 fecit
1432 4866 1554 4914 eos,
1583 4849 1721 4919 quod

183 4928 357 4988 factos
383 4935 544 5004 gratia
571 4951 680 4989 sua:
707 4935 1082 4990 benedictionis
1121 4935 1418 4992 illustravit.
1443 4937 1583 4991 Talis
1612 4947 1726 4990 erat

185 5027 458 5089 generatio
483 5026 648 5080 Adam
677 5040 796 5080 cum
823 5015 988 5080 uxore
1030 5039 1125 5080 sua
1173 5024 1225 5079 in
1266 5027 1352 5081 die
1381 5042 1481 5095 qua
1519 5037 1724 5081 creatus

183 5121 271 5166 est
298 5129 311 5162 :
337 5114 464 5179 Sed,
490 5115 626 5171 heu!
657 5105 790 5186 prob
813 5119 990 5172 dolor!
1019 5130 1039 5154 ο
1071 5118 1358 5187 profanavit
1381 5120 1467 5174 ille
1486 5121 1726 5173 similitu-

183 5206 368 5258 dinem
401 5207 526 5274 Dei,
570 5211 705 5266 hosti
744 5215 908 5283 magis
948 5227 1104 5281 quam
1149 5213 1386 5268 Creatori
1429 5215 1722 5276 credendo,

177 5295 454 5350 contraxit
502 5301 876 5370 primogenittts
924 5305 1038 5373 ejus
1087 5319 1292 5372 panum
1340 5305 1724 5359 maledictiouis

181 5385 481 5450 εηνὶοηω
503 5389 788 5449 invidendo
816 5403 872 5450 et
898 5394 1189 5451 occidendo
1213 5395 1426 5452 fratrem
1449 5437 1464 5459 .
1490 5397 1727 5464 corrupit

253 5529 282 5558 ⁸
308 5522 415 5584 ΑΙ.,
447 5520 863 5582 Christianorum.

251 5589 282 5628 ι’
310 5591 418 5644 ΑΙ..
449 5596 541 5644 ait.

251 5668 279 5698 ο
305 5661 413 5725 ΔΙ..
447 5661 759 5730 ιηοῙαηαὸαι.

1904 4491 2043 4545 Viuit
2066 4503 2229 4545 autem
2249 4493 2408 4548 Adam
2428 4502 2624 4547 centum
2656 4493 2860 4562 triginta
2897 4492 3043 4545 annis
3064 4532 3079 4557 ,
3111 4503 3158 4545 et
3195 4495 3366 4562 genuit
3396 4504 3402 4509 ‘

1823 4580 1892 4631 ad
1919 4580 2294 4634 similitudinem
2320 4590 2366 4634 et
2392 4581 2650 4648 imaginem
2678 4596 2841 4644 suam,
2868 4580 3156 4650 eocdrt'tquc
3178 4585 3357 4637 nomen

1822 4671 1932 4740 ejus
1956 4670 2094 4725 Setlt.
2124 4671 2286 4723 Adam
2315 4669 2520 4737 quidem
2550 4679 2755 4723 creatus
2794 4676 2875 4724 c~t
2899 4670 2960 4724 ad
3002 4667 3280 4741 imaginem
3311 4680 3360 4725 et

1824 4759 2214 4813 similitudinem
2246 4758 2358 4823 Dei,
2382 4760 2499 4827 quia
2527 4759 2839 4814 immortalis
2886 4768 2966 4814 est
3011 4761 3062 4813 iu
3107 4761 3276 4813 anima
3306 4772 3360 4812 et

1823 4861 1980 4902 cat-ue
2015 4845 2271 4902 conditus.
2305 4833 2581 4918 Postquam
2620 4863 2746 4904 vero
2791 4851 3067 4919 imaginem
3097 4851 3147 4903 iu
3176 4865 3234 4903 se
3263 4850 3356 4902 Dei

1824 4951 1885 4990 ac
1913 4933 2303 4990 similitudinem
2334 4938 2598 5003 peccando
2622 4941 2876 5007 corrupit,
2909 4939 3085 5008 genuit
3110 4941 3174 4989 ad
3206 4939 3359 4991 simi—

1825 5025 2093 5079 litudinem
2111 5033 2162 5076 et
2183 5023 2458 5094 imaginem
2483 5042 2628 5080 suam
2655 5027 2835 5087 lilium.
2865 5029 2912 5078 id
2937 5032 3036 5089 est,
3059 5025 3352 5087 mortalem,

1824 5115 2233 5182 corruptibilem,
2265 5117 2480 5170 ratiunis
2509 5131 2773 5183 capacem,
2802 5127 2948 5168 reatu
2978 5129 3086 5168 sine
3110 5113 3355 5181 praevari-

1824 5207 2360 5273 czttiuuisastrictum,
2391 5217 2442 5261 et
2468 5209 2669 5262 nonnisi
2695 5207 2930 5275 ejusdem
2951 5205 3252 5258 Conditoris
3274 5207 3354 5259 sui

1824 5298 1986 5365 gratia
2017 5297 2348 5352 solvendum.
2380 5297 2675 5352 Notandqu
2705 5306 2878 5352 autem
2907 5296 3043 5367 quod
3076 5296 3160 5350 ubi
3187 5297 3354 5349 nostri

1823 5387 2044 5443 Codices
2087 5402 2149 5440 ex
2203 5386 2422 5441 ilehr:eo
2461 5385 2603 5441 fonte
2646 5387 2889 5443 trausfusi
2937 5387 3125 5442 habent
3165 5386 3356 5439 vixisse

1899 5519 1923 5557 ἀ
1951 5520 2055 5580 ΑΙ..
2085 5521 2217 5580 quod
2238 5518 2369 5570 rubis
2398 5531 2625 5586 foratum
2647 5529 2735 5573 est.

1899 5599 1923 5625 ⁸
1948 5589 2052 5649 AL,
2086 5591 2274 5640 (licens.

1900 5655 1918 5694 ί
1947 5658 2031 5712 ΑΙ.
2084 5661 2272 5711 οιιιιιιιι
2296 5667 2340 5708 r‘
