3866 6248
494 373 560 428 79
1015 379 1212 433 RBDA-3
1255 379 1696 435 VENERABILIS
1732 381 2011 436 OPEllUM
2053 377 2230 448 PAﬂS
2254 379 2330 466 ll.
2364 409 2432 422 —
2471 381 2860 439 EXECETICA
2899 382 3218 442 GENUINA.
3631 389 3694 442 8t!

491 489 653 543 Adam
680 498 890 542 centum
923 491 1129 559 triginta
1173 493 1433 557 anttis,'et
1456 495 1709 562 genuisse
1736 495 1868 547 Seth
1887 533 1904 557 ,
1934 509 2026 547 an-
2059 497 2106 551 Α
2131 505 2251 545 cum
2276 489 2543 547 diversum
2570 493 2764 561 aliquid
2807 495 2859 548 in
2893 495 3126 565 utrisque
3152 496 3451 552 Codicibus
3493 499 3690 554 iureni-

491 580 628 646 tiqna
658 580 936 636 translatio
958 582 1132 648 habet,
1156 598 1251 651 pro
1277 595 1489 639 centum
1513 587 1753 654 triginta,
1779 587 2032 640 ducentos

487 667 726 735 triginta;
756 669 840 724 ubi
863 679 1037 725 autem
1065 673 1116 726 in
1139 672 1332 727 nostris
1372 671 1650 729 Codicibus
1677 678 1932 742 sequitur,
1969 676 2032 728 Et

487 760 607 823 tecti
622 771 734 812 sunt
753 762 858 814 dies
875 762 1036 815 Adam
1057 773 1315 831 postquam
1337 766 1508 834 genuit
1521 764 1644 820 Setlt
1658 767 1922 836 octingenti
1940 783 2023 818 an-

489 851 560 912 ni,
586 860 632 902 et
653 852 822 920 genuit
844 852 977 919 ﬁlios
1001 861 1046 906 et
1072 852 1228 920 ﬁlias,
1255 855 1342 908 illa
1372 868 1467 923 pro
1492 855 1808 925 octingentis
1830 858 2030 924 'septino

487 949 673 1003 gentos
713 939 890 993 habet.
933 939 1027 996 Ubi
1059 956 1184 996 vero
1211 942 1262 996 in
1289 944 1629 999 conclusione
1655 945 2027 1016 subjungitur:

489 1025 552 1077 Et
573 1027 763 1097 factum
791 1039 861 1081 est
887 1044 1029 1084 omne
1047 1039 1262 1098 tentpus,
1287 1039 1311 1067 ⁸
1332 1034 1467 1102 quod
1505 1033 1630 1088 sirit
1668 1034 1834 1087 Adetii
1853 1077 1868 1098 ,
1909 1036 2030 1088 anni

487 1121 718 1185 nongenti
747 1118 978 1187 triginta,
1009 1129 1057 1173 et
1081 1131 1305 1176 mortuus
1332 1133 1407 1175 est
1426 1163 1445 1188 ,
1487 1122 1558 1178 ibi
1583 1134 1637 1178 et
1663 1124 1749 1178 illa
1791 1125 2028 1180 eamdem

485 1221 742 1261 summam
785 1211 966 1278 ponit,
1014 1211 1239 1280 talisque
1281 1213 1547 1267 distinctio
1581 1229 1920 1268 numerorum
1975 1216 2026 1269 in

485 1300 724 1354 omnibus
771 1317 934 1371 usque
991 1305 1056 1356 ad
1107 1304 1360 1357 diluvium
1417 1305 1845 1374 generationibus
1894 1305 2032 1361 inter

486 1399 756 1459 utramque
783 1392 1066 1447 editionem
1094 1404 1356 1456 servatur,
1385 1403 1443 1448 ut
1468 1406 1596 1450 ante
1631 1406 1810 1450 natum
1863 1397 2026 1452 lilium

481 1477 699 1551 quisque
725 1484 776 1535 in
807 1482 943 1537 LXX
997 1484 1372 1552 interpretibus
1410 1493 1620 1541 centum
1661 1500 1828 1541 annos
1875 1489 2024 1556 plus,
2083 1542 2085 1544 .

484 1581 537 1624 et
565 1583 685 1640 post
711 1581 887 1625 natum
914 1581 1124 1627 centum
1157 1574 1331 1627 minus
1375 1589 1532 1642 qnam
1565 1575 1616 1628 in
1649 1575 1904 1631 llebraica
1937 1591 2025 1632 ve-

482 1660 638 1726 ritate
689 1675 854 1715 annos
903 1661 1148 1717 habuisse
1197 1665 1418 1732 legatur.
1469 1667 1537 1720 At
1587 1665 1638 1720 in
1681 1666 2026 1722 conclusione

481 1758 698 1820 utraque
724 1751 886 1804 editio
925 1753 1177 1820 mqualetn
1223 1769 1500 1808 numerum
1550 1757 1726 1824 ponit;
1759 1754 2023 1823 praster’in

2135 591 2241 644 tur,
2265 583 2686 651 quandoquidem
2717 583 2782 638 ad
2806 585 2960 640 iidem
2985 601 3159 642 rerum
3179 599 3456 657 gestarum
3484 603 3697 645 utrum-

2129 686 2232 737 qne
2265 685 2383 726 esse
2415 687 2518 726 non
2547 682 2742 742 potest,
2769 689 2949 727 verum
2978 678 3026 730 ei
3057 676 3248 745 lingua:
3278 680 3464 746 potius
3501 683 3691 733 ereda—

2132 771 2232 823 tur,
2267 762 2403 815 unde
2425 771 2506 816 est
2529 762 2578 816 in
2609 763 2763 817 aliam
2795 777 2887 831 per
2909 765 3226 832 interpretes
3265 770 3405 822 tacta
3451 770 3688 823 transla-

2132 853 2203 903 tio
2224 848 2273 906 δ.
2314 871 2330 902 ι
2364 851 2539 920 Itaque
2558 851 2704 922 juxta
2735 853 3042 908 llebrsieam
3061 857 3336 911 veritatem
3357 857 3499 912 vixit
3519 861 3688 913 Adam

2128 949 2336 994 centum
2368 938 2579 1009 triginta
2622 943 2815 1005 annis,
2861 950 2916 997 et
2955 944 3138 1011 genuit
3181 944 3334 1000 Setb.
3370 945 3519 1000 Vixit
3564 948 3692 1001 Setlt

2128 1037 2338 1083 centum
2362 1030 2595 1099 quinque
2622 1028 2639 1067 ί
2672 1045 2858 1095 annos,
2889 1043 2943 1086 et
2961 1034 3144 1101 genuit
3173 1034 3337 1089 Enos.
3368 1034 3528 1089 Vixit
3551 1035 3694 1091 Estis

2131 1119 2414 1188 nonaginta
2461 1117 2633 1183 annis,
2680 1128 2734 1173 et
2773 1121 2955 1188 genuit
2989 1120 3005 1169 l
3043 1120 3287 1196 εὐειδῆ..
3311 1122 3467 1177 Vixit
3495 1124 3694 1178 Cainan

2127 1209 2387 1275 oetogints
2416 1209 2592 1272 annis,
2613 1216 2668 1262 et
2693 1207 2875 1276 genuit
2903 1209 3200 1265 lalalebel.
3233 1210 3370 1266 Vixit
3407 1212 3696 1268 Ialalehd

2127 1297 2392 1367 sexaginta
2414 1299 2645 1366 quinque
2667 1298 2843 1362 annis,
2869 1309 2922 1353 et
2942 1303 3124 1369 genuit
3151 1301 3334 1358 Jared.
3363 1302 3515 1356 Vixit
3539 1302 3696 1360 Jared

2125 1398 2333 1444 centum
2375 1390 2648 1458 sexaginta
2696 1389 2906 1444 duobus
2948 1393 3102 1445 annis
3147 1403 3202 1446 et
3245 1392 3434 1462 genuit
3492 1394 3693 1448 Enocb.

2129 1480 2291 1533 Porro
2321 1474 2500 1533 Enocb
2533 1479 2660 1532 vixit
2685 1480 2962 1548 sexaginta
2991 1477 3018 1516 ι
3040 1480 3273 1551 quinque
3299 1483 3491 1548 anuis,
3517 1493 3576 1539 et
3599 1500 3692 1554 ge-

2127 1569 2240 1622 nuit
2281 1566 2296 1606 ι
2341 1569 2711 1637 Mathusalatn,
2746 1579 2802 1624 et
2838 1570 3130 1624 ambulavit
3157 1580 3194 1607 I'
3221 1587 3345 1626 eum
3376 1573 3517 1629 Deo.
3549 1575 3693 1630 Ρυαο

2125 1673 2279 1727 quam
2309 1660 2492 1727 genuit
2518 1659 2865 1712 Matltusalam
2905 1661 3037 1714 vixit
3085 1664 3340 1718 trecentis
3386 1667 3592 1730 annis.
3645 1678 3693 1722 et

2126 1749 2306 1817 genuit
2331 1750 2464 1802 ﬁlios
2491 1761 2545 1802 et
2573 1749 2725 1803 tilias.
2754 1749 3038 1804 Antbulavit
3066 1767 3182 1806 cunt
3215 1751 3322 1807 Deo
3345 1754 3559 1809 dictum
3590 1768 3689 1810 est.

481 1849 626 1893 sexta
652 1840 979 1895 solummodo
1004 1843 1380 1910 generatione;
1413 1845 1498 1898 ubi
1533 1820 1583 1898 in
1607 1820 1842 1913 utrisque
1869 1847 2024 1900 Codi-
2058 1820 2102 1880 Β
2130 1838 2219 1891 Dei
2246 1837 2298 1930 ili
2326 1838 2568 1892 οωιιῖὺω
2597 1839 2918 1892 "immitem
2949 1851 3004 1893 ει
3038 1853 3300 1910 ρηιιωριι
3329 1855 3560 1930 mullus
3587 1859 3687 1908 est.

478 1929 625 1982 cibus
649 1929 794 1983 Jaret
816 1943 1070 1985 annorum
1095 1942 1305 1987 centum
1351 1936 1624 2003 sexaginta
1662 1936 1882 1990 duorum
1929 1954 2023 2001 ge-

480 2019 656 2072 nuisse
685 2019 885 2084 Enocb,
911 2031 964 2075 et
991 2030 1110 2089 post
1133 2022 1250 2091 ejus
1278 2032 1450 2076 ortum
1483 2024 1815 2094 octingentos
1855 2043 2024 2082 annos

481 2106 677 2162 vixisse
723 2108 1098 2177 reperiturzet
1126 2110 1178 2164 in
1217 2125 1352 2166 nona
1376 2152 1390 2175 ,
1424 2116 1475 2166 in
1513 2128 1616 2182 qua
1655 2128 1790 2168 novo
1831 2129 2024 2184 genere

480 2197 740 2252 distantia:
776 2202 1060 2254 secundum
1110 2201 1416 2256 Hebraicam
1461 2205 1738 2260 veritatem
1788 2205 2020 2260 Lameeh

481 2287 722 2351 genuisse
751 2287 859 2342 Noe
881 2303 999 2343 cum
1027 2300 1167 2345 esset
1191 2305 1448 2345 annorum
1487 2303 1697 2346 centum
1725 2295 2019 2362 octoginta,

479 2382 533 2425 et
561 2389 624 2428 eo
666 2385 788 2429 nato
816 2378 1170 2445 supervixisse
1196 2379 1349 2432 annis
1392 2380 1694 2448 quingentis
1737 2384 2021 2452 nonaginta

479 2463 703 2531 quinque
732 2465 1008 2532 reperitur.
1041 2465 1204 2520 Porro
1231 2467 1284 2521 in
1321 2467 1665 2538 Septuaginta
1710 2469 2019 2540 interpreti-

481 2555 576 2605 bns
602 2563 725 2607 ante
754 2565 928 2607 natum
959 2555 1068 2610 Noe
1097 2557 1432 2609 inveniuntur
1477 2558 1597 2611 anni
1626 2569 1837 2614 centum
1868 2571 2020 2616 octo-

477 2644 619 2712 ginta
664 2653 817 2706 octo,
869 2654 986 2712 post
1033 2655 1208 2697 natum
1257 2659 1380 2698 vero
1425 2646 1698 2714 quingenti
1751 2648 2021 2717 sexaginta

477 2736 740 2801 quinque;
769 2737 948 2803 sicque
993 2735 1049 2786 lit
1081 2744 1138 2788 ut
1169 2733 1192 2769 ι’
1230 2734 1412 2802 viginti
1463 2747 1689 2804 quatuor
1726 2740 1880 2792 annis
1909 2739 2025 2806 plus

478 2821 671 2876 vixisse
717 2822 935 2875 Lamecb
984 2823 1034 2876 in
1089 2821 1322 2876 Hebraeis
1365 2839 1522 2890 quam
1580 2825 1632 2877 in
1684 2824 2021 2896 Septuaginta

481 2908 873 2964 Translatornm
912 2911 1190 2966 (Iudicibus
1237 2914 1576 2969 inveniatur:
1612 2931 1714 2984 qua
1755 2917 2020 2987 interpre-

478 3010 588 3054 tum
617 2999 918 3055 diversitate
947 3002 1167 3055 ellicitur
1199 3011 1254 3055 ut
1284 3012 1490 3070 tempus
1520 3006 1640 3060 vitm
1673 3006 2020 3062 Hatbusalem

477 3090 866 3156 quatuordccitn
895 3078 1046 3144 annis
1077 3093 1212 3146 ultra
1241 3091 1497 3147 diluvium
1527 3095 1764 3149 videatur
1783 3097 2018 3161 extendi,

478 3193 639 3251 utque
658 3181 779 3236 anni
807 3193 927 3236 ante
952 3184 1204 3236 diluvium
1232 3181 1378 3250 juxta
1409 3183 1662 3237 llebraos
1690 3182 1837 3238 mille
1864 3185 2020 3254 quin-

477 3271 618 3340 genti
646 3283 853 3325 centum
884 3270 1261 3340 quinquaginta
1307 3285 1435 3340 sex;
1481 3270 1631 3340 iusta
1677 3273 2024 3345 Septuaginta

478 3373 653 3418 autem
698 3362 1046 3430 Interpretes,
1100 3377 1232 3431 quos
1279 3362 1666 3431 chronograpbi
1715 3374 2025 3432 sequuntur,

481 3458 586 3508 duo
633 3456 787 3510 millia
837 3453 1045 3509 ducenti
1095 3453 1437 3523 quadraginta
1495 3453 1600 3508 duo
1651 3455 2022 3522 reperiantur:

481 3547 718 3612 quamvis
750 3543 1085 3598 doctissimus
1132 3544 1454 3610 Augustinus
1483 3553 1508 3582 ⁸
1544 3545 1853 3611 proﬁteatur
1888 3548 2026 3614 quod

483 3632 642 3685 etiam
691 3631 744 3684 in
790 3629 1131 3698 Septuaginta
1189 3631 1529 3685 translatione
1579 3631 1922 3687 lathusalem
1974 3634 2026 3688 in

2121 1927 2229 1981 Deo
2256 1927 2307 1981 iit
2336 1942 2395 1982 se
2423 1939 2808 1992 commorante,
2831 1937 2884 1981 e't
2909 1945 3003 1983 cor
3030 1932 3145 1998 ejus
3173 1927 3500 2000 possidente
3525 1948 3592 1989 ac
3611 1952 3692 1990 re-

2119 2025 2297 2084 gente,
2317 2017 2449 2071 bona
2467 2016 2595 2071 foris
2614 2032 2774 2085 opera
2787 2020 3040 2082 exercuit,
3054 2019 3204 2088 juxta
3229 2022 3357 2076 illud
3378 2023 3684 2094 propbeur.

2121 2104 2362 2159 Indicabo
2381 2107 2490 2174 tibi,
2521 2124 2551 2160 ο
2580 2108 2749 2172 homo,
2780 2108 2902 2174 quid
2923 2109 2989 2161 sit
3017 2110 3202 2162 bonum
3227 2150 3245 2175 ,
3278 2121 3326 2165 et
3353 2114 3488 2181 quid
3519 2115 3668 2167 (femi

2120 2213 2214 2249 nus
2238 2206 2430 2262 queret
2472 2213 2502 2248 tt
2547 2207 2636 2250 te:
2661 2199 2828 2265 utique
2874 2201 3040 2265 facere
3071 2200 3331 2269 judicium
3379 2213 3429 2255 et
3478 2203 3690 2274 diligere

2121 2284 2529 2346 misericordiam,
2571 2294 2617 2336 et
2657 2285 2930 2337 sollicitum
2972 2286 3232 2339 ambulare
3271 2303 3389 2340 eum
3438 2287 3560 2342 Des
3605 2303 3688 2342 tu

2123 2373 2311 2442 (Nicia.
2341 2389 2411 2437 vt,
2440 2373 2517 2441 8).
2543 2374 2606 2436 Et
2635 2374 2771 2428 sicut
2805 2364 3086 2429 Zacharias
3113 2376 3188 2430 ait
3214 2394 3226 2428 :
3258 2375 3586 2445 Conferte-bo
3611 2396 3690 2432 tes

2122 2461 2173 2513 in
2203 2460 2439 2523 Domino,
2469 2474 2516 2515 et
2543 2461 2596 2514 in
2627 2463 2826 2515 nomine
2852 2464 2961 2529 ejus
2982 2461 3331 2528 ambulabunt,
3357 2465 3489 2519 dicit
3520 2466 3692 2520 Desti-

2122 2567 2214 2602 nus
2235 2550 2413 2620 (lactt.
2448 2567 2499 2615 x,
2529 2550 2636 2619 l2).
2660 2551 2771 2605 Non
2794 2561 2971 2606 autem
2996 2554 3063 2606 ita
3085 2552 3286 2607 dictum
3311 2564 3396 2608 est
3420 2553 3555 2624 quia
3577 2567 3692 2624 post

2123 2653 2305 2693 natum
2333 2640 2678 2694 Iatbusalatn
2706 2642 3065 2695 ambulaverit
3087 2642 3266 2697 Enoclt
3297 2657 3417 2696 cunt
3446 2643 3570 2698 Deo
3593 2654 3692 2698 tre-

2123 2731 2290 2784 centis
2319 2730 2504 2795 annis,
2532 2731 2683 2800 quasi
2716 2745 2822 2784 non
2848 2731 3011 2785 etiam
3042 2742 3166 2785 ante
3199 2732 3546 2788 nativitatem
3579 2732 3690 2803 ejtu

2120 2823 2312 2878 divinis
2345 2823 2786 2892 obtemperaverit
2821 2822 3028 2892 .jussis;
3076 2825 3171 2878 sed
3217 2823 3316 2877 bac
3358 2823 3548 2893 potin
3575 2839 3693 2879 sen-

2125 2918 2284 2969 tentia
2312 2916 2627 2985 simpliciter
2657 2915 2938 2978 iudicatur,
2977 2913 3100 2981 quia
3131 2928 3237 2966 non
3267 2912 3504 2981 amplius
3530 2928 3689 2984 quam

2123 3003 2373 3057 trecentis
2404 3004 2558 3056 annis
2604 3010 2721 3070 post
2766 3011 2941 3056 ortum
2972 2996 3319 3052 Hatbusalam
3350 2999 3404 3052 in
3435 2997 3548 3054 hac
3591 3001 3690 3052 vita

2125 3092 2232 3147 Deo
2261 3092 2413 3148 bonis
2440 3092 2642 3145 actibus
2671 3090 2934 3144 servierit.
2960 3087 3154 3142 Verum
3183 3089 3264 3140 bis
3292 3089 3592 3154 completis
3619 3092 3683 3146 ad

2127 3185 2343 3238 ulterius
2370 3182 2488 3237 vitae
2526 3183 2712 3250 gaudia
2753 3183 3002 3234 ducatum
3028 3175 3143 3248 ejus
3175 3189 3389 3236 secutus
3412 3188 3438 3216 '
3469 3182 3570 3236 sit.
3598 3181 3689 3237 εε-

2121 3275 2296 3345 quitur
2319 3272 2460 3328 enim
2488 3289 2501 3325 :

2195 3364 2258 3417 Et
2286 3364 2406 3431 [acti
2439 3371 2556 3416 sunt
2593 3377 2766 3416 omnes
2803 3361 2910 3414 dies
2947 3357 3123 3413 Euoclt
3165 3361 3376 3414 trecenti
3416 3363 3689 3432 stagnata

2122 3454 2337 3521 quinque
2354 3453 2496 3515 enni,
2527 3451 2889 3516 nuntiavitque
2909 3465 3022 3500 cum
3052 3446 3161 3501 Deo
3180 3489 3195 3513 ,
3222 3459 3270 3501 et
3294 3464 3394 3501 non
3415 3451 3687 3516 apponit,

2123 3542 2240 3608 quia
2264 3540 2378 3592 tu'it
2399 3555 2512 3592 eunt
2533 3537 2686 3592 Deus.
2714 3537 3068 3590 Pulcherrime
3095 3549 3275 3590 autem
3304 3537 3528 3598 dicitur.
3561 3540 3685 3608 quia

2124 3631 2213 3700 qui
2241 3629 2528 3684 ambulavit
2556 3629 2610 3681 in
2643 3628 2738 3680 bac
2767 3626 2868 3679 vita
2895 3625 3038 3694 prius
3065 3641 3187 3680 eum
3219 3625 3350 3693 Deo,
3376 3626 3684 3685 obedieudo

485 3721 760 3777 Codicibus
786 3719 1132 3789 paucioribus,
1160 3719 1252 3774 sed
1278 3721 1665 3784 veracioribus,
1703 3735 1796 3776 sex
1821 3721 1845 3758 ἀ
1880 3723 2031 3775 annis
2128 3719 2402 3786 praceptis
2422 3718 2556 3787 ejus,
2579 3716 2865 3770 ambulavit
2886 3717 3223 3785 postmodum
3247 3732 3370 3772 cum
3391 3718 3488 3773 illo
3515 3729 3691 3782 trans-

486 3823 607 3866 ante
630 3812 878 3865 diluvium
908 3809 1195 3877 reperiatur
1243 3809 1406 3864 fuisse
1450 3810 1729 3865 delum-tus
1755 3825 1768 3862 :
1791 3810 1879 3878 qui
1909 3825 2028 3864 cunt
2128 3809 2298 3862 eundo
2328 3809 2394 3861 de
2423 3810 2519 3861 bac
2545 3809 2649 3861 vita
2679 3810 2729 3861 in
2759 3809 2938 3865 aliam.
2967 3806 3056 3859 ubi
3086 3807 3140 3860 in
3168 3809 3401 3862 maxima
3427 3810 3615 3865 carnis
3638 3823 3691 3866 et

488 3901 868 3957 studiosissime
894 3915 1103 3952 causam
1132 3899 1471 3954 dissonantia:
1502 3900 1733 3968 praelata:
1775 3901 2031 3967 interpre-
2127 3899 2349 3967 Spiritus
2387 3899 2560 3967 quiete
2608 3912 2670 3950 ac
2718 3894 2964 3949 lelicitate
2992 3892 3229 3948 siveret:
3262 3904 3288 3931 ο
3316 3911 3475 3962 quem
3516 3909 3692 3953 tanta

488 3996 741 4047 tationum
773 3991 1054 4058 inquireret
1078 4031 1092 4054 ,
1128 4005 1223 4046 nec
1253 3991 1413 4045 vellet
1459 3990 1803 4060 Septuaginta
1829 3991 2028 4047 Trans-
2133 3988 2262 4041 ﬁdes
2289 3986 2535 4041 Ecclesia:
2565 3984 2875 4038 universalis
2898 3981 3058 4036 habet
3079 3990 3205 4036 ante
3233 3982 3378 4036 diem
3399 3982 3619 4051 iudicii,
3643 3987 3689 4038 id

488 4080 710 4134 istorum
742 4078 858 4132 lidei
885 4078 1159 4147 derogare,
1187 4094 1320 4148 quos
1347 4092 1397 4135 et
1421 4080 1646 4149 apostoli
1682 4093 1837 4150 atque
1865 4097 2035 4138 etan-
2131 4089 2234 4145 est,
2266 4078 2571 4132 imminente
2599 4076 2826 4129 adventu
2853 4072 3159 4129 Antichristi
3180 4113 3198 4141 ,
3243 4075 3548 4132 rediturum
3575 4090 3693 4130 eum

492 4169 688 4239 gelistc
733 4169 996 4238 plerisque
1028 4170 1077 4220 in
1117 4168 1245 4222 locis
1286 4171 1574 4238 probantur
1600 4187 1720 4226 esse
1757 4175 1953 4238 secuti;
1982 4184 2033 4228 et
2134 4168 2245 4223 Elia
2276 4167 2344 4221 ad
2374 4165 2775 4220 conversionem
2805 4165 2961 4231 hujus
2989 4164 3193 4231 seculi,
3218 4174 3484 4250 quatenus
3504 4177 3694 4221 aucto-

482 4257 603 4328 ipse
628 4269 648 4294 ο
678 4256 1040 4311 transferendo
1056 4257 1355 4326 Scriptura:
1378 4261 1686 4328 prophetico
1705 4261 1873 4330 magis
1894 4262 2034 4316 dono
2133 4260 2288 4312 ritate
2334 4272 2394 4310 ac
2440 4251 2679 4312 doctrina
2722 4264 2986 4325 tantorum
3016 4255 3254 4311 virorum
3297 4257 3621 4316 erudiatur
3643 4268 3698 4311 et

495 4365 644 4417 quam
676 4347 848 4401 cilicio
878 4347 1254 4416 interpretandi
1309 4363 1432 4402 usos
1482 4364 1602 4404 esse
1643 4350 1932 4413 ctedebat;
1965 4352 2033 4402 ita
2134 4351 2508 4403 continuentur
2528 4346 2684 4400 corda
2717 4347 2986 4400 hominum
3017 4347 3084 4400 ad
3128 4347 3462 4402 tolerandam
3511 4358 3574 4403 et
3609 4364 3694 4403 su—

492 4437 747 4492 conclusit
771 4447 827 4490 ut
870 4437 1072 4490 diceret
1098 4453 1110 4488 :
1145 4454 1164 4487 ι
1201 4437 1519 4492 Credibilius
1548 4454 1674 4508 ergo
1695 4441 1813 4508 quis
1843 4442 2034 4494 dixerit
2065 4475 2113 4533 ο
2142 4440 2420 4508 perandam
2453 4439 2868 4507 persecutionem
2890 4438 3134 4506 ejusdem
3160 4439 3257 4533 lilii
3280 4449 3309 4489 ιι
3337 4438 3694 4533 ;

494 4546 612 4584 cum
644 4530 810 4598 primo
838 4529 905 4582 de
931 4528 1244 4583 bibliotheca
1293 4526 1311 4567 ί
1359 4530 1626 4585 Ptolommi
1677 4533 1904 4586 describi
1949 4532 2032 4587 isti
2065 4519 2109 4533 ⁷
2142 4545 2196 4588 et
2220 4543 2345 4587 tunc
2370 4547 2482 4594 eos,
2512 4539 2876 4583 consummato
2895 4542 2994 4581 suo
3021 4527 3302 4598 martyrio,
3324 4528 3392 4583 ad
3416 4519 3696 4587 inantus-t5-

496 4631 800 4689 cmperunt;
834 4630 955 4674 tunc
977 4629 1000 4667 ι
1027 4620 1165 4674 aliud
1196 4621 1298 4675 tale
1327 4620 1440 4675 ﬁeri
1468 4621 1702 4690 potuisse
1750 4624 1800 4677 in
1845 4624 2036 4679 Codice
2143 4626 2203 4678 lis
2232 4625 2349 4676 vitze
2379 4620 2565 4690 gaudia
2593 4631 2969 4683 consensuros,
2991 4616 3144 4685 juxta
3168 4617 3311 4686 quod
3345 4628 3374 4669 tt
3399 4620 3452 4675 in
3482 4621 3699 4690 Apoca-

500 4725 624 4771 uno,
647 4696 751 4761 sed.
771 4707 1006 4773 primitus
1047 4709 1167 4762 inde
1211 4709 1493 4777 descripto,
1544 4710 1680 4764 unde
1717 4709 1824 4779 jam
1884 4712 2036 4764 latius
2146 4712 2277 4782 ηυδε
2304 4711 2557 4764 Dominus
2580 4707 2767 4760 Joanni
2792 4723 2805 4758 :
2834 4704 2898 4758 Et
2927 4707 3076 4770 dese,
3107 4706 3296 4776 inquit,
3328 4708 3533 4762 duobus
3553 4725 3699 4764 Iut-

499 4808 788 4863 emanaret,
814 4797 899 4848 ubi
925 4800 1089 4863 potuit
1117 4799 1324 4865 quidem
1356 4803 1592 4857 accidere
1621 4803 1783 4858 etiam
1811 4804 2034 4871 scriptu-
2139 4804 2330 4870 tyribus
2358 4801 2500 4860 meis,
2532 4797 2582 4850 id
2611 4805 2714 4860 est,
2747 4797 2967 4849 testibus
2986 4835 3001 4857 ,
3023 4806 3072 4848 et
3112 4795 3490 4864 propitth
3519 4799 3696 4854 diebus

499 4890 574 4942 ris
599 4902 768 4941 errnr.
799 4887 903 4940 Sed
932 4888 1028 4939 hoc
1051 4891 1099 4940 in
1131 4888 1216 4940 illa
1245 4893 1534 4955 quastione
1551 4894 1622 4958 de
1646 4891 1743 4946 vita
1772 4893 2030 4947 Mathusa-

503 4979 603 5033 leut
635 4990 734 5030 non
758 4975 1039 5028 absurdum
1061 4986 1142 5030 est
1163 4979 1438 5044 suspicari.
1467 4998 1484 5030 ι
1515 4981 1579 5033 Et
1603 4992 1717 5046 post
1740 4982 1995 5048 aliquanta
2021 4999 2033 5031 :

2140 4894 2274 4946 inille
2302 4890 2525 4941 ducentis
2551 4888 2807 4955 sexaginta
2833 4886 3002 4937 amicti
3026 4889 3185 4938 sacris
3212 4889 3400 4954 (Αροε,
3429 4903 3505 4954 ιι,
3540 4887 3626 4957 3’.
3650 4889 3696 4941 ιδ

2139 4978 2239 5045 est,
2272 4981 2437 5032 tribus
2466 4977 2624 5030 sentis
2653 4977 2802 5029 annis
2833 4976 2882 5028 iu
2920 4989 3108 5042 magna
3128 4977 3457 5030 continentia
3483 4987 3547 5031 et
3571 4994 3697 5048 agn.

504 5087 524 5117 e
564 5069 724 5123 Recte
755 5065 904 5128 ﬁeri,
944 5067 1140 5133 inquit,
1185 5069 1329 5120 nullo
1372 5071 1527 5121 modo
1567 5071 1944 5133 dubitaverint,
1981 5082 2036 5123 ut
2143 5073 2224 5123 nia
2271 5079 2661 5121 cettVersatttes.
2692 5064 2754 5118 Et
2796 5064 2952 5133 paulo
3003 5072 3160 5132 post:
3196 5061 3264 5116 Et
3310 5081 3426 5117 cum
3467 5064 3700 5132 ριἰσὶιι

566 5190 589 5213 ³
624 5180 729 5241 AL,
756 5193 873 5245 quo.

571 5249 593 5283 "
630 5251 686 5300 AI
720 5290 733 5309 ,
767 5247 970 5313 triginta
998 5255 1232 5313 quatuor.

572 5329 590 5353 ε
628 5317 737 5367 Lib.
764 5318 778 5367 I
808 5319 1002 5381 Quasi.
1033 5321 1083 5370 iu
1107 5316 1260 5376 Gem,
1291 5329 1473 5384 quasi.
1499 5320 1551 5371 ι’.

570 5384 593 5418 ’³
628 5387 730 5440 ΑΙ..
763 5400 941 5437 atinas.

570 5461 592 5486 ε
627 5454 732 5505 ΑΙ..
763 5455 811 5501 in
843 5457 1208 5516 treiufcreude.

575 5521 588 5554 ί
629 5524 733 5578 ΑΙ..
767 5519 1059 5574 Tltolonnri.

569 5598 591 5630 it
628 5591 727 5641 AL.
764 5590 970 5652 aliquid.

569 5661 589 5691 ‘=
627 5661 696 5708 lie
718 5655 934 5708 Ctt'ttztte
962 5658 1069 5722 Det,
1106 5660 1194 5710 lib.
1226 5676 1307 5724 μ’,
1335 5675 1449 5727 Cap.
1491 5661 1570 5713 I3.

578 5733 592 5761 ³
628 5731 733 5782 AL,
764 5727 930 5780 annis.

2214 5183 2226 5230 i
2269 5180 2374 5239 AL,
2408 5177 2585 5231 Caian.

2210 5250 2232 5287 ι
2264 5252 2369 5313 AL,
2400 5264 2501 5300 sat.

2216 5321 2229 5355 ι
2265 5322 2367 5381 AL,
2404 5315 2757 5369 Mathusalt'nt.

2211 5399 2248 5425 ³
2281 5390 2359 5439 AL
2389 5389 2510 5439 add.
2546 5383 2740 5436 Euoclt.

2211 5467 2235 5492 ¹¹
2270 5459 2374 5516 AL,
2400 5469 2491 5508 est.

2215 5541 2238 5560 ν
2273 5530 2376 5587 AL,
2407 5540 2549 5592 quem
2580 5531 2715 5572 tunc.

2217 5606 2238 5640 ι’
2272 5596 2349 5644 Al.
2364 5637 2377 5654 ,
2409 5610 2482 5658 per
2497 5592 2779 5644 "canonis.

2215 5673 2241 5711 tt
2277 5667 2380 5725 AL,
2417 5680 2461 5712 ἠ
2485 5665 2648 5728 εὶμοεα
2673 5661 2841 5725 ypsin.
