3866 6248
145 393 206 452 ςι
1359 391 1823 452 nexmueuou
1861 375 1989 449 ue.
2027 391 2071 449 tt
3277 387 3346 443 es

144 510 481 565 testimonium
521 524 689 574 suum,
737 508 893 563 testia
936 522 1048 576 quis
1098 506 1320 562 escendit
1364 509 1438 563 ds
1479 509 1686 578 abysso,
1719 517 1768 575 Α
1795 503 2003 598 νίι-ῳιίι
2029 511 2170 598 esset
2197 502 2422 598 futurus,
2447 503 2692 598 quodque
2721 503 2988 598 indiehns
3016 502 3129 572 ejus
3155 507 3340 573 Implo-

147 607 299 673 Iaciet
322 604 585 659 adversum
616 601 734 656 illos
762 600 975 667 bellum,
1005 604 1052 654 et
1089 600 1249 654 vincet
1275 616 1388 667 eos,
1420 609 1465 654 et
1505 599 1694 655 occidet

147 695 268 749 illos
293 693 476 763 (lbid.,
505 693 582 761 7).

222 784 459 838 Diximus
483 790 659 838 autem
703 781 1120 851 prmoccupando
1165 793 1350 846 supra,
1395 781 1516 849 quia
1561 781 1734 836 sicut'

146 873 380 930 Lamech
405 874 460 929 in
486 873 707 940 septima
733 870 802 924 ab
821 870 986 925 Adam
1007 870 1343 939 generatione
1371 871 1688 925 maledictus

147 964 423 1021 interitum
450 962 694 1032 designat
719 963 1092 1028 reprobornm,
1119 975 1275 1029 quem
1309 961 1360 1014 in
1393 961 1571 1015 futuro
1598 976 1698 1016 82-

145 1054 293 1118 culo.
323 1052 411 1108 ubi
437 1053 671 1121 requiem
694 1064 912 1119 sperare
936 1049 1557 1116 debuerant,‘inveniunt
1585 1068 1596 1102 :
1625 1050 1694 1103 ita

145 1143 332 1200 Enocb
359 1143 410 1196 in
439 1141 662 1210 septima
699 1139 1044 1210 generatione
1075 1138 1364 1193 translatus
1405 1137 1473 1192 de
1502 1138 1700 1192 mundo

145 1248 329 1288 veram
370 1233 695 1289 demonstret
740 1232 978 1300 requiem
1027 1232 1313 1286 electorum
1336 1273 1352 1298 ,
1387 1245 1543 1301 quam
1580 1241 1700 1298 post

147 1325 310 1394 hujus
336 1324 456 1380 vita:
481 1323 706 1387 labores,
733 1322 822 1389 qui
844 1336 937 1376 sex
973 1323 1217 1376 ztatihus
1245 1330 1519 1376 transeunt
1541 1361 1558 1386 ,
1587 1320 1700 1375 sine

147 1416 258 1470 ﬁne
282 1415 590 1484 percipiunt.
619 1412 768 1469 Unde
791 1422 934 1468 recte
961 1410 1188 1466 Lamech
1212 1420 1266 1467 et
1289 1426 1482 1466 uxores
1507 1410 1700 1480 legitur

144 1504 418 1571 accepisse
435 1503 564 1559 duas
585 1511 766 1558 contra
789 1502 1060 1556 decretum
1087 1500 1204 1568 ejus
1221 1501 1310 1570 qui
1336 1500 1471 1555 dixit
1499 1519 1510 1553 :
1539 1499 1702 1556 Erunt

145 1595 255 1648 duo
281 1597 332 1648 in
356 1611 506 1650 cerne
528 1583 654 1658 una,
683 1600 736 1647 et
761 1593 962 1662 prolem
989 1605 1054 1645 ex
1103 1592 1185 1645 his
1223 1592 1472 1659 genuisse
1520 1591 1700 1644 mundi

144 1687 356 1741 actibus
382 1697 538 1756 atque
559 1684 819 1740 illecebris
845 1683 1094 1747 deditam,
1115 1698 1178 1737 ac
1205 1683 1281 1737 sic
1305 1689 1511 1755 patrato
1531 1681 1702 1736 homi-

145 1774 293 1828 cidio
317 1775 511 1845 proprii
541 1773 650 1828 oris
692 1771 1005 1827 maledictus
1043 1785 1164 1826 esse
1211 1770 1501 1825 sententia.
1538 1770 1702 1823 Porro

147 1864 338 1920 Euoch
381 1863 679 1919 ambulasse
726 1877 846 1918 cum
889 1861 996 1917 Deo
1035 1861 1358 1930 perhibetur.
1385 1869 1411 1900 ι
1435 1860 1564 1926 Qua
1592 1859 1703 1912 laus

149 1950 383 2006 hominis
412 1950 582 2018 major
607 1963 726 2005 esse
752 1948 980 2018 poterit?
1015 1947 1153 2002 nulla
1171 1988 1188 2016 ,
1217 1945 1244 1984 δ
1269 1963 1388 2001 cum
1429 1947 1498 2001 sit
1523 1960 1701 2001 comes

146 2041 472 2103 individuus,
498 2042 550 2094 in
579 2040 783 2095 cunctis
811 2039 1019 2094 actibus
1051 2039 1257 2111 divina,
1271 2038 1483 2108 vestigia
1524 2039 1701 2107 sequi-

149 2140 239 2186 tur
264 2130 516 2200 jussionis
541 2149 554 2184 :
585 2130 726 2200 quod
756 2143 776 2169 α·
811 2132 856 2184 si
889 2130 1105 2184 iecisset
1139 2130 1306 2186 Adam
1329 2173 1344 2198 ,
1374 2145 1701 2200 nequaquam

149 2237 180 2274 a
201 2221 456 2275 comitatu
475 2219 777 2284 Conditoris
799 2220 862 2275 ad
885 2221 1141 2275 audienda
1164 2221 1424 2288 serpentis
1440 2220 1701 2289 colloquia

150 2309 341 2377 pedem
365 2309 668 2387 avertisset,
693 2309 945 2363 hactenus
967 2324 1088 2364 cum
1133 2324 1335 2378 genere
1375 2324 1472 2364 suo
1503 2318 1614 2363 toto
1651 2311 1703 2363 in

152 2398 403 2465 paradiso
431 2405 690 2454 maneret.
721 2397 871 2465 Quod
901 2414 1027 2452 vero
1051 2413 1236 2453 omnes
1255 2400 1370 2452 dies
1399 2399 1578 2453 Enocb
1601 2407 1705 2453 tre-

151 2487 297 2540 centi
340 2484 608 2556 sexaginta
661 2485 890 2554 quinque
935 2485 1060 2538 anni
1104 2501 1224 2540 esse
1271 2485 1549 2552 dicuntur,
1598 2501 1704 2555 quo

153 2577 360 2632 dierum
405 2590 623 2631 numero
675 2590 846 2629 annus
883 2576 1010 2628 solis
1034 2577 1060 2612 α
1091 2576 1393 2644 includitur,
1438 2576 1706 2648 signiﬁcat

156 2667 383 2737 mystice
407 2682 498 2735 per
518 2674 684 2722 totum
711 2664 868 2735 hujus
889 2665 1065 2719 saeculi
1098 2673 1303 2734 tempus
1329 2680 1422 2720 eos
1451 2665 1539 2736 qui
1573 2665 1706 2722 iide-

154 2754 283 2810 liter
309 2755 533 2810 Domino
562 2754 820 2820 serviunt,
853 2765 905 2808 et
945 2753 1014 2807 ad
1046 2761 1296 2807 mternam
1327 2758 1560 2822 requiem
1588 2767 1708 2809 ten-

153 2844 308 2908 dunt,
332 2859 596 2913 nunquam
623 2852 645 2879 ο
668 2843 960 2898 defuturos.
991 2841 1097 2898 Nec
1121 2842 1314 2897 frustra
1342 2845 1560 2899 trecenti
1583 2845 1705 2898 anni

153 2945 398 2988 seorsum
442 2929 794 2999 excipiuntur,
836 2931 1024 2998 quibus
1063 2930 1362 2999 specialiter
1408 2932 1708 2986 ambulasse

153 3034 281 3076 cutn
310 3018 419 3082 Deo
465 3018 642 3074 Enoch
694 3017 1018 3086 perhibetur.
1068 3018 1162 3074 llic
1213 3019 1408 3074 etenim
1455 3033 1708 3074 numerus

154 3108 300 3177 apud
321 3109 534 3165 Graecos
561 3109 713 3178 per'l‘
743 3108 970 3164 litteram
999 3111 1134 3164 solet
1169 3110 1359 3178 notari.
1393 3110 1436 3163 Τ
1468 3125 1594 3165 vero
1622 3110 1708 3164 lit-

1791 591 1906 646 rum
1938 591 2080 646 natio
2108 591 2528 659 exterminanda,
2553 601 2606 647 et
2648 609 2742 670 per
2770 595 2942 662 ipsum
2974 602 3138 657 esset,
3172 602 3343 647 trans-

1791 691 1910 736 acto
1937 681 2164 749 diluvio,
2194 685 2468 753 generatio
2499 686 2841 742 restauranda
2887 686 3144 742 fidelium.
3173 686 3341 756 Opera

1791 780 1964 848 autem
2006 781 2060 826 et
2102 772 2312 829 labores
2343 791 2618 840 manuum,
2663 792 2797 846 quos
2835 778 2995 842 dixit,
3040 792 3141 832 non
3189 776 3343 845 alios,

1793 862 1983 928 credo,
2022 863 2252 932 majores
2299 865 2464 919 voluit
2511 865 2766 934 intelligi,
2807 882 2964 936 quam
3012 882 3106 922 eos
3156 868 3347 936 quibus

1795 951 2070 1020 progenies
2096 954 2386 1009 electorum
2432 970 2496 1010 eo
2529 966 2770 1024 tempore
2794 974 2822 1012 a
2855 958 3111 1012 malorum
3141 959 3345 1027 impro-

1795 1042 1956 1097 bitate
1998 1043 2334 1110 premebatur
2367 1044 2824 1100 accusolationem
2866 1062 2991 1100 vero
3020 1063 3168 1102 suam
3219 1063 3340 1100 suo-

1797 1148 2015 1202 rumque
2035 1133 2174 1187 illam
2202 1133 2354 1198 dixit,
2371 1151 2490 1188 cum
2517 1135 2722 1204 perdito
2748 1153 2841 1204 per
2864 1136 3114 1189 diluvium
3147 1141 3341 1191 mundo

1787 1224 1882 1290 qui
1913 1233 2034 1276 tunc
2061 1234 2196 1289 erat,
2225 1223 2414 1278 ablatis
2441 1224 2506 1279 de
2536 1224 2712 1279 medio
2746 1225 2953 1280 cunctis
2983 1225 3158 1278 mundi
3191 1227 3348 1279 rebus

1796 1322 1952 1381 atque
1982 1311 2380 1380 habitatoribus,
2410 1328 2604 1367 novum
2637 1315 2820 1367 iterata
2865 1314 3047 1366 szucuii
3094 1313 3229 1366 facie
3257 1329 3349 1382 ge—

1797 1417 1892 1455 nus
1914 1402 2174 1471 justorum
2200 1399 2220 1439 ί
2252 1403 2562 1471 prtescircnt
2590 1417 2710 1457 esse
2741 1403 3088 1458 nasciturum.
3119 1401 3250 1456 Nam
3295 1411 3352 1456 et

1801 1492 1902 1543 hoc
1948 1500 2187 1559 tempore
2213 1491 2511 1546 consolatio
2543 1492 2798 1545 honorum
2835 1502 2944 1555 est,
2975 1507 3094 1546 cum
3127 1489 3353 1546 viderint

1800 1581 2254 1637 crebrescentibus
2309 1582 2488 1636 mundi
2549 1583 2712 1636 ruinis
2742 1585 3166 1653 appropinquare
3214 1585 3351 1638 diem

1796 1671 2017 1742 jutlicii,
2057 1674 2108 1728 in
2147 1659 2273 1743 'quo,
2307 1684 2615 1742 consumpta
2663 1677 2999 1730 universitate
3047 1691 3349 1746 pravorum,

1803 1761 1901 1828 ipsi
1924 1777 2046 1830 cum
2078 1763 2300 1818 Domino
2356 1779 2487 1817 nova
2540 1758 2699 1818 futuri
2751 1767 2928 1818 sacttli
2981 1780 3137 1835 regna
3184 1768 3353 1834 possi-

1734 1839 1778 1899 Β
1808 1853 1984 1906 deant.
2017 1854 2119 1907 Pro
2155 1869 2218 1908 eo
2248 1864 2422 1909 autem
2452 1855 2592 1923 quod
2621 1864 2799 1908 nostra
2844 1855 3005 1909 editio
3035 1856 3194 1910 habet
3234 1875 3352 1910 ευρι-

1801 1939 2062 2007 solabitur,
2093 1940 2288 2008 antiqui
2339 1941 2653 2008 interpretes
2681 1941 2922 1995 dixerunt
2965 1960 2975 1992 :
3011 1941 3114 1996 Iste
3155 1944 3348 2010 requie-

1800 2045 1938 2083 scere
1967 2038 1992 2076 8
2022 2045 2111 2083 nos
2158 2030 2308 2099 faciet
2355 2030 2417 2082 ab
2457 2031 2687 2099 aperibtts
2729 2032 2932 2100 nostris,
2968 2033 3104 2100 quod
3153 2035 3353 2087 nomini

1802 2119 1912 2173 Noe
1945 2120 2114 2187 magis
2159 2119 2446 2173 convenire
2487 2119 2710 2176 videtur.
2743 2119 2850 2175 Noe
2890 2123 3082 2191 quippe
3125 2122 3356 2192 Requies

1805 2202 2204 2272 interpretatur.
2236 2206 2290 2261 In
2320 2223 2425 2276 quo
2451 2209 2597 2277 juxta
2646 2209 2869 2264 litteram
2911 2212 3034 2264 illud
3062 2219 3235 2280 potest
3280 2213 3357 2264 itt-

1806 2295 1961 2365 telligi
1991 2296 2128 2364 quod
2160 2297 2486 2364 temporibus
2524 2297 2640 2363 ejus
2668 2299 2842 2351 omnia
2873 2309 3019 2355 retro
3063 2315 3221 2365 opera
3254 2303 3349 2355 ho-

1804 2388 2002 2443 minum
2032 2389 2326 2457 quieverint
2353 2404 2444 2456 per
2485 2388 2756 2443 diluvium.
2785 2391 2939 2455 Juxta
2971 2405 3183 2445 sensum
3224 2406 3353 2451 vero

1803 2476 2092 2543 spiritalem
2117 2478 2300 2530 eadem
2331 2487 2410 2530 est
2440 2478 2649 2545 requies
2674 2494 2790 2547 quae
2815 2489 2868 2533 et
2895 2480 3194 2534 consolatio
3229 2496 3351 2533 san-

1805 2577 2042 2634 ctorum,
2089 2569 2282 2623 intueri
2334 2569 2612 2633 videlicet,
2667 2570 3123 2640 appropinquante
3172 2573 3353 2625 mundi

1807 2660 2048 2723 termino,
2076 2667 2131 2711 et
2168 2659 2433 2712 interitum
2484 2658 2781 2726 impiorum,
2807 2668 2860 2714 et
2905 2673 3121 2714 suorum
3168 2660 3355 2714 adesse

1811 2757 2013 2821 tempus
2042 2748 2393 2815 praemiorum.
2427 2745 2565 2801 Béne
2589 2755 2766 2801 autem
2796 2745 2928 2812 Noe,
2960 2746 3012 2800 iu
3054 2747 3204 2815 cujus
3242 2763 3355 2802 ηιρ-

1810 2838 1924 2891 ritis
1954 2837 2174 2892 Domino
2201 2837 2402 2892 devotis
2445 2838 2652 2906 requies
2680 2848 2733 2892 et
2773 2837 3065 2892 consolatio
3107 2847 3221 2891 erat
3261 2853 3358 2890 szc-

1808 2927 1927 2980 culo
1955 2927 2150 2994 danda,
2180 2929 2230 2980 in
2259 2928 2462 2984 decima
2492 2929 2558 2980 ab
2589 2926 2759 2981 Adam
2780 2929 3131 2996 generatione
3181 2929 3348 2981 nasci-

1810 3021 1929 3065 tur:
1962 3014 2081 3080 quia
2112 3013 2356 3068 nimirum
2395 3029 2490 3084 per
2529 3013 2934 3082 completionem
2967 3016 3199 3084 chuIOgi
3220 3003 3359 3083 legis

1809 3113 2006 3159 {eterna
2040 3105 2190 3159 nobis
2238 3106 2445 3173 requies
2485 3115 2538 3160 et
2582 3104 2684 3158 vita
2740 3105 3003 3158 tribuitur.
3052 3105 3190 3161 Bene
3239 3123 3357 3160 cum

156 3208 271 3255 tera
301 3202 470 3256 crucis
491 3201 708 3269 ilguram
739 3207 916 3264 tenet;
959 3209 1012 3255 et
1057 3202 1102 3253 si
1147 3202 1351 3269 apicem
1399 3203 1569 3257 solum
1619 3204 1706 3272 qui
1738 3178 1786 3241 (ἶ
1817 3209 1936 3249 eum
1967 3196 2213 3263 genuisse
2239 3195 2512 3264 Scriptura
2541 3195 2692 3261 dixit,
2718 3211 3042 3264 nequaquam
3065 3213 3222 3249 unum
3245 3199 3360 3264 ejus

154 3288 312 3344 deest
355 3289 408 3343 in
458 3289 635 3344 medio
662 3290 1010 3358 suscepisset,
1040 3305 1144 3344 non
1183 3291 1291 3358 jam
1332 3292 1497 3362 ﬁgura
1540 3293 1714 3348 crucis

155 3377 254 3446 sed
275 3376 448 3446 ipsum
477 3378 650 3434 crucis
678 3387 820 3434 esset
855 3377 1060 3448 signum
1090 3379 1366 3434 manilesta
1406 3383 1584 3450 specie
1623 3381 1714 3437 de-

159 3467 383 3535 pictum.

228 3557 536 3612 Ambulavtt
559 3572 686 3627 ergo
712 3557 891 3615 Enocb
920 3573 1042 3614 cum
1086 3561 1214 3628 Deo,
1242 3560 1332 3630 qui
1375 3561 1567 3615 dicitur
1596 3559 1709 3614 De-

157 3645 381 3711 dicatio,
404 3647 653 3701 trecentis
676 3649 858 3713 annis;
891 3649 1012 3716 quia
1041 3648 1284 3702 nimirum
1319 3650 1476 3703 vitam
1505 3660 1558 3704 et
1585 3664 1712 3704 con-

157 3738 514 3792 versationem
556 3738 836 3805 expressit,
866 3738 973 3792 imo
1021 3739 1132 3807 ipse
1161 3740 1266 3810 egit
1305 3754 1487 3794 eorum
1525 3741 1614 3811 qui
1659 3741 1711 3794 in

160 3827 266 3883 iide
309 3825 589 3882 dominicae
629 3827 890 3896 passionis
935 3829 1180 3899 gaudium
1229 3840 1494 3899 perpetua
1530 3832 1714 3886 salutis

157 3923 488 3984 exspectant,
516 3915 836 3986 abuegantes
865 3917 1092 3987 seipsos,
1123 3919 1472 3989 tollentesque
1500 3935 1708 3974 crucem

158 4022 313 4061 suam
359 4008 615 4077 quotidie,
654 4017 710 4062 et
759 4019 1040 4078 sequentes
1090 4010 1406 4065 Dominum:
1445 4013 1583 4080 quod
1628 4021 1712 4067 est

159 4097 280 4152 aliis
323 4086 499 4152 verbis
527 4099 731 4164 dicere,
755 4101 1086 4155 ambulantes
1125 4115 1246 4156 cum
1292 4102 1420 4165 Deo.
1445 4111 1497 4158 et
1526 4104 1590 4158 ad
1633 4104 1713 4158 in-

140 4201 401 4256 gressum
432 4187 656 4256 paradisi
694 4189 986 4244 tendentes.
1020 4190 1314 4246 Notandum
1358 4202 1533 4248 autem
1573 4197 1710 4264 quod

159 4291 284 4330 cum
317 4276 614 4346 progeniem
646 4277 774 4332 Seth
806 4293 971 4346 usque
995 4280 1058 4333 ad
1090 4280 1220 4347 Noe,
1247 4290 1303 4336 et
1329 4282 1518 4338 deinde
1548 4300 1713 4352 usque

159 4365 224 4419 ad
266 4357 535 4421 Abraham
569 4364 841 4433 Scriptura
881 4368 977 4422 sub
1020 4379 1161 4425 tanta
1208 4371 1546 4429 distinctioiie
1586 4389 1720 4430 con-.

163 4455 408 4519 texuerit,
443 4457 661 4524 stirpem
687 4453 815 4509 Cain
856 4469 1024 4525 usque
1056 4460 1122 4514 ad
1153 4460 1380 4517 Lamech
1423 4472 1477 4518 et
1519 4464 1711 4519 liberos

160 4543 280 4610 ejus
304 4544 504 4612 absque
535 4545 639 4598 ulla
677 4533 899 4600 'mtatum
941 4548 1208 4605 mentione
1235 4550 1534 4624 descripsit,
1561 4557 1710 4623 quasi

163 4635 323 4687 tacite
349 4634 499 4688 nobis
541 4634 787 4690 intimans
815 4635 941 4690 illud
971 4637 1297 4694 Psalmistz:
1333 4640 1582 4703 Quoniam
1616 4661 1711 4699 na-

164 4724 231 4778 vit
258 4723 507 4778 Dominus
534 4724 665 4779 sicut
695 4728 972 4796 justorutn,
995 4739 1042 4782 et
1081 4729 1175 4783 iter
1218 4732 1489 4801 impiorum
1534 4737 1712 4802 peribit

163 4814 339 4884 (Paul.
362 4830 412 4881 ι,
436 4814 512 4884 6).
780 4871 785 4876 ,

243 4904 384 4962 νῶι
409 4924 600 4976 quoque
630 4907 968 4964 Hatltusalunt
997 4923 1193 4966 centum
1234 4916 1484 4986 octoginta
1524 4926 1710 4986 septem

165 5007 424 5066 annos,“
449 4999 618 5069 genuit
644 4997 876 5051 Laneclt.
911 4996 1048 5055 Vixit
1073 5015 1243 5058 autem
1273 5003 1486 5058 Latneclt
1514 5018 1711 5059 centum

166 5092 421 5158 octoginta
464 5091 657 5145 duobus
700 5093 866 5156 asinis,
899 5101 947 5146 et
994 5098 1164 5162 genuit
1209 5097 1339 5163 Noe,
1371 5100 1540 5155 dicens
1562 5117 1580 5154 :
1612 5099 1714 5155 Iste

167 5179 504 5233 retractabitur
528 5197 621 5234 nos
643 5183 706 5234 ab
733 5182 961 5248 operibus
987 5190 1034 5235 et
1070 5183 1324 5240 laboribus
1353 5206 1586 5243 manuum
1624 5208 1714 5245 tto-

166 5279 386 5320 strsratnt
407 5271 460 5321 in
499 5279 636 5325 terra
657 5274 741 5325 cui
767 5271 1024 5325 maledixit
1051 5272 1316 5331 Dominus.
1346 5280 1576 5335 Pron'dit
1616 5282 1716 5336 La-

169 5357 322 5412 mech
363 5357 552 5424 spiritu
595 5361 903 5429 prophetico
935 5363 1104 5430 qualis
1147 5377 1275 5419 suus
1316 5367 1477 5435 illius,
1501 5381 1731 5441 quantae

239 5477 266 5534 _‘
299 5469 407 5532 ΑΙ..
428 5471 569 5534 quia.

241 5529 264 5562 "
295 5529 404 5600 AL,
432 5529 543 5590 cum
571 5538 720 5593 sicut.

241 5610 265 5638 ⁶
295 5609 403 5671 AL,
437 5623 548 5672 cum
572 5609 780 5674 fecisset.

241 5676 267 5715 ἀ
297 5680 402 5740 ΑΙ..
423 5676 697 5728 inducitur.

241 5753 264 5779 '
302 5747 410 5810 AL,
432 5746 728 5815 defecturos.

1819 3283 1981 3337 ﬁlium
2013 3287 2183 3338 voluit
2210 3285 2506 3349 nominare,
2541 3300 2606 3338 ne
2632 3285 2682 3338 in
2713 3284 2825 3338 viro
2855 3289 3085 3352 ptrlecto
3115 3301 3360 3340 numerus

1815 3375 2129 3428 undenarius
2169 3375 2320 3441 quasi
2368 3375 2716 3443 transgressio
2756 3374 2955 3428 denarii
2987 3377 3213 3444 aliquem
3261 3377 3356 3432 ha-
3395 3423 3398 3427 .

1815 3466 1937 3519 bere
1992 3467 2163 3518 locum
2220 3466 2501 3528 videretur,
2543 3464 2636 3518 sed
2686 3464 2825 3519 velut
2873 3465 2939 3518 de
2985 3468 3097 3520 viro
3139 3467 3349 3522 virtutis

1813 3555 2034 3624 mystice
2079 3555 2323 3622 loquens,
2357 3564 2466 3611 tres
2499 3554 2545 3610 ei
2580 3555 2775 3624 pariter
2813 3567 2966 3611 natos
2998 3558 3133 3611 lllios
3173 3559 3354 3614 relert.

1887 3667 2001 3723 Noe
2045 3686 2181 3737 vero,
2213 3669 2414 3739 inquit,
2443 3687 2556 3723 cum
2599 3671 2982 3739 quingentorum
3029 3681 3152 3726 esset
3198 3690 3357 3726 unua-

1813 3772 1946 3822 rttm,
1980 3759 2148 3827 genuit
2175 3758 2318 3825 Sent,
2348 3755 2374 3793 ιι
2405 3757 2562 3811 Citam
2585 3768 2632 3810 et
2658 3755 2898 3826 lapltetlt.
2932 3759 3092 3815 Natus
3127 3772 3208 3816 est
3232 3777 3359 3832 ergo

1813 3844 1922 3899 Noe
1951 3846 2000 3899 in
2029 3847 2232 3900 decima
2261 3849 2621 3916 generatione,
2652 3849 2772 3915 quia
2817 3849 3022 3903 illorum
3054 3852 3212 3906 vitam
3249 3853 3264 3890 ί
3298 3864 3354 3909 et

1813 3936 2055 4006 figuravit
2080 3945 2134 3993 et
2160 3937 2286 4005 egit,
2314 3937 2402 4007 qui
2453 3938 2504 3992 in
2551 3939 2917 3994 observatione
2955 3940 3188 4010 decslogi
3238 3956 3357 4010 per.

1814 4027 1936 4082 lecti
1979 4037 2121 4082 sunt.
2150 4011 2341 4082 Cenuit
2368 4036 2476 4082 tres
2506 4027 2661 4092 illios,
2699 4037 2756 4081 ut
2780 4027 2832 4081 in
2866 4029 2966 4082 llde
2996 4037 3192 4084 sancta:
3236 4030 3354 4084 Tri-

1814 4119 1993 4173 nitatis
2037 4133 2096 4172 se
2134 4117 2358 4183 Domino
2401 4118 2630 4174 servisse
2665 4134 2727 4172 ac
2754 4119 3002 4172 virtutum
3047 4120 3355 4188 spiritalium

1813 4208 2011 4276 frugem
2043 4207 2320 4276 protulisse
2356 4207 2514 4261 etiam
2544 4207 2769 4262 carnalis
2796 4207 2992 4261 sobolis
3023 4209 3190 4263 (ructu
3221 4211 3358 4265 desi-

1796 4305 2022 4373 gnaret;
2052 4295 2292 4364 quamvis
2335 4296 2492 4348 etiam
2519 4292 2665 4363 juxta
2698 4293 2969 4352 historiam
3014 4303 3123 4351 tres
3151 4312 3357 4352 creasse

1813 4385 1948 4440 iilios
1984 4386 2201 4438 decebat
2241 4399 2383 4450 eum,
2420 4385 2472 4437 in
2518 4399 2623 4453 quo
2655 4385 2891 4453 pereunti
2923 4381 3120 4440 mundo
3169 4402 3349 4444 semen

1815 4485 1927 4530 erat
1972 4475 2219 4529 nascituri
2259 4476 2432 4529 denuo
2478 4475 2656 4529 sicculi
2704 4475 3121 4543 relinquenlutn,
3163 4487 3221 4530 ut
3263 4493 3356 4546 per

1816 4567 1972 4620 trium
2022 4566 2260 4621 videlicet
2315 4568 2616 4635 progeniem
2670 4565 2894 4626 ﬁliorum
2941 4566 3152 4631 tctidem
3210 4569 3353 4626 orhis

1811 4664 2070 4710 terrarum
2093 4665 2267 4724 partes
2282 4656 2637 4722 implerentur.
2654 4651 2778 4709 Scm
2797 4655 2993 4710 etenim
3010 4657 3104 4712 lilii
3125 4660 3352 4716 maxime

1811 4747 2021 4809 Asiam,
2051 4747 2213 4799 Cham
2253 4743 2402 4798 liberi
2432 4741 2683 4810 Africam,
2712 4743 2941 4816 Japheth
2963 4748 3161 4817 posteri
3191 4737 3356 4821 eum-

1813 4853 1929 4905 pam
1961 4836 2259 4904 possedere.
2928 4895 2932 4899 ,

1880 4926 2102 4995 Cumque
2119 4928 2374 4996 capis-ent
2401 4929 2620 4982 homines
2650 4929 2972 4999 multiplicari
2995 4947 3150 4999 super:
3171 4940 3352 4985 terram

1811 5026 1858 5069 et
1887 5015 2022 5084 ﬁlias
2070 5027 2428 5082 proci-(asserit,
2472 5019 2688 5071 videntes
2727 5019 2825 5084 lilii
3178 5036 3353 5074 eorum

1811 5107 1943 5176 quod
1969 5117 2123 5158 essent
2169 5105 2416 5173 pulchris,
2439 5119 2733 5173 occeperunt
2770 5109 2862 5160 sibi
2896 5095 3074 5162 uxores
3101 5124 3163 5160 ea:
3189 5114 3352 5163 eumi-

1812 5201 1901 5250 θυι
1930 5211 2056 5264 quas
2084 5197 2354 5266 elegerant.
2403 5197 2652 5250 Homines
2692 5197 2821 5252 dicit
2851 5197 3151 5266 progeniem
3193 5197 3348 5263 Cain,

1811 5297 1926 5352 qua:
1950 5297 1980 5336 a
2006 5281 2196 5337 divina
2225 5284 2504 5340 voluntatis
2533 5286 2723 5338 intuitu
2747 5298 2954 5349 aversa,
2983 5285 3225 5340 humanis
3254 5302 3343 5342 so-

1811 5370 2082 5426 lummodo
2110 5372 2335 5441 negouiis
2363 5373 2596 5426 animum
2624 5371 3034 5441 subjugaverat:
3064 5374 3197 5431 lilios
3220 5389 3348 5432 vero

1886 5483 1906 5524 ί
1940 5483 2018 5536 ΑΙ.
2032 5462 2194 5543 ,deest
2225 5497 2333 5534 nos.

1881 5563 1905 5600 s
1933 5555 2035 5615 AL,
2070 5552 2420 5617 prcdicerent;
2447 5550 2541 5618 aL,
2571 5551 2941 5619 pradiscerent.

1879 5632 1907 5658 ι
1935 5623 2034 5683 .\l.,
2063 5631 2110 5673 et
2135 5621 2310 5674 Cham.

1885 5699 1897 5729 ι
1934 5693 2038 5757 AL,
2066 5701 2113 5744 et
2141 5691 2366 5760 ﬁguram-
2387 5699 2514 5744 tenet
2541 5700 2586 5745 et
2612 5691 2732 5761 egit.
