3866 6248
458 372 559 466 ἐδ
734 473 736 475 ,
1004 413 1209 469 ΒΕὒῶ
1252 414 1705 473 νεαειιΑιιιιιε
1741 414 2010 474 oratum

2109 417 2241 475 Alis
2276 419 2339 475 ιι.
2367 446 2436 462 -ι
2470 420 2861 479 ΕΧΕϐΕτΙῦΔ
2897 423 3215 483 GENUINA.
3639 436 3698 490 8|

490 525 602 592 Dei,
633 539 728 579 eos
767 524 858 593 qui
911 527 982 580 de
1023 526 1265 593 prosapia
1315 526 1444 581 Seth
1491 519 1750 597 generati,
1794 527 2041 603 exemplo
2069 530 2116 589 Α
2142 527 2314 594 vium,
2349 527 2399 582 id
2428 538 2530 594 est,
2571 531 2898 600 temporibus
2938 532 3104 603 Iioysi
3154 535 3236 591 vel
3287 535 3454 593 David
3509 543 3698 600 multos

491 542 602 592 net,
633 542 728 579 ens
767 542 858 593 qui
911 542 982 580 ue
1023 542 1265 593 prosapia
1315 542 1444 581 aeut
1491 542 1750 597 generati,
1794 542 2041 676 exempto
2069 542 2116 589 Α
2142 542 2314 594 vium,
2349 542 2399 582 tu
2428 542 2530 594 est,
2571 542 2898 600 temporibus
2938 542 3104 603 Iloysi
3154 542 3236 591 vel
3287 542 3454 593 David
3509 543 3694 600 utullus

489 621 720 686 paternae
740 613 1034 670 devotionis
1062 616 1330 669 servitium
1352 617 1492 686 quod
1522 617 1632 672 Deo
1657 617 1922 673 debebant
1971 634 2032 672 n-
2139 617 2305 674 fuisse
2335 620 2579 691 legimus,
2603 623 2692 693 qui
2718 638 2910 680 nomen
2938 625 3134 682 habent
3157 625 3344 685 Grca:
3368 644 3434 685 es
3465 647 3540 686 eo
3564 637 3694 703 quod

484 702 679 756 violata
724 713 899 758 meme
935 705 1234 759 servabant.
1259 706 1372 773 Qua
1404 715 1427 742 ⁸
1450 705 1789 764 distinctione
1827 716 1883 764 et
1916 702 2025 766 'Do-
2135 708 2256 765 illos
2285 708 2434 780 juxta
2457 707 2666 766 fabulas
2687 722 2960 782 poetarum
2983 725 3123 771 terra
3146 722 3410 788 genuerit.
3437 702 3691 780 Videntur

488 788 660 844 minus
704 789 757 844 in
809 789 1096 860 Evangelio
1146 791 1430 858 dieCipUlOﬁ
1473 807 1597 848 suos
1644 808 1674 847 a
1716 805 2028 850 extet-orum
2128 807 2305 854 autem
2348 809 2474 856 tunc
2515 799 2679 857 fuisse
2725 805 3010 875 progeniti,
3038 821 3162 862 cum
3206 812 3407 879 posteri
3451 812 3590 869 Setia
3634 817 3695 870 de

469 879 873 958 comparatione
893 880 1168 948 discrevit,
1188 880 1404 937 dicens:
1429 882 1585 948 Quem
1606 883 1778 940 dicunt
1803 884 2029 940 homines
2085 934 2090 939 .
2131 889 2297 957 stirpe
2325 889 2457 943 Cain
2487 905 2680 946 uxores
2705 891 2807 947 sibi
2835 893 3004 963 gratia
3051 896 3463 965 pulchritudinis
3503 914 3691 960 contra

479 982 585 1022 esse
611 969 774 1037 ﬁlium
813 969 1031 1023 hominis
1072 969 1280 1036 (Matth.
1311 987 1417 1038 ινι,
1447 971 1573 1041 i3)?
1601 973 1665 1028 Et
1691 983 1910 1046 accepto
1936 990 2026 1030 eo-
2123 978 2214 1049 jus
2239 994 2349 1034 sua:
2375 981 2648 1052 dignitatis
2674 984 2962 1053 elegerant.
2992 985 3122 1042 Nam
3149 989 3427 1057 sequitur:

472 1071 593 1142 rum
625 1071 898 1126 responso,
925 1074 1010 1112 vos
1034 1074 1170 1124 vero,
1198 1059 1382 1127 inquit,
1408 1077 1555 1129 quem
1583 1078 1662 1117 me
1687 1079 1792 1118 esse
1821 1066 2026 1120 dicitis?
2198 1067 2474 1140 Postquam
2497 1073 2633 1126 enim
2668 1074 2881 1144 ingressi
2915 1085 3034 1131 sunt
3069 1077 3166 1142 ﬁlii
3189 1075 3286 1132 Dei
3324 1081 3394 1135 ad
3421 1080 3566 1150 filias
3605 1085 3692 1137 Δο-

475 1147 1119 1208 videiicet.cminentiores
1140 1164 1231 1204 eos
1257 1150 1554 1206 hominibus
1576 1154 1757 1208 volens
1777 1154 2019 1225 intelligi,
2125 1158 2338 1225 minam,
2365 1154 2566 1229 illthue
2591 1174 2911 1232 genuerunt:
2936 1165 3020 1219 isti
3043 1175 3159 1221 sunt
3190 1147 3467 1237 potentes—tt
3500 1177 3692 1228 seculo

474 1245 531 1292 et
570 1240 850 1328 ittueorum
891 1255 1109 1296 numero
1135 1243 1538 1310 computandas.
1565 1244 1635 1300 de
1678 1244 1872 1315 quibus
1911 1246 2034 1313 ipse
2123 1247 2216 1299 viri
2241 1247 2445 1314 famosi.
2467 1248 2762 1304 Notandum
2794 1262 2969 1308 autem
3012 1255 3155 1324 quod
3198 1256 3299 1313 hoc
3337 1259 3388 1313 in
3438 1259 3569 1314 loco
3599 1275 3692 1328 pro

473 1327 586 1381 ait:
618 1325 728 1396 Ego
771 1330 897 1395 dixi,
927 1331 999 1384 dii
1038 1331 1176 1395 estis,
1199 1340 1245 1385 et
1275 1332 1371 1400 ﬁlii
1419 1331 1622 1402 Excelsi
1648 1351 1818 1390 omnes
1847 1333 2017 1408 (Paul.
2123 1332 2446 1405 gigantibus,
2477 1338 2527 1391 iit
2559 1336 2780 1393 liebm
2802 1340 3053 1407 cadentes,
3085 1343 3136 1396 id
3161 1352 3267 1413 est,
3296 1346 3579 1398 annasilint
3601 1325 3689 1400 le-

473 1433 652 1486 tssst,
678 1418 754 1488 6).
786 1420 1004 1486 Quidtm
1032 1421 1254 1477 Codices
1279 1438 1376 1492 pro
1405 1425 1525 1479 filiis
1557 1426 1647 1483 Dei
1676 1427 1878 1483 habent
1917 1445 2016 1482 an-
2130 1435 2328 1494 guntur
2355 1442 2372 1491 ξ
2402 1425 2674 1496 facilisque
2701 1436 2861 1496 atque
2896 1431 3168 1487 absolutus
3214 1442 3298 1489 est
3321 1447 3538 1497 sensus.
3571 1439 3689 1504 quia

471 1509 616 1579 gelos
642 1509 756 1576 Dei,
779 1512 916 1580 quod
946 1510 997 1564 in
1036 1511 1221 1566 eadem
1251 1515 1430 1582 utique
1465 1515 1853 1585 signiﬁcatione
1879 1520 2022 1573 ιιι-εἰσ
2120 1515 2373 1569 cadentes
2414 1526 2568 1570 erant
2593 1515 2645 1570 iu
2679 1523 2874 1572 ten-am
2907 1518 3148 1575 homines
3175 1519 3229 1575 in
3267 1520 3456 1577 diebus
3484 1523 3618 1588 illis,
3640 1524 3686 1577 id

471 1601 633 1666 pitur.
655 1600 839 1670 Attgeli
866 1603 1059 1672 quippe
1107 1603 1199 1658 Dei
1229 1616 1372 1660 recte
1416 1608 1749 1677 appellantur
1775 1610 2010 1666 homines

2118 1611 2220 1669 est,
2245 1605 2468 1658 terrenis
2488 1607 2933 1675 concupiscentiis
2951 1607 3303 1675 adbarentes,
3320 1610 3524 1666 amisso
3543 1619 3686 1667 statu

463 1688 611 1756 justi,
641 1689 730 1760 qui
758 1691 906 1760 juxta
935 1692 1150 1746 modum
1176 1707 1287 1749 sua:
1307 1697 1611 1764 capacitatis
1638 1678 1929 1768 angelicam
1965 1701 2010 1755 in

2123 1694 2232 1748 Deo
2278 1691 2487 1749 devotas
2537 1695 2890 1751 rectitudinis.
2940 1695 3191 1764 Gigantes
3237 1705 3417 1753 autem
3469 1698 3683 1754 illorum

471 1779 627 1832 terris
647 1793 804 1848 agere
828 1781 987 1834 vitam
1017 1789 1241 1836 curant:
1265 1783 1510 1851 qualibus
1533 1783 1660 1838 dicit
1691 1791 1972 1855 Apostolus
1999 1808 2010 1842 :
2057 1855 2065 1856 ί
2119 1782 2299 1850 lingua
2339 1786 2551 1853 proprie
2580 1784 2786 1839 ltafaim
2831 1787 3196 1856 nominantur.
3224 1786 3446 1842 Ponitur
3472 1803 3608 1843 vero
3633 1799 3686 1844 et

478 1863 577 1917 Vos
603 1875 766 1918 autem
795 1868 979 1936 fratres
1026 1884 1126 1922 non
1154 1871 1272 1923 estis
1315 1873 1367 1923 in
1408 1888 1574 1937 carne,
1605 1875 1694 1928 sed
1737 1876 1792 1929 in
1831 1878 2010 1944 spiritu

2117 1871 2302 1940 gigans
2328 1873 2613 1940 aliquando
2639 1875 2690 1928 in
2723 1873 2885 1937 bono.
2915 1882 2973 1929 ut
2999 1884 3081 1929 est
3100 1873 3126 1912 ⁴
3154 1875 3293 1930 istud
3319 1877 3389 1931 de
3417 1877 3679 1934 Domine:

469 1953 642 2023 (liam.
666 1969 775 2020 vttt,
804 1958 879 2026 9).
911 1959 974 2011 Et
1023 1959 1208 2014 iterum
1233 1976 1247 2014 :
1277 1960 1471 2016 Nostra
1513 1974 1678 2017 autent
1706 1972 2010 2024 conuersatio

2121 1959 2202 2015 Ea:
2229 1963 2404 2015 allusit
2435 1973 2488 2016 ut
2515 1963 2659 2034 gigas
2721 1963 2790 2015 ad
2813 1964 3113 2017 currendum
3141 1965 3272 2018 aiant
3312 1964 3486 2035 (Paul.
3520 1982 3679 2031 svnt.

466 2045 520 2094 in
545 2045 680 2098 cretis
708 2056 781 2100 est
828 2045 990 2131 (Phil.
1020 2063 1110 2112 ιιι,
1137 2048 1244 2119 ευ).
1281 2051 1496 2106 Videtur
1522 2068 1649 2121 ergo
1683 2057 1803 2123 quia
1847 2072 2009 2125 gene-

467 2134 602 2188 ratio
634 2135 811 2204 slirpis
848 2137 1000 2202 Selii,
1029 2140 1258 2209 quandiu
1303 2156 1421 2196 cum
1452 2144 1702 2212 progenie
1729 2143 1859 2199 Cain
1907 2163 2012 2204 non

466 2243 546 2286 est
575 2235 873 2300 commixta,
902 2237 1150 2290 illibatam
1177 2252 1286 2293 sua:
1311 2239 1570 2295 castitatis
1599 2257 1840 2296 normam
1887 2257 2011 2297 ser-

468 2322 704 2388 vaverit;
731 2331 782 2375 at
810 2333 1084 2392 postquam
1117 2327 1166 2380 in
1213 2329 1697 2397 concupiscentiam
1745 2325 1890 2396 lapsa
1921 2347 2015 2384 ne-

464 2423 621 2477 quam
673 2410 982 2466 feminarum
1030 2414 1321 2471 maledicta:
1370 2431 1428 2470 se
1475 2418 1650 2479 soboli
1704 2419 2008 2487 conjunxit,

465 2507 590 2554 tunc
614 2509 668 2556 et
703 2501 818 2571 ipsa
857 2502 1039 2557 vitiato
1080 2503 1270 2558 subii-.1:
1317 2505 1508 2560 mentis
1550 2506 1762 2571 decore,
1796 2508 2014 2562 maledi-

463 2591 657 2647 ctionis
700 2593 815 2661 ejus
858 2593 1079 2662 eruperit
1118 2593 1347 2650 existere
1391 2610 1630 2652 consors.
1682 2598 1914 2668 Denique
1960 2599 2012 2656 in

463 2681 580 2750 lege
620 2681 899 2750 diligenter
937 2697 999 2740 ac
1024 2683 1209 2738 sedulo
1238 2683 1537 2753 pmcipitur
1563 2684 1684 2740 filiis
1733 2686 1915 2753 israel,
1947 2703 2014 2747 ne

463 2783 582 2827 cum
617 2769 922 2840 alienigenis
964 2771 1218 2826 misceant
1257 2773 1540 2840 connubia,
1572 2789 1634 2827 ne
1677 2775 1901 2838 sedueat,
1933 2777 2012 2830 in-

463 2861 668 2928 quiens,
690 2861 801 2928 ﬁlia
828 2862 936 2931 ejus
960 2861 1122 2929 filium
1149 2871 1308 2929 (num,
1335 2871 1381 2916 et
1405 2872 1672 2931 sequantur
1700 2866 1817 2919 deos
1840 2881 2011 2918 eorum

463 2948 640 3017 (Deut.
672 2965 763 3013 vn,
785 2950 865 3018 ι).
1042 2961 1057 2971 "

534 3039 768 3109 Dixitque
799 3043 931 3097 Deus
953 3057 975 3096 :
1006 3042 1127 3098 Non
1155 3045 1462 3113 permanebit
1503 3045 1728 3115 Spiritus
1774 3062 1912 3101 meus
1954 3047 2006 3098 in

463 3128 665 3182 homine
685 3130 742 3182 in
767 3139 1031 3197 cternnm,
1056 3133 1172 3199 quia
1193 3149 1311 3187 euro
1329 3145 1402 3188 est
1427 3149 1448 3187 :
1470 3145 1706 3202 eruntque
1732 3134 1838 3188 dies
1867 3135 2007 3189 illius

462 3231 660 3276 centum
698 3221 868 3292 viginti
893 3237 1160 3276 annorum.
1189 3222 1297 3277 llos
1323 3223 1610 3277 versiculos
1638 3237 1911 3293 exponens
1949 3223 2009 3278 S.

464 3299 810 3381 Hieronymus
834 3309 947 3376 15in
978 3309 1220 3374 Hebrao.
1246 3309 1434 3379 inquit,
1461 3311 1714 3379 scriptum
1743 3321 1860 3365 est:
1890 3309 2012 3366 Non

457 3400 702 3474 judicabit
732 3401 952 3469 Spiritus
985 3418 1124 3456 meus
1142 3403 1370 3458 homines
1398 3404 1518 3457 istos
1556 3404 1609 3457 in
1639 3403 2010 3472 sempiternum,

460 3491 582 3559 quia
609 3506 728 3547 caro
753 3503 868 3548 sunt
893 3507 913 3546 :
935 3495 1038 3550 hoc
1060 3504 1171 3569 est,
1197 3496 1317 3564 quia
1340 3507 1362 3535 ε
1387 3493 1588 3564 fragilis
1611 3503 1692 3551 est
1720 3495 1772 3548 in
1800 3495 2013 3552 homine

460 3579 720 3644 conditio,
751 3594 854 3637 non
882 3595 975 3634 eos
1001 3582 1066 3636 ad
1094 3593 1321 3638 aeternos
1339 3584 1564 3644 servabo
1591 3583 1885 3650 cruciatus;
1915 3584 2008 3639 sed

460 3666 552 3723 hic
577 3666 681 3721 illis
709 3666 980 3722 restituam
1017 3668 1159 3737 quod
1187 3682 1480 3734 merentur.
1509 3672 1649 3739 Ergo
1676 3687 1779 3726 non
1807 3674 2010 3728 severi-

461 3764 650 3823 tatem,
682 3762 739 3810 ut
763 3756 817 3810 in
846 3758 1041 3813 ausu-is
1068 3757 1348 3814 Codicibus
1386 3758 1608 3827 legitur;
1638 3760 1732 3814 sed
1775 3760 2008 3815 clemen-

460 3842 587 3898 tiam
617 3841 711 3899 Dei
755 3853 930 3912 sonat,
966 3843 1092 3901 dum
1140 3855 1385 3914 peccator
1424 3847 1510 3902 hic
1538 3861 1636 3917 pro
1674 3862 1772 3902 suo
1810 3850 2010 3903 scelere

457 3924 706 3987 unum
729 3950 742 3987 :
769 3936 909 3989 unde
936 3943 989 3989 et
1016 3935 1183 3990 iratus
1211 3935 1350 3991 Deus
1372 3936 1602 4006 loquitur
1618 3935 1684 3991 ad
1711 3936 2002 4006 quosdam:

457 4017 583 4078 Non
609 4022 833 4078 uisitabo
871 4023 1004 4085 ﬁlias
1044 4039 1216 4078 eorum
1259 4041 1373 4079 cum
1419 4017 1606 4094 fuerint
1647 4025 1928 4094 fornicata,
1963 4037 2010 4080 et

456 4125 670 4175 sponsas
706 4126 881 4165 eorum
952 4128 1068 4166 cum
1110 4114 1494 4169 adulteraverint
1542 4115 1685 4183 (οδε.
1715 4112 1812 4183 ιν).
1853 4115 1916 4171 Ει
1954 4117 2005 4170 ἰιι

458 4199 562 4254 alio
590 4198 741 4254 loco:
785 4199 1004 4254 Visitubo
1037 4202 1088 4255 in
1133 4204 1275 4276 virga
1318 4205 1599 4273 iniquitates
1647 4219 1841 4269 eorum,
1868 4214 1917 4258 et
1955 4206 2010 4258 in

2125 2050 2216 2118 6);
2246 2050 2336 2104 sed
2368 2054 2468 2105 hoc
2495 2067 2589 2120 pro
2614 2050 2846 2122 potentia
2874 2051 3124 2120 singulari
3164 2068 3268 2122 qua
3310 2065 3566 2109 caeterum
3598 2071 3680 2122 ge-

2117 2157 2214 2196 nus
2257 2140 2542 2196 humanum
2579 2141 2698 2211 jure
2740 2141 3085 2208 transcendit,
3125 2142 3678 2214 dispositumque—Iu-

2113 2233 2436 2286 raroationis
2478 2242 2868 2288 sacramentum
2920 2233 3146 2287 mirabili
3194 2236 3388 2290 virtute
3433 2237 3675 2303 peregit,

2113 2321 2251 2376 sicut
2277 2324 2433 2375 etiam
2462 2322 2547 2375 leo
2573 2321 2859 2390 aliquando
2903 2321 3205 2387 Dominum,
3234 2322 3521 2390 aliquando
3563 2325 3674 2376 alia-

2113 2409 2295 2463 bolmn
2321 2418 2344 2447 ο
2371 2409 2647 2476 designat;
2676 2411 2769 2465 sed
2796 2398 3085 2476 diabolum,
3120 2419 3334 2478 propter
3373 2411 3672 2479 superbiam

2114 2508 2168 2552 et
2196 2498 2552 2562 ferocitttem;
2574 2497 2880 2566 Dominum,
2906 2508 3119 2566 propter
3139 2498 3466 2568 potentiam:
3489 2515 3673 2568 quam-

2115 2591 2192 2645 vis
2234 2591 2287 2644 in
2333 2589 2585 2644 llebraica
2633 2592 2853 2646 veritttte
2898 2600 3222 2646 memoratus
3278 2593 3469 2660 psalmi
3500 2595 3674 2647 versi-

2113 2678 2259 2734 culus
2286 2679 2355 2734 ita
2382 2680 2608 2749 scriptus
2635 2681 2704 2735 sit
2727 2697 2744 2735 :
2770 2679 3056 2734 Exsultarit
3082 2691 3138 2734 ut
3163 2689 3339 2752 potens
3366 2682 3436 2734 ad
3461 2699 3673 2738 curres»

2112 2772 2229 2822 dum
2255 2771 2406 2824 vim.

2193 2857 2374 2911 Videtis
2414 2867 2580 2911 autem
2627 2855 2763 2911 Dens
2800 2857 2938 2927 quod
2977 2855 3140 2910 multa
3177 2858 3373 2913 malitia
3411 2858 3673 2914 hominum

2109 2956 2234 3002 esset
2263 2949 2316 3001 in
2358 2957 2524 3012 terra,
2552 2957 2600 3001 et
2626 2957 2804 3001 cuncta
2841 2949 3079 3018 cogitatio
3104 2949 3274 3002 cordis
3300 2949 3503 3003 intenta
3544 2961 3671 3004 esset

2109 3037 2178 3089 ad
2204 3034 2426 3101 malum,
2471 3036 2702 3104 panittsit
2742 3051 2858 3090 eant
2899 3037 3037 3104 quod
3081 3037 3335 3091 hominem
3383 3037 3584 3106 fecisset
3624 3038 3672 3089 in

2113 3135 2267 3180 terra.
2310 3125 2631 3180 Pmnituisse
2671 3127 2832 3180 Deum
2864 3126 3028 3192 dicit,
3055 3141 3163 3181 non
3205 3127 3328 3195 quia
3376 3140 3506 3183 vere
3539 3127 3670 3182 sicut

2115 3212 2403 3278 hominem,
2447 3213 2519 3266 ita
2567 3211 2732 3266 Deum
2774 3212 3087 3281 cujusquam
3133 3214 3256 3268 facti
3283 3214 3366 3269 sui
3397 3214 3671 3282 peniteat,

2111 3302 2264 3369 cujus
2288 3301 2461 3357 estde
2486 3301 2732 3356 Oilllliblﬂ
2753 3302 2969 3357 omnino
2993 3301 3152 3359 rebus
3186 3312 3294 3357 tam
3325 3305 3427 3359 ilsa
3455 3315 3668 3360 scaten-

2113 3389 2183 3444 tia
2210 3405 2366 3459 quam
2395 3401 2538 3445 certa
2567 3389 2893 3461 prescientia
2917 3405 2934 3446 :
2962 3390 3058 3458 sed
3097 3390 3266 3446 utitur
3287 3391 3565 3462 Scriptura
3595 3405 3674 3449 ta.

2114 3477 2248 3532 libus
2270 3477 2467 3544 verbis,
2492 3487 2550 3532 ut
2574 3493 2634 3533 se
2655 3479 3048 3548 quodammodo
3084 3480 3397 3537 familiarius
3434 3481 3669 3540 insinuet

2111 3568 2284 3634 nobis,
2312 3567 2401 3637 qui
2431 3578 2638 3625 mutare
2666 3577 2898 3639 emptum
2937 3568 3136 3640 aliquid
3165 3579 3220 3626 et
3249 3571 3303 3625 in
3327 3571 3469 3627 aliud
3498 3581 3671 3629 trans.

2109 3654 2249 3712 ferre
2277 3673 2380 3711 non
2421 3656 2518 3711 nisi
2565 3658 2871 3728 pmnitendo
2897 3658 3170 3716 solemus:
3200 3674 3507 3730 quanquam
3533 3679 3666 3734 ergo

2110 3749 2288 3802 divina
2319 3749 2649 3816 ptovitlentla
2671 3750 2862 3803 sereno
2882 3749 3043 3804 corde
3071 3748 3399 3805 intuentibus
3418 3763 3671 3819 appareat

2108 3847 2294 3889 cuncta
2323 3838 2641 3891 certissimo
2669 3837 2855 3891 ordine
2881 3836 3284 3903 administrare;
3311 3839 3559 3906 congruit
3594 3850 3670 3892 ta~

2109 3942 2230 3997 men
2277 3927 2572 3996 Scriptura,
2618 3937 2674 3983 et
2705 3940 2767 3982 se
2811 3933 3025 3995 coaptat
3081 3926 3263 3981 humili
3307 3927 3669 3997 intelligenti-

2088 4016 2428 4081 tardiorum,
2457 4029 2688 4084 quorum
2727 4013 2888 4084 longe
2935 4013 3106 4082 major
3141 4021 3226 4070 est
3273 4014 3582 4086 multitudo,
3614 4027 3669 4071 ut

2103 4103 2249 4160 dicat
2288 4104 2437 4174 quasi
2483 4118 2578 4174 per
2607 4102 2973 4172 penitentiam
3017 4102 3110 4160 Del
3138 4103 3310 4158 ablata
3338 4118 3401 4160 ea
3432 4119 3557 4173 qua
3584 4109 3666 4160 ist-

2097 4193 2308 4262 cipiunt
2326 4207 2468 4258 esse,
2498 4206 2670 4261 neque
2700 4201 3040 4261 perseverant
3069 4201 3321 4263 quantm
3349 4208 3660 4262 persevera.

456 4289 671 4358 ﬂagellis
703 4277 917 4358 peccata
965 4307 1137 4345 eorum
1155 4335 1172 4359 ,
1223 4304 1556 4349 verumtamen
1609 4295 2006 4350 misericordiam

2109 4294 2221 4338 tura
2258 4291 2466 4354 sperata
2511 4292 2672 4338 sunt:
2702 4281 2786 4338 cui
2833 4281 3009 4339 simile
3045 4289 3131 4340 est
3163 4280 3342 4340 'illud
3385 4286 3531 4355 quod
3574 4300 3659 4342 ae-

456 4395 620 4433 meum
647 4396 748 4446 non
786 4382 1013 4450 auferam
1041 4383 1102 4434 alr
1131 4385 1202 4437 eis
1239 4383 1410 4451 (Paul.
1437 4387 1711 4452 uxsvm).
1746 4385 1910 4438 Porro
1938 4400 2006 4440 ne
2103 4375 2280 4444 iluitur
2315 4390 2333 4430 :
2997 4437 2999 4439 ,

459 4466 729 4521 videretur
756 4467 809 4522 in
833 4482 898 4521 eo
927 4481 1046 4521 esse
1086 4467 1335 4534 crudelis,
1366 4469 1503 4537 quod
1538 4470 1886 4566 peccantibus
1927 4471 2004 4522 lo-
2038 4507 2086 4566 Β
2114 4556 2127 4566 .
2179 4466 2246 4566 Et
2278 4474 2439 4520 tactus
2474 4464 2649 4520 dolore
2680 4463 2846 4566 cordis
2873 4464 3440 4566 intrinseeasillelebo.
3479 4468 3660 4536 inquit,

459 4571 579 4611 cum
628 4559 949 4626 pmnitentiaé
993 4573 1098 4612 non
1147 4558 1382 4637 dedisset
1402 4598 1419 4623 ,
1467 4557 1660 4627 adjecit
1691 4576 1704 4611 :
1746 4557 2008 4626 Erantque
2040 4553 2079 4566 "
2106 4556 2355 4609 hominem
2384 4571 2530 4624 quem
2566 4555 2731 4608 creasti
2756 4569 2790 4606 a
2815 4553 2946 4623 faeie
2971 4563 3142 4619 teme,
3168 4553 3233 4606 ab
3261 4553 3466 4608 homine
3505 4571 3662 4622 usque

459 4647 566 4698 dies
591 4648 730 4702 illius
757 4659 953 4703 centum
990 4648 1162 4716 uiginti
1188 4662 1436 4700 annorum
1458 4645 1607 4717 (Gen.
1631 4645 1729 4714 rt),
1761 4645 1862 4700 hoc
1899 4653 2004 4708 est,

459 4732 727 4789 habebunt
771 4749 979 4791 centum
1022 4738 1204 4805 viginti
1235 4751 1404 4792 annos
1440 4736 1507 4791 ad
1536 4736 1791 4806 agendam
1839 4739 2010 4803 pmni-

462 4824 711 4889 tentiam;
762 4824 882 4891 quia
950 4840 1075 4880 vero
1132 4828 1485 4895 pmoitentiam
1557 4841 1713 4896 agere
1770 4832 2008 4879 contem-
2059 4857 2062 4860 ~

459 4922 697 4982 pscrum,
728 4912 908 4989 noluit
950 4913 1088 4970 Deus
1128 4924 1334 4983 tempus
1372 4925 1682 4985 exspectare
1709 4914 2003 4974 decretum,

456 5004 552 5059 sed
581 5003 760 5073 viginti
788 5018 1046 5058 annorum
1071 5004 1258 5072 spatiis
1295 5005 1595 5071 amputatis,
1640 5003 1843 5059 induxit
1869 5001 2006 5056 diluo

458 5097 600 5150 vium
657 5109 797 5150 anno
853 5095 1146 5150 centesimo
1200 5095 1414 5164 agenda:
1469 5095 1788 5164 penitentite
1839 5090 2007 5147 desti-

461 5198 523 5240 ιιι
531 5194 601 5239 ιο.
1237 5210 1240 5211 ⁷

528 5275 768 5346 Gigantes
793 5285 962 5330 autem
1001 5284 1146 5330 erant
1187 5290 1339 5343 super
1367 5283 1550 5328 terram
1585 5277 1638 5328 in
1685 5274 1857 5328 diebus
1881 5271 2003 5326 illis.

459 5365 709 5435 Gigantes
733 5367 859 5422 dicit
897 5365 1140 5421 homines
1184 5366 1456 5420 immensis
1497 5364 1806 5431 corporibus
1839 5363 2009 5418 editos

461 5470 524 5511 ac
553 5463 810 5524 potestate
839 5455 998 5509 nimia
1029 5451 1302 5524 prrditos,
1330 5455 1515 5524 qualos
1540 5455 1708 5510 ctiam
1729 5466 1848 5525 post
1871 5454 2007 5508 dilu-

527 5609 553 5638 ³
587 5601 694 5662 AL,
722 5599 809 5667 qui
831 5600 916 5660 ad
928 5600 1320 5661 distinctionem.

525 5669 552 5707 ι’
579 5672 778 5735 Quaest.
810 5669 859 5720 iti
891 5667 1026 5721 Gen.

467 5748 472 5802 ζ
529 5754 548 5776 ι·
583 5741 692 5806 AL,
728 5737 1016 5808 fragilitatis
1048 5745 1139 5790 cst.

2105 4645 2173 4696 ad
2197 4643 2495 4706 animantia,
2524 4659 2557 4696 a
2584 4641 2752 4714 γοριὲιὶ
2791 4658 2949 4710 usque
2973 4643 3042 4698 ad
3077 4642 3305 4697 uolucres
3329 4643 3476 4709 reti;
3503 4647 3663 4713 possi-

2105 4739 2173 4784 tet
2196 4732 2328 4785 enim
2353 4747 2433 4787 me
2460 4733 2633 4800 fecisse
2659 4747 2762 4786 eos.
2802 4730 3044 4786 Humano
3071 4731 3268 4786 etenim
3297 4746 3444 4786 more
3471 4731 3658 4787 dolere

2104 4821 2296 4875 dicitur
2331 4820 2491 4888 Deus,
2514 4836 2636 4876 cum
2677 4821 2921 4876 homines
2953 4835 3089 4891 quos
3125 4821 3240 4890 ipse
3275 4822 3476 4876 ereavit
3521 4821 3660 4876 busti

2106 4909 2282 4977 potius
2325 4910 2554 4977 maligno
2601 4908 2894 4977 peccando,
2939 4923 3098 4978 quam
3139 4908 3243 4964 sibi
3297 4907 3383 4978 pie
3426 4907 3660 4962 vivendo

2106 4983 2374 5052 adhaerere
2392 4997 2713 5062 consident,
2733 4997 2882 5066 iusta
2909 4997 3037 5053 illud
3051 4986 3358 5052 Salomonis
3380 5012 3394 5049 :
3423 4993 3494 5048 Et
3511 4995 3660 5052 dolor

2063 5095 2065 5097 ‘
2106 5085 2264 5154 patris
2307 5085 2442 5153 ﬁlius
2485 5088 2670 5140 stultus
2700 5086 2880 5157 (Prov.
2903 5101 3026 5150 sta,
3052 5084 3162 5154 i3).
3196 5083 3264 5138 Et
3302 5083 3538 5139 item:
3571 5083 3660 5141 Ira

2093 5174 2268 5244 patris
2295 5175 2432 5240 ﬁlius
2472 5175 2672 5240 stultas,
2698 5185 2746 5228 et
2787 5175 2935 5230 dolor
2972 5173 3148 5228 matris
3189 5185 3305 5237 qua
3345 5173 3521 5242 genuit
3545 5189 3659 5229 el-

2106 5262 2282 5333 (f‘rou.
2308 5279 2443 5331 aut,
2473 5264 2585 5334 2.3).
2613 5264 2763 5330 Quod
2807 5271 2982 5317 autem
3026 5261 3186 5314 etiam
3225 5260 3500 5316 interitum
3540 5276 3660 5316 om-

2106 5352 2252 5408 nium
2293 5352 2639 5409 animantium
2671 5363 3002 5408 temnon
3027 5349 3428 5421 voiatiliumque
3450 5351 3658 5407 denun-

2108 5445 2224 5510 tiat,
2251 5445 2664 5512 magnitudinem
2703 5441 2890 5497 fotum
2929 5439 3093 5498 cladis
3127 5438 3315 5498 elatus
3334 5454 3357 5496 :
3386 5453 3511 5497 ua-
3539 5437 3657 5496 alio

2178 5595 2205 5633 ⁴
2233 5593 2341 5659 AL,
2364 5595 2493 5648 illud
2519 5596 2572 5647 in
2606 5594 2840 5649 Domino.

2179 5674 2204 5733 ξ
2237 5664 2344 5724 Ais.
2369 5664 2639 5733 significat.

2184 5731 2205 5772 ί
2238 5734 2348 5800 AL,
2370 5731 2430 5788 et
2447 5734 2595 5788 illud.
