3866 6248
132 401 205 455 83
1371 380 1703 439 ΠΕΧΛΕΜΕ

1806 378 1846 434 .‘i
1888 376 2017 434 LIB.
2059 376 2123 431 li.
3290 365 3359 423 86
3475 369 3482 375 ’

131 511 400 568 mantibns
430 506 651 562 rationis
675 503 1001 574 expertibus,
1043 509 1296 572 tanquam
1333 508 1388 554 et
1427 498 1540 567 ipsa
1577 509 1694 565 pcc-
1729 495 1774 556 Α
1808 491 2087 546 manifeste
2115 505 2238 543 areu
2271 489 2582 551 Eeclesiun,
2617 485 2728 541 Noe
2756 485 3036 540 Dotniuuut
3063 485 3150 554 qui
3181 485 3358 540 Eccle.

129 600 388 663 t-nvetint,
416 599 644 654 minatur
673 595 918 652 exitium.

208 691 306 746 ille
332 689 672 760 generationes
704 685 840 740 Noe.
886 683 1001 739 Noe
1028 683 1104 737 uir
1132 682 1295 749 iustus
1339 687 1488 748 atque
1531 675 1699 744 perfe-

131 794 241 837 ctus
265 783 367 848 fuit
395 781 450 834 in
475 776 878 850 generationibus
919 774 1046 837 suis,
1089 788 1204 827 cunt
1250 769 1358 825 Deo
1403 764 1698 822 ambulavit.

132 873 329 927 Eadem
372 849 532 926 laude
558 868 670 923 Noe
698 880 801 936 qua
844 864 1024 919 Enocb
1072 861 1412 933 prmdieatur,
1439 849 1700 913 videlicet

130 961 273 1030 quod
295 958 490 1016 divinas
512 957 730 1026 vestigia
747 955 998 1023 jussionis
1020 953 1179 1010 rectis
1197 965 1417 1022 operum
1440 950 1699 1003 bonorum

130 1052 403 1121 gressibus
426 1057 640 1104 secutus
667 1047 758 1115 sit,
781 1055 943 1116 atque
973 1044 1096 1099 ideo
1121 1043 1322 1098 mundo
1349 1039 1586 1110 perituro
1612 1036 1702 1092 ille

131 1145 186 1198 in
233 1140 536 1213 paradisum
584 1139 911 1204 translatus;
957 1136 1060 1192 iste
1106 1121 1306 1190 mundo
1351 1138 1603 1217 pereunte
1648 1127 1700 1183 in

129 1248 253 1287 area
284 1233 518 1285 salvatus
538 1239 637 1285 est.
666 1228 849 1284 Justus
871 1235 1048 1281 autem
1075 1233 1234 1293 atque
1263 1221 1528 1292 perfectus
1550 1228 1574 1254 ⁸
1603 1217 1704 1271 luit

130 1324 266 1390 Noe,
294 1335 398 1376 non
426 1321 562 1376 sicut
590 1315 898 1390 perilciendi
934 1324 1055 1371 sunt
1087 1311 1256 1368 sancti
1287 1311 1338 1366 in
1367 1309 1451 1364 illa
1485 1308 1703 1362 immor-

129 1409 334 1466 talitate
375 1424 475 1477 qua
513 1406 866 1477 mquabuotur
907 1403 1108 1474 angelis
1142 1401 1256 1470 Dei,
1287 1398 1380 1455 sed
1407 1398 1545 1454 sicut
1583 1409 1703 1450 esse

127 1506 357 1568 possunt
381 1498 432 1549 in
461 1495 560 1552 hac
589 1492 1018 1565 peregrinatione
1058 1489 1310 1560 perfecti;
1335 1496 1393 1542 et
1421 1493 1700 1555 propterea

126 1585 432 1658 adjungitur
451 1586 506 1638 in
535 1582 939 1653 generationibus
964 1580 1091 1648 suis,
1113 1587 1170 1634 ut
1197 1577 1527 1649 signiﬁcetur
1549 1589 1695 1639 cum,

128 1691 238 1731 non
264 1676 416 1744 juxta
459 1675 722 1746 justitiam
752 1680 1196 1736 consummatam,
1227 1669 1321 1725 sed
1355 1668 1511 1739 juxta
1540 1680 1702 1738 gene-

131 1765 401 1819 rationem
448 1778 664 1819 suarum
701 1763 904 1832 justum
935 1761 1110 1832 luisse
1149 1761 1438 1831 justitiam,
1487 1758 1694 1813 illarum

1800 583 1931 636 siam
1963 582 2014 634 in
2043 579 2242 635 sanctis
2279 579 2388 632 suis
2413 588 2436 616 ο
2468 578 2721 642 mdilicat,
2754 577 3013 632 diluvium
3056 576 3213 632 ﬂuctu
3259 594 3358 632 δίει

1799 672 1900 726 culi
1934 672 2016 727 vel
2041 670 2296 740 judicium
2333 667 2350 707 ι
2383 669 2627 740 designat
2653 678 2973 724 extremum.
3021 666 3211 722 Verum
3250 683 3354 722 ex-

1800 769 1951 831 cepta
1990 764 2128 816 arere
2159 760 2384 828 fabrica,
2417 762 2576 816 etiam
2625 761 2677 816 in
2708 775 2774 816 eo
2801 759 2937 826 Noe,
2982 761 3105 830 quia
3149 760 3361 830 requies

1801 850 2213 921 interpretatur.
2246 862 2302 907 et
2346 851 2583 922 requiem
2627 851 2848 906 daturus
2894 851 3201 906 hominibus
3247 850 3360 906 sive

1800 941 2192 1005 consolaturus,
2224 941 2614 1011 praesagabatur
2639 941 2878 998 homines
2897 942 2963 994 ab
2984 941 3235 1009 operibus
3261 950 3285 988 It
3305 951 3359 994 et

1802 1029 2073 1084 laboribus
2117 1046 2368 1085 manuum
2415 1044 2633 1087 suarum
2662 1032 2958 1102 quiescere,
2997 1032 3050 1087 iu
3101 1042 3243 1086 terra
3271 1033 3359 1086 cui

1801 1119 2073 1176 maledixit
2102 1119 2375 1186 Dominus,
2408 1120 2618 1176 Domini
2647 1121 2938 1178 Salvatoris
2968 1120 3250 1192 imaginem
3275 1132 3356 1178 te-

1802 1218 1912 1263 net.
1959 1208 2074 1278 Ipse
2100 1209 2241 1266 enim
2266 1207 2294 1248 ιι
2323 1210 2629 1266 consolatur
2676 1228 2776 1268 nos
2817 1226 2911 1280 per
2955 1196 3360 1269 illustrationctu

1799 1303 2026 1373 Spiritus
2051 1306 2156 1371 sui,
2178 1308 2267 1375 qui
2300 1316 2576 1376 propterea
2614 1307 2936 1374 Paraclettts,
2964 1306 3014 1361 id
3046 1317 3148 1373 est,
3173 1322 3366 1362 conso~

1803 1396 1960 1464 lator,
1988 1408 2229 1454 vocatur.
2265 1400 2380 1469 Ipse
2416 1399 2611 1468 eripuit
2653 1414 2750 1455 nos
2798 1398 2867 1455 de
2894 1398 3174 1454 maledicto
3210 1398 3360 1466 legis,

1803 1487 1972 1543 iactus
2001 1505 2096 1558 pro
2121 1490 2274 1545 nobis
2318 1489 2681 1546 maledictum.
2714 1490 2830 1561 ipse
2857 1500 3009 1546 vocat
3033 1491 3100 1544 ad
3127 1488 3364 1558 requiem

1803 1579 2104 1634 laborantes
2138 1597 2152 1633 :
2193 1579 2387 1646 Venite,
2422 1580 2686 1650 inquiens,
2712 1579 2780 1633 ad
2801 1595 2879 1634 tne
2918 1595 3089 1634 omnes
3113 1579 3197 1650 qui
3227 1578 3368 1632 labo-

1801 1671 1926 1726 ratis
1953 1679 2000 1726 et
2024 1672 2218 1726 onerati
2238 1672 2382 1739 estis,
2402 1681 2448 1726 et
2477 1687 2568 1742 ego
2595 1672 2818 1741 reﬁciant
2845 1687 2948 1726 eos.
2979 1670 3164 1726 Tollite
3178 1673 3364 1742 iugum

1800 1780 1966 1819 meum
1987 1780 2139 1835 super
2161 1780 2269 1832 sos,
2296 1773 2342 1818 et
2371 1764 2546 1818 discite
2569 1763 2583 1802 ί
2611 1781 2642 1818 a
2668 1781 2746 1820 tne
2770 1766 2886 1834 quia
2915 1765 3047 1819 utilis
3067 1781 3180 1818 sunt
3205 1772 3251 1817 et
3271 1761 3370 1817 ltu-

129 1854 380 1910 videiicct
405 1854 802 1922 generationum
827 1853 880 1908 io
909 1853 1099 1923 quibus
1129 1851 1284 1917 Seth,
1318 1851 1484 1916 Eoos,
1516 1848 1696 1905 Enocb
1729 1845 1774 1906 Β
1802 1852 1940 1907 utilis
1987 1853 2162 1916 corde,
2213 1863 2261 1906 et
2307 1854 2568 1908 invenietis
2613 1855 2832 1925 requiem
2881 1854 3146 1910 animabus
3193 1855 3368 1909 reatris

124 1953 184 1996 et
211 1943 390 1998 caeteri
417 1941 556 1996 illius
586 1941 838 2010 temporis
866 1942 960 1996 viri
985 1939 1154 1995 sancti
1179 1954 1242 1994 ac
1269 1937 1490 2009 perfecti
1521 1937 1695 1994 l’uere.

128 2031 212 2085 Ad
240 2045 374 2101 quas
408 2031 780 2099 generationes
809 2032 969 2085 etiam
1013 2028 1151 2085 ﬁlios
1189 2029 1307 2097 ejus
1350 2029 1472 2083 Sem
1511 2035 1568 2082 et
1607 2027 1699 2082 Ja-

135 2124 301 2192 pltetlt
350 2121 619 2199 pertinere
663 2135 895 2190 sequens
940 2129 1142 2175 sanctze
1190 2119 1479 2188 Scriptura:
1521 2125 1701 2172 textus

201 2304 427 2375 Cumque
470 2302 672 2357 uidisset
702 2299 840 2356 Deus
869 2307 1056 2356 terram
1085 2316 1194 2356 esse
1219 2309 1510 2370 corruptam
1536 2313 1556 2354 :
1583 2315 1700 2353 ont-

130 2398 211 2450 uis
240 2398 436 2467 quippe
481 2410 602 2448 caro
644 2403 940 2461 corruperat
985 2393 1116 2446 viain
1163 2407 1328 2446 suam.
1368 2391 1553 2446 Omnis
1579 2404 1704 2446 caro

131 2485 310 2541 omnis
357 2486 520 2540 bomo
562 2482 952 2553 dicitur.juxta
997 2480 1124 2536 illud
1171 2484 1484 2553 propbetze:
1515 2479 1582 2534 Et
1629 2481 1701 2532 τε.

133 2578 271 2631 tlebit
301 2576 465 2630 omnis
493 2591 612 2630 caro
637 2574 865 2629 salutare
898 2573 998 2627 Dei
1023 2573 1177 2640 (Luc.
1201 2589 1280 2641 ιιι,
1309 2573 1386 2644 ϐ).
1418 2573 1531 2628 Νοιι
1560 2573 1702 2628 enim

133 2668 384 2722 volucres
423 2673 512 2720 aut
536 2664 899 2733 quadrupedia
936 2663 1072 2716 viam
1101 2678 1251 2717 suam
1283 2662 1551 2732 peccando
1578 2677 1704 2718 cor-

141 2764 421 2826 ruperant,
451 2755 588 2808 sicut
634 2767 733 2808 nec
776 2753 863 2806 illa
911 2753 1156 2808 Salutare
1200 2752 1292 2808 Dei
1322 2751 1511 2820 nostri,
1545 2752 1596 2806 id
1624 2759 1708 2807 est

132 2849 428 2913 Christum,
451 2845 543 2901 sed
574 2844 819 2901 omnibus
848 2847 1008 2897 homo
1034 2843 1252 2898 videbit.

206 2940 353 2996 Dixit
381 2939 449 2993 ad
485 2938 647 2994 Noe:
678 2936 825 2992 Finis
849 2937 1094 2992 uniuersis
1133 2935 1304 2990 carnis
1346 2933 1480 2988 venit
1532 2947 1705 2986 coram

134 3050 237 3098 tne,
277 3033 472 3100 repleta
498 3040 571 3086 est
592 3039 726 3084 terra
755 3030 1020 3097 iniquitate
1045 3027 1072 3067 δ
1103 3045 1133 3080 a
1160 3028 1292 3098 facis
1313 3041 1512 3089 eorum,
1534 3033 1583 3079 et
1609 3039 1702 3094 ego

133 3120 428 3190 disperdatn
444 3135 528 3175 eos
549 3134 666 3173 cunt
693 3127 851 3172 terra.
871 3114 978 3172 Fac
999 3117 1085 3171 tibi
1108 3133 1278 3171 arcam
1307 3116 1371 3169 de
1399 3114 1550 3185 lignis
1573 3113 1703 3168 lavi-

1808 1940 2028 2014 (llattlt.
2061 1957 2136 2007 st,
2161 1943 2270 2014 28).
2307 1944 2422 2014 Ipse
2445 1945 2704 2003 veraciter
2738 1945 2790 2002 iu
2834 1945 3282 2016 generationibus,
3315 1946 3366 1999 id

1804 2043 1910 2100 est,
1937 2034 1990 2089 in
2022 2035 2168 2089 omni
2199 2045 2498 2090 sanctorum
2530 2037 2946 2107 congregatione
2972 2035 3117 2092 solus
3139 2049 3233 2105 per
3251 2049 3368 2089 out-

1803 2121 1890 2176 nia
1923 2122 2006 2177 vir
2026 2123 2205 2191 justus
2233 2133 2390 2193 atque
2426 2125 2690 2194 perfectus
2718 2125 2831 2189 iuit,
2858 2134 2915 2179 ut
2939 2133 3064 2195 pote
3091 2126 3211 2194 quia
3242 2139 3364 2193 pcr-

1802 2219 1977 2265 catum
2004 2226 2109 2266 non
2139 2212 2283 2275 iecit,
2331 2227 2427 2268 nec
2458 2214 2703 2268 inventus
2730 2223 2812 2270 est
2837 2214 2992 2269 dolus
3021 2215 3072 2269 iu
3099 2229 3193 2270 ore
3221 2213 3356 2283 ejus.

1807 2300 1964 2356 Juxta
1992 2302 2153 2357 aiiam
2185 2317 2312 2358 vero
2339 2302 2826 2372 interpretationem
2855 2319 3005 2374 aeque
3035 2305 3172 2374 piam
3200 2317 3251 2360 et
3277 2320 3337 2360 ca
3355 2338 3394 2373 -,

1808 2392 2079 2459 tholicam,
2105 2407 2226 2448 arca
2259 2394 2572 2459 Ecclesiatn.
2595 2393 2851 2450 diluvium
2877 2409 3069 2465 aquam
3089 2395 3387 2464 baplismi,’

1805 2500 1909 2554 qtta
1941 2485 2052 2554 ipsa
2084 2483 2319 2539 Ecclesia
2361 2487 2413 2539 in
2443 2483 2644 2540 cunctis
2685 2485 2798 2539 suis
2839 2484 3092 2540 membris
3133 2483 3365 2540 abluitur

1806 2583 1858 2628 et
1883 2572 2241 2629 sanctificatur
2269 2573 2547 2642 signiticet,
2576 2573 2724 2642 juxta
2754 2573 2895 2642 quod
2926 2573 3115 2629 Petrus
3139 2583 3366 2644 aposto-

1809 2663 1893 2719 lus
1936 2679 2212 2732 expouens
2240 2665 2312 2718 ait
2341 2683 2354 2716 :
2391 2665 2606 2730 Quando
2638 2648 2962 2736 exspectabat
3003 2663 3096 2719 Dei
3126 2665 3368 2734 patientia

1807 2757 1859 2809 in
1889 2757 2062 2812 diebus
2089 2757 2201 2812 Noe
2228 2774 2341 2810 cunt
2369 2758 2704 2825 fabricantur
2728 2773 2868 2822 arca,
2899 2757 2951 2809 in
2988 2773 3086 2824 qua
3112 2757 3282 2825 pauci,
3315 2757 3367 2809 id

1805 2858 1896 2913 est,
1927 2859 2038 2904 octo
2075 2851 2259 2903 anima:
2285 2851 2437 2904 saltm
2463 2850 2612 2919 facta
2655 2859 2771 2902 sunt
2799 2864 2887 2916 per
2924 2864 3128 2916 aquam,
3160 2850 3294 2916 quod
3321 2859 3366 2900 et

1804 2955 1893 2994 vos
1929 2957 2065 2994 nunc
2087 2941 2267 2995 similis
2287 2945 2466 3010 {arma
2489 2942 2654 2994 salsos
2677 2941 2799 3009 facit
2827 2940 3097 3009 baptism,
3126 2956 3224 2992 non
3254 2957 3367 2992 cur-

1806 3029 1884 3082 nis
1910 3029 2158 3097 depositio
2185 3029 2431 3094 sordium,
2459 3029 2549 3082 sed
2574 3028 2892 3081 conscientia.-
2917 3027 3060 3081 bonte
3087 3029 3367 3097 interroga-

1807 3120 1877 3172 tio
1905 3119 1920 3168 l
1959 3119 2011 3172 in
2033 3117 2196 3173 Deum
2225 3135 2314 3188 per
2331 3121 2743 3173 resurrectionem
2768 3115 2893 3172 Iesu
2924 3116 3112 3172 Christi
3134 3118 3187 3188 (l
3221 3116 3366 3174 Petr.

137 3179 296 3282 giliis,
317 3219 423 3265 etc.
447 3208 770 3265 lultiiorme
809 3208 864 3262 in
895 3206 1094 3263 fabrica
1121 3221 1259 3261 arcte
1287 3221 1352 3260 ac
1377 3179 1702 3274 superventu

1809 3210 2048 3280 ttt,20).
2082 3179 2237 3280 Quod
2281 3221 2457 3268 autem
2502 3212 2577 3266 ait
2619 3227 2713 3282 per
2755 3179 3197 3266 resurrectionem
3243 3210 3366 3264 l.su

135 3302 332 3358 diluvii
373 3299 680 3358 continetur
709 3301 1041 3372 mysterium.
1071 3300 1251 3355 Primo
1276 3297 1492 3369 quidem
1537 3295 1704 3364 quod,

137 3397 276 3452 sicut
305 3395 564 3452 Dominus
591 3394 706 3464 ipse
727 3393 962 3450 ostendit
988 3407 1085 3463 per
1108 3391 1504 3447 inundationem
1524 3388 1705 3443 diluvii

136 3484 492 3553 repentinam,
535 3483 824 3552 improvisa
853 3481 1130 3538 novissimi
1154 3481 1421 3537 examinis
1453 3481 1582 3533 liora
1613 3476 1706 3533 de-

136 3575 378 3643 signatur
406 3590 419 3626 :
451 3570 516 3624 Et
541 3571 672 3625 sicut
698 3572 891 3639 [actum
937 3582 1029 3633 est,
1061 3572 1247 3640 inquit,
1287 3572 1338 3624 itt
1365 3569 1540 3622 diebus
1570 3565 1704 3633 Noe,

136 3665 208 3714 ita
236 3659 334 3716 erit
359 3669 407 3715 et
453 3661 505 3714 in
536 3660 622 3714 die
658 3659 784 3714 Filii
812 3660 1052 3714 hominis.
1085 3661 1316 3714 Edebant
1360 3669 1408 3712 et
1454 3657 1705 3718 bibebant,

142 3766 330 3803 uxores
353 3748 620 3814 ducebant,
650 3757 695 3802 et
714 3750 970 3802 dabantur
988 3751 1056 3801 ad
1084 3750 1287 3815 nuptias
1315 3763 1471 3816 usque
1495 3746 1549 3799 in
1573 3746 1704 3798 diem

137 3859 236 3908 qua
265 3838 471 3893 intrauit
501 3836 618 3891 Noe
643 3838 698 3890 in
720 3853 914 3892 arcam.
939 3836 1006 3891 Et
1037 3839 1166 3891 venit
1195 3837 1440 3890 dilue-iant
1465 3844 1513 3888 et
1538 3832 1709 3905 perdi-

138 3933 213 3985 dit
242 3947 415 3985 ontnes
446 3929 659 4002 (Matth.
689 3945 850 3994 xstv,
879 3931 990 3999 38).
1045 3928 1343 3984 Fabricatio
1382 3928 1524 3982 enim
1570 3940 1708 3980 arcae

1807 3303 2008 3359 Cbristi
2038 3319 2135 3360 nos
2157 3319 2275 3360 esse
2299 3303 2352 3359 in
2379 3304 2695 3373 baptismate
2732 3304 2983 3369 salvatus,
3016 3301 3245 3355 breviter
3273 3316 3369 3354 ex-

1809 3397 1957 3467 ponit
1987 3399 2013 3436 ιι
2037 3397 2161 3466 quid
2209 3408 2331 3455 octo
2357 3399 2651 3454 animarum
2681 3413 2798 3468 qua
2845 3398 3006 3453 salve
3049 3396 3200 3450 iactae
3244 3403 3370 3447 sunt

1807 3506 1903 3561 per
1929 3505 2120 3559 aquam
2149 3506 2397 3546 numerus
2427 3489 2647 3559 mystice
2670 3488 2949 3557 designet.
2981 3487 3100 3542 Dies
3156 3486 3354 3540 etenim

1809 3582 2094 3635 dominica:
2124 3578 2523 3634 resurrectionis
2549 3593 2578 3631 a
2609 3578 2695 3633 die
2722 3578 2936 3648 quidem
2964 3577 3223 3646 passionis
3250 3576 3365 3643 ejus

1808 3670 2023 3736 tertius,
2048 3668 2142 3723 scd
2169 3683 2198 3722 a
2221 3669 2304 3724 die
2337 3669 2520 3738 prima:
2546 3669 2862 3726 conditionis
2889 3679 3106 3724 octavus
3131 3676 3231 3724 est.
3257 3667 3366 3724 Un-

1809 3760 1905 3816 das
1929 3776 2138 3831 quoque
2166 3759 2348 3816 diluvii
2390 3761 2626 3816 nonnulli
2655 3761 2868 3817 Patrum
2896 3775 3039 3830 stepc
3066 3775 3224 3828 super
3251 3767 3364 3814 ten-

1812 3851 2098 3907 Iationibus
2127 3850 2286 3922 hujus
2312 3853 2489 3908 smculi
2514 3852 2946 3922 interpretantur,
2966 3851 3159 3919 quibus
3179 3861 3360 3904 sancta

1815 3943 2050 3998 Ecclesia
2107 3944 2343 4014 quotidie
2389 3944 2654 4014 pulsatur,
2696 3959 2795 3999 nec
2843 3953 3015 3997 tamen
3051 3950 3365 4011 superatur,

141 4038 258 4091 quae
291 4036 385 4089 per
413 4032 628 4076 centum
658 4036 831 4077 annos
857 4021 1130 4092 agebatur,
1162 4019 1468 4075 universum
1500 4027 1703 4088 tempus

1811 4034 1937 4100 quin
1963 4034 2135 4101 potius
2163 4035 2272 4102 ipsa
2301 4033 2675 4090 tentationibus
2700 4031 2718 4073 ι
2756 4034 2986 4090 exercita
3017 4032 3182 4103 magis
3201 4049 3230 4086 a
3263 4041 3363 4086 ter-

135 4112 402 4181 signiiicat
426 4111 582 4180 ltujus
607 4111 822 4178 seculi,
852 4127 958 4182 quo
984 4121 1038 4166 et
1063 4110 1302 4167 Ecclesia
1346 4117 1533 4166 sancta
1579 4123 1711 4162 con-

143 4203 388 4267 struitur,
417 4211 578 4270 atque
605 4203 672 4256 ad
713 4201 873 4257 linem
911 4202 1201 4272 perfectum
1231 4201 1534 4258 deducitur.
1569 4198 1706 4253 Nulli

1814 4121 1961 4176 renis
1991 4121 2368 4192 cupiditatibus
2394 4122 2446 4177 in
2472 4123 2708 4178 cmlestia
2733 4123 3016 4191 qumreuda
3046 4121 3360 4178 sustollitur.

1810 4210 2072 4279 Quidquid
2100 4225 2227 4265 vero
2257 4221 2404 4264 extra
2433 4213 2574 4264 illuni
2605 4220 2707 4278 est,
2751 4211 2951 4265 eisdem
2980 4210 3164 4264 mundi
3192 4217 3362 4263 lenta-

141 4292 284 4345 enim
310 4287 531 4344 dubium
566 4299 589 4328 ι
621 4291 747 4358 quin
778 4303 1029 4353 numerus
1056 4291 1396 4345 centenarius
1423 4285 1711 4359 periectio-
1813 4301 2044 4354 ιίυηίιιυο
2071 4309 2307 4365 necatur,
2338 4301 2778 4370 quemadmodum
2805 4301 2997 4354 dicitur
3019 4300 3161 4369 (μιοά
3187 4300 3368 4355 mum-

140 4393 262 4431 nem
285 4375 314 4414 ἀ
342 4377 624 4447 signiﬁcet,
647 4377 731 4432 vel
757 4377 881 4446 quia
909 4378 1096 4434 decem
1122 4378 1410 4434 decadibus
1435 4377 1707 4449 impletur,

1812 4388 2019 4460 plicatae
2044 4403 2108 4444 ac
2133 4388 2475 4445 vehementer
2497 4389 2813 4446 inundantes
2838 4403 2988 4459 aqua
3014 4389 3065 4442 in
3087 4389 3367 4456 superileie

140 4469 224 4524 vel
270 4467 395 4538 quia
421 4469 488 4522 de
515 4467 730 4522 sinistra
761 4470 950 4524 transit
987 4470 1042 4524 in
1071 4470 1337 4535 dextram,
1374 4467 1517 4523 velut
1560 4466 1703 4522 illam

1813 4488 1971 4535 terra:
1994 4494 2168 4536 aream
2195 4480 2408 4551 quidem
2439 4480 2768 4537 clevaveriut
2797 4480 2849 4534 in
2877 4479 3101 4534 sublime
3129 4493 3158 4532 a
3186 4490 3324 4533 tetra
3348 4497 3363 4542 ;

143 4557 450 4626 exprimens
477 4558 762 4623 actionem,
787 4573 907 4626 quae
935 4556 988 4612 in
1021 4557 1120 4614 hac
1159 4558 1373 4628 quidem
1418 4557 1526 4611 vita
1552 4556 1702 4624 quasi

1810 4570 2060 4643 quidquid
2088 4586 2215 4628 vero
2252 4581 2400 4626 extra
2429 4587 2609 4627 arcam
2648 4571 2747 4626 iuit
2770 4569 3112 4640 perdiderint.
3144 4568 3240 4624 Cui
3271 4583 3365 4625 cx-

144 4647 196 4698 iu
228 4647 358 4699 laeva
378 4657 707 4707 exerceatur,
729 4646 825 4700 sed
849 4647 902 4700 in
927 4647 1031 4700 vita
1059 4648 1229 4701 futura
1260 4648 1402 4702 velut
1417 4647 1469 4700 in
1486 4644 1705 4699 dextera

140 4743 505 4788 consumetur.
538 4732 688 4788 Sicut
712 4743 889 4790 autem
923 4736 1057 4789 facta
1078 4749 1223 4800 arca,
1248 4746 1304 4790 et
1326 4734 1485 4790 illatis
1514 4735 1566 4789 in
1587 4749 1704 4788 eam

141 4824 387 4896 omnibus
412 4838 533 4893 qua:
556 4834 707 4878 erant
737 4824 1008 4889 salvanda,
1035 4825 1180 4879 venit
1204 4823 1488 4888 diluvium,
1514 4834 1566 4878 et
1588 4823 1709 4879 tulit

143 4915 320 4968 omnia
363 4928 482 4983 qua
526 4924 677 4969 extra
730 4928 846 4969 eam
891 4925 1080 4979 erant;
1132 4915 1210 4969 sic
1261 4913 1349 4968 ubi
1390 4927 1579 4969 omnes
1621 4913 1708 4980 qui

147 5002 490 5074 pravordinati
510 5013 634 5059 sunt
660 5003 726 5057 ad
750 5004 910 5058 vitam
935 5013 1190 5061 eternam
1222 5003 1515 5060 Ecclesium
1547 5005 1710 5058 intra-

147 5095 343 5160 verint,
363 5093 546 5149 veniet
569 5093 688 5148 linis
723 5093 926 5160 mundi,
950 5103 1004 5149 et
1033 5093 1276 5163 peribunt
1300 5108 1487 5148 omnes
1507 5094 1596 5162 qni
1617 5108 1707 5148 ex-

150 5191 228 5236 tra
261 5183 554 5238 Ecclesium
585 5183 785 5240 iuerint
811 5185 1042 5250 inventi;
1070 5192 1124 5240 et
1151 5184 1294 5254 juxta
1325 5184 1466 5239 ltuue
1493 5198 1706 5239 sensum

221 5340 248 5370 ι
282 5330 394 5396 ΑΙ..
418 5343 510 5388 est.

216 5397 243 5435 ³⁸
278 5400 364 5472 Al.
388 5403 538 5472 deest
558 5418 591 5454 a
617 5403 766 5472 facie.

221 5481 243 5536 ς
271 5470 380 5528 ΑΙ..
407 5471 550 5536 quia.
597 5483 600 5487 ·

217 5535 246 5611 ξ
420 5535 659 5611 designat
683 5541 819 5605 ,'al.,
842 5541 1119 5611 signiﬁcat.

225 5609 250 5674 ξ
279 5607 389 5671 AL,
416 5606 716 5674 cdiﬁcaoit.

229 5668 246 5705 ¹
281 5668 389 5740 AL,
419 5668 604 5745 signat.

227 5746 252 5784 ⁸
283 5747 364 5802 ΑΙ.
397 5746 545 5801 deest
566 5755 612 5800 et
645 5747 912 5802 laboribus.

1809 4661 2057 4731 positioni
2109 4662 2356 4718 convenit
2401 4661 2487 4715 illa
2529 4660 2737 4729 Domini
2777 4660 2843 4714 de
2890 4657 3093 4714 duabus
3121 4657 3368 4714 domibus

1810 4754 2080 4822 parabola,
2116 4767 2216 4807 una
2237 4767 2396 4820 supra
2423 4760 2646 4819 petram,
2669 4750 2770 4803 alia
2800 4764 2960 4817 super
2983 4763 3200 4806 arenam
3233 4750 3362 4804 mdi-

1809 4842 1994 4908 licata;
2023 4858 2140 4910 qua:
2160 4855 2282 4894 cum
2305 4838 2579 4907 aequaliter
2607 4839 2799 4908 pluvia,
2838 4841 3012 4897 ventis
3048 4850 3104 4895 ct
3143 4841 3369 4895 ilutnini-

1811 4932 1909 4987 bus
1931 4939 2109 4987 essent
2136 4929 2374 4999 pulsatae,
2403 4929 2492 4983 illa
2525 4944 2644 5000 qua:
2668 4945 2828 5001 super
2852 4941 3054 5005 petram
3094 4929 3214 4985 iidei
3245 4929 3361 4984 iuu-

1808 5024 1929 5077 data
1948 5029 2083 5086 erat,
2125 5019 2500 5074 tentatiouibus
2529 5020 2784 5090 probata;
2811 5035 2931 5091 qua
2955 5035 3083 5074 vero
3115 5020 3166 5072 iu
3195 5017 3360 5072 cadu-

1808 5113 1888 5168 cis
1919 5113 2040 5166 vitae
2068 5110 2223 5177 hujus
2243 5109 2683 5167 delectationibus
2716 5112 2860 5166 velut
2901 5112 2954 5165 in
2997 5111 3172 5166 arenis
3211 5123 3360 5176 spent

1810 5212 2077 5276 posuerat,
2100 5203 2408 5260 labefactata
2430 5213 2529 5259 est.
2546 5204 2697 5272 Quod
2709 5203 2849 5260 enim
2873 5211 2910 5239 ι·
2931 5203 2981 5256 in
3002 5215 3120 5256 arca
3137 5207 3367 5256 structor

1828 5381 1833 5386 ν
1882 5355 1908 5394 Ι·
1942 5354 2050 5417 ΑΙ..
2078 5358 2440 5416 consolabitur.

1889 5426 1901 5463 ί
1940 5424 2023 5478 AL
2052 5423 2204 5480 deest
2229 5444 2261 5480 a
2286 5445 2382 5484 tne.

1889 5496 1900 5543 i
1942 5497 2048 5556 AL,
2074 5495 2126 5548 in
2155 5495 2282 5550 Deo.

1885 5563 1908 5635 if
2065 5564 2288 5630 (μοι...
2314 5565 2567 5635 designat.

1893 5629 1907 5670 ¹
1937 5633 2045 5693 AL.
2067 5629 2361 5687 exercitata.

1887 5711 1927 5742 α
1951 5702 2060 5772 AL,
2083 5702 2354 5769 instructor
2378 5704 2430 5759 in
2450 5720 2568 5760 arca
2595 5719 2654 5760 ac
2682 5713 2843 5785 rector
2869 5701 3004 5762 Noe.
