3866 6248
473 392 540 448 87
967 395 1164 451 ΒΕΒΑΞ
1208 396 1658 452 VENERABIIJS
1696 394 1976 452 OPERUM
2020 393 2194 450 ΡΑιιδ
2235 394 2299 448 ll.
2331 426 2394 436 --
2431 394 2812 451 ιελιειλιςτιιῑΑ
2857 397 3173 454 (εεΝωΝΑ.
3625 407 3686 462 88

469 506 600 570 Noe,
635 506 807 560 hocin
837 507 993 559 domn
1019 507 1138 561 fidei
1167 507 1564 562 fundamentum
1594 517 1772 575 petra;
1802 503 2017 574 etquod
2049 506 2096 562 Α
2127 511 2215 554 ῑιιι·
2260 514 2433 556 alii?!"
2485 520 2605 558 arca
2638 506 2955 562 intrinsecus
3002 521 3055 563 el
3098 510 3459 578 ειῑτῖΰεεευεν
3511 528 3565 571 et
3612 533 3686 574 su:

467 608 614 651 extra
639 613 812 651 arcam
834 608 1076 666 corrupta
1100 599 1366 667 gigantum
1390 615 1542 654 mens
1566 609 1722 668 atque
1745 599 1795 652 in
1819 607 2016 652 terram

469 687 739 753 proclivis,
785 688 882 741 huc
913 689 963 741 in
1004 689 1162 743 domo
1209 689 1440 757 perlidia:
1480 698 1726 758 coitgesta
1771 687 2019 756 exprimit

466 791 647 831 arena.
678 777 925 847 Designet
964 794 1090 847 ergo
1117 795 1237 833 arca
1271 779 1594 844 Ecclesiam,
1623 778 1862 848 designet
1883 778 2018 832 dilu-

466 868 605 920 vium
639 867 835 922 fontem
869 868 1108 938 baptismi
1136 883 1242 938 quo
1279 868 1527 934 abluitur,
1552 869 1794 939 designet
1825 870 2016 924 tinctus

466 955 647 1010 tuundi
676 959 929 1012 tentant'ts
973 959 1161 1025 quibus
1208 960 1475 1027 probatur,
1503 959 1744 1030 designet
1774 961 1931 1016 finem
1960 961 2015 1014 itt

464 1060 569 1110 quo
595 1058 901 1101 coronatur.
932 1047 1099 1102 Porro
1125 1047 1233 1104 Noe
1264 1049 1543 1104 fabricator
1563 1065 1702 1105 arcte
1729 1050 1812 1105 vel
1842 1050 2014 1119 ipsum

467 1133 742 1191 Dominum
766 1151 830 1191 ac
855 1136 1184 1193 Salvatorem
1214 1149 1452 1194 nostrum
1480 1140 1556 1194 vel
1590 1155 2016 1209 unumquemque

462 1223 712 1277 devotum
741 1224 977 1294 eiusdem
1004 1237 1200 1283 sanctae
1245 1228 1496 1284 Ecclesia:
1535 1238 1794 1286 rectorem
1837 1231 2017 1300 typice
2058 1270 2060 1272 τ

460 1313 755 1370 denuntiat.

533 1405 641 1459 Fac
662 1409 770 1476 tibi,
787 1409 1150 1480 inquit,arcam
1170 1410 1234 1463 de
1252 1410 1402 1480 lignis
1427 1411 1688 1481 (attigatis.
1708 1412 1821 1468 Non
1844 1415 2012 1469 solum

464 1482 709 1552 homines
726 1500 882 1566 quiin
903 1515 1020 1553 arca
1042 1500 1225 1554 salvati
1247 1511 1390 1566 sunt,
1405 1501 1497 1558 sed
1519 1511 1573 1556 et
1590 1502 1876 1557 animantia
1892 1519 2013 1573 quae

463 1605 580 1642 eam
623 1589 816 1663 pariter
845 1590 1143 1654 intrarunt;
1189 1589 1298 1657 ipsa
1341 1590 1502 1645 etiam
1533 1591 1667 1659 ligna
1711 1591 1779 1646 de
1823 1593 2012 1661 quibus

463 1681 598 1732 tat-ta
620 1689 700 1734 est
727 1679 911 1734 ﬁdeles
934 1689 1131 1734 sancta:
1157 1679 1406 1734 Ecclesiae
1435 1684 1654 1750 mystice
1677 1682 2008 1737 denuntiant.

460 1771 620 1838 Ligna
657 1784 782 1839 ergo
807 1770 876 1826 de
902 1771 1092 1839 quibus
1134 1771 1265 1824 facta
1295 1780 1374 1824 est
1403 1771 1644 1840 imtigata
1666 1787 1784 1827 esse
1826 1773 2009 1840 juben-

460 1871 563 1924 tur,
590 1860 712 1930 quia
757 1861 1056 1931 quicunque
1088 1870 1113 1898 α
1141 1861 1191 1914 in
1233 1861 1426 1916 fabrica
1457 1861 1704 1917 Ecclesia:
1743 1865 1810 1918 ad
1848 1865 2011 1923 ﬁdem
2043 1842 2087 1902 Β

459 1950 718 2007 veniendo
748 1951 1054 2018 imponitur,
1085 1966 1300 2007 necesse
1325 1961 1409 2006 est
1435 1960 1512 2015 ut,
1546 1953 1813 2008 abscissus
1837 1955 2010 2023 primo

459 2054 488 2091 a
537 2038 715 2093 radice
747 2040 933 2107 prisca:
972 2041 1393 2095 conversationis
1430 2056 1522 2109 per
1550 2044 1896 2098 eruditionem
1930 2045 2010 2099 vel

456 2130 851 2200 castigationem
905 2145 1089 2185 eorum
1147 2131 1235 2199 qui
1277 2131 1329 2185 in
1359 2132 1566 2187 Christo
1604 2145 2008 2201 praecesserunt,

455 2236 612 2274 omne
636 2220 776 2290 quod
817 2221 918 2276 sibi
949 2221 973 2259 δ
1007 2223 1184 2277 noxiae
1221 2223 1540 2278 tortitudinis
1568 2239 1628 2278 ac
1657 2225 2010 2281 deformitatis

458 2313 632 2364 inesse
656 2309 1069 2378 deprehenderit
1093 2320 1266 2375 eruat,
1288 2320 1446 2380 atque
1470 2311 1536 2366 ad
1565 2312 1799 2379 regulam
1822 2312 2010 2367 catho-

457 2399 573 2450 livze
604 2398 723 2451 lidei
755 2413 815 2453 ac
843 2399 1078 2453 veritatis
1108 2408 1213 2454 tota
1250 2415 1309 2454 se
1333 2410 1507 2455 tneutc
1532 2411 1586 2455 et
1614 2403 1821 2456 actione
1862 2419 2011 2458 com-

460 2496 638 2555 ponat,
670 2499 935 2558 quatenus
965 2490 1016 2544 in
1043 2491 1229 2545 ordine
1255 2491 1463 2544 :ediﬁcii
1503 2491 1736 2546 cmlestis
1763 2506 1862 2546 suo
1891 2495 2010 2548 luco

455 2593 517 2630 ac
556 2587 791 2647 tempore
817 2595 985 2637 novus
1013 2579 1173 2636 homo
1199 2582 1462 2636 creandas
1500 2590 1794 2652 opportune
1842 2585 2009 2652 possit

453 2669 671 2736 imponi.
1481 2693 1487 2700 ·

523 2763 624 2815 Pro
652 2762 808 2832 lignis
825 2771 1000 2817 autem
1035 2760 1287 2832 laevigatis
1315 2765 1529 2831 antiqua
1560 2765 1837 2821 translatio
1865 2766 2008 2833 ligna

451 2855 700 2922 quadrata
748 2856 945 2925 posuit,
976 2858 1115 2926 quod
1163 2857 1229 2910 ad
1281 2860 1518 2912 eamdem
1555 2858 1842 2914 electorum
1890 2873 2007 2927 per-

453 2948 734 3001 fectionem
778 2963 931 3016 teque
982 2947 1214 3016 respicit.
1261 2947 1564 3013 Ubicunque
1597 2951 1738 3003 enim
1785 2952 2006 3004 verteris

452 3038 786 3104 quadratum,
814 3037 993 3100 stabit,
1027 3053 1198 3105 neque
1228 3037 1318 3090 ulli
1349 3038 1540 3106 poterit
1568 3037 1853 3091 obnoxium
1885 3054 2004 3093 esse

2122 593 2365 648 universe
2393 595 2683 664 perﬁcitur,
2708 598 2832 651 dum
2857 609 2910 654 et
2936 602 3282 669 cogitationes
3308 605 3607 662 electorum
3632 623 3684 665 et

2118 697 2297 750 opera,
2329 699 2395 739 ne
2436 687 2557 763 ullis
2605 690 2879 743 vincantur
2920 701 3012 745 aut
3058 693 3395 764 decipiantur
3426 700 3678 757 vitiorum

2119 769 2441 839 incursibus,
2473 775 2593 830 ﬁdei
2625 778 2679 831 itt
2709 780 2957 835 omnibus
2983 781 3178 837 virtute
3208 787 3550 842 muniuntur.

2188 867 2543 926 Trecentorum
2566 874 2846 928 cubitorum
2870 878 2961 929 erit
2984 877 3246 947 longitudo
3262 897 3420 946 arcte,
3435 885 3686 950 quinqua-

2118 957 2256 1026 ginta
2283 961 2562 1014 cubitorum
2590 964 2824 1030 latitudo,
2854 974 2902 1018 et
2923 967 3127 1034 triginta
3153 969 3436 1024 cubitorum
3462 975 3685 1028 attitude

2117 1046 2277 1103 illius.
2302 1049 2599 1120 Longitudo
2614 1067 2751 1108 arca)
2772 1054 3225 1124 longanimitatetn
3247 1060 3549 1128 patientis,
3579 1078 3680 1132 qua

2116 1138 2324 1195 fortiter
2370 1143 2593 1199 adversa
2647 1145 2974 1213 tolerantur;
3008 1147 3231 1205 latitudo
3272 1151 3681 1220 amplitudinem

2114 1229 2408 1298 charitatis,
2439 1247 2542 1301 qua
2591 1242 2646 1290 et
2675 1233 2725 1288 hi
2755 1236 2845 1304 qui
2891 1237 3112 1293 adversa
3156 1239 3393 1309 irrogant
3439 1245 3681 1312 comple-

2121 1328 2366 1385 ctuntur;
2395 1321 2619 1377 altitudo
2657 1324 3032 1382 sublimitatem
3064 1329 3200 1397 spei,
3230 1345 3334 1400 qua
3372 1341 3583 1387 eterna
3631 1334 3682 1386 in

2114 1406 2270 1462 cmlis
2300 1411 2578 1467 retributio
2607 1423 2885 1480 przestatnr
2915 1415 3172 1483 insinuat;
3204 1418 3344 1473 unde
3390 1419 3532 1474 bene
3564 1420 3678 1475 loa-

2115 1499 2297 1567 gitudo
2341 1516 2480 1556 arca:
2527 1511 2882 1568 trecentorum
2929 1506 3228 1562 cubitorum
3275 1522 3399 1562 esse
3435 1509 3675 1576 iubetur,

2113 1593 2202 1660 qui
2241 1608 2492 1650 numerus
2529 1595 2666 1650 sicut
2690 1607 2745 1652 et
2770 1610 2931 1666 supra
2962 1599 3362 1668 perstrinximus
3395 1615 3492 1670 per
3521 1600 3568 1655 Τ
3597 1600 3678 1656 lit-

2115 1689 2284 1734 teram
2313 1682 2500 1738 Grtece
2544 1692 2776 1739 notatur.
2823 1684 2948 1740 Haec
2989 1695 3165 1741 autem
3216 1687 3394 1741 littera
3424 1689 3476 1742 in
3503 1692 3678 1745 crucis

2115 1767 2282 1834 ﬁgura
2314 1772 2588 1844 scribitur,
2612 1775 2732 1842 quia
2764 1774 3010 1827 nimirum
3057 1784 3237 1829 Sancta
3288 1776 3523 1830 Ecclesia
3555 1780 3677 1831 dum

2113 1860 2306 1914 invicta
2346 1871 2400 1916 et
2428 1863 2632 1917 stabilis
2663 1864 2797 1919 inter
2823 1863 3042 1920 adversa
3080 1867 3355 1934 perdurat,
3386 1867 3672 1924 dominicae

2112 1950 2375 2020 passionis
2417 1953 2637 2022 vestigia
2681 1962 2938 2020 sectatur,
2987 1969 3194 2011 memor
3243 1958 3508 2011 sermonis
3557 1961 3673 2025 ejus

2111 2055 2214 2110 quo
2241 2040 2374 2096 dixit
2404 2059 2418 2094 :
2448 2039 2518 2096 Et
2545 2045 2633 2111 qui
2661 2060 2762 2098 non
2803 2046 2985 2113 accipit
3011 2062 3207 2100 crucem
3235 2063 3381 2102 suam
3423 2060 3470 2103 et
3510 2054 3675 2120 aequi-

2112 2141 2196 2183 tur
2223 2147 2322 2195 me,
2347 2148 2450 2186 non
2475 2143 2548 2187 est
2575 2149 2652 2186 tne
2671 2136 2855 2205 dignata
2876 2134 3091 2205 (Matth.
3122 2153 3176 2202 x,
3199 2135 3313 2208 38).
3345 2137 3596 2194 Latitudo
3615 2142 3670 2195 in

2112 2222 2491 2291 Quinquaginta
2521 2223 2725 2280 cubitos
2750 2224 3080 2290 extenditur,
3102 2226 3156 2280 iu
3178 2241 3282 2296 quo
3309 2243 3535 2283 numero
3554 2229 3671 2300 Spi-

2111 2309 2243 2364 ritus
2269 2321 2481 2367 sanctus
2509 2314 2756 2380 mittitur,
2785 2323 2840 2368 et
2866 2313 2918 2368 in
2949 2313 3067 2384 lege
3093 2316 3288 2385 populo
3325 2316 3420 2373 Dei
3450 2319 3670 2374 univer-

2111 2396 2237 2451 salis
2273 2399 2485 2467 requies
2513 2415 2576 2455 ac
2616 2401 2866 2457 remissio
2891 2400 3138 2467 donatur,
3161 2405 3285 2473 quia
3313 2403 3547 2460 charitaa
3577 2404 3669 2463 Dei

2109 2483 2424 2542 diffunditur
2450 2488 2504 2543 in
2529 2488 2780 2545 cordibus
2798 2492 3016 2557 nostris,
3044 2505 3148 2548 non
3169 2506 3236 2549 ex
3259 2492 3452 2552 merito
3468 2506 3669 2552 nostra

2108 2576 2358 2645 actionis,
2383 2579 2476 2633 sed
2493 2593 2600 2648 per
2629 2579 2882 2648 Spiritum
2909 2592 3149 2638 sanctum
3177 2585 3265 2653 qui
3287 2583 3444 2640 datus
3471 2597 3556 2641 eat
3583 2602 3674 2642 an-

2050 2720 2056 2726 ,
2109 2664 2209 2719 bis.
2240 2664 2306 2718 Et
2327 2668 2433 2720 hac
2450 2678 2524 2722 est
2543 2670 2735 2737 requies
2760 2679 2921 2739 atque
2945 2670 2998 2726 in
3025 2671 3127 2726 hoc
3146 2683 3450 2727 nostrorum
3471 2675 3664 2729 remis-

2109 2753 2188 2808 sio
2215 2751 2244 2792 ἀ
2273 2755 2597 2824 debitorum,
2619 2774 2740 2814 cum
2769 2759 2936 2815 Deum
2965 2775 3031 2814 ex
3061 2770 3171 2816 toto
3198 2761 3380 2830 corde,
3415 2773 3522 2818 tota
3551 2767 3667 2819 ani-

2109 2859 2235 2910 ma,
2287 2853 2394 2901 tota
2435 2848 2667 2915 virtute,
2712 2858 2766 2903 et
2811 2849 3106 2917 proximum
3153 2848 3208 2903 in
3253 2850 3367 2907 Deo
3414 2861 3663 2920 tanquam

2109 2940 2497 3009 nosmetipsos,
2542 2943 2905 2998 adversarium
2951 2953 3128 2997 autem
3204 2954 3417 3014 propter
3457 2945 3623 3000 Deum
3652 2987 3667 3011 ,

2106 3027 2390 3095 diligimus.
2420 3029 2653 3085 Altitudo
2680 3031 2886 3100 triginta
2917 3032 3212 3087 cubitorum
3239 3043 3342 3097 est,
3367 3036 3486 3104 quia
3516 3037 3666 3090 vide-

453 3127 619 3181 t:.-tsui.
651 3125 739 3182 Sic
764 3127 1034 3191 nimirum,
1061 3127 1139 3179 sic
1168 3126 1455 3204 electorum
1486 3141 1651 3187 mens,
1675 3142 2003 3197 quaecunque

2111 3115 2232 3170 licet
2258 3118 2371 3171 hac
2392 3128 2475 3173 est
2504 3120 2615 3174 sola
2655 3130 2708 3176 et
2737 3122 2891 3176 unica
2935 3136 3059 3190 spes
3104 3123 3421 3188 electorum,
3467 3135 3520 3177 ut
3574 3139 3667 3192 per

452 3222 551 3274 sibi
583 3228 904 3275 tentamenta
932 3221 1281 3282 occurrerint,
1316 3220 1671 3278 inviolabilem
1704 3223 1803 3291 piae
1832 3222 2004 3278 inten-

454 3309 608 3363 tionis
632 3318 826 3362 statnm
855 3321 1070 3362 servare
1100 3307 1356 3362 meminit.

525 3399 912 3452 Mansiunculaa
939 3399 988 3449 in
1012 3413 1131 3450 arca
1155 3399 1325 3465 facies.
1358 3397 1624 3454 Universae
1643 3397 1696 3455 in
1718 3416 1837 3455 arca
1859 3417 2005 3457 man-

451 3488 626 3542 siones
657 3487 721 3541 ad
752 3484 1083 3552 receptacula
1130 3498 1255 3538 sunt
1279 3486 1605 3541 diversmum
1653 3491 2001 3543 animantium

451 3595 567 3646 qua:
594 3593 710 3631 eam
738 3588 889 3632 erant
912 3576 1208 3645 ingressum
1237 3578 1528 3644 disposita,
1557 3587 1609 3632 et
1660 3578 1712 3633 in
1768 3579 2000 3635 Ecclesia

455 3668 605 3720 multi
634 3676 757 3722 sunt
782 3665 999 3720 ordines
1029 3664 1407 3717 institutionum
1441 3681 1534 3732 pro
1575 3666 1882 3722 diversitate
1907 3682 2002 3722 eo-

455 3775 566 3812 rum
597 3759 684 3827 qui
717 3757 782 3812 ad
809 3757 966 3812 ﬁdem
996 3756 1228 3810 veniunt.
1263 3756 1442 3823 Neque
1487 3756 1626 3808 enim
1658 3773 1758 3809 una
1791 3759 1999 3814 eadem-

453 3867 556 3921 que
581 3851 740 3905 debet
769 3863 887 3905 esse
917 3850 1020 3901 vita
1049 3847 1131 3902 vel
1162 3845 1493 3900 conversatio
1518 3845 1920 3914 coniugatorum
1949 3859 2004 3902 et

452 3939 852 4004 continentium,
882 3946 1216 4006 peccatorum
1258 3945 1311 3988 et
1354 3943 1616 3988 rectorum
1647 3952 1662 4001 ;
1690 3944 1744 3989 et
1774 3935 1897 3991 huic
1924 3936 2002 3990 di-

448 4034 586 4085 citur
619 4047 632 4082 :
667 4029 724 4083 Si
748 4029 818 4082 vis
856 4029 921 4080 ad
962 4030 1111 4078 vitam
1153 4025 1368 4095 ingredi,
1407 4039 1549 4076 sema
1589 4025 1850 4088 mandata,
1901 4041 2002 4078 non

453 4121 778 4176 homicidium
807 4119 982 4187 facies,
1002 4133 1101 4168 non
1126 4116 1454 4175 aduiterabis,
1475 4130 1574 4166 non
1602 4116 1757 4182 [acies
1785 4120 2000 4184 furtum,

450 4232 550 4266 tum
574 4214 763 4276 falsum
787 4208 1124 4267 testimonium
1146 4208 1278 4259 dices
1308 4205 1514 4276 (Matth.
1545 4220 1652 4267 xix,
1683 4206 1793 4273 l7),
1829 4214 2002 4260 eteae-

455 4318 566 4358 tera
597 4299 921 4370 huiusmodi.
953 4298 1116 4352 Alteri
1145 4306 1319 4349 autem
1353 4311 1366 4347 :
1402 4295 1460 4349 Si
1489 4296 1557 4347 vis
1586 4293 1840 4365 perfectus
1866 4312 1995 4360 esse,

453 4396 599 4458 rude,
621 4396 774 4448 vende
796 4392 964 4445 omnia
992 4404 1102 4459 qua:
1125 4387 1298 4450 habes,
1329 4396 1376 4438 et
1404 4387 1471 4439 da
1492 4387 1793 4457 pauperibus
1815 4386 2000 4458 (Ibid.,

2107 3207 2531 3265 observationem
2562 3211 2801 3281 Decalogi
2834 3213 2982 3281 legis,
3023 3212 3112 3281 qui
3142 3213 3193 3266 in
3225 3213 3316 3268 Dei
3359 3225 3409 3268 et
3439 3216 3664 3282 proximi

2103 3299 2385 3354 dilectione
2429 3301 2733 3368 perﬁcitur,
2791 3302 2856 3356 ad
2904 3302 3406 3369 Contemplationem
3459 3317 3663 3360 sanctas

2103 3389 2382 3445 Trinitatis
2413 3392 2725 3447 ascendant.
2753 3392 2860 3448 Ter
2889 3391 3029 3448 enim
3060 3393 3182 3447 deni
3207 3395 3414 3462 triginta
3444 3395 3660 3450 faciunt.

2177 3481 2270 3536 Est
2296 3490 2471 3536 autem
2503 3483 2646 3538 aliud
2678 3485 3020 3539 memorabile
3048 3485 3098 3537 in
3122 3498 3260 3538 arca:
3281 3486 3446 3554 ﬁgura
3465 3496 3689 3554 ntyste-p

2105 3573 2261 3637 rium,
2295 3575 2433 3641 quod
2463 3576 2512 3627 in
2545 3587 2846 3628 mensuram
2887 3573 3102 3627 humani
3132 3577 3369 3643 corporis
3410 3576 3666 3643 probatur

2103 3677 2222 3716 esse
2251 3661 2497 3716 formata.
2532 3661 2755 3715 [inmani
2797 3676 2992 3731 quippe
3031 3662 3268 3731 corporis
3317 3663 3592 3730 longitudo
3629 3681 3659 3718 a

2103 3753 2304 3807 vertice
2335 3767 2499 3822 usque
2529 3753 2595 3807 ad
2633 3753 2850 3822 veStigia
2879 3753 3054 3808 sexies
3081 3762 3284 3806 tantum
3316 3753 3474 3806 habet
3499 3769 3658 3822 qnam

2101 3845 2321 3897 altitudo
2346 3860 2462 3911 qua:
2493 3853 2574 3898 est
2613 3845 2680 3896 ab
2725 3860 2828 3898 uno
2869 3845 3037 3900 latere
3063 3844 3126 3898 ad
3159 3845 3384 3898 alterum
3417 3845 3575 3909 latus,
3606 3857 3663 3900 et

2102 3930 2274 3984 decies
2305 3941 2503 3983 tantum
2542 3946 2696 3998 quam
2727 3932 2964 3996 altitudo,
3007 3933 3154 3999 cujus
3185 3932 3476 3986 altitudinis
3503 3947 3661 3987 men-

2101 4035 2221 4074 Sura
2252 4030 2332 4075 est
2377 4021 2427 4074 in
2460 4023 2627 4076 latere
2665 4035 2695 4074 a
2724 4021 2883 4075 dorso
2934 4021 2998 4073 ad
3031 4029 3291 4085 ventrem,
3323 4023 3467 4075 velut
3496 4021 3540 4075 si
3579 4024 3664 4088 ja-

2101 4121 2304 4165 centctn
2354 4112 2620 4167 hominem
2671 4111 2911 4165 metiaris
2960 4109 3225 4177 supinum,
3269 4123 3363 4163 seu
3405 4124 3657 4179 pronum,

2103 4204 2274 4256 sexies
2305 4213 2500 4257 tantum
2532 4203 2737 4273 longius
2761 4215 2842 4257 est
2869 4218 2897 4254 a
2925 4203 3095 4268 capite
3142 4214 3305 4268 usque
3343 4201 3407 4252 ad
3465 4202 3652 4268 pedes,

2101 4306 2257 4359 quant
2286 4292 2421 4345 latus
2447 4307 2475 4346 a
2525 4295 2740 4346 dextera
2790 4291 2842 4344 in
2890 4288 3265 4343 sinistrattt'vel
3295 4305 3324 4341 a
3357 4292 3576 4344 sinistra
3607 4294 3659 4345 in

2101 4382 2360 4446 dextram,
2405 4388 2459 4435 et
2485 4381 2659 4435 decies
2698 4393 2852 4447 quam
2897 4378 3031 4430 altus
3060 4392 3088 4429 a
3130 4386 3305 4440 terra;
3342 4379 3480 4433 unde
3521 4379 3661 4433 facta

454 4486 566 4553 ει).
598 4477 746 4537 Unde
773 4483 932 4535 etiam
962 4479 1025 4532 de
1051 4478 1164 4545 ipso
1198 4478 1412 4544 prazmio
1442 4487 1658 4531 aiternm
1694 4477 2002 4532 retributio-
2033 4506 2080 4565 υ
2103 4481 2184 4526 est
2209 4485 2330 4524 arca
2356 4480 2705 4524 trecentorum
2735 4470 2784 4522 in
2826 4469 3201 4537 longitudinem
3239 4467 3564 4532 cubitorum,
3600 4482 3659 4523 et

457 4578 538 4629 nis
569 4572 823 4626 Dominus
850 4571 921 4624 ait
955 4587 967 4622 :
996 4569 1063 4622 In
1088 4571 1235 4621 domo
1265 4568 1434 4621 Patris
1454 4570 1552 4622 mei
1573 4571 2004 4636 mansionesomut-

458 4678 520 4718 tu:
543 4672 653 4716 sunt
674 4661 851 4731 (Joan.
878 4675 989 4725 xiv,
1010 4659 1087 4728 ἓ).
1113 4658 1251 4726 Ergo
1275 4659 1651 4712 mansiuncula:
1674 4668 1797 4712 sunt
1813 4660 1866 4712 in
1883 4675 2004 4713 arca

454 4756 579 4822 quia
611 4769 712 4807 non
742 4753 982 4809 tmutnin
1017 4751 1245 4806 Ecclesia
1290 4749 1534 4803 meritum
1586 4749 1856 4813 omnibus,
1907 4765 2005 4804 nec

460 4849 602 4901 idem
644 4846 695 4898 in
727 4845 826 4898 ﬁde
855 4842 1120 4911 prefectus
1164 4852 1264 4908 est,
1297 4843 1418 4896 licet
1439 4855 1624 4895 omnes
1667 4841 1805 4895 intra
1850 4857 2004 4895 uuam

459 4938 618 4992 tidem
646 4934 1030 4998 contineantur,
1061 4933 1351 5001 eodemque
1380 4932 1691 4999 baptismate
1713 4931 2003 4988 diluantur.

530 5027 596 5079 Et
634 5024 870 5078 bitumine
897 5023 1039 5084 [iniec
1070 5023 1363 5075 intrinsecus
1401 5031 1446 5073 ct
1485 5021 1816 5083 extrinsecus,
1843 5030 1889 5074 et
1928 5021 2008 5085 {a-

457 5120 554 5173 ries
580 5118 793 5170 siccant.
828 5114 1065 5168 Bitumen
1109 5122 1191 5169 est
1221 5109 1664 5165 ferventissimutn
1694 5119 1747 5163 et
1798 5110 2004 5163 violen-

461 5209 719 5261 tissitnum
745 5204 942 5273 gluten,
973 5201 1122 5271 cujus
1163 5202 1276 5256 ltazc
1305 5201 1469 5257 virtus
1498 5205 1611 5258 est,
1641 5206 1696 5249 ut
1722 5198 1861 5265 ligna
1891 5211 2006 5263 quin

461 5311 522 5346 ex
554 5312 617 5350 eo
656 5295 853 5348 fuerint
882 5305 902 5332 ε
938 5293 1049 5354 iita,
1077 5306 1174 5343 nec
1211 5289 1479 5342 vermibus
1523 5287 1699 5350 exedi,
1747 5300 1847 5339 nec
1881 5285 2007 5338 solis

465 5386 675 5448 nidore,
717 5383 799 5437 vel
825 5363 1104 5436 ventorum
1137 5381 1367 5442 ﬂatibus,
1399 5375 1478 5431 vel
1507 5391 1763 5444 aquarum
1809 5377 2006 5445 possint

465 5475 802 5526 inundatione
830 5472 1076 5535 dissolvi;
1104 5470 1240 5523 unde
1266 5469 1388 5538 quid
1418 5465 1559 5521 aliud
1591 5466 1808 5535 mystice
1850 5466 1899 5520 iu
1932 5465 2006 5518 bi-

465 5568 662 5619 tumine
689 5579 846 5633 quam
879 5563 1170 5617 constantia
1218 5559 1338 5621 ﬁdei
1377 5559 1674 5630 accipitur?
1723 5559 2006 5618 Ditumina-

530 5696 555 5723 ⁸
583 5687 688 5747 AL,
719 5685 769 5735 in
801 5681 1066 5757 [ubricann

530 5754 558 5796 δ
587 5757 697 5822 AL,
731 5754 893 5806 uota.

2105 4563 2476 4631 quinquaginta
2521 4561 2573 4612 in
2599 4560 2944 4620 latitudinem,
2991 4570 3044 4612 et
3068 4559 3277 4626 triginta
3322 4557 3375 4610 in
3421 4557 3662 4629 altitudif

2105 4670 2253 4717 netn;
2286 4663 2338 4707 et
2363 4651 2482 4721 quia
2530 4652 2597 4706 de
2651 4651 2883 4705 Ecclesia
2917 4651 3042 4703 dicit
3071 4649 3355 4714 Apostolus
3397 4652 3539 4718 quod
3591 4652 3663 4707 sit

2105 4759 2263 4797 unum
2298 4757 2499 4811 icorpus
2528 4751 2582 4796 et
2609 4756 2744 4803 unus
2781 4740 2995 4808 spiritus
3021 4739 3071 4791 in
3098 4736 3329 4802 Christo,
3363 4749 3508 4794 recte
3537 4756 3660 4794 arca

2104 4850 2219 4901 qua!
2269 4835 2422 4901 hujus
2452 4833 2667 4902 ﬁguram
2702 4829 3030 4900 praeferebat,
3063 4829 3117 4883 in
3170 4829 3400 4898 eiligiem
3439 4827 3660 4884 humani

2104 4926 2336 4991 corporis
2364 4926 2589 4979 formata
2615 4933 2715 4982 est,
2758 4921 2878 4989 quia
2918 4921 3075 4974 etiam
3107 4921 3222 4989 ipse
3246 4920 3492 4976 Christus
3521 4921 3660 4974 Deus

2105 5026 2156 5067 et
2188 5015 2433 5067 Dominus
2466 5023 2645 5066 noster
2676 5024 2768 5078 pro
2797 5009 2946 5063 nobis
2976 5009 3241 5063 iucarnari
3269 5018 3327 5063 et
3352 5024 3445 5077 per
3473 5023 3658 5063 sacra-

2107 5113 2281 5154 menta
2311 5100 2647 5154 humanitatis
2689 5113 2796 5152 sua:
2828 5113 2925 5153 nos
2949 5114 2976 5150 a
3007 5099 3238 5165 peccatis
3267 5095 3406 5150 ablui
3439 5106 3497 5151 et
3529 5111 3660 5153 eon-

2105 5192 2299 5244 secrari
2345 5189 2536 5253 voluit;
2571 5198 2710 5243 recte
2740 5203 2938 5250 arcam,
2971 5188 3021 5240 i-n
3053 5201 3152 5254 qua
3184 5185 3524 5253 pereuntibus
3553 5187 3660 5242 iul-

2109 5281 2205 5348 piis
2251 5279 2496 5347 reliquias
2546 5279 2756 5332 humani
2808 5277 3015 5347 generis
3065 5275 3275 5327 salvare
3317 5271 3574 5341 decrevit,
3605 5275 3659 5331 iu

2108 5374 2318 5426 modum
2365 5371 2577 5426 humani
2622 5384 2857 5437 corporis
2903 5365 3011 5421 ﬁeri
3041 5365 3310 5432 przecepit,
3339 5362 3478 5419 sicut
3526 5374 3660 5422 tem-

2110 5467 2247 5535 plum
2290 5464 2429 5534 quod
2459 5465 2581 5519 fecit
2610 5464 2858 5519 Salomon
2889 5457 3110 5513 Domitio
3137 5470 3240 5509 non
3274 5456 3447 5510 solum
3477 5456 3662 5512 Eccle-

2108 5558 2237 5611 siam
2269 5556 2404 5623 ejus,
2434 5553 2526 5608 sed
2566 5563 2621 5608 et
2659 5553 2824 5621 ipsam
2855 5548 2970 5618 ejus
2995 5559 3230 5603 carnem.
3257 5558 3415 5616 quam
3438 5545 3512 5603 de
3541 5544 3663 5600 Vir-

2185 5680 2203 5705 ι·
2237 5669 2343 5729 ΑΙ..
2374 5665 2546 5718 oblita.

2182 5737 2203 5775 ά
2233 5738 2339 5804 ΑΙ..
2366 5745 2700 5806 peccatorum.
