3866 6248
155 407 223 464 89
1376 400 1842 458 llEXAEMERO-N
1884 401 2008 455 LIB.
2055 399 2115 456 ll.

3293 406 3362 460 90

155 526 277 587 “me
323 521 564 587 sumpsit,
615 519 887 589 ligurabat,
934 527 1064 572 teste
1102 517 1217 586 ipso
1242 558 1255 581 ,
1301 532 1419 571 cum
1466 519 1578 586 ipse
1629 518 1700 571 ait
1728 519 1775 576 Α
1801 519 1988 582 tisma;
2028 531 2165 570 unus
2204 515 2362 576 Deus,
2403 515 2542 583 quod
2579 523 2699 583 apte
2734 529 2798 569 ex
2846 515 3009 570 latere
3051 530 3188 571 arcae
3231 522 3354 586 poni

153 611 389 666 Iuda-is:
418 609 606 665 Soluite
625 609 863 678 templum
897 608 1009 672 hoc,
1040 616 1086 661 et
1111 608 1162 660 in
1186 607 1339 660 tribus
1367 607 1537 660 diebus
1561 608 1699 660 exci-

155 703 272 754 tabo
304 702 450 754 illud.
495 699 608 753 Hoc
645 710 814 752 autem
843 699 1058 764 dicebat,
1086 699 1253 767 inquit
1273 698 1612 766 evangelista,
1641 697 1704 750 tle

153 789 342 857 tentplo
370 790 594 854 corporis
631 789 709 840 sui
732 786 907 857 (Iouis.
931 803 990 853 tt,
1023 788 1133 855 l9).
1164 787 1251 841 Sic
1275 794 1330 841 et
1355 799 1502 852 arca,
1543 798 1700 851 quam

154 880 210 930 in
240 879 458 946 ilguram
486 875 614 932 fecit
639 875 747 928 Nos
789 875 1028 942 corporis
1067 873 1300 939 humani,
1330 884 1381 930 et
1425 871 1590 927 nostri
1621 882 1702 942 ty-

154 982 282 1034 ptttn
312 965 502 1028 tenuit,
524 965 591 1018 de
618 964 806 1033 quibus
831 963 959 1016 erit
996 962 1266 1017 Aoostolus
1292 977 1307 1016 :
1338 962 1506 1016 Donec
1528 978 1702 1015 occar-

151 1070 330 1108 ramas
377 1069 549 1107 omnes
604 1055 657 1106 in
701 1053 860 1104 virum
897 1061 1171 1120 perluatur
1199 1050 1360 1121 (Eph.
1393 1066 1465 1114 tv,
1506 1053 1625 1118 l5);
1650 1060 1706 1106 et

150 1144 319 1213 ipsius
344 1143 572 1208 Domini,
594 1132 700 1211 'qui
729 1157 822 1210 per
847 1143 1156 1212 mysterium
1184 1157 1294 1196 suae
1324 1142 1704 1197 incarnationis

152 1248 256 1288 nos
274 1232 326 1288 in
347 1232 597 1287 unitatem
624 1231 745 1286 tidei
764 1230 1011 1302 colligere
1030 1239 1186 1300 atque
1209 1245 1236 1282 a
1261 1231 1488 1298 peccatis
1508 1244 1698 1286 emuno

150 1325 287 1380 dare
330 1323 494 1393 gratia
544 1323 714 1378 sancti
767 1323 1018 1391 Spiritus,
1045 1335 1202 1389 quam
1229 1321 1470 1376 columba
1507 1322 1700 1376 olivam

146 1431 292 1471 arca
320 1415 552 1471 inferens
577 1412 890 1484 designavit,
924 1413 1187 1467 illustrare
1214 1421 1371 1480 atque
1414 1425 1445 1464 a
1477 1425 1700 1480 pereun-

148 1508 220 1558 tis
245 1504 422 1558 mundi
448 1503 764 1559 exterminio
790 1500 998 1556 salvare
1026 1501 1266 1570 dignatus
1291 1511 1392 1556 est.

221 1591 520 1647 Fenestrem
542 1594 594 1646 in
614 1608 734 1646 arca
763 1592 939 1659 facies,
961 1603 1006 1644 et
1032 1591 1083 1643 in
1101 1591 1127 1619 ⁸
1147 1590 1312 1643 cubito
1333 1589 1699 1644 eonsummabis

144 1683 482 1736 summitatem
510 1684 636 1751 ejus.
687 1682 933 1736 Fenestra
981 1680 1046 1734 ad
1095 1680 1196 1735 hoc
1250 1679 1364 1735 fieri
1410 1681 1622 1748 juhetur
1648 1682 1700 1735 in

144 1787 295 1838 arca,
320 1784 395 1837 ut,
435 1772 766 1828 cessantibus
813 1770 1144 1839 postmodum
1183 1770 1472 1834 imbribus,
1518 1781 1570 1824 et
1618 1786 1702 1824 re-

1803 611 2122 680 pracipitur,
2172 609 2292 678 quia
2340 609 2482 663 illam
2531 609 2774 663 nimirum
2818 609 3034 678 jannam
3081 610 3354 680 designat,

1801 715 1918 769 qua:
1944 700 1996 754 in
2026 700 2189 754 latere
2218 699 2372 769 positi
2403 700 2455 754 in
2483 713 2641 754 cruce
2669 698 2871 752 Domini
2913 699 3202 754 Salvatoris
3230 703 3347 756 lan-

1800 805 1893 846 cea
1922 791 2103 844 militis
2130 787 2383 857 patefacta
2409 797 2508 853 est,
2538 789 2606 842 de
2633 803 2734 856 qua
2763 788 3012 843 continuo
3040 791 3202 844 exivit
3226 805 3353 844 san-

1800 880 1914 948 guis
1949 887 2008 932 et
2041 893 2176 947 aqua
2219 896 2232 930 :
2279 893 2370 947 per
2406 892 2524 948 qua:
2562 888 2891 933 sacramenta
2933 879 3120 948 singuli
3158 882 3354 950 quique

1802 969 2032 1024 fidelium
2063 969 2116 1022 in
2155 969 2468 1023 societatem
2507 977 2704 1022 sancta:
2742 967 2989 1022 Ecclesia:
3019 979 3265 1038 tanquam
3298 970 3352 1025 in

1801 1072 1940 1112 arcae
1971 1057 2216 1112 interiora
2246 1057 2593 1125 recipiuntur.
2623 1056 2738 1111 Non
2765 1057 2936 1112 solum
2963 1067 3137 1113 autem
3167 1073 3233 1112 ex
3271 1059 3351 1113 la-

1803 1155 1934 1212 tere,
1965 1146 2058 1202 sed
2085 1155 2140 1202 et
2165 1145 2411 1202 deorsum
2441 1144 2556 1202 ﬁeri
2584 1147 2776 1202 ostium
2805 1162 2942 1202 arcze
2970 1147 3265 1212 mandatur,
3295 1157 3355 1203 ut

1802 1238 2070 1293 humilitas
2097 1239 2181 1292 vel
2211 1239 2376 1304 ipsius
2405 1237 2610 1292 Domini
2643 1252 2736 1305 per
2763 1252 2921 1307 quam
2957 1252 3052 1307 pro
3080 1238 3232 1292 nobis
3257 1253 3353 1293 oc-

1801 1326 2008 1388 cubuit,
2049 1327 2130 1379 vel
2166 1335 2345 1381 nostra
2364 1365 2381 1390 ,
2423 1327 2735 1394 insinuetur,
2766 1327 2881 1381 sine
2907 1342 3010 1397 qua
3038 1327 3230 1382 salvari
3259 1343 3356 1382 ne-

1800 1415 2028 1480 quimus.
2071 1414 2199 1469 item
2227 1413 2420 1469 ostium
2461 1429 2596 1468 arcae
2626 1413 2872 1469 deorsum
2900 1426 2952 1468 et
2978 1415 3128 1484 juxta
3157 1425 3351 1470 terram

1801 1501 1996 1556 factum
2022 1512 2136 1566 cst,
2167 1513 2219 1556 ut
2251 1503 2342 1557 tibi
2371 1503 2612 1557 homines
2639 1503 2720 1557 vel
2747 1501 3032 1558 animantia
3060 1517 3177 1573 qua:
3200 1514 3352 1560 erant

1801 1593 2049 1646 salvanda
2092 1593 2514 1660 ingrederentur,
2553 1601 2608 1647 et
2643 1591 2877 1660 ingressa
2917 1608 3038 1648 mox
3075 1594 3142 1647 ad
3189 1609 3350 1663 supe-

1804 1681 1942 1734 riora
1967 1680 2020 1733 in
2051 1695 2172 1734 suas
2198 1696 2430 1750 quasque
2457 1682 2612 1736 sedes
2634 1681 2999 1746 ascenderem,
3025 1683 3146 1751 quia
3170 1683 3348 1736 Domi-

1805 1785 1902 1824 nus
1931 1772 1984 1824 in
2015 1770 2275 1838 profundo
2305 1771 2464 1842 hujus
2488 1772 2824 1827 mortalitatis
2847 1787 3140 1842 apparens,
3169 1774 3354 1828 vulne-

145 1862 456 1930 quiescente
495 1876 656 1927 arca,
712 1875 809 1929 per
855 1862 988 1916 hanc
1035 1867 1215 1928 posset
1263 1859 1532 1913 volucrem
1588 1857 1697 1912 Noe
1727 1845 1774 1904 Β
1804 1869 1946 1913 ratus
1985 1867 2070 1913 est
2116 1867 2333 1930 propter
2381 1861 2680 1929 iniquitates
2727 1870 2965 1930 nostras,
3014 1871 3071 1915 ut
3115 1876 3212 1917 nos
3258 1878 3357 1932 per

143 1953 415 2017 emittere,
442 1950 509 2005 ad
539 1949 949 2020 dignoscendutn
978 1949 1024 2004 si
1050 1950 1159 2018 jam
1205 1956 1502 2005 cessassent
1527 1962 1698 2015 aquas,

145 2045 232 2098 vel
256 2045 304 2098 si
345 2043 576 2097 arefacta
619 2050 760 2096 esset
801 2050 892 2094 aut
936 2041 1258 2109 germinaret
1301 2049 1465 2104 terra,
1503 2049 1558 2092 ut
1589 2039 1700 2105 ipse

148 2133 335 2196 etiam,
363 2131 459 2186 hac
481 2139 686 2200 aperta,
712 2130 888 2185 lumen
914 2129 1033 2186 ccli
1063 2129 1294 2194 videret;
1317 2129 1457 2185 unde
1490 2129 1624 2184 bene
1647 2130 1698 2182 in

150 2223 379 2277 Iiebrao
431 2235 528 2290 pro
557 2219 787 2276 leuestra
819 2219 1162 2275 meridianum
1193 2217 1358 2274 fertur
1405 2217 1608 2281 haberi,
1634 2233 1700 2273 eo

147 2313 289 2382 quod
321 2313 570 2368 fenestra:
599 2310 888 2365 meridiano
915 2308 1028 2365 sole
1053 2309 1250 2365 clarius
1297 2309 1506 2364 soleant
1548 2309 1699 2363 ilius-

151 2403 318 2466 trari;
347 2401 485 2470 quod
513 2401 671 2456 etiam
701 2399 1044 2456 sacramentis
1069 2398 1399 2467 spiritalibus
1427 2399 1702 2466 aptissime

146 2492 416 2561 congruit.
446 2490 574 2544 Nam
606 2490 836 2546 fenestra
861 2504 980 2558 qua:
1005 2505 1111 2544 non
1141 2489 1240 2545 nisi
1265 2496 1529 2544 transacto
1565 2487 1702 2542 diiu-

148 2580 238 2634 vio
271 2580 650 2634 inhabitatorcs
678 2594 814 2634 arca:
853 2579 1134 2648 splendore
1172 2579 1446 2636 meridiani
1488 2580 1615 2635 solis
1639 2579 1702 2634 ii-

108 2715 112 2718 η
147 2669 417 2733 lustravit,
439 2669 580 2724 illam
608 2667 904 2723 ctelestium
928 2682 1238 2722 arcanorum
1261 2668 1559 2731 scientiam,
1581 2681 1700 2736 quas

147 2758 432 2828 inplizatis
461 2755 698 2812 ﬁdelibus
728 2758 932 2825 plenius
959 2745 1248 2822 revelatur,
1269 2758 1519 2812 insinuat.
1549 2757 1700 2825 Quod

147 2862 280 2902 vero
316 2846 591 2902 summitas
627 2861 767 2902 arcte
810 2849 862 2901 in
888 2845 914 2884 δ
947 2848 1122 2903 cubito
1173 2861 1292 2906 esse
1339 2859 1700 2902 consummata

147 2939 480 3008 perhibetur,
537 2939 743 2994 videtur
786 2937 906 3008 quia
953 2940 1004 2993 in
1038 2940 1144 2995 into
1190 2948 1453 2994 trecentos
1497 2940 1701 2994 cubitos

147 3028 513 3099 longitudinis,
564 3037 619 3082 et
663 3028 1036 3098 quinquaginta
1086 3028 1376 3082 latitudinis
1427 3029 1729 3093 habuerit,

149 3119 402 3188 paulatim
432 3134 561 3174 vero
589 3119 792 3189 angulis
819 3119 870 3172 itt
897 3128 1072 3173 artum
1102 3119 1359 3181 attractis,
1390 3118 1442 3172 in
1469 3119 1694 3187 spatium

145 3215 217 3265 sit
245 3211 401 3264 unius
425 3211 590 3264 cuhiti
620 3211 672 3264 in
712 3211 984 3264 cacumine
1014 3210 1251 3274 collecta,
1284 3220 1427 3264 tanto
1452 3209 1695 3264 videlicet

75 3328 82 3335 ο
148 3301 366 3356 brevior
392 3309 551 3367 atque
583 3300 872 3370 angustior,
901 3307 1098 3369 quanto
1127 3301 1282 3355 altior
1311 3299 1468 3355 facta.
1502 3301 1563 3354 Et
1585 3299 1699 3368 qni-

147 3397 271 3448 dem
302 3402 553 3461 quantum
600 3393 664 3446 ad
695 3392 1062 3447 necessitatem
1093 3392 1383 3460 pluviarum
1413 3407 1474 3446 ac
1512 3390 1698 3446 diluvii

148 3493 375 3552 spectat,
409 3483 549 3540 nulla
594 3484 695 3538 alia
742 3493 846 3536 tatn
878 3496 1104 3549 congrua
1134 3480 1302 3550 potuit
1327 3495 1463 3535 arca:
1498 3481 1702 3550 species

147 3573 285 3636 dari,
317 3589 474 3641 quam
495 3582 551 3626 ut
575 3573 642 3626 ab
669 3581 891 3639 angusto
914 3571 1036 3624 tecti
1064 3571 1292 3625 culmine
1322 3571 1484 3624 ruina:
1509 3569 1702 3622 dill’un-

146 3664 406 3717 derentur
426 3662 698 3727 imbrium,
729 3663 878 3725 dum,
907 3659 1184 3713 cataractis
1212 3660 1329 3712 εαξη
1355 3658 1568 3724 apertis,
1588 3658 1701 3724 plu-

145 3754 230 3807 via
263 3761 410 3806 tanto
433 3761 669 3818 tempore
695 3749 831 3802 facta
860 3757 975 3812 est;
1003 3748 1094 3800 sed
1141 3757 1194 3801 et
1226 3746 1473 3800 Ecclesia:
1503 3755 1701 3799 sancta:

149 3843 312 3896 statui
334 3842 538 3908 species
568 3840 678 3892 lucc
700 3854 836 3892 arca:
864 3837 1082 3908 mystice
1102 3838 1366 3890 convenit.
1392 3837 1540 3890 Sicut
1561 3837 1701 3890 enim

148 3946 273 3985 arca
306 3931 461 3985 latior
489 3929 540 3984 in
569 3927 922 3988 inferioribus.
957 3927 1044 3981 ubi
1073 3927 1270 3982 bestias
1301 3926 1545 3980 habuisse
1585 3941 1704 3980 cre-

147 4023 329 4084 ditur;
377 4023 428 4075 in
484 4020 840 4089 superioribus
869 4028 981 4073 erat
1010 4017 1282 4086 angustior
1304 4056 1319 4080 ,
1352 4016 1436 4069 ubi
1461 4016 1702 4069 homines

149 4111 502 4178 volucresque
528 4109 849 4173 continebat,
895 4107 1065 4160 donec
1087 4103 1152 4156 ad
1181 4105 1335 4157 unius
1361 4105 1522 4158 cubiti
1554 4120 1703 4158 men-

147 4215 331 4259 suram
354 4200 410 4253 in
433 4199 737 4253 summitate
767 4193 1167 4265 perveniretur;
1210 4193 1284 4245 sic
1316 4191 1549 4246 Ecclesia
1581 4193 1699 4260 plu-

150 4307 240 4347 res
272 4291 326 4344 in
356 4303 416 4343 se
444 4288 684 4342 carnales
712 4302 866 4355 quam
890 4284 1172 4354 spiritales,
1204 4283 1378 4352 plures
1410 4281 1570 4336 habet
1611 4283 1700 4350 qui

149 4378 552 4450 quadrupedum
603 4390 750 4429 more
797 4384 906 4427 toto
944 4374 1136 4429 mentis
1176 4374 1366 4427 intuitu
1394 4373 1458 4424 ad
1492 4383 1700 4426 terrena

1798 1959 2126 2003 sacramenta
2164 1964 2380 2004 suorum
2408 1951 2688 2006 vulnerum
2726 1951 3026 2021 redemptos
3061 1951 3128 2007 ad
3163 1965 3350 2022 super-

1800 2051 1896 2091 nas
1935 2039 2186 2092 virtutum
2218 2039 2520 2094 mansiones
2557 2039 2610 2093 in
2649 2042 2892 2106 presenti
2929 2039 2996 2094 ad
3032 2054 3260 2110 superna
3299 2041 3353 2096 in

1799 2127 1952 2181 cmlis
1997 2127 2209 2194 praemia
2258 2126 2508 2185 itaisibili
2554 2143 2777 2184 ascensu
2825 2130 3154 2197 perduceret.
3203 2131 3351 2198 Quod

1801 2215 1935 2270 bene
1958 2216 2116 2268 etiam
2147 2215 2198 2268 in
2230 2215 2426 2284 templo
2451 2215 2746 2270 Salomonis
2772 2217 2900 2271 illud
2923 2218 2950 2254 ά
2973 2231 3079 2286 quo
3107 2216 3170 2271 ad
3199 2234 3354 2288 supe«

1801 2304 1942 2358 riora
1967 2303 2352 2359 ascendebatur
2378 2307 2571 2360 ostium
2600 2305 2868 2376 designat,
2896 2307 2966 2362 de
2992 2323 3099 2377 quo
3124 2310 3194 2362 ita
3221 2309 3355 2364 scri-

1801 2404 1948 2463 ptum
1986 2403 2068 2450 est
2097 2413 2110 2448 :
2154 2395 2353 2450 Ostium
2389 2405 2554 2452 autem
2591 2400 2764 2452 lateris
2799 2400 2950 2453 medii
2986 2402 3039 2454 in
3073 2409 3216 2470 parte
3250 2412 3354 2455 erat

1797 2483 1977 2537 domu
2013 2485 2242 2549 dextra,-
2287 2500 2445 2552 quam
2483 2487 2728 2541 videlicet
2764 2491 3078 2543 sententiam
3116 2490 3353 2547 nonnulli

1799 2573 1870 2628 ita
1922 2574 2254 2643 intelligunt,
2303 2577 2451 2644 quasi
2502 2577 2754 2646 templum
2804 2579 2943 2634 dicat
2991 2594 3020 2633 a
3067 2581 3350 2636 meridiana

1802 2670 1948 2730 parte
1975 2662 2168 2716 habere
2197 2665 2468 2719 introitum
2487 2706 2504 2732 ,
2533 2666 2672 2734 quod
2701 2667 2853 2736 longe
2882 2669 3035 2724 aliter
3062 2669 3176 2724 fuit.
3220 2671 3350 2725 Nam

1799 2752 1842 2807 si
1881 2753 1979 2806 hoc
2003 2753 2160 2808 vellet
2195 2754 2446 2824 intelligi,
2484 2756 2748 2826 Scriptura
2791 2770 2966 2822 posset
3003 2761 3230 2815 breviter
3257 2763 3347 2814 di-

1799 2856 1922 2898 cere
1950 2859 1964 2895 :
1997 2843 2060 2897 Et
2099 2843 2328 2899 habebat
2354 2847 2546 2900 ostium
2582 2849 2647 2902 ad
2684 2849 2954 2904 Meridiem
2991 2849 3103 2905 sive
3139 2853 3202 2905 ad
3241 2852 3352 2906 Au-

1802 2942 1993 2988 strum.
2025 2933 2171 2989 Nunc
2198 2944 2373 2991 autem
2405 2937 2653 3006 templum
2683 2939 2894 3007 quidem
2925 2940 3092 3008 ipsum
3133 2940 3200 2994 ab
3235 2953 3352 2996 ortu

1800 3021 1927 3074 solis
1969 3021 2194 3078 habebat
2234 3025 2526 3080 introitum.
2559 3027 2706 3092 Quod
2737 3043 2865 3082 vero
2895 3029 3086 3083 dicitur
3114 3049 3126 3084 :
3160 3031 3352 3085 Ostium

1801 3119 1967 3161 autem
1993 3109 2163 3163 lateris
2185 3112 2337 3164 medii
2363 3114 2415 3166 in
2444 3125 2586 3180 parte
2611 3125 2718 3168 erat
2741 3116 2915 3170 domus
2936 3117 3141 3184 dextra,
3166 3119 3353 3172 domus

1797 3197 1980 3249 dextra
2002 3207 2224 3253 vocatur
2242 3201 2431 3256 domus
2460 3217 2582 3270 pars
2610 3204 2920 3272 meridiana,
2945 3205 2996 3260 in
3018 3206 3169 3276 cujus
3191 3209 3353 3264 latere

1800 3285 1972 3339 medio
2001 3289 2193 3341 ostium
2217 3299 2329 3344 erat
2353 3289 2483 3344 illud
2512 3306 2604 3359 per
2627 3292 2763 3362 quod
2785 3294 2848 3347 ad
2879 3295 3153 3364 superiora
3171 3311 3354 3352 ascen-

1800 3375 2056 3439 dabatur,
2106 3376 2395 3448 incipiente
2443 3379 2684 3435 videlicet
2738 3381 2952 3435 introitu
3001 3383 3068 3436 ab
3113 3385 3353 3440 orientali

1803 3473 1950 3532 parte
1996 3464 2235 3532 ejusdem
2287 3467 2488 3532 lateris,
2530 3467 2629 3521 hoc
2668 3478 2749 3521 est
2792 3469 2860 3523 ab
2899 3470 3012 3538 ipso
3049 3473 3258 3540 angulo,
3299 3484 3354 3526 et

1803 3554 2052 3620 paulatim
2090 3556 2158 3606 ad
2198 3553 2468 3622 superiora
2498 3557 2885 3612 cmnaculorum
2925 3574 3018 3628 per
3055 3560 3350 3617 interranea

1801 3641 1956 3695 medii
1989 3642 2200 3709 parietis
2231 3647 2254 3674 ε
2285 3643 2640 3711 procedente;
2684 3647 2819 3700 unde
2849 3661 3230 3717 consequenter
3257 3652 3352 3704 ad-

1797 3733 2069 3802 jungitur:
2101 3732 2166 3786 Et
2189 3749 2276 3802 per
2300 3735 2554 3787 cochleam
2582 3736 2908 3789 ascendebant
2934 3738 2984 3789 in
3016 3741 3229 3790 medium
3256 3755 3353 3792 cc-

1801 3825 2064 3886 nacttlttm,
2097 3833 2143 3876 et
2177 3839 2210 3874 α
2247 3825 2408 3876 medio
2443 3823 2496 3876 in
2535 3825 2754 3876 tertium.
2786 3825 2918 3890 Quia
2945 3842 3072 3897 ergo
3102 3829 3354 3886 Dominus

1800 3930 1918 3968 cum
1947 3916 2020 3967 ait
2043 3913 2238 3968 .ludzeis
2264 3931 2276 3967 :
2304 3913 2492 3968 Solvite
2522 3918 2756 3986 templum
2781 3916 2896 3984 hoc,
2922 3898 2967 3972 et
2995 3903 3049 3972 in
3074 3922 3229 3976 tribus
3249 3924 3352 3978 die-

1801 4006 1892 4060 bus
1919 4009 2140 4059 excitabo
2167 4006 2296 4059 illud
2321 4005 2494 4076 (locu.
2529 4023 2586 4073 tt,
2622 4008 2735 4078 i9),
2767 4009 2973 4065 dicebat
2999 4011 3099 4066 hoc
3123 4013 3189 4069 de
3219 4023 3352 4070 tem-

1802 4101 1887 4167 plo
1914 4100 2151 4166 corporis
2178 4100 2288 4162 sui,
2318 4099 2514 4154 ostium
2547 4101 2600 4153 in
2632 4101 2794 4156 latere
2824 4102 3013 4158 dextro
3042 4107 3220 4172 templi
3252 4107 3350 4162 bu-

1794 4191 1901 4258 jus,
1931 4204 2104 4243 nonne
2133 4187 2410 4241 manifeste
2435 4189 2596 4242 claret
2627 4190 2746 4257 quia
2779 4191 2946 4257 ipsum
2977 4201 3056 4245 est
3083 4193 3180 4246 hoc
3209 4196 3348 4262 quod

1800 4281 1851 4332 in
1881 4281 2042 4332 latere
2073 4275 2213 4330 illius
2239 4276 2426 4331 dextro
2452 4278 2658 4346 expleta
2690 4281 2932 4346 passione
2964 4290 3202 4349 apertmn
3234 4293 3344 4351 est,

1800 4378 1854 4420 ut
1895 4381 2050 4435 supra
2086 4367 2104 4405 ί
2139 4365 2398 4433 diximus,
2437 4382 2530 4438 per
2573 4367 2722 4438 cujus
2763 4371 3088 4438 apertionetn
3137 4391 3233 4429 nos
3272 4375 3342 4430 de

149 4469 571 4538 concupiscenda
597 4465 702 4520 sint
724 4463 899 4534 proni,
929 4479 1084 4532 quam
1115 4465 1201 4534 qui
1236 4463 1420 4533 peririis
1445 4465 1694 4518 virtutum
1728 4488 1774 4547 ο
1800 4456 2041 4522 praesenti
2077 4467 2273 4511 sanctae
2304 4457 2552 4513 Ecclesia:
2586 4462 2690 4511 vita
2727 4461 2790 4512 ad
2828 4472 3073 4516 aeternam
3112 4465 3344 4532 requiem

152 4559 390 4614 celestis
419 4563 625 4625 petant;
667 4563 721 4608 et
744 4560 936 4622 quanto
967 4552 1156 4623 quique
1181 4554 1233 4607 in
1276 4569 1335 4609 ea
1384 4554 1692 4616 sanetiores,

152 4657 304 4703 tanto
358 4645 692 4700 inveniuntur
743 4643 1012 4712 pauciores
1038 4684 1054 4710 ,
1102 4629 1394 4712 quousque~
1425 4644 1489 4695 ad
1530 4644 1697 4708 ipsum

153 4739 502 4793 Iediatorem
533 4735 623 4788 Dei
662 4742 717 4788 et
765 4733 1030 4787 hominum
1081 4733 1430 4800 perveniatur,
1483 4731 1570 4799 qui
1630 4731 1697 4782 ita

155 4831 298 4881 inter
328 4825 566 4880 homines
599 4823 756 4876 homo
793 4822 1050 4891 apparuit,
1103 4831 1160 4876 ut
1203 4823 1274 4878 sit
1318 4838 1477 4891 super
1525 4822 1700 4877 omnia

155 4914 298 4970 Deus
329 4913 630 4968 benedictus
661 4912 712 4962 in
737 4911 951 4964 saecula.

231 5004 432 5058 Ostium
455 5013 617 5056 autem
638 5015 768 5053 arcte
793 5016 944 5068 partes
970 5015 1031 5052 ea:
1050 4997 1200 5052 latere
1224 5003 1473 5055 deorsum.
1500 5003 1701 5056 Ostium

159 5093 262 5147 hoc
302 5107 395 5160 per
423 5093 561 5160 quod
593 5103 613 5130 ε
646 5101 698 5145 et
738 5090 974 5142 homines
1019 5099 1071 5141 et
1112 5091 1283 5142 omnia
1330 5109 1443 5157 qua:
1488 5094 1538 5146 in
1580 5108 1701 5146 arca

157 5183 410 5242 salvanda
434 5198 584 5241 erant
608 5185 853 5241 animalia
882 5184 1162 5248 intrabant,
1194 5186 1356 5252 ipsam
1389 5189 1503 5242 fidei
1534 5193 1701 5242 unita-

157 5290 298 5341 tem,
327 5277 440 5330 sine
465 5291 565 5344 qua
605 5277 886 5332 Ecclesiam
918 5289 1072 5328 nemo
1111 5274 1305 5343 ingredi
1347 5289 1544 5342 potest,
1579 5279 1700 5331 insi-

160 5379 320 5433 nuat;
370 5369 684 5432 umtsenim
730 5369 1000 5431 Dominus,
1048 5380 1146 5419 una
1189 5365 1334 5431 iides,
1381 5384 1538 5424 unum
1578 5371 1700 5437 bap-

230 5528 255 5554 ⁸
289 5517 397 5579 AL,
427 5517 609 5568 cubita.

216 5583 257 5651 ,δ
281 5589 389 5644 AL,
414 5586 463 5635 in
483 5586 664 5636 cubita.

229 5665 250 5689 ε
285 5654 390 5716 ΑΙ..
418 5653 564 5706 deest
590 5665 633 5707 et
663 5655 883 5708 homines
909 5667 953 5708 et
982 5657 1166 5709 omnia.

223 5719 247 5759 ⁴
283 5726 389 5784 ΑΙ..
422 5724 568 5790 quod.

1797 4547 2159 4603 animarumin
2182 4547 2286 4601 vita
2309 4548 2478 4601 futura
2504 4558 2850 4613 transeamus,
2875 4551 2923 4602 in
2947 4552 3240 4619 exemplum
3261 4568 3347 4607 eo-

1799 4655 1912 4693 rum
1942 4641 2026 4709 qui
2057 4640 2277 4708 ingressi
2312 4641 2450 4694 latus
2474 4641 2711 4695 dextrum
2743 4641 2920 4708 templi
2950 4657 3044 4710 per
3071 4645 3344 4700 cochleam

1799 4727 1862 4778 ad
1911 4727 2137 4781 medium
2183 4729 2508 4782 cmuacttlum
2559 4729 2926 4794 penetrabant.
2974 4731 3078 4786 Sed
3128 4743 3180 4788 et
3227 4745 3347 4802 post

1799 4816 2090 4872 animarum
2120 4818 2471 4872 beatissimam
2499 4819 2732 4886 requiem
2755 4822 2820 4874 ad
2851 4824 3201 4891 receptionem
3227 4839 3343 4879 eor-

1801 4920 1982 4970 porum
2038 4906 2378 4974 spiritalium,
2433 4908 2580 4974 quasi
2636 4912 2703 4964 de
2756 4912 2928 4964 tnetlio
2969 4914 3242 4969 cmnaculo
3279 4916 3343 4968 ad

1800 4994 2013 5049 tertium
2042 5011 2206 5062 usque
2242 4996 2580 5064 scandentes,
2622 5001 3006 5068 perveniamus,
3046 5017 3110 5058 ex
3147 5021 3251 5073 quo
3288 5005 3343 5058 in

1799 5084 2070 5151 utriusque
2096 5084 2280 5149 simul,
2316 5084 2416 5140 hoc
2451 5097 2533 5140 est
2561 5089 2749 5141 anima:
2777 5098 2828 5142 et
2856 5092 3093 5160 corporis
3111 5132 3125 5157 ,
3159 5107 3344 5160 perpe-

1801 5181 1882 5224 tua
1911 5171 2293 5226 immortalitate
2321 5188 2438 5226 cum
2464 5184 2488 5220 s
2520 5174 2623 5228 Deo
2649 5177 2904 5232 lil‘lelltlll'.
3182 5221 3186 5226 .

1870 5260 2135 5314 Canacula
2163 5269 2207 5311 et
2245 5262 2448 5333 tristega
2478 5264 2628 5330 [acies
2670 5263 2720 5317 in
2760 5282 2838 5320 ea.
2880 5267 3112 5336 Trisiega
3156 5269 3340 5336 triplex

1803 5357 1991 5406 teetum
2019 5351 2272 5417 designat.
2300 5352 2455 5419 Stege
2477 5354 2668 5407 etenim
2691 5354 2869 5412 Gra‘ce
2900 5365 3091 5411 tectum
3113 5357 3339 5424 dicitur;

1874 5539 1892 5563 ε
1934 5527 2040 5586 AL,
2074 5526 2408 5587 protendcnte.

1877 5596 1890 5628 ί
1936 5596 2040 5657 AL,
2068 5593 2250 5645 dictum
2280 5610 2368 5648 est.

1875 5674 1896 5710 ς
1936 5664 2039 5728 AL,
2075 5661 2306 5718 Domino.
