3866 6248
435 411 498 467 9i
768 426 773 431 ·
941 404 1139 464 IIl-30.8
1182 403 1634 462 VENERABILIS
1669 403 1951 461 ousnuu
1993 401 2172 459 PARS
2208 403 2271 458 ll.
2309 430 2381 447 —-
2409 401 2797 461 EXEGETICA
2831 401 3156 461 GBNUINA.
3585 407 3660 466 99

433 519 575 574 unde
612 517 811 586 antiqui
857 524 1171 585 tuterpretes
1207 529 1306 586 pro
1342 514 1444 570 huc
1469 513 1631 570 verbo
1667 513 2062 600 tricnmereta’tA
2085 527 2239 582 quem
2279 511 2382 566 illis
2422 513 2481 588 iis
2523 527 2710 567 escam.
2753 511 2820 568 Et
2863 512 3152 569 Ecclesium
3189 528 3345 570 suam
3391 514 3659 574 Dominus

418 615 742 679 posuerunt.
803 607 1036 674 Denique
1085 607 1138 660 in
1189 605 1409 660 Actibus
1452 605 1852 675 apostolorum,
1903 601 1993 657 ubi

435 697 778 760 adolescens,
825 711 982 765 quem
1030 703 1057 731 ι
1106 694 1438 768 resuscitavit
1489 709 1522 749 a
1575 701 1747 749 morte
1801 690 1994 747 Paulus

431 785 723 855 apostolus,
767 783 837 838 de
879 782 1038 838 tertio
1081 793 1222 837 tecto
1268 783 1382 838 sive
1420 781 1700 838 cenaculo
1737 779 1994 836 cecidisse

433 875 759 942 perhibemr,
804 873 856 927 in
895 871 1083 927 ϐιωρο
1120 887 1150 925 a
1189 872 1408 942 tris-tego
1443 871 1702 928 cecidisse
1737 870 1990 938 scriptum

431 976 537 1022 est.
585 964 871 1022 Ctenacnla
901 973 1078 1018 autem
1106 973 1161 1019 et
1187 964 1434 1034 tristega,
1464 963 1602 1018 sicut
1629 961 1788 1031 prisci
1815 971 1990 1016 trans-

433 1057 632 1112 latores
659 1057 942 1121 dixerunt,
974 1054 1298 1110 bicarnerata
1329 1061 1385 1109 et
1422 1054 1754 1122 tricamenta
1793 1051 1860 1105 ad
1891 1049 1992 1107 hoc

429 1147 565 1200 facta
603 1145 808 1201 suntin
848 1160 992 1212 arca,
1034 1154 1092 1199 ut
1134 1143 1186 1199 in
1229 1143 1445 1199 sedibus
1470 1141 1499 1182 δ
1527 1141 1866 1198 multifariam
1905 1139 1990 1196 di-

427 1235 638 1290 stinctis
661 1234 857 1290 diversi
893 1234 1105 1303 generis
1131 1234 1423 1288 animantia
1461 1239 1756 1288 manerent.
1799 1230 1990 1286 Bestize

425 1325 673 1392 quidem,
721 1333 779 1380 ut
821 1324 1076 1380 credibile
1119 1333 1232 1393 est,
1281 1324 1333 1378 in
1380 1322 1742 1387 inferioribus.
1794 1323 1991 1378 munda

423 1416 674 1473 animalia
706 1416 758 1470 in
786 1415 1172 1485 superioribus,
1199 1414 1441 1470 homines
1465 1422 1520 1469 et
1547 1414 1781 1469 volatilia
1808 1414 1862 1468 in
1891 1429 1988 1469 su-

426 1507 640 1577 premis.
671 1508 893 1563 Constat
917 1508 1058 1561 enim
1091 1507 1214 1577 quia
1242 1507 1331 1561 ubi
1362 1511 1522 1562 homo
1554 1506 1807 1572 sedebat,
1835 1503 1907 1560 ibi
1935 1514 1990 1561 et

422 1612 614 1654 corvus
651 1605 706 1655 et
732 1599 979 1654 columba
1002 1638 1019 1664 ,
1047 1608 1100 1654 et
1128 1608 1518 1668 consequenter
1541 1608 1750 1654 cetera
1776 1611 1991 1667 quoque

422 1687 687 1754 volucres,
715 1697 770 1744 et
797 1689 899 1744 hoc
939 1689 992 1742 in
1024 1688 1295 1745 vicinitate
1333 1686 1619 1756 fenestrae,
1649 1701 1770 1758 qua)
1805 1687 1858 1742 in
1893 1701 1988 1742 su-

422 1782 619 1849 premis
645 1795 786 1835 arva:
813 1779 946 1836 locis
975 1780 1112 1834 facta
1141 1794 1262 1835 esse
1297 1778 1560 1838 credenda
1589 1786 1695 1833 est.
1736 1777 1867 1830 Nam
1896 1791 1989 1845 per

421 1847 560 1923 hanc
585 1871 832 1937 pra2fatas
869 1869 1111 1924 volucres
1128 1869 1346 1935 emisit,
1381 1877 1442 1922 ιιι
1482 1867 1682 1924 videret
1717 1867 1984 1938 quomodo
2013 1847 2060 1906 Β

419 1971 542 2013 sese
567 1967 718 2012 terra:
748 1957 909 2013 facies
940 1959 1189 2024 haberet;
1221 1957 1276 2014 in
1301 1958 1497 2028 quibus
1523 1957 1684 2012 etiam
1717 1955 1871 2013 tectis
1897 1971 1987 2012 va-

422 2046 518 2101 rias
543 2057 666 2102 sunt
692 2047 844 2103 facta
870 2047 1274 2114 mansiunculae,
1297 2055 1356 2101 ut
1382 2062 1542 2117 supra
1567 2046 1765 2101 dictum
1786 2057 1885 2111 est,
1916 2045 1987 2101 ob

421 2138 815 2195 distinctionem
844 2135 1156 2192 eorumdem
1183 2137 1490 2193 animalium
1517 2135 1630 2193 sive
1658 2136 1946 2191 volatilium
1965 2175 1982 2202 ,

421 2241 491 2281 ne
514 2227 632 2281 aliis
657 2227 779 2292 alia,
811 2226 1112 2281 mitioribus
1141 2225 1417 2294 ferociora,
1450 2234 1722 2282 nocercnt.
1754 2224 1867 2280 Non
1893 2238 1986 2279 au-

422 2326 527 2371 tem
557 2316 751 2372 frustra
789 2315 1060 2386 Scriptura
1099 2315 1374 2374 cenacula
1413 2325 1470 2372 et
1509 2315 1726 2384 tristega
1767 2314 1822 2369 in
1862 2327 1985 2368 arca

422 2405 582 2472 facta,
605 2406 718 2463 sive
745 2406 1118 2461 hicameratam
1149 2414 1206 2460 et
1233 2404 1621 2459 tricamuratam
1653 2404 1840 2457 factam
1868 2415 1986 2457 eam

418 2498 587 2563 dixit,
625 2513 746 2553 cum
787 2506 963 2567 posset
1004 2510 1109 2551 uno
1137 2494 1304 2549 verbo
1329 2492 1510 2548 dicere
1549 2491 1783 2562 quinque
1806 2505 1987 2546 caena.

418 2587 660 2643 culorum
690 2588 803 2642 sive
830 2595 1089 2642 tectorum
1118 2599 1236 2640 eam
1266 2598 1386 2640 esse
1409 2583 1753 2653 dispositam;
1780 2583 1871 2638 sed
1903 2581 1985 2637 bi-
2022 2626 2025 2627 ν

417 2686 737 2732 cameratam
765 2691 882 2732 eam
911 2675 1073 2744 dixit,
1100 2685 1157 2729 ut
1188 2671 1513 2743 signiﬁcaret
1537 2674 1589 2727 in
1617 2671 1855 2728 Ecclesia
1881 2671 1985 2726 cir-

418 2769 795 2826 cumcisionetu
821 2777 878 2824 et
919 2765 1232 2838 pra-poliunt
1254 2806 1270 2834 ,
1301 2764 1516 2821 Judteos
1541 2772 1598 2820 et
1623 2762 1836 2818 Crassos
1863 2776 1984 2819 esse

417 2859 720 2914 salvandos.
754 2857 1165 2913 Tricameratam
1192 2869 1320 2912 vero
1344 2863 1561 2925 propter
1601 2853 1861 2924 triplicem
1887 2865 1984 2907 se-

419 2950 577 3004 minis
621 2949 908 3019 evangelici
956 2948 1215 3012 fructum,
1271 2947 1569 3012 tricenutn,
1618 2958 1980 3014 sexagenum,

420 3048 736 3104 centenum,
768 3049 825 3093 ut
857 3037 910 3097 in
940 3036 1124 3092 iulimo
1154 3036 1355 3090 habitet
1392 3035 1642 3104 pudicitia
1671 3034 1980 3106 coniugalis,

418 3143 581 3198 supra
620 3128 867 3192 vidualis,
906 3137 1065 3197 atque
1103 3127 1204 3182 hac
1239 3127 1484 3196 superior
1520 3125 1812 3195 virginalis.
1850 3125 1985 3180 Dicit

420 3189 597 3276 auiem
619 3189 873 3286 Origenei
897 3189 1036 3286 quod
1065 3219 1117 3271 in
1145 3189 1484 3272 inferioribus
1508 3189 1630 3270 arca
1660 3216 1980 3270 hicamerata
2010 3189 2056 3251 C

418 3307 488 3362 sit
516 3307 674 3373 facta,
703 3317 760 3362 ut
790 3307 969 3361 intima
1011 3305 1156 3374 regio
1183 3314 1419 3360 stercora
1448 3302 1728 3372 reciperet,
1754 3297 1982 3356 secunda

415 3399 797 3455 conservandis
839 3397 1048 3469 pabulis
1094 3397 1472 3467 deputaretur;
1525 3393 1580 3449 in
1622 3390 1985 3462 superioribus

417 3505 545 3545 vero
581 3489 937 3553 tricamcrata,
982 3496 1038 3542 ut
1078 3487 1132 3542 in
1176 3487 1343 3557 prima
1386 3485 1572 3540 barum
1614 3491 1762 3552 parte
1800 3480 1985 3537 bestiae

417 3581 640 3648 cubilia,
672 3583 723 3636 in
751 3580 980 3636 secunda
1008 3580 1360 3634 mansuetiora
1389 3576 1638 3634 animalia
1662 3574 1902 3641 stabula,
1929 3574 1982 3629 in

417 3683 664 3739 suprema
691 3668 932 3722 homines
959 3668 1142 3721 sedem
1170 3666 1447 3722 haberent.

489 3760 624 3814 Ecce
649 3775 741 3829 ego
766 3759 1016 3810 adducam
1043 3755 1221 3808 diluvii
1249 3770 1442 3824 aquas,
1485 3768 1637 3820 super
1677 3761 1892 3817 terram,
1928 3759 1982 3809 ut

417 3849 718 3920 iuterﬁciam
757 3863 951 3902 onmem
994 3861 1213 3910 corium,
1256 3846 1308 3897 in
1352 3859 1453 3914 qua
1499 3842 1705 3910 spiritus
1752 3842 1868 3895 vitm
1909 3849 1982 3893 est

417 3946 587 4000 subter
623 3943 823 3998 calum.
866 3940 1112 3996 Universn
1148 3954 1262 4009 qua
1288 3939 1343 3992 in
1380 3947 1513 3992 terra
1540 3948 1656 3992 sunt
1684 3953 1984 3990 consumen-

415 4046 521 4100 tur,
551 4049 831 4105 portamque
858 4031 1024 4102 [ludus
1061 4046 1226 4084 meum
1255 4038 1448 4095 tecum,
1484 4037 1533 4082 et
1575 4027 1870 4096 ingrediaris
1896 4044 1983 4081 ar-

415 4143 529 4180 cent
555 4134 610 4178 tu
648 4133 695 4178 et
721 4122 818 4193 ﬁlii
846 4122 951 4186 tui,
979 4129 1034 4177 et
1067 4128 1281 4174 cetera.
1313 4117 1568 4173 Adductze
1603 4131 1764 4186 super
1790 4124 1982 4171 terram

413 4232 566 4288 aqua:
601 4216 782 4272 diluvii
822 4229 1035 4270 omnem
1073 4227 1290 4268 carnem
1332 4227 1452 4280 quae
1491 4219 1638 4266 extra
1679 4224 1857 4266 arcam
1899 4225 1982 4265 ru-

417 4318 566 4378 perta
607 4315 690 4361 cst
735 4305 1136 4368 interfecerunt,
1185 4303 1296 4365 Noe
1335 4316 1462 4358 vero
1501 4311 1558 4358 et
1601 4315 1721 4371 quae
1765 4300 1820 4356 in
1858 4313 1981 4354 arca

416 4400 564 4453 fuere
611 4405 802 4452 cuncta
847 4395 1047 4450 salvata
1094 4402 1239 4448 sunt.
1295 4393 1503 4452 Lavans
1547 4391 1801 4446 mundum
1844 4405 1980 4461 aqua

416 4486 746 4558 baptismatis
776 4498 1123 4556 quoscunque
1159 4481 1212 4537 in
1250 4483 1454 4537 unitate
1491 4491 1689 4537 sanctae
1730 4480 1979 4536 Ecclesia:

2101 614 2123 642 ε
2153 601 2490 658 multifariam
2520 605 2640 659 vitm
2678 602 2928 673 spiritalis
2952 603 3199 660 alimonia
3237 606 3488 674 replevit,
3517 615 3575 663 et
3599 614 3661 663 ut

2097 691 2284 747 turbas
2311 692 2545 750 fidelium
2570 692 2903 761 generalibus
2926 693 3298 748 mandatorum
3328 711 3550 750 suorum
3581 697 3661 752 in-

2091 780 2292 863 stitutis
2335 785 2402 838 ad
2444 785 2839 855 perceptionem
2886 784 3134 840 invitaret
3175 789 3469 843 cmicstium
3515 803 3657 858 pra-

2094 872 2340 939 miorum,
2366 882 2423 929 et
2450 874 2792 943 perfectiores
2819 890 3166 945 quoscunque
3191 875 3438 932 arctioris
3467 878 3659 931 obser-

2092 964 2284 1018 vantiae
2305 963 2598 1034 disciplinis
2624 965 2691 1021 ad
2727 965 2917 1021 altiora
2943 964 3180 1036 ejusdem
3221 967 3368 1036 regni
3405 967 3657 1036 perennis

2089 1052 2228 1110 dona
2259 1067 2494 1112 vocaret.
2533 1055 2639 1124 Sed
2666 1057 2835 1129 qureri
2862 1057 3002 1114 solet
3029 1065 3208 1114 utrum
3244 1072 3366 1113 arca
3392 1066 3541 1113 tanta
3565 1073 3656 1114 ca-

2090 1144 2318 1213 pacitate
2341 1154 2536 1213 quanta
2563 1145 2882 1204 describitur
2903 1145 3148 1203 animalia
3176 1158 3362 1203 cuncta
3390 1162 3510 1218 qua
3536 1162 3656 1203 eam

2090 1232 2324 1305 ingressa
2359 1235 2628 1304 dicuntur,
2671 1253 2794 1294 cu
2828 1238 2969 1295 escis
2995 1253 3179 1294 eorum
3208 1237 3350 1295 ferre
3386 1241 3658 1310 potuerit!

2088 1323 2258 1388 Quam
2285 1325 2636 1396 qumstionetn
2675 1326 2857 1384 cubito
2890 1327 3221 1398 geometrico
3253 1329 3464 1384 solvere
3494 1343 3659 1384 cona-

2090 1423 2175 1469 tur
2197 1415 2476 1486 Origenes,
2507 1433 2754 1474 asserens
2772 1434 2877 1474 non
2903 1419 3094 1473 [rustra
3114 1420 3438 1490 Scripturam
3457 1421 3658 1476 dixisse

2086 1511 2229 1580 quod
2260 1511 2464 1583 Moyses
2491 1513 2635 1567 omni
2663 1512 2919 1583 sapientia
2947 1512 3320 1583 Egyptiorum
3349 1511 3506 1570 fuerit
3533 1530 3658 1570 eru-

2087 1599 2247 1665 ditus,
2277 1603 2368 1670 qui
2413 1602 2787 1671 geometricam
2825 1601 3154 1660 dilexerunt.
3195 1603 3440 1660 Cubitum
3477 1614 3656 1660 autan

2085 1689 2464 1754 geometricum
2490 1691 2619 1746 dicit
2649 1700 2852 1746 tantum
2879 1693 3062 1748 valere
3087 1703 3343 1763 quantum
3372 1695 3539 1750 nostri
3565 1711 3658 1752 cu-

2089 1775 2186 1830 biti
2213 1791 2307 1832 sex
2336 1778 2533 1834 valent.
2577 1778 2634 1836 Si
2661 1794 2791 1851 ergo
2816 1789 2922 1836 tam
2965 1794 3186 1851 magnos
3210 1782 3420 1838 cubitos
3459 1785 3659 1840 intelli-

2087 1880 2295 1936 gamus,
2340 1867 2480 1922 nulla
2530 1869 2757 1938 quaestio
2799 1881 2881 1926 est
2925 1881 3082 1925 tanta:
3123 1873 3434 1940 capacitatis
3473 1887 3655 1928 arcam

2089 1956 2282 2026 fuisse,
2311 1967 2367 2013 ut
2391 1967 2571 2028 posset
2601 1958 2685 2015 illa
2714 1961 2892 2016 omnia
2935 1961 3212 2018 continere
3253 1962 3302 2016 ά.
3332 1963 3437 2019 Sed
3465 1971 3657 2018 notan-

2089 2048 2216 2104 dum
2253 2049 2376 2119 quia
2420 2049 2466 2104 si
2505 2047 2713 2120 onses
2746 2052 3099 2119 geometricas
3133 2051 3342 2107 cubitos
3376 2053 3658 2118 didicerat,

2088 2141 2338 2210 populum
2368 2148 2566 2206 tamen,
2592 2142 2678 2195 cul
2709 2139 2900 2197 librum
2927 2141 3214 2206 scribebat,
3247 2141 3435 2196 barum
3465 2146 3657 2197 artium

2089 2235 2309 2281 noverat
2334 2238 2631 2296 expertem,
2675 2241 2776 2282 nec
2816 2227 2996 2283 fallere
3025 2242 3150 2283 eum
3176 2227 3346 2283 voluit
3371 2231 3659 2285 scribendo

2086 2329 2206 2382 quae
2227 2330 2332 2369 non
2352 2315 2445 2370 ille
2469 2315 2522 2368 in
2542 2316 2785 2379 veritate,
2809 2313 2904 2370 sed
2929 2316 3208 2385 ipse'soins
3227 2331 3350 2370 cum
3375 2317 3658 2387 Egyptia-

2090 2419 2207 2457 rum
2238 2404 2573 2473 peritissimis
2597 2404 2934 2474 intelligeret.
2961 2403 3070 2459 iioc
3090 2419 3299 2475 quoque
3320 2404 3655 2469 intuendum.

2086 2492 2227 2562 quod
2249 2491 2388 2548 idem
2410 2493 2616 2563 Iloyscs
2634 2493 2795 2548 etiam
2819 2493 2888 2551 de
2907 2493 3231 2550 tabernaculi
3253 2497 3657 2554 constructione

2085 2583 2342 2644 scribens.
2385 2597 2490 2638 non
2529 2581 2749 2638 alterius
2787 2582 2953 2650 modi,
2993 2583 3090 2639 sed
3125 2584 3366 2654 ejusdem
3404 2600 3565 2656 quem
3601 2587 3652 2643 in

2086 2685 2207 2728 arca
2246 2679 2498 2743 posuerat
2523 2670 2736 2727 cubitos
2768 2681 2792 2709 ⁸
2821 2674 3043 2728 notavit.
3084 2671 3266 2744 Neque
3299 2675 3446 2729 enim
3485 2674 3537 2729 in
3568 2689 3644 2729 eo

2084 2761 2207 2818 dem
2230 2776 2394 2831 opere
2413 2771 2468 2816 et
2488 2761 2691 2818 eisdem
2718 2761 3004 2818 lectoribus
3030 2777 3148 2819 sive
3168 2761 3499 2820 auditoribus
3523 2767 3643 2820 seri.

2087 2851 2217 2908 bene
2250 2850 2270 2891 ῐ
2302 2852 2572 2908 diversum
2607 2851 2732 2922 quid
2763 2865 2963 2924 ponere
2989 2855 3180 2922 potuit.
3209 2853 3267 2910 Si
3293 2862 3476 2910 autem
3499 2864 3556 2910 et
3582 2855 3645 2932 ibi

2083 2943 2440 3014 geometricas
2463 2942 2672 3000 cubitos
2697 2945 3034 3011 sectabatur;
3061 2958 3188 3015 ergo
3207 2944 3380 3016 ipso
3408 2946 3648 3002 taberna-

2083 3033 2261 3089 culum
2291 3048 2398 3090 non
2428 3032 2641 3112 triginta
2667 3034 2881 3090 cubitos
2908 3035 3120 3104 longum
3158 3045 3214 3091 et
3251 3035 3420 3092 denos
3446 3037 3650 3092 cubitos

2086 3125 2248 3180 altum
2276 3138 2341 3179 ac
2375 3124 2539 3179 latum
2571 3124 2768 3180 factum
2796 3133 2908 3191 est,
2936 3135 2994 3180 ut
3030 3127 3244 3197 legitur,
3273 3141 3458 3183 verum
3489 3137 3514 3175 ι
3541 3141 3652 3182 aes-

2086 3211 2350 3281 cuplicato
2377 3211 2480 3267 hoc
2517 3226 2764 3280 numero,
2805 3223 3016 3268 centum
3057 3215 3326 3283 octoginta
3363 3218 3574 3272 cubitos
3601 3220 3648 3272 ia

2085 3300 2414 3369 longitudine
2451 3311 2505 3358 et
2540 3314 2835 3370 sexagenos
2874 3303 2927 3358 in
2964 3303 3241 3360 altitudine
3276 3320 3344 3360 ac
3377 3305 3652 3364 latitudine

2085 3388 2334 3454 habebat,
2361 3388 2546 3458 sicque
2573 3389 2777 3459 longior
2815 3391 2983 3447 multo
3019 3398 3078 3449 et
3115 3392 3274 3449 latior
3311 3407 3472 3463 quam
3515 3405 3646 3452 tem-

2086 3480 2230 3549 ptum
2260 3478 2559 3534 Salomonis
2587 3478 2783 3535 factum
2809 3490 2914 3548 est,
2941 3481 3081 3550 quod
3108 3476 3136 3517 δ
3163 3483 3509 3554 quadraginta
3536 3495 3651 3540 tan-

2049 3607 2053 3614 .
2084 3578 2193 3624 tum
2223 3569 2274 3624 in
2305 3569 2654 3638 longitudine,
2680 3577 2737 3625 et
2762 3566 2946 3640 viginti
2976 3567 3202 3627 habebat
3229 3572 3439 3628 cubitos
3479 3576 3530 3629 in
3574 3577 3648 3631 la-

2083 3658 2326 3715 titudine.
2355 3657 2680 3730 Tabnlmque
2719 3658 2890 3727 ipsius
2934 3660 3291 3728 tabernaculi,
3332 3678 3451 3733 qua:
3488 3665 3645 3720 denos

2080 3751 2290 3805 cubitos
2318 3749 2660 3821 longitudinis
2686 3765 2762 3806 ac
2790 3748 3082 3805 latitudinis
3107 3749 3346 3806 cubitum
3372 3762 3430 3808 et
3464 3754 3642 3810 semis-

2082 3857 2194 3894 sem
2235 3842 2430 3896 hahere
2455 3842 2724 3907 dicuntur,
2750 3856 3044 3911 sexagenos
3069 3842 3279 3898 cubitos
3310 3845 3644 3914 longitudinis

2080 3927 2168 3984 etl
2194 3939 2428 3984 novenos
2452 3930 2744 3983 latitudinis
2767 3929 3056 3997 habebant,
3081 3929 3416 4001 maioresque
3441 3933 3649 3988 fuerunt

2080 4034 2238 4089 quam
2278 4017 2363 4074 vel
2403 4016 2678 4088 generales
2721 4017 2870 4073 silvae
2911 4018 3128 4086 gignere
3165 4020 3393 4084 soleant,
3434 4021 3517 4075 vel
3557 4022 3648 4076 tali

2081 4107 2304 4163 :edificio
2323 4105 2611 4161 convenire
2637 4112 2727 4160 aut
2751 4104 2995 4161 manibus
3020 4105 3294 4162 hominum
3319 4108 3646 4164 circumferri

2081 4198 2236 4253 facile
2276 4205 2512 4266 possent.
2554 4195 2690 4266 Saga
2727 4210 2940 4266 quoque
2975 4195 3168 4266 quibus
3205 4198 3500 4268 tegebatur,
3529 4214 3648 4269 qua

2075 4286 2293 4356 "triginta
2319 4285 2528 4341 cubitos
2551 4285 2756 4356 singula
2777 4284 3122 4355 longitudinis
3140 4296 3192 4346 et
3215 4297 3443 4356 quatuor
3469 4286 3638 4342 latitu-

2079 4374 2219 4434 dinis
2263 4376 2514 4433 habuisse
2551 4376 2820 4443 dicuntur,
2867 4381 3087 4431 centum
3132 4376 3397 4446 octoginta
3441 4375 3646 4430 cultius

2081 4471 2232 4538 longa
2260 4479 2318 4527 et
2356 4468 2538 4538 viginti
2584 4477 2808 4537 quatuor
2845 4467 2948 4521 lata
2987 4465 3225 4533 fuerunt;
3276 4467 3371 4522 sed
3420 4465 3534 4521 hac
3573 4465 3642 4521 ita

418 4529 643 4635 ild'eIiter
666 4529 940 4644 manentes
966 4529 1186 4643 reperit,
1212 4573 1415 4639 salvat;
1442 4571 1534 4641 qui
1559 4584 1685 4625 vero
1707 4580 1854 4627 extra
1881 4570 1980 4626 Ec-

2084 4529 2274 4613 debere
2312 4529 2533 4628 intelligi
2575 4529 2820 4626 prohibet
2854 4557 3017 4611 etiam
3054 4529 3318 4623 mpm
3369 4555 3538 4624 κίνει
3576 4555 3642 4610 de

419 4669 635 4726 elesiam
670 4668 738 4724 ab
775 4664 1040 4722 haereticis
1077 4663 1194 4719 sive
1220 4661 1570 4719 schismaticis
1607 4661 1862 4730 baptisma
1889 4675 1979 4716 ac-

417 4761 650 4829 cipiunt,
689 4759 789 4812 nisi
818 4756 887 4812 ad
911 4756 1229 4813 catholicam
1255 4755 1507 4810 unitatem
1547 4751 1820 4808 redeundo
1848 4751 1981 4806 resi-

421 4852 629 4921 piscant
666 4843 951 4911 intersunt.
993 4847 1125 4902 Item
1163 4846 1408 4902 veniente
1442 4842 1670 4900 articulo
1706 4841 1978 4898 novissimi

420 4939 718 5004 examinis,
772 4926 1076 5004 quicumque
1125 4935 1180 4990 in
1235 4947 1419 4991 sancta
1472 4933 1714 4991 Ecclesia
1767 4932 1873 4989 fide
1925 4941 1982 4988 et

419 5029 628 5086 actium
657 5033 1064 5095 perseverantes
1104 5025 1462 5090 inveniuntur,
1501 5024 1553 5079 in
1582 5031 1839 5078 aeternum
1868 5022 1976 5076 sal-

419 5129 638 5174 vantur:
669 5117 761 5186 qui
788 5117 858 5171 ab
882 5115 1118 5170 Ecclesia
1142 5115 1226 5169 vel
1253 5115 1377 5181 fide,
1404 5114 1489 5170 vel
1515 5128 1698 5185 opere,
1724 5112 1808 5167 vel
1834 5119 1980 5167 utro-

422 5225 523 5279 que
545 5205 798 5276 separati.
824 5214 1066 5276 pereunt.

493 5299 660 5352 Tolles
695 5299 849 5369 igitur
884 5305 1045 5351 tecum
1079 5311 1142 5349 ea:
1169 5293 1399 5347 omnibus
1435 5310 1579 5361 escis,
1617 5307 1731 5364 qua:
1766 5289 1980 5344 mandu-

421 5389 526 5446 αινὶ
546 5397 776 5458 ponunt,
798 5386 1208 5459 ct‘coutportebis
1232 5385 1369 5447 apud
1397 5393 1466 5443 te.
1492 5395 1539 5438 et
1565 5393 1713 5439 erqu
1739 5392 1843 5436 tarn
1867 5380 1977 5445 tibi,

491 5517 518 5580 _'
559 5517 662 5580 AL,
691 5518 968 5573 suscitauit.

491 5578 518 5616 "
560 5578 667 5649 AL,
697 5588 991 5652 multifcrie.

494 5661 517 5722 ίῗ
556 5655 663 5718 ΑΙ..
693 5656 984 5722 multifarie.

493 5719 518 5756 δ
553 5727 608 5782 5.
644 5727 799 5787 Aug.,
830 5719 918 5774 lib.
949 5737 965 5776 ι
995 5723 1191 5788 ριωι.
1220 5723 1273 5776 in
1301 5719 1518 5785 ϐασες..
1550 5736 1606 5790 q.
1637 5733 1689 5775 δ.

495 5801 518 5836 ⁸
558 5795 665 5859 ΔΙ..
697 5793 920 5848 notabat.

2078 4646 2471 4703 constructione
2500 4645 2825 4702 tabernaculi
2851 4645 3089 4702 scribens
3114 4646 3354 4717 ejusdem
3379 4664 3393 4700 :
3427 4663 3448 4699 s
3483 4645 3642 4701 Facta

2077 4748 2160 4795 est
2183 4749 2384 4806 autem,
2419 4737 2620 4807 inquit,
2649 4744 2706 4792 et
2731 4751 2853 4792 arca
2880 4735 3221 4807 longitudinis
3244 4736 3460 4810 quidem
3483 4735 3640 4807 quiu-

2077 4842 2182 4898 que
2225 4829 2540 4896 palmorum,
2583 4827 2871 4883 latitudinis
2911 4841 3038 4884 vero
3074 4828 3269 4892 trium;
3309 4841 3409 4896 pro
3445 4841 3553 4896 quo
3588 4824 3641 4880 ἢ

2081 4916 2266 4971 Exodo
2284 4915 2498 4985 scripsit
2522 4915 2752 4987 Iloyses,
2776 4917 2915 4988 quod
2935 4916 3182 4973 habuerit
3205 4906 3481 4986 longitudo
3503 4929 3642 4982 arca

2078 5006 2216 5062 duos
2237 5005 2401 5062 semis
2435 5005 2664 5074 cubitos,
2715 5005 2934 5063 latitudo
2973 5006 3209 5062 cubitum
3250 5015 3307 5062 st
3341 5006 3638 5073 dimidium,

2079 5097 2166 5165 qui
2191 5095 2340 5166 juxta
2367 5097 2758 5152 attestationetn
2783 5095 3025 5165 Joacphi.
3057 5110 3163 5151 nou
3190 5096 3520 5165 geometrici,
3541 5097 3639 5153 sed

2080 5190 2321 5257 vulgares
2349 5188 2711 5257 intelliguntur
2737 5200 2858 5242 esse
2877 5185 3064 5242 cubiti.
3107 5184 3184 5241 De
3221 5200 3343 5244 arca
3369 5200 3500 5257 ergo
3528 5185 3642 5242 Noe

2079 5279 2234 5335 altius
2257 5275 2814 5341 animadvertendum,
2855 5274 2997 5345 quod
3024 5277 3200 5331 οωιιίι
3227 5290 3349 5347 qua
3385 5275 3529 5332 inet
3559 5277 3642 5330 vel

2081 5385 2203 5438 erga
2229 5383 2346 5426 eam
2367 5375 2513 5436 gesta
2534 5373 2656 5421 sunt
2676 5363 2868 5420 divina
2893 5362 3098 5421 virtutis
3117 5375 3272 5423 erant
3293 5366 3452 5435 plena
3477 5366 3639 5420 mira-

2162 5500 2175 5536 ῖ
2217 5499 2325 5567 AL,
2352 5498 2635 5552 aduersum.

2161 5580 2178 5616 Ξ
2219 5570 2327 5632 ΑΙ..
2356 5568 2662 5635 sescuplum.

2154 5638 2180 5675 ιι
2219 5639 2326 5704 ΑΙ..
2353 5649 2446 5693 ιι.
2528 5703 2531 5705 _

2161 5709 2174 5745 ι
2223 5708 2326 5771 AL,
2359 5720 2662 5774 uenagenos.

2157 5779 2170 5831 ι
2221 5764 2516 5849 ιυδένιιιιδξ
2533 5776 2708 5846 Antiq.
2740 5772 2941 5831 iudaic.
2973 5772 3061 5830 lib.
3091 5786 3168 5841 tu,
3197 5782 3313 5839 cap.
3340 5764 3398 5823 6.
