3866 6248
221 440 292 496 οδ
1428 433 1895 496 ΙΙΕΧΛΕΜΕΙῙΟΝ
1931 435 2060 493 ιω.
2101 434 2165 490 ll.
3319 427 3390 487 Μ

216 551 370 607 culis.
401 551 458 609 Si
485 551 626 610 enim
651 560 907 608 consueto
932 551 1233 608 hominibus
1268 563 1416 606 more
1453 566 1540 608 res
1579 565 1762 621 agere-
1789 561 1839 619 Α
1862 547 2034 616 diunt,
2063 545 2323 602 immunda
2351 559 2557 617 quoque
2575 558 2693 601 eum
2724 545 2930 605 munitis
2954 560 3131 602 arcam
3153 546 3389 605 animau-

221 649 326 707 tur,
353 639 615 710 quomodo
643 641 945 697 sufficerent
967 651 1090 698 octo
1116 641 1360 698 homines
1385 651 1543 702 tanta:
1567 642 1762 711 avium,

216 729 599 800 iumentorum,
623 730 910 787 bestiarum
937 741 988 789 et
1014 731 1274 802 reptiliom
1300 732 1612 787 multitudini
1635 746 1763 801 quo-

220 821 347 877 tidie
385 821 559 878 cibum
603 833 886 893 potumque
921 829 949 859 ι
989 836 1274 897 apponere,
1318 831 1373 879 et
1415 831 1606 877 czetera
1647 836 1764 888 qua

221 925 348 966 usus
374 909 401 947 δ
431 911 669 981 deposcit
696 911 1034 968 ministrare?
1069 911 1360 980 przesertim
1401 925 1522 966 cum
1550 911 1616 969 de
1641 919 1762 979 potu

220 1000 274 1054 in
301 1014 476 1055 arcam
504 999 774 1061 inferendo
798 999 1064 1068 Scriptura
1090 998 1219 1056 niliil
1247 1017 1276 1053 a
1307 1000 1418 1056 Deo
1449 999 1652 1068 jussum
1682 1012 1764 1054 re-

219 1090 429 1146 tulerit!
469 1089 743 1158 Quomodo
770 1105 872 1143 non
901 1097 1107 1144 stercus
1147 1097 1202 1167 ct
1240 1089 1386 1144 urina
1426 1096 1503 1142 tot
1531 1086 1764 1141 animan-

220 1180 348 1242 tium
385 1179 468 1235 vel
509 1179 888 1235 intolerabilem
927 1176 1098 1236 fetore
1133 1177 1264 1250 ipsis
1301 1177 1651 1232 animantibus
1689 1176 1763 1228 lo-

215 1257 338 1326 cum
365 1267 590 1335 faceret,
619 1268 701 1322 vel
729 1268 942 1329 fundum
968 1283 1105 1326 arca:
1132 1268 1369 1339 quamvis
1397 1268 1592 1335 Optime
1629 1263 1763 1319 bitu-

215 1358 468 1417 uniuatum
499 1367 524 1398 ι
557 1371 661 1416 non
686 1357 1082 1426 corrumperet?
1109 1357 1371 1426 quomodo
1409 1370 1510 1411 una
1547 1356 1597 1410 in
1638 1355 1765 1410 sede

215 1460 312 1519 per
337 1461 531 1506 annum
562 1447 821 1517 integrum
849 1445 1144 1511 manentia,
1175 1459 1273 1501 nec
1311 1445 1541 1502 volatum
1579 1444 1766 1498 vo'ati-

213 1535 307 1600 lia,
347 1549 448 1595 nec
475 1535 830 1604 quadrupedia
864 1549 1103 1604 gressum
1142 1533 1460 1606 perderent?
1499 1534 1613 1603 Ipse
1639 1547 1765 1601 ergo

217 1620 472 1677 Dominus
503 1623 592 1692 qui
629 1636 806 1681 arcam
847 1637 968 1678 cum
997 1622 1076 1684 eis
1103 1638 1218 1690 qua:
1252 1622 1485 1694 gestabat
1521 1623 1764 1684 omnibus

213 1710 565 1780 incorruptam
603 1713 866 1777 servavit,
896 1712 1091 1782 quique
1117 1713 1252 1767 lianc
1279 1727 1348 1766 ne
1370 1712 1421 1766 in
1450 1726 1596 1766 mare
1619 1710 1765 1767 dila-

213 1801 429 1854 beretur
462 1801 803 1872 gubernavit.
841 1801 935 1858 sed
975 1802 1062 1856 tali
1110 1803 1162 1857 iu
1205 1802 1322 1857 loco
1360 1805 1617 1859 montium
1659 1801 1766 1856 de-

1861 641 1930 692 tia
1959 637 2175 694 intrant.
2206 637 2272 697 Et
2310 638 2442 692 bene
2465 636 2654 695 munda
2679 636 2978 707 septenario
3003 652 3223 692 numero
3248 652 3390 693 eou-

1861 725 2110 787 tinentur,
2142 725 2262 794 quia
2301 723 2628 792 septiformis
2664 733 2747 781 est
2789 723 2953 793 gratia
2997 725 3245 794 Spiritus,
3288 739 3391 796 qua

1861 814 2087 871 fidelium
2108 815 2263 871 corda
2278 815 2592 873 mandantur
2605 829 2669 870 ac
2684 815 3095 872 sanctiﬁcantur.
3116 814 3390 872 lmmunda

1859 905 1997 960 duali
2024 919 2246 960 numero
2286 903 2823 973 comprehenduntur,
2849 903 2967 973 quia
2999 903 3111 959 falsi
3146 904 3392 961 catholici

1859 1003 2192 1050 sacramenta
2219 995 2342 1051 lldei
2365 994 2559 1068 duplici
2588 993 2752 1050 corde
2778 995 3090 1064 percipiunt,
3109 1002 3164 1049 et
3190 994 3276 1049 hic
3301 1007 3392 1048 vo-

1861 1083 2032 1140 lentes
2059 1085 2286 1155 gaudere
2312 1100 2434 1141 cum
2457 1084 2674 1151 mundo,
2697 1085 2823 1140 etin
2847 1083 3019 1140 futuro
3038 1099 3257 1154 regnare
3274 1098 3392 1138 eum

1859 1171 2073 1227 Christo
2099 1190 2114 1238 ;
2139 1173 2205 1229 de
2229 1174 2467 1242 qualibus
2491 1174 2619 1229 dicit
2644 1172 2869 1229 lacubus
2897 1190 2911 1227 :
2945 1171 3063 1227 Non
3101 1189 3218 1242 ergo
3258 1173 3393 1226 asti-

1860 1270 1957 1314 met
1983 1260 2130 1315 homo
2156 1261 2245 1314 ille
2275 1263 2408 1330 quod
2432 1262 2650 1332 accipiat
2673 1261 2862 1329 aliquid
2887 1277 2919 1318 tt
2945 1259 3180 1320 Domino.
3205 1261 3278 1314 vir
3303 1261 3398 1314 duo

1862 1351 1983 1417 pliri
2017 1351 2186 1406 animo
2212 1351 2502 1406 inconstans
2534 1351 2548 1405 l
2578 1360 2650 1406 est
2678 1351 2732 1405 in
2764 1350 2988 1406 omnibus
3015 1351 3105 1405 aiis
3136 1352 3238 1403 suis
3258 1347 3399 1420 (Jac.

1861 1451 1900 1500 ι.
1929 1438 2010 1506 7).
3396 1438 3398 1440 ’

1933 1523 2075 1578 Fecit
2101 1540 2220 1596 ergo
2247 1524 2298 1579 Ν
2301 1541 2359 1580 ee
2379 1541 2545 1581 omma
2569 1541 2681 1595 quae
2707 1525 3027 1584 mandaverat
3054 1525 3104 1579 ei
3130 1524 3401 1592 Dominus,

1858 1622 2061 1682 eratque
2095 1625 2440 1668 sescentorum
2493 1631 2742 1668 annorum
2796 1615 2996 1685 quando
3043 1616 3219 1669 diluvii
3257 1632 3405 1684 aqum,

1860 1705 2222 1762 inundaverant
2254 1703 2280 1741 ¹ι
2309 1720 2459 1774 super
2484 1715 2690 1761 terram.
2720 1705 2784 1760 Et
2810 1706 3060 1775 ingressus
3093 1717 3166 1761 est
3197 1705 3331 1769 Noe.
3354 1715 3402 1760 et

1862 1796 1956 1864 ﬁlii
1977 1799 2107 1867 ejus,
2138 1812 2268 1850 uxor
2289 1799 2419 1865 ejus,
2449 1806 2495 1855 et
2522 1812 2705 1851 mres
2739 1797 2961 1865 filiorum
2980 1799 3086 1868 ejus
3110 1813 3227 1850 cum
3258 1813 3318 1852 eo
3349 1798 3405 1850 in

212 1887 411 1957 posuit,
452 1888 538 1949 ubi
579 1890 646 1945 de
687 1891 827 1954 ostio
865 1895 1003 1964 quod
1051 1892 1272 1949 habebat
1317 1891 1483 1952 facilis
1517 1901 1657 1948 use:
1697 1906 1760 1948 ac
1791 1878 1837 1939 Β
1861 1903 2052 1954 arcam,
2076 1896 2130 1943 et
2157 1897 2369 1942 caetera.
2401 1887 2549 1945 ditas
2573 1887 2683 1944 Noe
2709 1902 2947 1956 magnam
2976 1902 3156 1943 eorum
3183 1889 3269 1954 qui
3299 1885 3402 1943 Ec-

213 1986 486 2045 promptus
530 1977 595 2031 ad
643 1989 837 2035 terram
881 1993 1127 2045 egressus
1173 1982 1380 2037 cunctis
1421 1997 1536 2050 quae
1579 1982 1632 2036 iu
1677 1980 1763 2040 illa

209 2062 612 2143 continebantur
637 2065 1012 2131 animantibus,
1043 2065 1068 2104 ἀ
1099 2067 1326 2140 providit
1369 2069 1526 2121 etiam
1562 2067 1762 2123 eisdem

208 2153 434 2220 qualiter
479 2152 530 2208 in
572 2169 695 2208 arca
735 2162 1076 2209 vescerentur
1113 2169 1177 2213 ac
1215 2156 1356 2210 salva
1403 2156 1762 2224 perdurarent.

210 2239 319 2295 Nec
345 2241 441 2296 abs
467 2256 524 2298 re
548 2251 631 2299 est
655 2242 826 2308 credi,
871 2253 928 2298 ut
965 2243 1178 2314 quidam
1217 2253 1480 2311 astruuut,
1509 2245 1648 2314 quod
1687 2231 1766 2303 in-

207 2332 473 2398 gressuris
500 2346 677 2392 arcam
702 2333 1060 2389 animantibus
1081 2333 1192 2389 Noe
1217 2335 1407 2390 victum
1434 2335 1653 2407 singulis
1677 2338 1766 2408 qui

210 2419 374 2475 unius
411 2419 513 2474 diei
554 2420 670 2476 usui
711 2419 980 2480 sufficeret
1019 2425 1411 2492 praepararem,
1453 2433 1507 2479 et
1545 2428 1645 2479 hoc
1683 2438 1765 2479 re-

211 2507 348 2563 fccta
385 2508 586 2584 singula
623 2511 695 2565 ob
729 2509 1129 2583 signiﬁcandum
1170 2512 1502 2581 mysterium,
1533 2513 1670 2581 quod
1714 2513 1765 2572 in

212 2598 446 2654 Ecclesia
485 2601 661 2655 cuncti
704 2616 799 2670 pro
843 2602 1002 2659 modo
1041 2604 1266 2672 propria:
1309 2605 1616 2672 capacitatis
1648 2605 1766 2663 vita

207 2685 332 2742 cibo
357 2687 638 2752 reﬂeimnr,
668 2687 1020 2758 deincepsque
1044 2689 1110 2744 ad
1139 2689 1280 2743 diem
1307 2691 1626 2760 egressionis
1655 2706 1766 2747 sua

208 2772 386 2843 quieta
412 2773 592 2829 divino
618 2783 746 2828 nutu
773 2778 851 2831 vel
879 2777 1038 2831 etiam
1068 2777 1238 2846 souita
1269 2778 1577 2834 manserint.

228 2897 234 2903 ς
282 2858 426 2914 Fecit
465 2875 583 2932 ergo
626 2858 741 2915 Noe
785 2862 954 2916 omnia
988 2879 1105 2933 quis
1147 2877 1450 2934 praeceperat
1485 2866 1565 2920 illi
1608 2864 1764 2932 Deus,

207 2948 437 3019 dicitque
477 2948 725 3005 Dominus
762 2950 832 3004 ad
869 2965 983 3005 eum
1005 2966 1027 3007 :
1068 2950 1342 3023 Ingredere
1383 2963 1438 3010 tu
1467 2963 1492 2992 ⁸
1517 2963 1566 3010 et
1603 2957 1766 3013 omnis

207 3039 391 3095 donius
417 3049 504 3095 tua
530 3055 723 3108 arcam
753 3049 858 3096 etc.
902 3041 1088 3097 Omnia
1113 3058 1233 3112 quae
1269 3053 1591 3114 preceperat
1625 3045 1766 3102 Deus

208 3130 356 3197 fecit,
387 3131 440 3187 id
467 3127 569 3198 est,
597 3145 772 3188 arcam
799 3131 1105 3201 cdillcavit,
1133 3145 1216 3200 et,
1244 3135 1621 3192 mansiunculis
1653 3136 1762 3198 dis-

208 3225 419 3293 positis,
457 3238 609 3289 escas
645 3225 696 3281 in
733 3239 850 3282 eam
885 3227 1088 3290 cunctis
1127 3228 1479 3289 animantibus
1514 3245 1758 3300 compor-

208 3311 362 3368 tavit.

279 3400 370 3457 Ea;
411 3401 640 3459 omnibus
682 3405 1020 3464 animantibus
1048 3407 1248 3466 mundis
1288 3407 1412 3465 tolle
1452 3415 1656 3478 septena
1684 3424 1764 3462 se-

209 3501 388 3561 ptena,
402 3495 684 3548 masculum
707 3504 753 3550 et
783 3497 1059 3566 feminam;
1087 3497 1149 3551 de
1167 3497 1502 3554 animantibus
1519 3511 1636 3551 vero
1659 3512 1758 3555 nou

211 3582 446 3646 mundis,
473 3582 577 3639 duo
602 3591 651 3636 et
679 3583 800 3649 duo,
827 3585 1104 3641 masculum
1127 3591 1173 3642 et
1196 3585 1470 3655 feminam;
1493 3584 1582 3642 sed
1625 3595 1671 3639 at
1701 3585 1764 3640 ds

210 3668 504 3722 volatilibus
535 3666 558 3707 ί
589 3669 704 3723 ccli
727 3678 936 3737 septena
961 3678 1186 3737 septena,
1223 3671 1504 3726 masculum
1544 3683 1597 3726 et
1618 3671 1763 3737 farti-

211 3771 354 3819 nam,
379 3765 433 3809 ut
460 3756 678 3810 salvetur
703 3773 871 3812 semen
897 3773 1048 3826 super
1076 3759 1255 3826 facient
1280 3757 1309 3798 ⁸
1331 3760 1575 3813 uuieerste
1595 3769 1757 3814 terras.

210 3845 364 3913 Quod
389 3844 466 3899 ait
502 3857 720 3917 septena
741 3857 983 3916 septena,
1015 3864 1119 3902 non
1152 3849 1204 3903 in
1234 3847 1454 3919 singulis
1481 3849 1763 3917 generibus

215 3937 299 3991 bis
322 3945 568 4006 septena,
592 3936 686 3993 sed
715 3946 920 4008 septem
950 3938 1281 4001 solummodo
1307 3938 1420 4000 tolli
1441 3939 1570 4003 vult,
1591 3953 1623 3994 e
1648 3938 1763 4012 qui-

220 4028 318 4083 bus
347 4042 513 4084 nnnm
534 4027 673 4100 quod
697 4028 910 4097 paribus
933 4040 1209 4098 supererat
1228 4037 1344 4099 post
1368 4029 1625 4090 diluvium
1656 4030 1763 4090 Deo

210 4124 395 4186 posset
426 4115 627 4175 oderri.
657 4116 887 4187 Septena
911 4133 1089 4174 au'em
1128 4129 1345 4194 septena
1371 4118 1521 4187 dicit,
1549 4129 1762 4188 propter

213 4206 379 4262 multa
406 4205 768 4262 animantium
798 4222 1012 4278 genera,
1043 4223 1160 4278 qua
1203 4209 1304 4268 ltoc
1343 4218 1500 4269 erant
1544 4224 1762 4266 numero

209 4293 734 4367 comprehendenda.
776 4295 1031 4357 Similiter
1075 4300 1214 4365 quod
1244 4301 1317 4352 ait
1351 4299 1458 4357 duo
1499 4299 1624 4367 duo,
1655 4311 1760 4358 non

212 4377 240 4419 δ
271 4381 412 4438 binis
437 4382 558 4437 bina
595 4383 648 4437 lu
675 4397 781 4436 uno
808 4383 1045 4451 quolibet
1070 4400 1262 4454 genere
1288 4384 1630 4447 animantium
1664 4386 1762 4441 im~

214 4470 558 4566 mundorum,
597 4469 830 4566 sedAduo
856 4475 1244 4566 tantummodo,
1293 4491 1490 4531 marem
1517 4475 1761 4544 designat
1793 4507 1840 4566 Ι)

212 4573 268 4616 et
300 4561 576 4621 feminam.
608 4561 741 4618 Dicit
772 4571 949 4617 autem
976 4562 1081 4618 duo
1101 4573 1154 4620 et
1181 4565 1305 4630 duo,
1331 4566 1470 4635 quod
1512 4566 1562 4621 in
1594 4567 1758 4635 pluvi.

213 4650 312 4704 bus
345 4649 688 4704 animantium
715 4649 994 4719 generibus
1020 4651 1203 4706 eadem
1235 4653 1375 4719 paria
1399 4661 1585 4708 essent
1612 4655 1757 4708 acui.

213 4741 428 4809 plenda,
460 4736 549 4792 ubi
595 4737 840 4794 facillime
865 4739 1082 4794 cuilibet
1121 4748 1264 4808 patet
1287 4741 1408 4807 quia
1441 4740 1485 4796 si
1526 4742 1762 4800 salvandi

215 4839 422 4884 tantum
450 4830 661 4900 generis
687 4837 742 4882 et
768 4843 873 4884 non
914 4829 1114 4895 altipris
1143 4830 1319 4884 arcani
1357 4831 1522 4907 gratia
1552 4847 1638 4890 res
1671 4848 1762 4904 ge-

218 4929 450 4985 reretur,
504 4918 775 4974 sufficeret
820 4920 992 4973 minor
1019 4919 1362 4977 animantium
1404 4936 1657 4980 numerus
1697 4923 1764 4982 ad

221 5003 240 5044 ί
274 5007 666 5065 restitutionem
706 5004 905 5063 sobolis
941 5010 1384 5076 conservandam;
1415 5026 1554 5071 nunc
1589 5022 1764 5067 autem

213 5093 340 5162 quia
367 5107 478 5151 nou
501 5109 690 5174 omna
718 5097 808 5169 qui
838 5099 1100 5153 lavacrum
1132 5099 1460 5168 baptismatis
1496 5100 1549 5155 in
1583 5101 1765 5158 Eccle-

214 5183 306 5271 sia
341 5182 594 5271 subeunt.
639 5183 800 5242 etiam
843 5186 966 5248 boui
1012 5188 1190 5257 operis
1231 5189 1537 5251 munditiam
1583 5200 1763 5250 custo-

287 5270 316 5336 ξ
351 5267 462 5336 AL,
491 5268 696 5336 alme.

288 5329 318 5370 δ
354 5329 466 5402 AL,
496 5329 680 5402 fascis.

290 5413 314 5440 ε
353 5405 463 5469 AL,
489 5404 638 5459 deest
660 5421 782 5462 non.

289 5470 318 5552 εξ
352 5472 462 5552 at,
492 5472 739 5552 previdit.

292 5540 466 5606 "AL,
493 5540 546 5592 iu
571 5555 741 5592 nam
763 5551 813 5596 et
839 5547 1000 5602 omnis
1026 5548 1204 5602 domus
1232 5561 1338 5605 tua.

297 5607 318 5649 ί
352 5609 462 5673 AL,
481 5607 630 5664 deest
654 5611 786 5663 cali.

290 5686 317 5722 ι
347 5677 451 5740 AL,
479 5678 627 5731 deest
654 5677 915 5735 uniuersa.

293 5743 321 5784 δ
348 5745 456 5810 AL,
478 5746 552 5801 bis
577 5744 713 5800 bina.

1783 3188 1830 3251 ϐ

1859 1979 2080 2034 clesiam
2129 1979 2515 2049 ingrediuntur,
2547 1989 2601 2037 et
2645 1992 2738 2048 per
2768 1978 2924 2033 fidem
2963 1991 3118 2041 atque
3139 1978 3403 2032 actionem

1863 2067 1966 2122 flde
1992 2067 2303 2136 condignam
2349 2069 2416 2128 ad
2463 2078 2656 2122 eterna
2684 2068 2871 2138 gaudia
2914 2067 3245 2135 perveniunt.
3278 2080 3402 2137 per-

1860 2155 2138 2214 fet-tionem
2180 2155 2440 2224 designat.
2472 2153 2657 2210 Sexies
2698 2155 2839 2211 enim
2880 2155 3085 2207 centeni
3128 2155 3259 2208 fiunt
3284 2168 3404 2207 sex-

1861 2248 2037 2312 centi;
2067 2247 2304 2305 senarius
2346 2255 2520 2302 autem
2551 2259 2821 2311 numerus,
2869 2248 2919 2300 in
2947 2259 3054 2313 quo
3097 2243 3262 2298 factus
3291 2243 3404 2297 sive

1863 2337 2118 2390 formatus
2156 2346 2235 2390 est
2266 2335 2510 2399 mundus,
2542 2351 2645 2390 non
2674 2334 2939 2392 immerito
2968 2330 2989 2374 ι
3032 2334 3404 2402 perfectionem

1867 2425 2110 2494 designat
2137 2425 2287 2482 bona
2317 2424 2561 2480 actionis.
2587 2413 2934 2479 Ceutcnatius
2955 2437 3100 2487 vero,
3130 2423 3241 2488 qui,
3271 2422 3407 2476 sicut

1862 2522 1916 2567 et
1959 2528 2117 2579 supra
2152 2513 2506 2578 meminimus,
2538 2511 2590 2566 in
2630 2523 2875 2580 computo
2922 2509 3122 2579 digitali
3168 2510 3234 2563 de
3274 2510 3402 2563 lmva

1867 2599 2182 2656 transfertur
2204 2603 2257 2656 iu
2287 2603 2547 2668 dextram,
2576 2602 2805 2658 maxime
2848 2599 3094 2665 convenit
3126 2600 3203 2654 eis
3231 2600 3318 2668 qui
3350 2598 3403 2652 iu

1865 2692 2150 2750 novissimo
2179 2692 2424 2751 esamine
2463 2691 2530 2747 ad
2568 2693 2804 2746 dextram
2835 2701 3033 2747 stantes
3060 2689 3279 2752 iudicis,
3309 2703 3404 2742 au-

1862 2781 2019 2834 diturl
2061 2790 2229 2835 sunt:
2283 2781 2476 2845 Venite,
2519 2781 2761 2834 benedicti
2804 2778 2970 2834 Putris
3012 2780 3122 2843 mei,
3169 2778 3406 2846 percipite

1862 2887 2070 2942 regnum
2105 2870 2314 2940 (Matth.
2351 2886 2478 2936 xxv,
2511 2870 2624 2940 54).
2670 2870 2734 2925 Et
2767 2870 2885 2925 ideo
2915 2870 3283 2937 multiplicatus
3309 2883 3428 2936 per.

1862 2959 2130 3018 senarium
2170 2972 2419 3019 numerus
2454 2959 2786 3014 centenarias
2831 2959 2974 3015 illam
3004 2959 3247 3011 virtutqu
3291 2958 3400 3026 spi-

1865 3046 2129 3103 ritualium
2157 3046 2534 3116 perfectionem
2559 3037 2818 3116 designat,
2846 3059 2963 3116 qua
3002 3061 3107 3101 non
3138 3043 3204 3098 ad
3235 3047 3403 3099 homi-

1866 3153 1989 3192 num
2021 3137 2254 3192 favorem
2282 3143 2538 3192 ostentata
2585 3135 2900 3200 forinsecus,
2930 3136 3022 3190 sed
3069 3136 3135 3192 ad
3180 3136 3400 3206 gloriam
3448 3138 3450 3140 ’

1862 3235 1946 3284 est
1973 3219 2276 3281 Conditoris
2311 3226 2363 3280 in
2395 3239 2489 3294 spe
2515 3239 2757 3296 superna:
2786 3223 3142 3281 retributionis
3169 3224 3402 3294 impleta,

1863 3313 2156 3385 meritoque
2197 3315 2388 3381 praesul
2430 3328 2592 3379 arcae,
2622 3313 2805 3380 inqua
2836 3313 3087 3368 Ecclesia:
3135 3322 3302 3368 status
3326 3321 3410 3367 est

1861 3415 2170 3470 expressus,
2198 3402 2360 3458 etiam
2403 3401 2456 3456 in
2489 3411 2727 3469 tempore
2752 3415 2861 3454 suae
2886 3401 3053 3454 aetatis
3073 3401 3403 3456 devotionem

1861 3487 2104 3557 designat
2131 3504 2312 3545 eorum
2343 3491 2430 3557 qul
2461 3494 2596 3542 lianc
2623 3487 2694 3543 ita
2738 3489 3120 3561 ingrediuntur,
3149 3497 3207 3542 ut
3244 3489 3402 3545 etiam

1863 3589 1958 3643 per
1984 3575 2135 3629 bona:
2166 3577 2351 3630 merita
2377 3575 2600 3630 actionis
2627 3575 2695 3631 ad
2723 3577 2946 3631 salutem
2968 3586 3006 3612 ἠ
3041 3577 3264 3632 transire
3292 3593 3398 3634 me-

1863 3672 2079 3717 reantur
2108 3671 2362 3719 :cternam
2391 3681 2406 3731 ;
2435 3664 2674 3734 quamvis
2701 3675 2757 3721 et
2784 3662 2853 3721 ita
2885 3677 3029 3722 recte
3054 3668 3220 3737 possit
3247 3668 3402 3723 intel-

1863 3753 1972 3824 l-gi,
2003 3753 2122 3826 quia
2153 3770 2272 3810 cum
2302 3771 2452 3826 aqua
2478 3757 2664 3813 diluvii
2690 3758 3020 3831 baptismatis
3045 3758 3236 3812 undam
3265 3759 3407 3814 desi-

1861 3855 2048 3915 gnant,
2078 3857 2203 3903 tunc
2241 3855 2371 3902 tetas
2400 3847 2510 3903 Noe
2537 3848 2934 3917 perfectionem,
2958 3848 3023 3902 ad
3051 3863 3209 3917 quam
3237 3849 3288 3904 lii
3315 3849 3405 3917 qui

1863 3935 2195 4006 baptizantur
2220 3939 2540 3994 contendere
2565 3939 2812 4002 debeant,
2838 3938 3084 3992 insinuet.
3116 3938 3248 3992 Cum
3273 3951 3400 3992 vero

1865 4036 2069 4095 tempus
2097 4025 2268 4081 ultimi
2297 4025 2558 4087 examinis
2597 4028 2953 4096 prmligurant,
2983 4037 3103 4079 tunc
3147 4024 3286 4080 idem
3311 4040 3404 4080 an-

1862 4129 2047 4169 norum
2069 4115 2183 4184 ejus
2207 4128 2457 4169 numerus
2480 4115 2662 4185 quales
2681 4130 2800 4168 cum
2825 4114 3044 4169 Domino
3071 4114 3136 4168 ad
3166 4112 3398 4182 requiem

1863 4215 2182 4275 perpetuam,
2211 4205 2351 4274 quod
2393 4219 2583 4259 nomen
2629 4204 2738 4259 Noe
2786 4213 2963 4269 sonat,
3009 4203 3251 4258 intraturi
3297 4202 3404 4256 sint

1862 4293 2081 4371 figurate
2108 4294 2400 4359 denuntiat,
2424 4292 2474 4347 id
2498 4301 2601 4358 est,
2630 4291 2819 4346 effectu
2845 4292 2968 4346 boni
2999 4291 3176 4360 operis
3219 4301 3292 4371 ett
3323 4291 3403 4346 in-

1862 4367 2094 4439 tentione
2123 4385 2302 4440 mundi
2345 4383 2521 4442 cordis
2550 4381 2753 4441 cmlesti
2794 4382 3007 4438 introitu
3037 4382 3198 4450 digni.
3288 4364 3292 4378 ⁸

1935 4474 2158 4545 Cumque
2186 4477 2480 4531 transissent
2511 4485 2697 4544 septem
2725 4475 2851 4537 dies,
2882 4490 3028 4543 aqua:
3053 4473 3227 4526 diluvii
3255 4472 3407 4525 inun-

1864 4569 2104 4622 daverunt
2131 4578 2334 4623 terram.
2361 4569 2591 4637 Septima
2616 4569 2730 4623 dies
2752 4568 3054 4630 sabbatum,
3085 4568 3136 4620 id
3186 4577 3288 4630 est,
3319 4580 3403 4620 re-

1861 4661 2073 4728 quiem,
2123 4659 2319 4714 indicat
2367 4658 2490 4720 vita
2544 4659 2756 4716 futura.
2807 4656 2935 4712 Cum
2979 4673 3105 4727 ergo
3149 4657 3403 4714 diluvium

1862 4764 2051 4817 aquam
2085 4748 2326 4818 baptismi
2354 4747 2636 4816 signiﬁcat,
2664 4756 2788 4816 apte
2815 4757 2934 4816 post
2960 4756 3162 4815 septem
3195 4749 3308 4803 dies
3335 4764 3402 4805 ex

1861 4852 1968 4907 quo
2009 4852 2132 4893 arca
2181 4837 2316 4891 facta
2360 4843 2446 4889 est
2493 4834 2658 4899 venit,
2689 4837 2809 4906 quia
2846 4844 2874 4873 η
2905 4836 2957 4891 in
3003 4852 3099 4905 spe
3141 4846 3408 4907 perpetua

1863 4927 2052 4995 quietis
2099 4925 2440 4993 baptisamur.
2471 4923 2602 4978 Cum
2650 4939 2780 4980 vero
2825 4925 3013 4980 ﬂuctus
3061 4927 3400 4981 teutatiouum

1864 5030 2013 5083 aqua
2054 5015 2229 5069 diluvii
2259 5012 2507 5082 figurant,
2539 5014 2729 5069 merito
2758 5016 2917 5071 etiam
2959 5025 3081 5072 tunc
3122 5023 3239 5087 post
3278 5028 3402 5081 sep-

1866 5114 1971 5159 tem
1996 5103 2110 5158 dies
2137 5102 2368 5171 veniunt,
2396 5103 2522 5170 quia
2551 5113 2766 5173 propter
2796 5105 2948 5164 (idem
2992 5104 3057 5157 ad
3085 5119 3230 5172 spem
3259 5106 3402 5158 lutu-

1870 5208 2045 5249 rorum
2075 5193 2349 5254 bonorum,
2379 5193 2799 5260 persecutionem
2831 5202 2858 5230 ο
2883 5192 3006 5262 justi
3037 5193 3301 5261 patiuntur
3329 5189 3402 5246 ab

1951 5280 1964 5319 ί
1994 5281 2104 5344 AL,
2130 5282 2566 5337 restaurationem.

1953 5352 1969 5401 ἰ
2005 5351 2089 5405 Al.
2115 5350 2263 5404 deest
2290 5360 2384 5404 est.
2490 5358 2494 5363 '

1949 5419 1973 5489 ξ
1997 5419 2104 5484 AL,
2129 5419 2280 5472 deest
2305 5435 2457 5489 super
2485 5432 2684 5474 terram.

1945 5487 1959 5525 ι
1998 5489 2106 5554 AL,
2133 5487 2448 5556 perfectionis
2473 5490 2614 5543 bona:
2644 5488 2872 5555 desiqnat
2898 5487 3142 5542 actiones.

1940 5567 1977 5593 ω
2006 5557 2088 5609 Al.
2101 5596 2116 5619 ,
2150 5557 2407 5610 transisse.

1939 5634 1966 5662 "
1997 5625 2105 5689 AL,
2134 5625 2186 5676 in
2213 5639 2370 5690 spem.

1941 5709 1966 5730 υ
2000 5694 2105 5758 AL,
2125 5693 2282 5759 juste.
