3866 6248
463 408 534 466 95
946 371 1152 454 ’ΠΙ-ΖΒΕ
1188 391 1641 452 VENERABILIS
1677 384 1955 447 OPERUM
1996 347 2276 441 DARSIII.
2314 411 2381 423 —
2423 377 2805 436 EXEGETICA
2844 374 3164 434 GENUINA.
3607 370 3685 427 96

461 515 543 571 eis
582 513 671 583 qui
719 519 924 564 terrena
975 506 1152 561 miseri
1191 503 1329 559 bona
1377 501 1700 564 cmlestibus,
1742 495 2009 550 mansuris
2034 505 2080 559 Α
2109 490 2376 583 celebrare
2419 488 2765 560 nequivimus,
2793 495 2850 541 ut
2877 496 3015 583 pote
3051 483 3413 583 longe-adhuc
3439 483 3611 554 positi

463 573 774 672 temporalia
804 603 1133 668 proponunt.
1162 595 1233 648 At
1274 607 1401 648 vero
1445 589 1697 645 diluvium
1745 601 1866 642 cum
1911 584 2010 640 ad-
2111 579 2497 672 communione,
2527 587 2850 640 sanctorum,
2901 583 2957 630 et
3004 573 3285 672 immundi,
3323 573 3456 672 luto-
3475 573 3690 672 mortui

467 664 646 749 veniui
695 664 966 745 novissimi
1018 683 1284 743 examinis
1334 681 1678 742 assimilatur,
1725 680 1883 732 etiam
1935 676 2015 729 sic
2121 671 2381 740 peccatis;
2412 670 2503 724 sed
2530 669 2619 738 qui
2662 677 2776 734 post
2803 676 3012 736 peracta
3038 665 3220 720 eadem
3248 664 3542 749 Dominicm
3600 665 3689 718 in-

468 745 822 847 congruettter
849 785 968 845 post
992 775 1106 830 dies
1150 782 1350 842 septem
1400 780 1597 826 terram
1627 766 1860 829 inundat,
1893 763 2014 834 quia
2112 760 2428 816 carnationis
2468 769 2792 813 sacramenta
2822 757 2889 811 ad
2937 756 3092 810 iidem
3123 745 3388 847 venimus,
3419 745 3582 822 quasi
3633 754 3689 807 in

469 842 776 929 tunc'elccti
821 842 1008 922 omnes
1034 865 1124 934 qui
1149 865 1334 934 iugum
1361 861 1555 917 Christi
1583 873 1746 914 suave
1788 866 1843 912 et
1885 872 2018 910 onus
2117 850 2233 904 luce
2259 848 2471 904 secundi
2510 850 2705 902 mensis
2726 846 2915 916 pascha
2943 845 3260 900 dominicum
3290 842 3550 934 facimus;
3586 858 3690 898 ca-

467 963 585 1018 leve
611 965 951 1030 portaverunt
992 930 1271 1008 inveniunt
1309 951 1542 1018 requiem
1583 947 1858 1002 animabus
1886 945 2015 999 suis.
2114 939 2203 1030 jus
2233 937 2474 1030 videlicet
2517 937 2712 1030 mensis
2753 937 2838 990 die
2879 936 3081 989 decima
3127 949 3250 1030 arca
3292 930 3528 1030 pet-(ccta

540 1054 688 1106 Anno
723 1046 1075 1103 καρπιαῆπο
1107 1044 1220 1096 vita:
1268 1042 1410 1107 Noe,
1451 1054 1621 1118 mense
1665 1036 1912 1098 secundo,
1943 1049 2021 1088 sc-

470 1143 630 1214 ptinto
649 1140 843 1192 decimo
859 1137 940 1188 die
955 1133 1161 1195 mensis,
1183 1132 1322 1200 rupti
1344 1139 1462 1184 sunt
1477 1142 1645 1182 enim
1669 1128 1830 1196 fontes
1854 1123 2022 1214 abyssi

473 1212 690 1304 magna,
713 1239 757 1283 et
779 1232 1046 1280 cataracta:
1073 1223 1183 1277 ccli
1213 1228 1557 1287 apertw'sunt,
1578 1228 1624 1271 et
1651 1218 1783 1286 facta
1813 1224 1886 1268 est
1908 1212 2022 1284 plu-

454 1324 552 1382 ‘cia
604 1335 753 1388 super
800 1328 984 1370 terrain
1013 1311 1348 1381 quadraginta
1384 1308 1557 1361 diebus
1599 1314 1646 1359 et
1685 1304 2024 1373 quadraginta

472 1413 722 1466 noctibus.
754 1407 961 1463 Menses
983 1402 1121 1472 apud
1149 1401 1400 1456 Hebraeos
1441 1414 1547 1453 non
1579 1398 1676 1451 nisi
1703 1396 1849 1464 juxta
1883 1395 2022 1447 lunae

478 1515 693 1557 cursum
745 1513 773 1552 a
827 1495 992 1565 prima
1019 1507 1185 1560 usque
1235 1490 1300 1544 ad
1352 1490 1573 1558 primam
1628 1493 2020 1552 computantur,

482 1590 788 1659 primusque
823 1600 1004 1641 eorum
1044 1582 1241 1637 mensis
1268 1580 1320 1633 ³]
1350 1593 1455 1649 quo
1501 1577 1690 1646 pascha
1740 1575 1851 1630 ﬁeri
1892 1589 2027 1642 pra:-

480 1693 690 1754 ceptum
717 1690 821 1746 est,
849 1689 902 1735 et
930 1679 982 1732 in
1019 1689 1124 1746 quo
1160 1673 1385 1728 mundus
1409 1680 1493 1728 est
1511 1670 1702 1734 factus,
1732 1666 2028 1736 appellatur

479 1775 664 1838 Nisae,
688 1785 844 1840 quem
887 1783 984 1822 nos
1014 1765 1248 1835 Aprilem
1289 1776 1554 1818 vocamus.
1581 1759 1853 1816 Secundus
1889 1757 2022 1821 Jair,

2119 1028 2238 1095 quia
2281 1027 2531 1082 Dominus
2573 1028 2636 1091 ,in
2692 1041 2850 1080 carne
2895 1038 3154 1094 apparens
3199 1023 3476 1077 denarium
3525 1024 3691 1076 nobis

2122 1116 2266 1184 regni
2303 1117 2536 1172 celestis
2566 1115 2825 1184 prmisit,
2860 1113 3173 1182 Decalogum
3208 1111 3340 1182 legis
3379 1127 3478 1166 nos
3509 1110 3687 1181 perli-

2122 1218 2242 1257 cere
2285 1217 2462 1274 posse,
2499 1204 2618 1258 data
2670 1202 2900 1270 Spiritus
2929 1203 3095 1257 sancti
3142 1202 3328 1272 gratia,
3360 1201 3644 1257 concessit
3677 1219 3689 1253 :

2123 1306 2243 1361 qum
2287 1292 2532 1348 videlicet
2572 1292 2736 1361 gratia
2781 1293 2938 1348 etiam
2969 1292 3058 1346 illo
3085 1300 3290 1361 septem
3333 1289 3552 1348 dierum
3585 1307 3691 1344 nu-

2125 1388 2276 1435 mero
2305 1387 2331 1416 ⁸
2363 1395 2469 1449 quo
2507 1391 2625 1450 post
2665 1381 2852 1437 factam
2897 1394 3074 1436 arcam
3099 1380 3377 1451 ingressio
3421 1379 3596 1449 ipsius
3626 1393 3694 1434 ac

2127 1468 2308 1523 diluvii
2335 1470 2592 1524 adventus
2645 1470 3074 1537 exspectabatur,
3102 1477 3270 1538 potest
3301 1469 3536 1538 ﬁgurari,
3566 1468 3692 1538 quia

2129 1559 2393 1623 nimirum,
2449 1566 2662 1628 accepta
2703 1560 3048 1629 promissione
3095 1560 3264 1627 regni,
3305 1574 3425 1629 qua
3463 1558 3694 1615 denario

2133 1652 2470 1718 exprimitur,
2493 1652 2650 1706 datur
2676 1651 2915 1706 ﬁdelibus
2943 1651 3107 1721 gratia
3130 1650 3380 1718 Spiritus,
3403 1666 3501 1721 per
3530 1667 3693 1722 quam

2133 1740 2389 1795 Ecclesia:
2419 1750 2617 1794 sancta:
2639 1737 2886 1794 membris
2909 1741 3110 1809 possint
3130 1739 3370 1794 adunari.
3397 1739 3695 1795 Possumus

481 1826 760 1933 ἠδε
787 1858 977 1913 Maium
997 1826 1239 1916 dicimus,
1265 1852 1416 1920 cujus
1440 1851 1527 1906 die
1547 1850 1771 1919 septimo
1800 1848 2026 1912 decimo,

2151 1835 2183 1881 et
2211 1828 2281 1882 ita
2308 1837 2453 1883 recte
2477 1826 2774 1898 intelligere
2801 1829 2938 1896 quod
2970 1842 3090 1882 arca
3119 1829 3345 1898 septimo
3362 1826 3576 1883 decimo
3604 1828 3696 1882 die

483 1953 537 2007 id
565 1961 669 2016 est,
702 1964 820 2003 cum
853 1948 976 2001 luna
1003 1943 1240 2013 ejusdem
1269 1940 1469 1997 mensis
1511 1947 1653 1996 esset
1682 1938 1906 2007 septima
1941 1935 2036 1990 de-

488 2041 646 2104 cima,
675 2038 817 2092 venit
842 2034 1123 2098 diluvium,
1150 2047 1269 2094 cum
1309 2030 1496 2086 eodem
1525 2029 1640 2098 ipso
1666 2028 1752 2083 die
1793 2028 2037 2082 intrasset

488 2129 601 2184 Noe
631 2130 683 2182 in
713 2141 886 2181 arcam
929 2141 1050 2180 cum
1083 2123 1384 2178 hominibus
1429 2130 1483 2176 et
1522 2117 1875 2175 animantibus
1901 2131 2036 2171 cun-

488 2219 588 2273 etis
608 2233 671 2271 ac
695 2215 1015 2273 volatilibus.
1041 2228 1158 2281 quae
1181 2227 1273 2281 per
1297 2211 1444 2265 illam
1467 2218 1619 2265 erant
1637 2206 1909 2273 salvanda,
1938 2204 2039 2260 hoc

495 2314 575 2359 est
605 2304 747 2358 enim
778 2302 917 2372 quod
942 2301 1200 2371 sequitur.

562 2391 627 2446 In
651 2392 866 2445 articulo
910 2389 1176 2464 dieijllius
1203 2388 1456 2456 ingressus
1482 2393 1554 2440 est
1597 2382 1710 2438 Noe
1746 2393 1793 2438 et
1833 2383 1952 2437 Sent
1993 2391 2042 2437 et

493 2483 652 2539 Clum
680 2492 726 2536 ct
752 2479 957 2552 Japhct,
982 2479 1078 2547 ﬁlii
1109 2480 1242 2550 ejus,
1265 2486 1465 2531 δίκαιον
1499 2476 1632 2543 ejus,
1653 2484 1700 2528 et
1728 2484 1825 2528 tres
1864 2485 2042 2526 sacres

495 2575 717 2641 ﬁliorum
746 2575 853 2641 ejus
892 2586 1006 2623 cunt
1032 2569 1102 2622 eis
1139 2570 1192 2622 in
1232 2583 1418 2621 arcani.
1449 2565 1559 2638 Ipsi
1599 2576 1648 2620 et
1679 2581 1823 2620 ornus
1852 2565 2045 2617 animal

497 2661 769 2715 “madent
788 2676 942 2728 genus
966 2673 1132 2723 suum,
1153 2665 1208 2711 et
1227 2665 1420 2711 cetera
1449 2668 1616 2724 usque
1641 2652 1766 2708 dum
1787 2653 1860 2706 ait
1889 2667 1905 2706 :
1932 2667 2044 2706 ont-

497 2772 679 2826 nesque
695 2757 919 2810 salares
949 2754 1182 2824 ingressa:
1204 2761 1320 2807 sunt
1345 2751 1411 2804 ad
1451 2749 1568 2804 Noe
1605 2749 1660 2802 in
1691 2763 1880 2802 arcum.
1907 2744 2044 2802 Cun-

499 2858 584 2902 cta
631 2861 759 2916 ergo
804 2845 1088 2900 animantia
1127 2853 1155 2882 '|
1202 2859 1307 2898 uno
1351 2843 1642 2911 eodemque
1681 2839 1770 2895 die
1812 2839 2046 2908 ingressa

500 2937 702 2991 suntin
742 2949 935 2999 arcam,
960 2933 1082 3005 quia
1112 2947 1214 2987 non
1252 2931 1364 2986 Noe
1406 2931 1664 2986 laboravit
1690 2944 1750 2984 ea
1776 2929 1949 2982 multo
1974 2926 2048 2980 la-

501 3024 630 3079 bore
658 3037 721 3077 ac
751 3024 904 3092 longo
932 3031 1167 3091 tempore
1195 3021 1446 3091 colligere
1478 3027 1640 3089 atque
1660 3016 1689 3057 δ
1717 3017 2051 3073 introducere

501 3115 586 3169 vcl
617 3115 818 3170 minare
839 3084 896 3169 in
921 3084 1098 3170 arcam
1124 3131 1140 3180 ;
1168 3114 1263 3169 sed
1292 3084 1469 3168 divino
1490 3084 1616 3167 nutu
1639 3120 1840 3173 coacta,
1863 3117 2050 3178 sponte
2079 3161 2124 3183 Α
2149 3084 2465 3183 ῗν³¹¹8⁴ξ¹ί⁰²⁸
2507 3093 2562 3137 ει
2602 3084 2904 3183 ἦνοξίοηοε
2935 3084 3344 3183 Ρηξίίοξιίξηιίεξ
3366 3098 3501 3183 ιιιξε,

2078 3161 2125 3225 C
2153 3173 2286 3228 feste
2311 3172 2378 3226 de
2419 3172 2662 3241 superuis
2699 3179 2906 3226 terrena
2933 3171 3092 3226 corda
3133 3172 3371 3241 irrigant,
3400 3171 3702 3241 desigan

499 3215 690 3260 cuncta
737 3206 1016 3259 veniebant
1063 3204 1116 3258 in
1168 3219 1265 3257 suo
1295 3219 1518 3274 quaque
1562 3217 1800 3268 numero,
1850 3214 2047 3270 praece-

503 3293 662 3348 dente
703 3291 791 3347 illo
819 3307 937 3347 cum
964 3292 1143 3347 liberis
1164 3293 1273 3347 suis
1293 3301 1351 3347 et
1390 3293 1658 3359 uxoribus,
1695 3291 2047 3362 sequebantur

505 3399 572 3440 ex
621 3382 831 3452 ordine,
860 3397 921 3437 ac
957 3397 1082 3438 suas
1121 3383 1323 3452 singula
1368 3380 1778 3444 mansiunculas,
1827 3379 2050 3433 Domino

505 3483 714 3543 agente,
743 3475 889 3544 quasi
918 3473 1124 3542 propria
1162 3483 1348 3543 sponte
1374 3472 1638 3528 subibant.
1671 3470 1746 3525 Ad
1787 3469 1888 3526 hoc
1908 3470 2050 3525 enim

507 3565 645 3618 valet
671 3563 811 3632 quod
836 3563 1025 3618 dicitur
1066 3563 1134 3617 de
1163 3563 1369 3628 avibus,
1398 3564 1648 3630 ingressae
1686 3569 1808 3616 sunt
1831 3559 1898 3614 ad
1942 3558 2053 3614 Noe

513 3654 567 3707 in
593 3666 789 3717 arcam,
814 3660 868 3708 et
891 3667 1047 3722 supra
1067 3652 1401 3722 generaliter,
1427 3660 1478 3705 et
1507 3665 1571 3706 ex
1601 3651 1744 3704 omni
1771 3650 1909 3720 quod
1936 3653 2051 3704 mo-’

509 3753 661 3799 vetur
683 3757 842 3812 super
869 3753 1062 3799 terram
1083 3743 1188 3798 duo
1215 3749 1271 3799 et
1299 3741 1401 3796 duo
1427 3741 1659 3810 ingressa
1689 3749 1814 3793 sunt
1841 3738 1906 3792 ad
1947 3736 2059 3793 Noe

512 3834 566 3887 iu
595 3849 790 3889 arcam.
821 3833 1019 3889 Eodem
1046 3848 1254 3903 quoque
1274 3833 1381 3898 die,
1408 3833 1458 3887 id
1477 3841 1580 3899 est,
1607 3832 1832 3900 septimo
1851 3829 2058 3886 decimo

513 3923 712 3976 mensis
738 3922 954 3977 secundi
983 3924 1176 3978 factum
1215 3932 1298 3977 est
1323 3923 1461 3992 quod
1490 3924 1749 3992 sequitur.

589 4013 650 4066 Et
689 4012 892 4066 inclusit
937 4027 1051 4065 suus
1102 4012 1345 4066 Dominus
1399 4012 1584 4081 deforis
1613 4051 1629 4076 ,
1670 4015 1960 4081 {actumque
1989 4020 2063 4064 est

515 4101 756 4156 diluvium
779 4101 1118 4171 quadraginta
1157 4101 1327 4154 diebus
1352 4113 1502 4169 super
1539 4112 1740 4155 terram.
1773 4100 1867 4155 Hic
1889 4109 2063 4154 autem

516 4195 632 4250 dies
658 4202 873 4250 octavus
897 4203 1074 4250 θειιθι
1101 4208 1206 4264 quo
1235 4207 1371 4248 arcas
1405 4203 1426 4230 ε
1452 4193 1727 4248 aedilicium
1752 4207 1911 4247 omne
1941 4205 2064 4260 per-

519 4286 711 4340 fectum
741 4295 836 4339 est.
872 4283 946 4339 Ex
977 4299 1080 4353 quo
1105 4293 1311 4338 constat
1335 4284 1476 4352 quod
1503 4299 1623 4339 arca
1654 4285 1707 4337 ln
1736 4296 1923 4352 magno
1946 4295 2063 4350 my-

519 4375 683 4429 sterio
723 4372 956 4441 ejusdem
985 4369 1199 4424 secundi
1226 4370 1424 4426 mensis
1448 4371 1653 4424 decimo
1679 4370 1766 4425 die
1792 4371 1922 4425 facta
1960 4377 2062 4424 est.

523 4465 733 4519 Primus
778 4476 1000 4526 namque
1025 4462 1218 4516 mensis
1241 4461 1484 4529 antiquus
1507 4459 1593 4513 ille
1619 4460 1705 4528 qui
1732 4459 1799 4512 de
1829 4459 2066 4514 Hebraeis

521 4555 774 4608 collectus
797 4565 878 4607 est
899 4551 989 4607 Dei
1011 4551 1229 4620 populus
1249 4559 1371 4620 apte
1393 4557 1564 4617 potest
1584 4548 1771 4616 accipi.
1797 4549 2070 4605 Secundus

525 4651 699 4696 autem
723 4643 915 4696 mensis
935 4641 1154 4711 papulas
1175 4638 1307 4693 Novi
1321 4638 1660 4693 Testamenti.
1678 4637 1808 4692 ilinc
1827 4645 1909 4693 est
1930 4638 2069 4692 enim

525 4732 663 4800 quod
694 4731 744 4783 in
790 4733 906 4798 lege
935 4732 1253 4798 praecipitur,
1289 4736 1345 4782 ut
1360 4727 1663 4796 quicunque
1705 4727 1784 4780 vel
1817 4723 2072 4779 immundi

527 4837 685 4889 super
715 4825 939 4882 mortuo;
971 4820 1052 4872 vei
1080 4819 1106 4854 ί
1133 4820 1184 4872 in
1214 4819 1398 4872 itinere
1428 4817 1633 4889 longius
1664 4818 1939 4886 positi,vei
1968 4817 2071 4870 alia

528 4912 759 4979 qualibet
775 4909 1083 4964 necessitate
1102 4908 1469 4975 praeoccupati,
1487 4909 1550 4960 ad
1569 4907 1859 4962 faciendum
1879 4907 2071 4975 pascha

532 5004 582 5054 in
615 5003 781 5066 primo
805 5013 985 5053 mense
1024 5011 1128 5050 non
1167 5004 1381 5064 possent
1418 5010 1733 5061 occurrere,
1767 4996 1818 5048 in
1842 4997 2072 5049 secundo

534 5091 631 5143 hoc
658 5102 838 5144 mense
865 5090 1100 5141 lacerent
1126 5086 1176 5138 in
1203 5084 1453 5151 sanguine
1479 5085 1596 5153 agni
1625 5091 1679 5137 et
1702 5083 1898 5153 azymis
1929 5081 2073 5150 paui-

535 5185 628 5234 lms
657 5186 839 5248 quarta
861 5175 1060 5229 decima
1088 5175 1172 5229 die
1205 5174 1270 5227 ad
1302 5169 1598 5241 vesperum.
1631 5173 1687 5227 In
1719 5175 1866 5240 cujus
1889 5171 2072 5226 videli-

535 5280 619 5324 cet
666 5268 859 5323 mensis
900 5265 1194 5334 adjeCtione
1241 5280 1335 5318 nos
1364 5263 1548 5332 signati
1595 5278 1796 5328 sumus,
1838 5262 1925 5330 qui
1955 5275 2071 5315 cum

540 5360 708 5422 priore
738 5357 828 5412 Dei
858 5357 1050 5426 papula
1079 5362 1460 5408 sacramentum
1502 5352 1784 5408 dominicae
1821 5352 2074 5422 passionis

603 5478 627 5533 f
657 5469 764 5533 Al.,
793 5483 909 5519 una.

609 5530 634 5568 δ
664 5530 772 5600 AL,
800 5535 1051 5586 inducere.

609 5616 632 5642 ε
658 5604 764 5666 AL;
796 5603 981 5670 factum
999 5613 1067 5657 est
1095 5602 1381 5669 wdiﬁcium.

609 5675 634 5711 ⁸
670 5673 776 5734 ΑΙ.,
808 5673 1003 5724 itinere.

615 5750 636 5776 ε
659 5743 765 5805 AL,
796 5741 901 5809 qui.

2140 1917 2340 1970 mensis
2373 1924 2428 1971 et
2458 1931 2562 1971 non
2591 1925 2713 1971 ante
2732 1916 2930 1972 diluvio
2958 1916 3163 1984 perfusa
3191 1917 3279 1982 sit,
3301 1917 3424 1986 quia
3448 1918 3694 1988 singulas

2140 2018 2380 2073 quosque
2428 2004 2656 2059 fidelium
2711 2004 2879 2073 primo
2911 2013 2975 2060 ‘tn
3014 2004 3116 2060 llde
3159 2003 3515 2073 percipienda:
3553 2019 3694 2058 vera:

2134 2097 2324 2164 quietis
2369 2104 2422 2150 et
2467 2097 2664 2150 denarii
2717 2097 2969 2158 caelestis,
3018 2095 3067 2149 id
3120 2103 3221 2158 est,
3252 2095 3497 2163 imaginis
3555 2096 3695 2164 regis

2137 2185 2343 2250 sterni,
2363 2185 2672 2240 cathcrizari
2704 2192 2933 2250 oportet,
2964 2191 3015 2238 et
3045 2183 3123 2237 sic
3164 2183 3217 2237 in
3241 2185 3557 2238 societatem
3592 2182 3694 2237 Ec-

2138 2274 2316 2328 clesia:
2359 2287 2451 2342 per
2478 2275 2741 2329 lavacrum
2771 2272 3180 2342 regenerationis
3209 2270 3505 2326 intromitti.
3540 2271 3695 2338 Quod

2139 2370 2314 2416 autem
2363 2371 2575 2431 pr0pter
2620 2361 2869 2416 diluvium
2925 2361 3061 2438 rupti
3104 2369 3229 2416 sunt
3277 2374 3460 2415 omnes
3516 2362 3698 2415 fontes

2138 2451 2313 2521 abyssi
2349 2463 2552 2520 magna:
2594 2457 2646 2504 ct
2683 2459 2977 2516 cataractas,
3007 2449 3058 2503 id
3100 2459 3200 2516 est,
3243 2448 3484 2504 fenestra
3519 2447 3542 2486 ί
3574 2449 3695 2503 ereti

2143 2548 2338 2609 aperta:
2370 2549 2531 2604 sunt,
2577 2539 2751 2612 abyssi
2793 2554 2996 2609 magna
3036 2539 3250 2594 nomine
3293 2540 3565 2607 designata
3617 2547 3698 2593 est

2143 2629 2414 2700 Scriptura
2445 2630 2765 2686 Testameuti
2793 2621 3026 2699 Veteris,
3046 2645 3188 2699 quae,
3208 2630 3402 2686 diutius
3429 2632 3702 2686 velamine

2143 2722 2331 2776 littera:
2359 2722 2634 2791 preclusa,
2651 2720 2900 2792 spiritalis
2919 2717 3278 2792 intelligentia:
3299 2735 3456 2778 venas
3481 2723 3697 2777 mundo

2143 2815 2351 2880 aperire
2369 2828 2473 2868 non
2495 2815 2682 2883 potuit,
2706 2814 2800 2869 sed
2841 2827 2935 2886 per
2953 2813 3230 2886 Dominum
3251 2815 3477 2870 revelata
3503 2823 3568 2870 et
3587 2815 3701 2884 ipsa

2147 2915 2287 2955 nunc
2332 2901 2585 2958 Ecclesia
2627 2901 2799 2958 fomes
2826 2903 3154 2973 largissimos
3187 2903 3420 2959 scientiae
3444 2903 3703 2959 salutaris

2147 2991 2429 3046 ministrat.
2459 2992 2749 3048 Cataracta:
2787 3003 2958 3048 autem
2998 2994 3119 3048 caeli
3149 3001 3345 3063 aperta
3383 2993 3702 3049 eii'usioneta

2602 3081 2904 3150 apostolica:
2935 3082 3342 3150 pradicationis,
3366 3098 3478 3152 quae
3519 3083 3703 3137 mani-

2147 3263 2278 3328 Quia
2318 3275 2442 3330 ergo
2506 3269 2561 3315 et
2602 3259 2844 3315 revelatis
2885 3259 3172 3330 prophetia:
3212 3260 3408 3326 verbis,
3427 3268 3485 3315 et
3519 3261 3716 3329 palam,

2151 3352 2554 3420 praedicantibus
2590 3351 2720 3404 Novi
2760 3350 3084 3405 Testamenti
3126 3347 3560 3416 praconibugin
3599 3348 3708 3404 Ide

2153 3443 2568 3511 regenerationis
2616 3441 3012 3508 contirmamur,
3043 3450 3184 3495 recte
3223 3439 3418 3512 dicitur
3459 3438 3586 3509 quia
3637 3438 3705 3492 ad

2152 3533 2444 3602 iaciendum
2481 3532 2734 3586 diluvium
2761 3530 2900 3600 rupti
2944 3545 3128 3586 omnes
3172 3530 3345 3586 fontes
3379 3530 3558 3600 abyssi
3591 3546 3708 3586 ma-

2152 3639 2268 3694 gna:
2297 3632 2351 3678 et
2377 3632 2655 3677 cataracta:
2683 3621 2801 3696 celi
2831 3619 2938 3676 sint
2965 3631 3180 3690 aperta.

2226 3713 2439 3766 lnciusit
2457 3721 2630 3767 autem
2650 3711 2901 3766 Dominus
2928 3725 3102 3766 arcam
3128 3709 3345 3772 deforis.
3370 3725 3490 3778 quia
3510 3709 3710 3764 Eccle-

2157 3800 2288 3854 siatn
2320 3814 2468 3853 suam
2489 3810 2544 3854 et
2571 3801 2622 3853 in
2649 3799 2918 3853 ablatione
2946 3798 3080 3853 sacri
3111 3799 3440 3865 baptismatis
3466 3799 3709 3866 gauden-

2160 3899 2271 3946 tem
2291 3888 2493 3945 caelesti
2512 3903 2723 3958 semper
2746 3887 3035 3942 munimine
3059 3895 3274 3953 tutatur,
3297 3902 3366 3942 ne
3385 3888 3502 3958 quis
3529 3902 3604 3943 ex
3631 3890 3714 3944 eis

2160 3992 2290 4048 quos
2318 3979 2382 4032 ad
2412 3979 2569 4034 vitam
2612 3975 2982 4046 prcordinavit
3027 3974 3126 4029 ulla
3174 3975 3379 4032 ratione
3416 3986 3627 4045 pereat,
3657 3989 3714 4032 et

2162 4067 2298 4123 inter
2348 4067 2522 4122 mundi
2576 4067 2762 4121 ﬂuctus
2813 4065 3175 4133 laborantem,
3221 4079 3290 4121 ne
3335 4065 3560 4135 opprimi
3617 4074 3714 4120 aut

2163 4160 2327 4228 mergi
2367 4157 2633 4226 pressaris
2680 4155 2764 4210 vel
2808 4153 3246 4210 delectationibus
3289 4156 3466 4210 seculi
3507 4155 3714 4218 valeat.

2165 4246 2393 4316 undique
2420 4245 2666 4300 custodit.
2693 4253 2718 4291 ι
2752 4235 2991 4298 Immittit
3016 4244 3155 4299 enim
3184 4245 3426 4316 angelum
3454 4244 3716 4299 Dominus

2165 4334 2218 4389 in
2243 4335 2464 4396 circuitu
2511 4333 2803 4390 timentium
2855 4348 3001 4401 eum,
3029 4341 3087 4390 et
3127 4336 3319 4404 eripiet
3345 4349 3458 4390 eos.
3500 4334 3614 4390 Sed
3655 4343 3717 4391 et

2167 4425 2220 4488 in
2249 4425 2333 4480 die
2370 4424 2553 4494 judicii
2583 4424 2837 4482 Dominus
2875 4423 2985 4480 Noe
3011 4438 3132 4480 cum
3162 4423 3535 4480 habitatoribus
3565 4439 3716 4481 arca

2168 4515 2363 4585 deforis
2389 4512 2417 4550 ιι
2447 4513 2685 4582 includit,
2715 4529 2856 4578 cum,
2895 4513 3080 4568 electis
3106 4513 3218 4568 suis
3255 4526 3433 4568 secum
3469 4513 3517 4567 in
3543 4512 3715 4568 done

2172 4607 2337 4662 Patris
2366 4607 2448 4662 sui
2473 4598 2766 4670 collocatis,
2793 4605 3007 4675 januam
3029 4604 3173 4672 regni
3203 4618 3233 4657 a
3267 4605 3584 4672 perditorum
3619 4604 3714 4658 ia-

2168 4708 2371 4764 gressu,
2402 4695 2606 4749 tametsi
2637 4709 2756 4748 sero
2803 4691 3164 4762 paenitentiam
3211 4689 3257 4756 ι,
3298 4692 3352 4746 in
3395 4700 3704 4761 perpetuum

2171 4787 2453 4854 praestruit,
2475 4784 2622 4854 juxta
2662 4785 2803 4838 illam
2843 4785 2892 4836 in
2937 4782 3221 4852 Evangelia
3266 4774 3562 4852 parabolam
3606 4781 3704 4837 de-

2168 4890 2285 4931 cem
2309 4875 2587 4946 virginum,
2618 4873 2705 4928 ubi
2733 4871 2924 4932 dicitur
2950 4873 3071 4941 quia
3091 4887 3208 4943 quo
3236 4881 3431 4942 parata
3447 4879 3602 4928 erant
3623 4871 3713 4926 in-

2171 4977 2438 5022 traverunt
2466 4980 2584 5021 cum
2612 4981 2675 5021 eo
2709 4962 2776 5018 ad
2799 4963 3029 5031 nuptias,
3059 4973 3114 5018 et
3139 4963 3316 5017 clausa
3337 4970 3420 5017 est
3446 4960 3632 5031 jaaua,
3663 4975 3721 5020 et

2172 5068 2380 5127 caetera.
2415 5056 2556 5111 Bene
2583 5065 2756 5109 autem
2780 5052 2971 5108 dicitur
2995 5057 3133 5122 quod
3159 5051 3502 5123 quadraginta
3527 5052 3722 5109 dieiuss

2171 5157 2224 5201 et
2258 5147 2596 5216 quadraginta
2636 5144 2917 5199 noctibusl
2952 5141 3142 5214 pluerit
3171 5155 3333 5208 super
3372 5153 3563 5198 terram
3585 5161 3602 5207 ;
3627 5129 3715 5198 de-

2173 5254 2285 5294 cem
2323 5252 2547 5305 namque
2575 5248 2755 5307 quater
2798 5236 2953 5292 ducta
2976 5232 3320 5302 quadraginta
3351 5233 3566 5299 faciunt,
3595 5233 3713 5301 quia

2173 5329 2344 5383 omnis
2364 5335 2538 5399 reatus
2564 5335 2916 5395 peccatorum,
2942 5323 3025 5392 qui
3057 5321 3110 5376 in
3131 5321 3316 5379 decem
3348 5322 3623 5393 praceptis
3645 5321 3714 5376 le-

2249 5458 2266 5498 ί
2302 5459 2381 5512 Al.
2403 5459 2547 5512 deest
2576 5459 2706 5513 cali.

2250 5538 2273 5575 ι
2300 5528 2406 5591 AL,
2427 5527 2674 5580 immittet.

2250 5595 2277 5633 l‘
2309 5596 2416 5662 AL,
2447 5596 2682 5648 includet.

2254 5668 2268 5705 ι
2306 5663 2385 5735 Al.
2408 5666 2554 5735 deest
2582 5663 2634 5714 in
2661 5672 2967 5735 perpetuum.

2255 5735 2268 5788 l
2307 5734 2385 5787 Al.
2397 5776 2410 5804 ,
2440 5733 2651 5804 plueret.
