3866 6248
205 378 271 433 ω
1397 375 1866 439 HEXAl-ZMERUN
1908 375 2029 431 LIB.
2075 377 2133 432 ll.
3327 379 3394 436 98

203 490 286 559 gis
321 485 630 556 admittitur,
671 502 764 558 per
795 488 1095 566 universum
1132 488 1311 542 orbem
1340 497 1596 542 terrarum
1614 526 1631 552 ,
1659 487 1746 556 qui
1777 491 1827 548 Α
1850 485 2031 548 ciunt;
2053 495 2252 553 septem
2276 475 2448 538 autem
2473 484 2537 538 ad
2562 485 2798 555 requiem
2819 485 3110 542 animarum
3137 501 3254 556 qua
3274 495 3395 556 post

202 589 427 645 quatuor
474 570 712 646 partibus
758 578 1090 644 continetur,
1138 586 1465 633 sacramento
1506 576 1747 646 baptismi

203 667 432 719 cmlestis
457 666 707 734 abluitur,
734 667 844 722 sive
882 668 969 722 ille
997 676 1188 732 reatus,
1233 667 1370 736 quod
1399 667 1463 720 ad
1492 667 1606 720 dies
1631 681 1750 735 per-

205 755 334 808 tinet
375 771 440 809 ex
471 771 645 809 rerum
678 757 1044 824 prosperitate,
1077 771 1170 810 seu
1196 760 1332 826 quod
1361 759 1424 810 ad
1475 765 1658 810 noctes
1684 771 1748 812 ex

203 855 382 896 rerum
419 843 734 910 adversitate
761 854 1062 898 contractus
1082 843 1170 897 sit.

276 930 341 984 Et
382 931 727 1002 multiplicate
758 940 875 985 sunt
902 947 1062 999 aqua,
1088 944 1136 986 et
1157 935 1471 986 elcuarerunt
1496 950 1667 986 arcani
1696 935 1748 986 ia

200 1018 409 1088 sublime
452 1037 484 1072 a
527 1029 678 1082 terra,
709 1018 1016 1072 uehementer
1055 1019 1422 1074 inundaverant
1453 1029 1478 1058 ι
1507 1037 1668 1089 aqua,
1701 1031 1748 1076 et

200 1113 371 1162 omnia
413 1110 726 1177 repleverunt
767 1111 820 1162 in
849 1110 1112 1180 superﬁcie
1141 1119 1304 1166 terra.
1339 1111 1403 1164 Et
1439 1127 1587 1180 aqua
1618 1115 1747 1180 bap-

205 1198 433 1252 tismatis
475 1212 537 1252 ac
584 1197 703 1254 lidei
730 1199 1086 1269 multiplicatae
1117 1214 1210 1268 per
1237 1200 1418 1254 orbem
1447 1203 1746 1258 universum

204 1287 490 1341 Ecclesium
519 1301 547 1340 a
575 1277 900 1342 terrenarum
948 1302 1122 1342 rerum
1151 1290 1384 1362 appetitu
1415 1290 1468 1344 in
1518 1291 1750 1347 cmlestis

201 1377 325 1432 vita
345 1392 490 1446 spem
517 1392 579 1433 ac
606 1377 926 1434 desiderium
961 1379 1272 1444 suatolluttt;
1304 1381 1392 1433 sed
1419 1391 1466 1446 et
1497 1381 1628 1434 unde
1655 1381 1747 1435 tri-

199 1463 524 1519 bulationum
555 1465 854 1535 frequenter
902 1465 1192 1520 Ecclesiam
1235 1466 1524 1535 pulsantes,
1552 1478 1750 1538 quanto

199 1544 567 1608 vehementius
612 1554 790 1608 omnia
835 1554 1190 1623 repleverunt,
1241 1564 1390 1612 tanto
1435 1557 1589 1610 altius
1634 1571 1752 1610 eam

199 1639 226 1678 δ
257 1642 325 1694 ad
369 1641 652 1711 qumrenda
699 1642 818 1696 vitm
845 1642 1064 1696 alterius
1108 1641 1294 1712 gaudia
1335 1644 1700 1713 compulerunt
1733 1661 1748 1698 :

1856 588 2076 630 mortem
2106 577 2273 630 futura
2302 587 2382 630 est
2413 577 2686 644 pertinent,
2716 578 2834 646 quia
2863 576 3108 633 nimirum
3141 579 3393 636 Dominus

1849 668 2066 734 septima
2107 666 2318 720 Sabbati
2352 668 2401 720 in
2430 668 2672 733 sepulcro
2699 669 2927 735 quievit;
2967 669 3086 736 quia
3113 684 3239 722 vero
3272 680 3391 741 post

1849 755 2156 820 Subbatnm,
2206 755 2256 809 id
2279 765 2379 822 est,
2420 765 2602 809 octava
2629 757 2734 818 die,
2765 759 3050 812 resurrexit
3083 773 3112 811 a
3151 759 3390 828 mortuis,

1847 853 1965 896 octo
2011 843 2302 897 tectissime
2350 855 2554 912 tempus
2601 852 2795 899 nostra:
2836 845 3231 903 resurrectionis
3259 847 3390 902 insi-

1850 942 2029 986 nuant.
2077 933 2384 997 Quindecim
2416 950 2540 1002 ergo
2582 933 2606 970 ά
2629 935 2838 1002 cubitis,
2889 935 2938 990 id
2984 946 3087 1001 est,
3110 945 3311 1004 septem
3336 946 3394 992 et

1849 1034 1987 1088 octo,
2038 1038 2168 1092 aqua
2199 1031 2403 1077 montes
2444 1024 2681 1078 excelsos
2726 1026 3068 1092 transcendit,
3108 1029 3230 1094 quia
3259 1026 3391 1081 ﬁdes

1853 1112 2119 1178 Ecclesia,
2165 1128 2282 1182 qua:
2321 1111 2464 1168 futile
2509 1114 2696 1168 lavacri
2742 1115 2986 1168 salutaris
3014 1115 3394 1181 sanctiﬁcatur,

1849 1217 1942 1267 spe
1969 1203 2155 1254 futura
2192 1201 2389 1270 requiei
2416 1212 2470 1256 et
2517 1203 2923 1257 immortalitatis
2953 1205 3220 1259 antecellit
3244 1205 3392 1260 omni

1851 1288 2002 1342 fastui
2044 1289 2386 1359 philosophia
2431 1291 2674 1353 carnalis,
2705 1307 2822 1359 qua
2861 1292 2927 1346 de
2966 1294 3142 1346 mundi
3182 1296 3391 1361 quidem

1850 1391 2088 1435 creatura
2117 1382 2264 1435 novit
2300 1382 2573 1438 subtiliter
2599 1383 2885 1450 disputare,
2920 1383 3012 1437 sed
3048 1384 3116 1438 de
3142 1384 3389 1439 Creatore

1852 1472 2029 1526 mundi
2057 1481 2109 1527 et
2136 1487 2198 1526 ea
2227 1487 2344 1540 qu'e
2375 1487 2531 1540 supra
2559 1473 2809 1528 mundum
2837 1474 2890 1528 in
2918 1475 3004 1528 illa
3032 1485 3112 1528 est
3141 1475 3242 1528 vita
3270 1489 3394 1530 sau-

1849 1568 2050 1615 ctorum
2081 1561 2206 1615 nihil
2234 1562 2410 1616 dicere
2437 1562 2600 1616 novit.

1925 1650 2348 1720 Obtinueruntque
2395 1667 2538 1720 aqua
2584 1658 2740 1706 terras
2787 1663 2982 1705 centum
3031 1655 3396 1723 quinquaginta

197 1731 340 1799 quod
389 1731 524 1787 bene
551 1732 602 1786 in
631 1747 777 1787 sacra
810 1731 1024 1787 historia
1055 1731 1375 1800 designatur,
1407 1746 1526 1787 cum
1557 1734 1748 1790 dicitur
1852 1738 2044 1792 diebus.
2077 1741 2139 1792 Et
2166 1738 2255 1793 hic
2281 1754 2530 1795 numerus
2568 1740 2634 1794 ad
2676 1741 2812 1794 idem
2840 1752 3224 1795 sacramentum
3251 1742 3392 1812 quod

195 1821 324 1888 quia
365 1821 585 1876 arctavit
629 1821 970 1876 Amorrhteus
1001 1820 1136 1877 illius
1167 1821 1298 1889 Dan,
1346 1822 1397 1876 in
1429 1832 1623 1887 monte,
1656 1839 1752 1880 nec
1786 1813 1828 1872 Β
1853 1829 2227 1898 quindenarius
2263 1830 2515 1899 pertinet;
2558 1831 2680 1900 quia
2722 1832 2861 1885 enim
2890 1833 3213 1901 septuaginta
3242 1848 3271 1886 a
3301 1847 3390 1887 se-

197 1907 348 1962 d'edit
373 1908 453 1963 eis
480 1909 670 1973 locum,
694 1917 752 1962 ut
783 1909 846 1962 ad
878 1909 1111 1979 planiora
1137 1909 1541 1966 descenderent.
1565 1911 1753 1967 Amor-

198 1998 377 2052 rhaus
403 1998 598 2068 quippe
637 1994 883 2062 Amarus,
917 1998 1025 2052 Dan
1074 2000 1445 2069 interpretatur
1479 2001 1752 2070 iudicans,

196 2091 313 2144 sive
338 2089 640 2156 iudicium;
680 2103 732 2146 et
775 2091 865 2162 qni
898 2107 990 2160 per
1019 2091 1154 2147 lllios
1183 2093 1316 2160 Dan,
1360 2094 1461 2148 nisi
1491 2094 1562 2148 illi
1606 2094 1752 2150 desi-

198 2193 452 2248 gnantur,
481 2180 568 2248 qui
611 2181 788 2236 omnia
831 2196 950 2250 quae
995 2191 1154 2250 agunt
1184 2182 1479 2252 diligenter,
1511 2192 1568 2236 ut
1607 2196 1752 2238 recta

197 2270 330 2336 sint,
361 2269 413 2324 in
462 2271 592 2325 libra
619 2272 854 2328 veritatis
893 2274 1215 2338 examinant,
1238 2275 1326 2344 qui
1372 2274 1437 2328 ad
1484 2273 1753 2329 lucernam

202 2359 354 2411 verbi
404 2358 494 2413 Dei
538 2359 843 2418 incedentes
881 2362 1058 2432 jurant
1102 2372 1155 2418 et
1205 2372 1444 2421 statuunt
1487 2365 1755 2421 custodite

199 2447 402 2514 judicia
454 2451 672 2519 iustitia
721 2453 869 2523 ejus;
926 2443 1013 2524 qui
1067 2470 1192 2510 vero
1247 2455 1612 2526 exprimuntur
1662 2472 1755 2526 per

201 2543 593 2609 Amorrhtenm,
618 2545 716 2600 nisi
743 2547 795 2599 bi
823 2546 911 2613 qui
940 2548 1267 2603 dulcedinem
1297 2551 1416 2605 vita:
1442 2560 1744 2608 sanctorum

201 2630 555 2686 amaritudine
582 2632 972 2688 tribulationum
1002 2637 1314 2692 conturbare
1339 2638 1417 2692 vel
1438 2639 1594 2694 etiam
1618 2641 1745 2694 sub-

205 2728 420 2773 vertere
448 2723 682 2785 tentant?
711 2723 994 2792 Arctatque
1023 2725 1362 2780 Amorrhteus
1392 2728 1526 2782 alios
1556 2729 1662 2782 Dan
1693 2730 1746 2784 in

209 2818 416 2871 monte,
440 2824 536 2864 nec
563 2810 627 2863 ad
659 2810 888 2879 planiora
917 2813 1239 2869 descendere
1263 2817 1406 2882 sinit,
1429 2831 1551 2872 cum
1580 2827 1754 2874 tantus

203 2899 517 2968 plerumque
559 2900 755 2953 electos
799 2901 951 2956 turbo
999 2904 1414 2971 persecutionum
1461 2907 1644 2972 allicit,
1689 2918 1749 2962 ut

206 3001 542 3056 nequaquam
565 2988 642 3042 eis
668 2988 824 3043 liceat
865 2991 1085 3046 inlirmis
1110 2993 1514 3061 cogitationibus
1540 2995 1752 3064 aliquod

205 3087 415 3146 tempus
440 3078 747 3149 indulgere;
771 3079 862 3135 sed
890 3082 942 3136 in
971 3096 1171 3137 summa
1212 3085 1532 3140 continentia
1561 3087 1747 3144 viven-

210 3178 293 3224 tes
323 3183 540 3226 necesse
568 3169 792 3228 habeant
813 3172 1135 3228 orationibus
1159 3185 1211 3230 et
1235 3175 1451 3244 ieiuniis
1477 3185 1533 3233 et
1550 3177 1752 3234 divina-

207 3274 328 3312 rnm
362 3259 789 3316 meditationibus
833 3261 1216 3331 Scripturarum
1259 3266 1507 3322 continue
1533 3281 1748 3335 cperam

209 3349 366 3411 dare,
415 3359 676 3418 quatenus
724 3351 907 3418 majori
955 3352 1209 3406 exercitio
1256 3353 1510 3409 virtutum
1555 3355 1755 3426 majora

232 3439 563 3495 entationuut
590 3439 797 3494 valeant
824 3454 1072 3510 superare
1100 3444 1406 3499 certamina.

285 3529 450 3584 Pana
476 3543 592 3581 arca
613 3528 863 3595 ferebatur
891 3545 1039 3598 super
1059 3547 1240 3601 aquas,
1258 3542 1303 3585 et
1326 3548 1468 3601 aqua
1486 3533 1758 3603 precatae-

203 3628 330 3672 runt
369 3619 536 3683 nimis,
573 3618 828 3690 apertique
862 3627 978 3671 sunt
1007 3635 1174 3673 omnes
1218 3631 1407 3675 montes
1443 3624 1627 3676 excelsi
1667 3625 1758 3676 sub

209 3710 446 3763 universo
472 3704 616 3762 ct'elo.
655 3710 863 3765 Montes
891 3705 1144 3776 superbos
1173 3723 1406 3778 quosque
1440 3719 1495 3765 et
1521 3711 1572 3764 in
1604 3711 1761 3779 hujus

208 3798 392 3854 szeculi
429 3797 594 3868 gloria
622 3813 680 3852 se
703 3798 1016 3852 extollentes
1053 3795 1382 3867 signiﬁcant:
1414 3812 1544 3867 quos
1573 3798 1760 3855 videli-

208 3896 298 3940 cet
325 3894 533 3942 montes
560 3901 708 3956 aqua
736 3886 996 3957 operiunt,
1023 3888 1116 3944 sed
1162 3885 1288 3958 ipsis
1328 3886 1477 3958 aquis
1513 3903 1632 3944 arca
1675 3903 1763 3943 su-

214 3976 504 4046 perfertur,
533 3976 652 4046 quia
682 3975 1020 4031 tentationum
1049 3992 1240 4048 gurges
1262 3979 1518 4048 superbos
1551 3978 1761 4046 quidem

213 4077 379 4134 atque
408 4067 592 4136 irrpios
619 4071 810 4136 premit
843 4082 905 4122 ac
928 4067 1204 4137 demergit,
1252 4069 1344 4142 sed
1375 4070 1486 4138 ipse
1534 4083 1565 4122 a
1607 4067 1765 4138 justis

213 4165 522 4227 superatur,
547 4159 636 4227 qui
667 4158 834 4212 liber‘o
869 4156 988 4211 boni
1017 4157 1190 4233 operis
1215 4171 1371 4212 cursu
1401 4169 1557 4228 atque
1601 4158 1760 4212 alacri

213 4257 399 4303 mente
425 4247 489 4301 ad
528 4257 737 4318 portum
783 4247 964 4300 salutis
993 4256 1204 4301 aeterna
1249 4246 1462 4302 tendere
1502 4263 1603 4303 non
1633 4248 1765 4302 desi-

219 4346 354 4392 nunt
388 4355 400 4390 :
448 4336 586 4405 quod
618 4337 766 4400 bene,
807 4334 962 4390 Petro
998 4348 1156 4403 super
1193 4348 1335 4390 mare
1376 4336 1442 4396 ad
1489 4336 1763 4392 Dominum

1854 1928 2016 1986 ptem,
2040 1928 2093 1973 et
2118 1919 2185 1974 ab
2220 1927 2344 1975 octo
2371 1921 2774 1976 denominantur
2797 1923 3083 1990 octoginta,
3109 1921 3394 1990 conjuncta

1853 2020 2073 2077 utroque
2093 2023 2312 2064 nurnero
2330 2018 2539 2065 centum
2553 2010 2925 2078 quinquaginta
2945 2011 3129 2066 diebus
3147 2011 3391 2066 obtinue.

1853 2108 1972 2152 runt
2002 2114 2151 2167 aqua
2180 2109 2366 2165 terras,
2406 2102 2668 2167 eamdem,
2713 2112 2768 2154 ut
2807 2101 2936 2168 dixi,
2963 2101 3394 2156 commendantes

1851 2196 1905 2242 et
1952 2189 2323 2242 continuantes
2364 2192 2624 2252 actionem
2661 2191 2902 2254 baptismi
2944 2191 2996 2245 in
3033 2192 3394 2246 consecrando

1856 2292 1990 2330 novo
2017 2275 2229 2332 homine
2256 2278 2321 2332 ad
2361 2278 2637 2334 tenendam
2678 2281 2873 2348 quietis
2905 2294 2967 2335 ac
2992 2279 3395 2336 resurrectionis

1855 2367 2029 2422 ﬁdem.

1928 2456 2231 2510 Recordatus
2254 2466 2415 2511 autem
2443 2457 2684 2512 Dominus
2717 2457 2846 2522 Noe,
2873 2465 3259 2528 cunctarumque
3285 2461 3396 2510 ant-

1853 2545 2115 2612 mantium,
2151 2554 2198 2597 et
2238 2545 2462 2598 omnium
2492 2547 2836 2616 jumentorunt
2877 2561 2988 2614 qua:
3020 2554 3162 2599 erant
3197 2561 3308 2598 cant
3334 2563 3394 2599 eo

1852 2637 1904 2688 in
1929 2651 2068 2699 arca,
2098 2635 2307 2688 adduxit
2350 2635 2580 2704 spiritum
2607 2651 2754 2704 super
2793 2648 2994 2701 terram,
3040 2645 3088 2689 et
3123 2635 3397 2689 iutatinata:

1853 2733 1969 2775 sunt
1993 2739 2152 2790 aqua.
2187 2722 2363 2777 Potest
2392 2723 2443 2776 in
2475 2723 2687 2778 nomine
2721 2723 2945 2792 Spiritus
2972 2722 3084 2791 ipse
3108 2723 3394 2777 vivificator

1855 2819 1878 2846 ο
1907 2809 1996 2864 Dei
2025 2811 2248 2878 Spiritus
2275 2811 2461 2879 accipi,
2482 2812 2548 2866 de
2568 2828 2671 2881 quo
2698 2814 2748 2866 in
2773 2813 3027 2880 principio
3051 2813 3246 2866 dictum
3267 2822 3350 2867 est
3374 2830 3388 2864 :

1853 2896 1920 2952 Et
1967 2897 2189 2968 Spfritus
2229 2897 2323 2952 Dei
2367 2901 2620 2969 ferebatur
2645 2917 2796 2971 super
2831 2918 2987 2971 aquas
3021 2900 3221 2970 (Grues.
3250 2916 3286 2969 ι,
3317 2901 3394 2968 3),

1852 2987 1918 3042 de
1946 3001 2050 3057 quo
2074 2987 2288 3044 dubium
2316 3003 2420 3041 non
2461 2997 2541 3042 est
2569 2989 2688 3057 quia
2717 2990 2853 3044 sicut
2881 2998 3024 3054 tunc,
3065 2991 3397 3058 congregatis

1857 3078 2024 3146 aquis,
2074 3077 2125 3132 in
2171 3077 2345 3132 locum
2391 3093 2550 3132 unum
2595 3079 2811 3134 arefecit
2861 3087 3072 3144 terram,
3123 3080 3190 3134 ita
3237 3080 3394 3134 etiam

1855 3181 2014 3236 nunc,
2061 3165 2249 3221 ablatis
2274 3165 2342 3222 de
2388 3166 2565 3222 medio
2602 3167 2750 3237 aquis
2779 3167 2982 3234 diluvii,
3007 3168 3181 3224 denuo
3206 3168 3393 3225 {aciem

1855 3269 2008 3313 terra:
2037 3258 2303 3314 revelavit.
2340 3257 2516 3313 Potest
2547 3267 2601 3314 et
2627 3268 2812 3314 ventus
2850 3261 2951 3314 iste
2974 3274 3160 3314 aereus
3183 3261 3396 3314 omine

1855 3347 2076 3417 Spiritus
2127 3335 2408 3417 appellari,
2451 3348 2595 3415 juxta
2628 3346 2755 3400 illud
2804 3348 3134 3401 Psalmis”:
3182 3345 3321 3399 Dicit
3349 3357 3396 3398 et

1854 3439 1988 3491 stitit
2021 3436 2227 3504 spiritus
2259 3435 2493 3504 procella
2517 3433 2687 3502 (Psal.
2711 3448 2823 3501 cvt,
2847 3435 2960 3501 ξε),
3000 3436 3153 3503 cujus
3191 3435 3399 3491 ﬂatibus

1854 3527 2053 3584 crebris
2098 3529 2399 3595 plerumque
2425 3525 2595 3580 solent
2632 3540 2779 3593 aqua:
2825 3526 2984 3580 minui
3034 3526 3115 3581 vel
3159 3527 3227 3582 de
3254 3513 3390 3582 'loco

1857 3614 2086 3680 moveri;
2115 3614 2255 3669 unde
2299 3623 2381 3670 est
2406 3614 2532 3668 illud
2581 3615 2788 3670 Exodi:
2834 3613 3058 3686 Cumque
3101 3617 3397 3671 escendisset

1858 3702 2058 3773 Moyses
2100 3720 2303 3757 manum
2350 3720 2499 3773 super
2525 3721 2684 3772 mare,
2714 3705 2917 3761 abstulit
2958 3707 3089 3760 illud
3132 3706 3395 3770 Dominus,

1858 3796 2011 3862 flante
2033 3802 2172 3846 uento
2191 3794 2463 3847 uehementi
2484 3801 2529 3846 et
2560 3803 2729 3847 urente
2774 3802 2876 3848 tota
2905 3804 3065 3861 nocte,
3098 3804 3145 3848 et
3171 3797 3314 3868 vertit
3343 3795 3398 3848 ita

1860 3887 2063 3950 siccum,
2099 3884 2116 3922 ί
2146 3886 2401 3953 ditisan
2425 3893 2501 3938 est
2521 3901 2653 3955 aqua
2675 3886 2870 3958 (Exod.
2900 3901 3008 3953 xtv,
3038 3885 3154 3954 27).

1933 3977 1997 4031 Et
2021 3977 2180 4031 clausi
2219 3987 2334 4030 sunt
2377 3977 2537 4045 fontes
2559 3978 2749 4047 abyssi,
2777 3987 2827 4030 et
2863 3986 3129 4031 cataracta:
3169 3977 3301 4043 cttli,
3350 3986 3400 4029 et

1861 4065 2121 4133 prohibita
2148 4073 2259 4116 sunt
2295 4064 2475 4131 pluvit:
2502 4064 2564 4117 de
2598 4068 2743 4130 cutio,
2776 4081 3077 4132 aversaque
3112 4075 3228 4118 sunt
3259 4081 3406 4132 aqua:

1862 4156 1924 4205 de
1966 4163 2097 4206 terra
2134 4161 2302 4205 euntes
2344 4162 2390 4205 et
2418 4152 2701 4216 redeuntes,
2733 4161 2781 4205 et
2808 4165 3058 4221 ceperunt
3101 4154 3259 4206 minui
3293 4165 3404 4221 post

1862 4249 2056 4295 centum
2099 4240 2462 4310 quinquaginta
2509 4241 2642 4301 dies.
2663 4242 2814 4305 Quod
2856 4243 2984 4296 dicit
3019 4256 3257 4298 reversae
3283 4257 3402 4299 esse

1863 4345 2023 4401 aquas
2065 4331 2131 4386 de
2180 4340 2314 4386 terra
2343 4339 2528 4386 euntes
2571 4341 2624 4386 et
2654 4331 2954 4398 redeuntes,
2986 4344 3171 4402 aperte
3210 4334 3408 4391 indicat

225 4435 554 4490 transeunte,
596 4427 868 4495 ﬁguratum
914 4433 1014 4489 est,
1051 4424 1171 4492 quia
1223 4423 1464 4481 videlicet
1510 4426 1761 4490 Ecclesia,
1792 4423 2009 4514 Djuxta
2063 4424 2290 4479 litteram
2341 4422 2478 4493 quod
2525 4438 2708 4479 omnes
2755 4423 3031 4480 ﬂuviorum
3069 4440 3132 4482 ac
3169 4425 3404 4484 rivorum

219 4516 439 4570 calcatis
469 4516 643 4570 saeculi
671 4514 931 4579 ﬂuctibus,
955 4514 1018 4566 ad
1048 4514 1466 4582 tranquillitatem
1489 4525 1629 4569 esset
1648 4516 1769 4571 vitm

222 4605 463 4661 etelestis
491 4612 820 4673 perventura.
853 4604 978 4656 Item
1006 4617 1156 4670 aqua:
1182 4603 1358 4656 diluvii
1386 4617 1560 4658 arcam
1599 4604 1652 4660 in
1683 4618 1772 4660 su-

225 4698 392 4752 blime
433 4695 638 4757 tollunt,
668 4702 872 4747 montes
911 4695 1153 4761 aperiunt
1196 4702 1249 4747 et
1278 4694 1617 4762 abscondunt,
1650 4699 1768 4766 quia

229 4795 621 4843 sacramentum
664 4784 1008 4853 baptismatis,
1038 4798 1143 4853 quo
1173 4783 1402 4840 Ecclesia
1443 4787 1772 4858 sublimatur,

227 4875 514 4945 superbam
565 4873 742 4930 εκευῆ
785 4873 1111 4928 altitudinem
1155 4876 1463 4941 contemnit,
1515 4885 1571 4930 et
1623 4880 1772 4933 nihili

230 4965 530 5021 habendam
555 4965 913 5029 demonstrat;
941 4971 997 5018 et
1022 4962 1140 5032 quia
1161 4961 1213 5017 in
1240 4976 1334 5031 spe
1363 4963 1550 5019 futurae
1576 4969 1775 5022 anima-

228 5069 350 5110 rum
388 5055 579 5124 quietis
628 5069 692 5110 ac
753 5051 1149 5110 resurrectionis
1189 5066 1466 5119 corporum
1520 5053 1571 5108 in
1615 5055 1775 5112 vitam

229 5156 489 5202 aeternam
518 5144 862 5213 baptizamur,
900 5159 1055 5215 quam
1082 5143 1334 5213 sapientia
1377 5144 1600 5198 carnalis
1631 5145 1777 5214 igno-

231 5245 339 5300 rat,
371 5244 514 5291 recte
538 5232 808 5288 subditur:

309 5327 607 5395 Quindecim
637 5335 660 5365 ο
707 5327 882 5380 cubitis
908 5328 1053 5382 altior
1101 5327 1194 5396 fuit
1229 5340 1359 5394 aqua
1401 5340 1548 5394 super
1593 5330 1779 5380 montes

232 5435 362 5489 quos
382 5425 662 5488 θριγκοῖσι.
693 5415 903 5485 Septem
945 5417 1135 5486 quippe
1163 5425 1216 5471 et
1244 5424 1361 5471 octo
1386 5413 1678 5484 quindecim
1709 5416 1779 5467 la-

309 5555 335 5583 ⁸
368 5547 452 5601 Al.
476 5547 624 5601 deest
643 5560 806 5612 aque.

307 5613 338 5655 δ
367 5617 476 5681 AL,
501 5617 566 5668 ad
594 5613 910 5682 acquireuda.

311 5695 332 5721 ε
364 5687 471 5751 AL,
499 5686 705 5739 cubitus.

1869 4515 2121 4570 decursus
2142 4529 2234 4584 per
2255 4513 2488 4570 occultas
2509 4523 2662 4568 terra:
2680 4528 2838 4571 venas
2857 4515 2924 4569 ad
2950 4515 3218 4572 matricem
3245 4517 3404 4586 abys-

1871 4619 1987 4657 sum
2015 4605 2251 4670 rcdeant,
2280 4604 2427 4673 juxta
2455 4602 2579 4658 illud
2613 4601 2942 4659 Salomonis:
2979 4603 3166 4658 Omnia
3192 4606 3406 4674 ﬂumina

1871 4694 2060 4746 intrant
2086 4695 2137 4747 in
2163 4710 2320 4756 mare,
2348 4702 2395 4746 et
2419 4707 2556 4745 mare
2582 4707 2682 4744 non
2701 4691 2982 4763 redundat;
3002 4693 3068 4744 ad
3096 4692 3261 4746 locant
3279 4683 3412 4747 unde

1871 4795 2049 4836 exeunt
2066 4784 2277 4852 ﬂumina
2292 4789 2622 4847 revertuntur,
2639 4791 2692 4835 ut
2707 4781 2885 4835 iterum
2896 4781 3320 4851 ﬂuant(Eccle..t,
3332 4784 3410 4852 7).

1872 4873 2086 4944 Mystice
2111 4885 2285 4929 autem
2329 4883 2444 4943 post
2470 4885 2681 4929 centum
2718 4873 3094 4943 quinquaginta
3125 4871 3240 4927 dies
3265 4872 3409 4927 clau-

1874 4966 2070 5020 duntur
2095 4964 2266 5020 fontes
2304 4965 2477 5035 abyssi
2520 4973 2574 5020 et
2600 4951 2876 5020 cataracta
2911 4963 3054 5028 cceli,
3085 4963 3276 5033 pluviis
3298 4978 3412 5018 ces-

1876 5052 2138 5116 santibus,
2169 5067 2315 5120 aqua
2337 5063 2689 5120 revertuntur,
2711 5055 2832 5124 quia
2853 5054 3008 5110 verba
3031 5054 3171 5108 sacri
3190 5053 3413 5116 oraculi,

1879 5149 2155 5210 postquam
2186 5154 2282 5195 nos
2311 5139 2362 5194 in
2392 5140 2493 5196 lide
2522 5155 2585 5196 ac
2611 5157 2704 5212 spe
2741 5154 3002 5212 perpetua:
3030 5141 3220 5209 quietis
3257 5149 3410 5210 atque

1879 5230 2282 5284 immortalitatis
2324 5230 2662 5298 instituerint,
2702 5233 2837 5287 ultra
2875 5248 2970 5286 nos
3012 5231 3202 5286 docere
3239 5243 3412 5284 cessa-

1880 5323 2025 5385 bunt,
2055 5322 2178 5390 quia
2207 5321 2332 5376 nihil
2367 5322 2536 5391 majus
2561 5324 2698 5391 quod
2729 5323 3029 5391 promittere
3071 5320 3298 5376 debeant
3323 5320 3415 5373 ha-

1880 5413 2094 5477 bebunt,
2121 5421 2393 5482 postquam
2424 5413 2702 5468 immortali
2731 5411 2904 5467 carnis
2932 5421 2984 5468 et
3014 5413 3229 5481 spiritus
3251 5412 3418 5482 gloria

1950 5543 1975 5580 d
2010 5545 2114 5607 AL,
2147 5543 2340 5596 cubitis.

1953 5616 1976 5643 ⁶
2009 5615 2087 5665 Al.
2129 5614 2272 5667 deest
2301 5613 2416 5670 Dei,

1958 5673 1978 5712 ‘
2011 5683 2113 5747 AL,
2139 5683 2296 5737 divisa
2332 5693 2416 5737 est.
