3866 6248
215 346 310 400 illi

1438 339 1907 398 IIEXAEMERON
1948 340 2077 396 Llii.
2120 341 2177 396 ll.

3330 336 3441 401 ποι

213 456 462 510 sationis
488 462 770 523 exueatca,
812 455 913 509 lata
957 451 1132 521 potius
1159 449 1337 507 mundi
1367 453 1558 507 itinera
1603 468 1761 523 qnam
1794 453 1838 514 Α
1935 448 2193 504 Intellerit
2217 465 2336 519 ergo
2375 448 2490 502 Noe
2506 450 2643 519 quod
2664 460 2942 506 cessassent
2970 467 3117 522 eque
3140 468 3295 523 super
3320 461 3421 512 len-

212 545 588 600 ecclesiastica:
611 543 1030 600 conversationis
1053 543 1286 598 claustra
1313 542 1555 614 diligunt.

270 631 469 688 Emisit
486 619 681 705 quoque
698 633 983 688 columbam
1010 640 1123 701 post
1149 645 1284 696 eunt,
1308 633 1571 687 strideret
1592 633 1639 687 si
1656 646 1770 703 lens

211 735 492 780 cessassent
510 741 656 793 aqua
676 740 831 793 super
861 724 1042 793 [erant
1070 731 1260 787 teme;
1280 738 1393 793 qua
1418 739 1532 777 eum
1561 739 1660 777 non
1685 723 1770 776 in-

212 815 427 870 uenisset
449 815 536 869 ubi
557 815 885 886 requiesceret
905 830 992 885 pes
1013 814 1145 884 ejus,
1167 803 1364 868 reuersa
1392 823 1465 867 est
1487 814 1556 867 ad
1577 829 1692 869 eum
1717 816 1771 868 in

214 923 410 963 manu.
440 908 598 977 Aqua
624 907 755 962 enini
781 915 930 962 erant
947 921 1101 976 super
1119 907 1402 961 enimsunt
1432 917 1654 971 tet-rans;
1678 921 1774 960 ea:-

215 997 474 1066 tsnditqtte
516 1010 747 1062 mnum,
784 1005 832 1052 et
875 997 1239 1067 apprehensum
1268 996 1436 1050 intulit
1479 996 1534 1050 in
1577 1011 1771 1053 mem.

213 1087 499 1148 tloluotba.
530 1095 586 1141 ut
611 1085 863 1149 diximus.
889 1087 1182 1157 spiritalem
1204 1101 1288 1141 .ac
1315 1087 1607 1164 simplicem
1634 1087 1776 1144 desi-

216 1184 346 1245 gnat
374 1186 606 1233 mentem
635 1177 950 1240 electorum,
975 1177 1089 1247 qui,
1117 1175 1382 1246 patefacta
1412 1179 1514 1233 sibi
1545 1177 1775 1233 fenestra

217 1282 465 1336 superna
491 1265 976 1336 contemplationis.
1004 1275 1154 1322 tanto
1179 1266 1386 1322 cautius
1409 1281 1528 1335 quas
1575 1264 1629 1319 in
1659 1265 1777 1320 inﬁo

218 1356 326 1409 mis
349 1353 639 1409 volt-untur
663 1355 840 1408 omnia
868 1361 1148 1423 spernunt,
1178 1363 1377 1423 quanto
1395 1352 1552 1408 altius
1573 1366 1635 1407 ea
1661 1366 1780 1422 quas

220 1453 478 1514 perpetuo
515 1452 734 1499 manent
768 1441 959 1513 gaudia
987 1449 1229 1498 cernunt.
1263 1441 1423 1498 Tales
1448 1454 1678 1511 namque
1723 1439 1778 1494 in

217 1531 528 1602 exetupium
554 1532 711 1603 hujus
737 1532 997 1587 colan
1024 1529 1163 1585 adeo
1190 1541 1381 1585 cuncta
1407 1529 1590 1585 saeuii
1627 1528 1778 1586 oble-

219 1631 489 1678 ctamenta
519 1621 671 1691 quasi
696 1620 981 1677 sublimius
1010 1619 1240 1674 volando
1275 1617 1596 1690 despiciunt,
1629 1629 1687 1674 ut
1713 1632 1781 1673 ne

221 1709 425 1765 ultimis
447 1709 660 1781 quidem
700 1723 813 1764 suae
856 1709 1049 1766 mentis
1089 1706 1324 1779 vestigiis
1351 1723 1415 1763 ea
1447 1717 1664 1778 tangere
1689 1722 1781 1763 cu-

1871 559 2003 607 rant,
2042 541 2444 609 easpeelauitqus
2482 542 2806 596 nihilominus
2829 551 3020 605 septem
3043 545 3170 599 alios
3214 545 3346 614 dies,
3376 557 3431 601 et

1869 631 2034 686 emisit
2077 628 2380 694 columbam,
2409 644 2525 699 quc
2552 645 2653 683 non
2694 640 2767 685 est
2793 648 2988 687 rerersa
3015 634 3153 688 ultra
3188 637 3258 690 ad
3290 651 3427 694 eum.

1871 719 2125 775 Columba
2155 734 2294 789 quae,
2321 721 2656 776 cessantibus
2682 722 2854 790 aquis,
2880 739 3044 794 super
3071 735 3265 781 terram
3293 729 3432 784 exiit

1871 811 1941 867 de
1989 825 2110 866 arca
2137 825 2235 866 nec
2280 810 2459 876 rediit,
2510 813 2771 884 signiﬁcat
2806 825 3062 872 exeuntes
3089 818 3155 872 de
3194 821 3293 878 hac
3326 821 3433 878 vita

1873 900 2080 955 animas
2109 907 2417 956 sanctorum
2443 901 2496 954 in
2525 901 2745 956 liberam
2769 903 2940 960 lucem
2967 908 3149 975 patriae
3177 909 3433 978 celestis,

1877 1003 2051 1060 neque
2078 988 2211 1043 ultra
2238 989 2303 1043 ad
2334 1000 2596 1045 terrenam
2617 979 3072 1052 conversationem
3095 1010 3430 1057 remeantes:

1876 1077 1929 1134 iu
1973 1093 2076 1149 qua
2104 1079 2352 1135 videlicet
2381 1081 2548 1150 patria
2587 1081 2724 1136 sicut
2751 1085 3026 1151 prophetia
3067 1090 3428 1155 evacuabitur.

1873 1169 2092 1226 scicntia
2139 1171 2464 1237 destruetur,
2516 1173 2705 1240 lingua:
2749 1177 3054 1243 cessabunt,
3086 1179 3168 1234 sic
3193 1190 3248 1235 et
3286 1182 3424 1237 unda

1881 1265 1908 1294 °
1948 1262 2192 1332 baptismi
2244 1262 2565 1329 siccabitur;
2642 1264 2870 1321 cbaritas
2935 1279 3111 1324 autem
3163 1287 3431 1344 nunquam

1881 1350 1902 1392 ί
1933 1353 2103 1421 cadet,
2153 1370 2248 1426 per
2293 1372 2452 1427 quam
2481 1366 2508 1406 ι
2542 1358 2735 1414 veritas
2772 1370 2826 1414 et
2859 1361 2966 1416 vita
2992 1363 3440 1422 incommutabilis

1879 1451 2137 1512 perpetuo
2187 1459 2424 1516 prmscns
2471 1446 2734 1501 videbitur
2783 1457 2944 1514 atque
3009 1450 3324 1508 laudabitur.
3377 1456 3440 1509 lit

1879 1530 2000 1598 quia
2042 1546 2146 1585 non
2199 1532 2395 1598 solum,
2426 1545 2482 1588 ut
2526 1532 2660 1588 bona
2701 1549 3007 1606 operemur,
3055 1555 3236 1596 verum
3280 1541 3438 1599 etiam

1879 1630 1936 1676 ut
1965 1633 2080 1691 post
2107 1623 2242 1678 bona
2271 1638 2434 1691 opera
2472 1625 2538 1678 ad
2569 1627 2730 1681 vitam
2776 1629 3144 1697 perveniamus
3186 1641 3436 1689 atcruatn

1883 1711 2095 1780 superni
2130 1721 2214 1767 est
2237 1714 2434 1766 donum
2464 1713 2718 1779 muneris,
2750 1727 2893 1772 recte
2928 1720 3172 1775 columba
3216 1738 3322 1778 non
3350 1738 3438 1780 so-

218 1807 363 1863 rent,
395 1806 454 1853 ut
484 1809 610 1869 pote
632 1797 724 1869 qui
751 1797 948 1853 nullam
976 1797 1076 1852 sibi
1097 1797 1154 1852 in
1193 1794 1512 1858 bocmundo
1548 1795 1784 1852 invenire
1819 1782 1859 1841 Β
1886 1800 1990 1854 lum
2014 1810 2130 1869 post
2154 1802 2267 1857 dies
2317 1813 2521 1872 septem
2550 1807 2700 1870 exiit,
2729 1812 2784 1859 ut
2807 1809 3075 1864 surculum
3104 1812 3257 1867 oliva»
3281 1814 3442 1870 inier-

220 1909 404 1948 veram
433 1895 670 1962 requiem
700 1893 926 1960 possint,
953 1889 1108 1959 cujus
1147 1897 1205 1944 et
1249 1889 1473 1944 adversa
1520 1881 1681 1942 simul
1729 1897 1782 1942 et

184 1966 198 1976 ”
221 1995 478 2050 prospera
517 1980 685 2036 instar
723 1993 982 2050 aquarum
1029 1977 1316 2033 labentium
1365 1988 1495 2048 vaga
1544 1976 1784 2032 feruntur

218 2088 286 2128 ac
315 2073 496 2128 dubia.
535 2071 654 2127 Non
681 2071 856 2126 solum
891 2075 1067 2124 autem
1095 2067 1150 2123 lli
1187 2068 1324 2122 intra
1355 2077 1504 2137 septa
1537 2067 1785 2122 Ecclesia

221 2165 325 2235 ipsi
354 2178 593 2231 manere,
620 2163 716 2218 sed
745 2171 800 2217 et
826 2161 959 2216 alios
981 2171 1239 2230 quantum
1279 2159 1459 2213 valent
1495 2161 1576 2235 vel
1605 2173 1787 2214 exem-

227 2254 318 2323 plo
346 2267 443 2308 suo
487 2252 573 2308 vel
604 2253 816 2306 hortatu
845 2249 901 2306 in
950 2248 1088 2303 hanc
1116 2245 1457 2303 introducere
1499 2256 1783 2319 satagunt;

223 2346 368 2402 unde
391 2352 539 2402 recte
565 2343 814 2400 subditur
845 2358 861 2399 ;
1127 2401 1130 2406 ,

293 2436 615 2505 ‘Esspeetutis
638 2443 809 2489 autem
831 2434 966 2487 ultre
991 2439 1177 2504 septeni
1201 2430 1396 2498 diebus,
1419 2445 1619 2484 rursum
1644 2428 1791 2484 dioni-

220 2529 290 2584 sit
318 2527 605 2583 columbam
633 2541 698 2580 es
718 2539 877 2586 areu;
903 2533 956 2577 et
985 2523 1079 2578 ille
1107 2521 1240 2576 venit
1276 2521 1343 2574 ad
1376 2535 1629 2584 vesperem
1666 2535 1788 2586 por-

223 2631 343 2674 tans
369 2619 438 2673 nd
465 2633 580 2671 eum
599 2631 800 2671 renum
827 2613 974 2669 oliuis
999 2611 1268 2689 uirentibus
1311 2609 1451 2682 foliis
1474 2609 1527 2664 in
1564 2625 1650 2664 ore
1674 2625 1788 2666 suo.

221 2708 428 2764 Damus
451 2705 594 2763 enim
640 2706 794 2760 otiva
825 2703 892 2758 io:
909 2703 954 2758 is
980 2701 1250 2764 inventus,
1278 2708 1304 2737 ι
1327 2708 1380 2755 et
1409 2713 1504 2754 ore
1530 2699 1789 2754 columba:

222 2799 280 2854 in
305 2812 488 2854 arcam
515 2797 698 2851 illatus
727 2803 909 2866 typum
933 2793 1074 2864 gerit
1101 2805 1286 2848 eorum
1315 2791 1403 2860 qui
1428 2801 1584 2846 extra
1611 2789 1788 2846 Eccle-

219 2891 364 2945 siam
394 2888 610 2956 quidem
641 2888 899 2958 baptisma
947 2885 1268 2957 percipiunt,
1305 2885 1400 2941 sed
1425 2884 1453 2925 δ
1479 2884 1791 2955 pinguedine

218 2979 505 3035 ebaritatis
530 2977 810 3045 l'ructtiosi,
839 2985 893 3033 et
923 2976 1008 3048 pia
1042 2977 1337 3032 intentione
1373 2977 1518 3032 velut
1546 2973 1788 3030 foliorum

220 3078 352 3124 sunt
392 3068 659 3123 viriditate
687 3067 921 3136 integri:
959 3080 1186 3137 quorum
1235 3066 1445 3135 plurimi
1495 3066 1787 3135 posteriore

223 3172 465 3228 tempore
490 3159 640 3228 quasi
665 3159 734 3212 ad
773 3167 1046 3227 vesperam
1095 3156 1528 3212 reconciliatione
1573 3156 1783 3226 spirita-

223 3248 356 3303 linnt
382 3247 616 3302 virorum
646 3246 790 3301 velut
824 3261 919 3302 ore
939 3246 1198 3302 culume
1243 3255 1560 3301 revocantur
1585 3246 1649 3300 ad
1693 3246 1789 3301 Ec-

218 3337 464 3400 ciesiam,
497 3337 638 3408 quod
685 3336 824 3393 bene
851 3343 972 3407 post
999 3347 1206 3405 septem
1235 3335 1349 3390 dies
1388 3351 1453 3391 ex
1503 3351 1612 3405 quo
1657 3335 1788 3391 i‘oris

221 3427 339 3497 ipsa
369 3425 609 3495 requiem
639 3439 746 3479 non
775 3423 976 3479 invenit
996 3423 1239 3478 columba
1276 3422 1419 3479 fecit.
1446 3424 1790 3493 Septenarius

220 3517 426 3586 quippe
454 3515 660 3571 dierum
684 3522 936 3569 numerus
954 3513 1176 3584 mystice
1200 3513 1302 3568 luci
1325 3515 1506 3580 gratiae
1531 3513 1784 3582 spiritalis

227 3605 373 3659 solet
400 3606 592 3671 aptari,
616 3601 740 3670 quia
769 3601 1015 3656 nimirum
1043 3601 1142 3655 viri
1162 3601 1426 3668 spiritales
1450 3608 1724 3669 postquam
1753 3616 1784 3655 a

219 3678 526 3746 carnalibus
571 3686 849 3745 desideriis
893 3698 1123 3744 mentem
1152 3687 1462 3746 abstrahunt
1499 3702 1670 3752 suam,
1702 3704 1786 3742 cn-

222 3783 354 3838 dem
393 3781 580 3849 spiritu
621 3781 806 3850 gratia:
834 3779 1086 3835 admoniti
1131 3779 1444 3835 abstrahere
1492 3779 1560 3834 ab
1609 3779 1694 3835 bis
1732 3790 1787 3836 et

225 3874 366 3928 alios
392 3881 719 3947 conantur.‘
744 3869 924 3926 Potest
952 3869 1004 3925 in
1027 3869 1292 3935 columba,
1317 3885 1436 3939 qua:
1461 3881 1642 3936 aperta
1666 3879 1786 3938 post

224 3966 485 4019 diluvium
530 3962 757 4020 fenestra
806 3976 1009 4016 ramum
1062 3962 1214 4016 olivae
1258 3961 1436 4016 intulit
1483 3962 1536 4015 in
1583 3975 1782 4024 arcam,

223 4055 393 4108 etiam
441 4054 542 4108 hoc
591 4051 978 4120 praeﬁguratum
1029 4051 1284 4121 intelligi,
1330 4051 1493 4122 quod,
1526 4052 1786 4120 baptizata

226 4143 456 4198 Domino
503 4143 556 4196 in
600 4141 852 4206 Jordane,
881 4142 1053 4211 aperti
1092 4151 1217 4197 sunt
1257 4143 1398 4207 caeli,
1425 4152 1480 4196 et
1512 4141 1785 4196 descendit

225 4234 463 4303 Spiritus
478 4240 694 4286 sanctus
717 4231 770 4286 in
791 4232 970 4300 specie
987 4231 1247 4286 columba
1262 4246 1420 4300 super
1439 4246 1559 4285 cum
1579 4247 1593 4295 ;
1617 4230 1780 4299 quod,

225 4321 613 4392 accipientibus
659 4321 916 4391 baptisma
968 4321 1188 4390 singulis
1233 4320 1484 4376 Ecclesiae
1530 4320 1671 4384 liliis,
1719 4323 1782 4374 ad

223 4409 570 4481 aperiendam
596 4420 649 4465 et
679 4410 786 4464 illis
813 4409 1030 4479 ianuam
1060 4409 1205 4479 regni
1234 4408 1468 4466 cmlestis
1495 4409 1780 4477 imponitur

224 4515 418 4557 manus
467 4514 498 4552 a
531 4499 776 4569 pontiﬁce
807 4513 898 4567 per
929 4501 1226 4554 unctionem
1273 4499 1594 4568 sacrosancti
1638 4499 1782 4554 chri-

221 4589 436 4653 smatis,
467 4595 526 4642 ut
562 4574 824 4655 accipiant
869 4586 1120 4654 Spiritum
1152 4595 1413 4641 sanctum.
1460 4586 1553 4641 Cui
1609 4587 1787 4654 ﬁgura:

222 4678 476 4748 congruit
527 4685 649 4744 apte
700 4674 842 4744 quod
889 4688 1082 4730 curvus
1130 4675 1589 4731 antcviliationem
1630 4676 1785 4732 oliva:

224 4767 252 4808 δ
277 4783 377 4838 per
402 4765 696 4823 colubant
717 4777 966 4835 egressus
996 4764 1189 4831 fuerat,
1219 4779 1318 4821 nec
1344 4780 1593 4821 reversus
1623 4765 1787 4822 inar-

221 4873 366 4924 cam,
399 4873 467 4912 ne
513 4856 759 4912 videlicet
793 4855 1067 4927 prophetia
1098 4855 1180 4909 vel
1224 4855 1460 4912 Simonis
1511 4855 1784 4924 perﬁdiam

224 4946 437 5001 silendo
477 4946 792 5014 preteriret,
827 4945 913 5013 qui
944 4944 1236 5014 baptizatus
1271 4943 1482 5014 quidem
1513 4943 1565 4998 in
1609 4945 1787 5001 Eccle-

222 5036 330 5100 sia,
377 5033 490 5096 sed,
546 5034 847 5104 priusque
878 5049 972 5102 per
1003 5047 1189 5092 manus
1242 5032 1636 5101 impositionem
1665 5050 1785 5105 gra-

226 5127 356 5180 tiam
385 5124 552 5177 sanCti
579 5123 808 5191 Spiritus
828 5129 1113 5193 acciperet,
1134 5132 1214 5178 est
1240 5124 1308 5178 ab
1337 5122 1573 5178 Ecclesia
1603 5127 1785 5194 repul-

224 5229 342 5281 sus,
374 5228 437 5267 eo
466 5214 604 5282 quod
634 5213 756 5270 ieiie
784 5215 1152 5270 amaritudinis
1180 5215 1363 5283 plenus
1384 5230 1487 5269 non
1519 5215 1777 5273 innocen-

227 5309 356 5360 tiam
398 5302 712 5358 columbini:
755 5305 1130 5374 simplicitatis,
1181 5305 1270 5374 pio
1297 5304 1390 5359 sed
1420 5306 1650 5377 maligno
1690 5324 1784 5370 po-

231 5396 337 5451 tius
363 5393 415 5447 in
448 5392 608 5447 corde
633 5394 902 5447 corvinam
926 5402 1155 5462 gestaret
1183 5393 1533 5464 nigredinem.

301 5513 327 5541 ⁸
359 5504 469 5567 ΑΙ..
495 5517 558 5556 ea:
583 5513 666 5555 ore
687 5503 930 5556 columba
948 5505 1084 5559 intus
1111 5503 1324 5558 inlatus.

299 5572 326 5613 δ
352 5574 414 5626 ΑΙ
444 5613 460 5636 ,
491 5573 543 5623 in
564 5574 882 5641 pinguedine.

302 5650 330 5682 ε
366 5641 471 5703 ΔΙ..
503 5654 753 5709 potestque
769 5643 1022 5694 columba.

301 5708 327 5748 δ
359 5715 618 5778 Al.,posl.

1886 1897 1963 1942 ret
1994 1889 2046 1942 in
2071 1903 2273 1955 arcam,
2304 1890 2396 1945 sed
2438 1901 2493 1946 et
2533 1892 2756 1948 adducta
2786 1893 2926 1949 oliva
2956 1909 3070 1966 post
3099 1900 3212 1954 dies
3239 1915 3439 1971 septem

1883 1975 2017 2029 alios
2055 1990 2268 2044 egnssa
2303 1990 2408 2044 est,
2439 1989 2499 2034 ut
2527 1981 2695 2035 libero
2736 1985 2866 2038 solis
2891 1993 2947 2038 et
2976 1986 3119 2041 velut
3149 1991 3266 2044 novi
3295 1993 3442 2049 orbis

1886 2063 2150 2120 frueretur
2173 2078 2409 2134 aspectu.
2443 2066 2622 2124 Gratia
2667 2072 2811 2126 enim
2856 2073 2946 2129 Dei
2989 2077 3096 2131 vita
3141 2092 3338 2139 acterna
3385 2082 3439 2138 in

1884 2153 2097 2207 Cbristo
2121 2154 2269 2221 testi,
2302 2165 2355 2209 et
2383 2160 2449 2212 v°e
2479 2159 2807 2226 plenitudine
2852 2163 2968 2233 ejus
3000 2182 3097 2221 nos
3124 2184 3309 2227 omnes
3352 2190 3444 2230 ac-

1885 2240 2139 2306 emimus,
2184 2244 2405 2311 gratiam
2445 2261 2540 2312 pro
2580 2251 2770 2317 gratia,
2813 2255 3034 2318 gratiam
3073 2256 3315 2318 videlicet
3357 2281 3440 2321 re-

1891 2330 2190 2388 tributionis
2219 2347 2315 2401 pro
2341 2333 2508 2400 gratia
2541 2335 2688 2391 bona:
2715 2335 2956 2396 actimis.

1958 2418 2130 2488 Igitur
2181 2423 2539 2477 sexcentesimo
2597 2426 2765 2493 primo
2816 2438 2974 2492 anno,
3039 2448 3204 2499 primo
3253 2453 3440 2502 mense,

1887 2509 2050 2594 primo
2078 2510 2162 2563 die
2189 2511 2369 2564 mensis
2398 2508 2426 2549 ¹ι
2445 2513 2723 2568 immutate
2742 2526 2857 2569 sunt
2875 2525 3024 2583 aqua
3042 2530 3100 2573 stt
3107 2538 3197 2588 per
3215 2532 3400 2580 terram
3421 2545 3441 2594 ;

1885 2609 1934 2650 et
1963 2591 2190 2666 .iperiens
2228 2609 2411 2654 tectum
2457 2613 2593 2656 arcte
2629 2599 2749 2658 Noe
2793 2609 3010 2675 aspait,
3057 2611 3277 2682 uiditque
3306 2591 3442 2685 quod

1887 2689 2139 2741 exsiccata
2158 2700 2287 2743 esset
2322 2692 2614 2760 superﬁcies
2655 2703 2823 2751 terra.
2848 2695 3066 2754 Tectum
3094 2715 3232 2756 arca:
3254 2717 3443 2776 supre-

1890 2791 2027 2830 mam
2055 2777 2172 2845 cjus
2200 2778 2427 2832 tabulam
2456 2778 2589 2836 dicit
2626 2782 2697 2839 de
2724 2799 2825 2852 qua
2852 2788 3153 2855 prcdictum
3177 2802 3290 2848 erat
3328 2815 3341 2850 :
3377 2797 3445 2852 Et

1890 2867 1943 2920 in
1974 2867 2142 2919 cubito
2161 2870 2531 2925 consummatis
2554 2875 2906 2930 summitatem.
2940 2876 2996 2931 ln
3048 2893 3153 2948 quo
3207 2883 3449 2942 videlicet

1896 2966 2035 3010 tecto
2062 2971 2223 3011 unum
2254 2958 2487 3014 cubitum
2512 2961 2669 3030 longo
2687 2979 2754 3018 ac
2775 2965 2884 3019 lato
2904 2967 3074 3037 ipsum
3102 2973 3440 3034 Mediatorcm

1898 3044 1990 3100 Dei
2014 3055 2070 3100 et
2096 3045 2366 3104 hominum
2393 3049 2675 3119 signiﬁcari
2698 3052 2949 3122 diximus,
2971 3060 3061 3128 qui
3092 3061 3160 3116 ita
3192 3068 3441 3121 membris

1812 3121 1858 3182 C
1893 3131 2143 3189 Ecclesiae
2169 3147 2280 3189 sua:
2310 3139 2475 3192 voluit
2503 3138 2802 3196 humanitus
2842 3121 3056 3212 sociari,
3103 3159 3159 3204 ut
3191 3152 3442 3222 dignitate

1890 3237 1999 3280 sum
2051 3229 2330 3293 potestatis
2365 3230 2706 3301 singulariter
2740 3233 2876 3288 banc
2923 3243 3334 3307 transcenderet,
3381 3260 3443 3302 ac

1893 3322 2055 3370 totam
2085 3317 2153 3371 ab
2171 3317 2282 3396 aito
2305 3329 2625 3387 protegeret.
2659 3321 2957 3377 iloeautem
2980 3337 3196 3395 it'cmm,
3220 3331 3449 3390 abeunte

1890 3404 2113 3470 diluvio,
2154 3407 2358 3474 aperuit
2395 3405 2528 3472 Noe,
2555 3409 2677 3477 quia
2705 3409 2974 3467 celebrato
3000 3415 3241 3485 baptismi
3267 3437 3443 3480 sacra-

1889 3501 2090 3553 mento.
2115 3492 2336 3563 singulis
2363 3493 2597 3551 ﬁdelium
2633 3509 2842 3569 oportet
2879 3501 3182 3574 diligentius
3208 3525 3272 3565 ex
3312 3521 3448 3569 tem-

1889 3600 2018 3654 pore
2061 3585 2344 3642 dominica
2389 3587 2767 3647 lucarualionis
2809 3608 2999 3649 arcana
3048 3597 3320 3657 doctorum
3349 3620 3442 3662 ore

1889 3678 2132 3741 reserari.
2159 3686 2216 3732 ut
2240 3679 2468 3733 comitis
2493 3679 2571 3734 eis
2600 3694 2719 3750 qua:
2749 3682 2834 3737 ille
2859 3685 3025 3754 gessit
3053 3689 3134 3742 vel
3160 3689 3342 3749 docuit
3383 3693 3437 3750 iu

1887 3782 2070 3836 carne,
2099 3767 2321 3837 vestigia
2361 3769 2476 3836 ejus
2540 3785 2636 3836 pro
2677 3771 2891 3826 modulo
2931 3788 3028 3828 suo
3067 3777 3317 3836 imitando
3354 3798 3441 3839 se-

1889 3868 2136 3928 quantur.
2188 3858 2253 3913 Et
2302 3860 2402 3913 boc
2441 3861 2715 3928 aptissime
2768 3863 2938 3929 primo
2990 3875 3108 3933 post
3159 3879 3435 3928 sexcentos

1886 3960 2074 4009 annos,
2105 3947 2276 4017 primo
2301 3960 2507 4012 mense,
2539 3949 2707 4016 prima
2733 3949 2823 4004 die
2851 3940 3066 4022 mensis,
3099 3958 3292 4014 factum
3317 3976 3439 4017 esse

1889 4034 2217 4102 perhibetur,
2247 4041 2302 4086 ut
2345 4035 2694 4103 primordium
2722 4051 2933 4109 quoque
2961 4045 3106 4111 anni,
3141 4048 3356 4112 mensis,
3385 4063 3442 4105 et

1887 4121 2014 4185 diei,
2045 4135 2231 4174 novam
2261 4121 2382 4174 vitae
2408 4121 2662 4190 spiritalis
2687 4125 3077 4186 inchoationem
3123 4149 3238 4204 qua:
3276 4137 3439 4192 ﬁdeli-

1887 4209 1985 4265 bus
2036 4220 2182 4265 esset
2254 4210 2548 4268 inchoanda
2603 4223 2939 4276 monstraret.
3010 4225 3241 4295 Denique
3298 4227 3439 4286 idem

1887 4301 2087 4356 mensis
2130 4301 2180 4355 itt
2227 4301 2342 4371 lege
2395 4304 2446 4357 in
2492 4319 2598 4373 quo
2639 4317 2696 4361 et
2737 4312 2928 4378 pascha
2969 4313 3081 4367 ﬁeri
3117 4326 3435 4388 prmeeptu'u

1887 4399 1988 4455 est,
2029 4393 2226 4447 mensis
2273 4403 2528 4449 novorum
2571 4408 2806 4460 vocatur,
2855 4401 2926 4455 ob
2975 4416 3216 4470 magnum
3264 4408 3443 4479 utique

1885 4488 2272 4538 sacramentum
2304 4485 2617 4542 innovandc
2642 4488 2695 4542 in
2719 4488 2911 4545 Christi
2953 4493 3198 4560 passione
3238 4507 3442 4555 nostra

1884 4575 2007 4628 vitae
2034 4578 2250 4629 veteris.

1954 4661 2011 4716 Η
2015 4678 2128 4716 ense
2144 4661 2381 4724 secunde,
2403 4663 2640 4732 vigesima
2659 4667 2874 4731 septimo
2892 4670 2978 4726 die
2993 4675 3177 4729 mensis
3211 4678 3438 4746 arefacta

1883 4763 1955 4807 est
1983 4763 2134 4809 terra.
2177 4751 2346 4820 Supra
2381 4754 2582 4810 dictum
2618 4759 2871 4828 estquod
2918 4762 3087 4831 primo
3134 4779 3314 4822 mense
3355 4770 3437 4822 in-

1882 4845 2107 4899 choante
2143 4846 2406 4900 exsiccata
2448 4857 2589 4903 esset
2635 4850 2946 4919 superﬁcies
2989 4864 3180 4922 terrai;
3217 4865 3272 4912 et
3294 4868 3435 4914 nunc

1884 4950 2067 4991 mense
2112 4937 2346 4991 secundo
2395 4949 2530 5008 pene
2565 4944 2831 5012 complete
2871 4947 3095 5001 arefacta
3134 4960 3254 5008 esse
3293 4956 3433 5003 terra

1882 5028 2218 5092 desciihitur,
2261 5029 2393 5099 quia
2427 5031 2673 5087 nimirum
2703 5042 2824 5088 tunc
2855 5034 2911 5089 in
2950 5031 3226 5104 superﬁcie
3257 5039 3433 5095 viren-

1885 5119 2025 5172 tibus
2056 5117 2233 5172 berbis
2264 5119 2417 5175 tellus
2465 5121 2723 5176 exsiccata
2773 5137 2872 5187 est,
2918 5137 2973 5178 ut
3019 5136 3193 5193 posset
3240 5130 3435 5187 revire-

1883 5222 2055 5270 scere,
2081 5216 2239 5274 atque
2285 5208 2495 5277 herbas,
2528 5225 2660 5280 quas
2686 5213 3047 5281 absump~erat
3073 5228 3228 5284 aqua,
3257 5216 3435 5275 denuo

1882 5296 2194 5370 germinare.
2248 5299 2395 5354 Nunc
2444 5315 2572 5354 vero
2638 5302 2690 5355 in
2747 5312 2948 5356 tantum
2999 5303 3158 5359 etiam
3209 5304 3432 5364 interius

1881 5387 2108 5444 arefacta
2159 5396 2262 5453 est,
2315 5399 2371 5443 ut
2424 5388 2736 5444 calcantium
2791 5406 3005 5461 gressus
3050 5395 3352 5464 sustineret,
3375 5399 3430 5453 in

1954 5502 2104 5569 SAL.
2135 5502 2461 5569 bapli.~matt°s.

1957 5563 1975 5602 ί
2006 5572 2114 5633 ΑΙ.,
2141 5563 2294 5626 ccidit.

1956 5647 1979 5683 κ
2007 5641 2110 5703 ΑΙ..
2133 5645 2210 5694 sia
2238 5654 2283 5693 et
2305 5643 2484 5698 ret-itas
2501 5645 2942 5700 incommutabilis.

1956 5705 1979 5742 δ
2010 5713 2121 5775 AL,
2146 5712 2425 5765 imminuta:
