3866 6248
457 368 562 427 103

946 360 1146 419 ΒΕΒΕ
1184 355 1632 415 VENERABILIS
1665 351 1948 410 OPERUM
1987 350 2161 408 PARS
2201 351 2266 408 ll.
2307 380 2377 394 —
2413 352 2802 410 EXEGETICA
2839 350 3160 410 GENUINA.

3556 349 3676 406 ιοι

454 490 657 536 tantum
688 477 862 532 herbis
904 477 1089 529 vestita
1119 470 1452 537 ﬂorentibus,
1492 477 1550 522 ut
1588 466 1747 522 etiam
1776 476 1995 532 pascen-
2027 464 2076 522 Α
2101 464 2454 519 animantibus
2495 474 2552 520 et
2599 464 2900 518 hominibus
2937 465 2989 518 in
3037 476 3180 528 arca,
3227 462 3350 532 quia
3400 461 3680 516 Dominus

457 572 538 624 dis
561 576 701 624 esset
726 566 907 619 idonea
933 562 1212 631 pecoribus
1237 573 1300 613 ac
1326 559 1600 627 jumentis.

527 658 746 712 Locutus
792 663 863 709 est
890 663 1057 706 autem
1091 649 1223 702 Deus
1246 649 1314 700 ad
1354 646 1468 702 Noe
1509 646 1682 697 dicens
1705 658 1725 696 :
1750 641 2000 712 Egredere

459 764 626 801 arcam
653 757 708 798 tit
732 755 776 798 et
797 758 924 796 κων
953 752 1061 805 tua,
1092 739 1187 805 ﬁlii
1223 737 1296 790 tui
1320 745 1366 788 et
1412 749 1589 787 uxores
1637 733 1856 800 ﬁliorum
1884 747 1998 784 mo-

457 853 573 890 ritnt
612 847 807 899 tecum;
841 839 1022 884 cuncta
1049 827 1327 880 animantia
1362 840 1474 892 qua
1505 833 1621 876 sunt
1663 821 1802 888 apud
1849 830 1894 872 te
1940 836 2003 874 ea:

459 927 601 982 omni
646 938 820 986 carne,
853 930 955 972 tam
996 919 1049 971 in
1095 914 1403 975 volatilibus,
1449 929 1599 980 quam
1643 911 1694 964 in
1724 910 1911 973 bestiis,
1955 918 2001 962 et

459 1007 702 1070 uniuersis
734 1010 990 1078 reptilibtts
1033 1021 1144 1073 qua
1195 1015 1393 1072 reptant
1438 1018 1591 1068 super
1639 1012 1823 1054 terram
1875 999 2002 1052 edite

459 1118 649 1168 tecum;
675 1113 724 1158 et
746 1099 1064 1172 ingredimini
1095 1112 1245 1165 super
1267 1106 1471 1149 terram.
1498 1092 1715 1147 Crescite
1741 1101 1787 1144 et
1817 1099 1843 1126 ι
1867 1087 2002 1141 mul-

460 1193 777 1260 tiplicamini,
813 1201 860 1245 et
903 1191 1086 1260 replete
1122 1203 1254 1241 eam.
1288 1185 1529 1254 Egressus
1570 1192 1641 1235 est
1665 1197 1788 1250 ergo
1816 1179 1928 1233 Noe
1956 1187 2003 1232 et

2101 569 2194 621 per
2227 563 2391 608 totum
2424 553 2581 622 hujus
2605 555 2786 608 sa'culi
2819 563 3046 619 tempus,
3074 567 3268 622 perque
3296 566 3488 607 omnes
3516 551 3682 604 erlis

2103 647 2285 713 plagas
2332 639 2638 699 Ecclesiam‘
2674 659 2823 697 suam
2872 652 2924 697 et
2977 644 3110 696 unda
3159 641 3354 696 lavacri
3416 640 3684 695 salutaris

2100 736 2288 799 abluit,
2317 742 2371 787 et
2397 735 2562 802 gratia
2592 734 2671 786 sui
2699 733 3195 798 Spiritusillustrat.

2167 825 2462 893 ﬁdi/ienuit
2496 836 2661 878 autem
2693 826 2806 879 Noe
2839 825 3000 878 altare
3028 811 3262 885 Domine,
3289 829 3337 873 et
3382 819 3578 873 tollens
3607 818 3680 869 de

2100 914 2292 967 cunctis
2335 914 2595 984 pecoribus
2622 924 2667 967 et
2695 912 3248 976 volucribusmmtdis,
3294 909 3478 962 obtulit
3519 907 3675 959 Iulo-

2101 1012 2273 1056 eausta
2303 1019 2454 1072 super
2481 1004 2665 1059 altare.
2694 1002 2766 1074 ,llt
2801 1001 2878 1056 vir
2916 1003 3088 1070 justus
3134 1009 3189 1055 et
3234 1012 3360 1052 vere
3393 995 3682 1065 perfectus

2103 1094 2154 1147 in
2168 1093 2592 1162 generationibus
2609 1093 2715 1146 suis
2739 1101 3012 1160 postquam
3041 1100 3198 1145 tanta
3217 1089 3352 1143 cladi
3376 1084 3679 1154 superfuit.

2103 1199 2246 1251 mox,
2285 1184 2547 1239 aediﬁcato
2574 1184 2746 1246 altari,
2797 1184 2992 1252 gratias
3022 1182 3129 1249 agit
3172 1177 3470 1243 Conditori,
3503 1175 3679 1230 simul

462 1285 555 1349 ﬁlii
581 1285 710 1350 ejus,
742 1290 797 1335 et
821 1287 1032 1333 caetera.
1059 1273 1392 1330 hlultilariam
1417 1271 1595 1326 multis
1624 1269 1792 1324 modis
1815 1267 1999 1322 eadem

2127 1278 2387 1332 tbsecrans
2413 1292 2480 1330 ne
2509 1276 2643 1328 ultra
2675 1275 2898 1328 mundus
2940 1270 3028 1324 tali
3060 1264 3207 1338 plaga
3239 1274 3518 1322 mereatur
3550 1280 3681 1331 per—

462 1376 658 1430 Christi
706 1373 954 1428 Ecclesia:
997 1370 1245 1438 mysteria
1294 1366 1486 1434 smpius
1527 1363 1714 1418 iterata
1740 1360 2003 1430 signiﬁca-

463 1465 605 1519 tione
637 1469 966 1531 repetuntur.
999 1458 1243 1526 Egressio
1272 1469 1395 1524 ergo
1423 1453 1533 1508 Noe
1569 1452 1637 1506 de
1659 1466 1779 1505 arca
1819 1451 1868 1502 in
1897 1458 2004 1503 ter-

467 1567 582 1606 ram
607 1549 802 1604 diluvio
828 1547 1127 1602 mundatam
1155 1559 1273 1598 cum
1307 1543 1388 1596 his
1423 1555 1555 1610 quos
1581 1554 1758 1594 secum
1786 1538 2004 1593 induxe-

2099 1366 2229 1421 enti.
2261 1367 2326 1419 Et
2351 1365 2470 1433 quia
2517 1364 2711 1417 devote
2756 1377 2820 1415 ac
2868 1361 2954 1429 pie
2981 1359 3262 1427 supplicat,
3307 1354 3456 1409 ocius
3484 1350 3682 1405 audit

2100 1455 2289 1525 dignus
2311 1454 2554 1510 efﬁcitur.
2584 1451 2830 1520 Sequitur
2847 1450 2986 1505 enim
3013 1467 3027 1502 :

2179 1542 2533 1609 Odorotusque
2577 1551 2648 1594 est
2689 1539 2930 1592 Dominus
2976 1537 3178 1590 odorem
3206 1531 3486 1590 suavitatis,
3520 1539 3573 1582 et
3605 1527 3682 1580 ait

473 1651 553 1695 rat
580 1637 875 1692 hominibus
901 1645 955 1690 et
997 1632 1368 1697 animantibus,
1418 1631 1497 1685 illi
1528 1629 1746 1698 tempori
1791 1629 2005 1696 ﬁgurate
2103 1637 2170 1690 ad
2203 1650 2316 1688 eum
2337 1649 2358 1687 ε
2383 1633 2717 1702 Nequaquam
2738 1635 2876 1686 "(ira
2904 1629 3202 1684 maledicam
3244 1634 3428 1678 terram
3458 1629 3681 1689 propter

471 1730 738 1795 convenit,
789 1743 907 1783 cum
960 1725 1152 1795 quique
1210 1723 1440 1777 ﬁdelium
1486 1721 1628 1775 fonte
1681 1718 2008 1787 baptismatis

2127 1729 2363 1783 homines.
2404 1726 2733 1796 Dignumque
2759 1725 2881 1779 fecit
2924 1731 2981 1776 ut
3010 1721 3088 1774 vir
3117 1727 3333 1772 sanctus
3359 1725 3414 1768 et
3455 1712 3685 1766 futuro-

470 1821 632 1876 ablmi
669 1788 739 1873 ιιί
779 1788 1079 1872 “erui-Ida-
1111 1815 1267 1869 ιιῖ³¹η
1306 1813 1359 1866 ill
1400 1811 1609 1880 Ρυδιίοο
1649 1812 1782 1862 bona
1821 1822 2007 1877 0P0".
2039 1788 2086 1847 Β
2115 1835 2229 1875 rum
2261 1788 2528 1888 providus,
2557 1788 2691 1872 sicut
2722 1815 2853 1870 Abel
2884 1814 3087 1880 primae,
3134 1811 3204 1864 ita
3231 1818 3286 1863 et
3323 1807 3436 1878 ipse
3463 1801 3680 1857 initium

471 1911 682 1966 Christo
721 1909 875 1971 duce,
929 1905 1151 1976 spiritali
1175 1905 1415 1960 videlicet
1455 1902 1565 1957 Noe
1610 1901 1919 1971 procedunt,
1961 1911 2015 1956 et

471 2001 722 2055 continuo
767 1999 1016 2052 virtutum
1065 1994 1412 2063 spiritualium
1457 2003 1738 2063 augmento
1772 2000 2017 2046 crescunt

471 2100 525 2146 et
549 2089 974 2157 multiplicantur.
1005 2083 1218 2154 Euntes,
1247 2085 1431 2151 inquit,
1459 2084 1511 2136 in
1549 2083 1816 2144 mundum,
1838 2081 2011 2135 docete

471 2192 644 2230 omnes
689 2183 874 2246 gentes,
921 2174 1230 2246 baptisatttes
1274 2189 1356 2226 eos
1395 2176 1450 2224 in
1493 2171 1695 2225 nomine
1745 2169 1918 2222 Patris
1969 2176 2016 2220 et

479 2268 624 2333 Filii,
652 2275 698 2320 et
736 2265 956 2333 Spiritus
977 2264 1134 2317 sancti
1161 2262 1375 2332 (Matth.
1405 2277 1588 2325 xxvut,
1619 2259 1710 2328 l9)
1731 2277 1745 2324 ;
1770 2257 1909 2328 quod
1938 2267 2020 2312 est

480 2353 699 2424 ﬁgurate
728 2353 905 2405 dicere
937 2369 950 2404 :
979 2361 1164 2405 cuncta
1187 2349 1525 2402 animantium
1547 2362 1742 2416 genera
1769 2346 1820 2400 in
1843 2361 2016 2400 arcam

479 2441 628 2511 aquis
653 2439 897 2495 diluenda
919 2437 1172 2503 inducite,
1201 2437 1480 2506 statimque
1505 2436 1740 2506 adjunxit
1768 2454 1780 2489 :
1817 2435 2016 2490 Docen-

474 2541 547 2583 tes
563 2545 645 2584 eos
673 2543 869 2581 seruare
889 2529 1058 2579 omnia
1080 2541 1382 2593 quacunque
1423 2527 1652 2578 mandavi
1675 2525 1809 2578 vobis
1836 2523 1887 2594 (1
1893 2523 2016 2588 bid.,

476 2620 593 2690 20),
622 2617 770 2688 quasi
803 2619 974 2686 typice
998 2615 1197 2670 diceret
1227 2628 1244 2668 :
1278 2616 1342 2668 Et
1377 2629 1586 2683 egressa
1615 2624 1730 2682 post
1761 2614 2017 2666 diluvium

478 2711 757 2765 animantia
785 2707 852 2763 de
877 2721 994 2761 arca
1030 2705 1387 2776 ingrediantur
1415 2704 1464 2759 in
1507 2718 1692 2757 novam
1741 2713 1894 2758 terrae
1942 2703 2020 2756 fa-

480 2800 639 2863 ciem,
669 2798 817 2852 novis
861 2805 1164 2852 vernantem
1191 2795 1426 2860 ﬂoribus,
1470 2791 1496 2829 δ
1543 2794 1723 2862 illique
1769 2791 2021 2864 multipli-

484 2897 671 2943 centur
714 2896 767 2940 et
806 2894 1065 2941 crescant.
1110 2883 1260 2950 Quod
1302 2892 1474 2938 autem
1511 2882 1759 2952 vigesima
1803 2882 2022 2950 septima

482 2979 570 3033 die
621 2977 820 3032 mensis
874 2975 1217 3045 egrediuntur
1262 2987 1462 3039 arcam,
1506 2975 1594 3042 qui
1641 2981 1721 3026 est
1774 2986 2024 3026 numerus

2112 1909 2356 1964 secunda
2383 1908 2560 1963 mundi
2593 1907 2782 1969 tetatis,
2821 1905 3010 1959 oblatis
3031 1903 3140 1957 Deo
3164 1898 3460 1958 sacriﬁciis.
3483 1908 3685 1948 conse-

2111 2007 2319 2062 craret;
2368 1997 2505 2064 quod
2557 1997 2726 2064 ipsum
2768 2003 2822 2050 et
2864 1993 3126 2049 Abraham
3166 2005 3230 2044 ac
3280 1982 3678 2043 Melchisedech

2115 2089 2252 2142 inter
2281 2089 2426 2143 initia
2475 2089 2642 2142 tertia:
2668 2086 2841 2139 a-tatis
2880 2083 3071 2137 fecisse
3097 2087 3480 2135 memorantur.
3507 2073 3680 2128 David

2116 2181 2278 2233 etiam
2330 2195 2424 2233 rex
2473 2187 2672 2246 quartzc
2713 2176 3012 2245 patriarcha
3055 2174 3225 2226 inlatis
3272 2171 3372 2224 hoc
3413 2169 3593 2235 ipsum
3628 2166 3679 2218 in

2117 2283 2236 2322 area
2269 2270 2492 2322 Arenna:
2547 2267 2806 2330 Jehnsaei;
2846 2265 3000 2318 Jesus
3046 2276 3254 2331 quoque
3282 2260 3533 2314 sacerdos
3564 2268 3680 2308 sna-

2119 2372 2273 2427 gnus,
2304 2365 2358 2412 et
2384 2356 2675 2410 Zorobabcl
2705 2356 2756 2409 in
2793 2353 3054 2423 principio
3097 2353 3293 2419 quinta:
3333 2347 3528 2407 atatis.
3590 2360 3678 2398 rc-

2116 2457 2352 2502 staurato
2377 2449 2527 2502 altari
2558 2448 2693 2515 quod
2724 2447 3096 2502 destruxernnt
3127 2441 3386 2506 Chaldaei,
3411 2439 3464 2492 in
3485 2439 3681 2494 eodem

2121 2538 2241 2592 loco
2286 2537 2472 2592 fecisse
2498 2539 2827 2591 referuntur:
2861 2550 2979 2608 (utre
3007 2544 3193 2590 cuncta
3224 2534 3444 2602 figuram
3473 2537 3680 2596 pratu-

2122 2629 2230 2682 lere
2258 2628 2448 2681 summi
2479 2627 2633 2692 Regis
2661 2640 2723 2680 ac
2750 2626 2861 2680 veri
2905 2624 3173 2678 Pontiﬁcis
3219 2621 3407 2686 nostri,
3439 2620 3524 2688 qui
3584 2616 3684 2670 ini-

2124 2717 2254 2771 tium
2295 2726 2458 2772 sextaa
2485 2719 2674 2784 aetatis,
2709 2717 2816 2770 imo
2842 2724 3004 2768 totam
3034 2723 3234 2768 sextam
3263 2718 3476 2766 aetatem
3507 2707 3680 2762 hostia

2122 2813 2202 2864 sul
2255 2810 2492 2876 corporis
2518 2819 2573 2864 et
2597 2809 2865 2875 sanguinis
2891 2809 2942 2861 in
2969 2807 3120 2860 altari
3149 2815 3342 2859 sancte
3367 2803 3537 2856 crucis
3573 2801 3679 2853 Dee

2129 2900 2151 2940 ί
2209 2902 2408 2956 dicaret
2442 2902 2621 2971 :qnod
2670 2910 2847 2955 autem
2877 2900 3065 2952 dicitur
3111 2896 3230 2965 quia
3267 2895 3520 2949 olferente
3569 2890 3679 2944 Nnc

2124 2991 2363 3044 odoratus
2389 3001 2460 3043 est
2513 2991 2756 3043 Dominus
2802 2990 3003 3043 odorem
3043 2986 3327 3042 suavitatis.
3373 2998 3477 3036 non
3525 2981 3674 3033 illum

480 3066 742 3169 ίῗτηῗξωξ
802 3063 1091 3169 quid???
1114 3061 1490 3169 “1"
1511 3149 1524 3163 ο
1550 3060 1749 3169 νξεξίξξί
1817 3075 2018 3126 ⁸¹¹¹¹¹¹¹δο
2050 3109 2095 3169 C
2126 3080 2384 3148 signiﬁcat
2408 3080 2624 3134 odorem
2659 3090 2684 3126 ε
2709 3078 2978 3134 suavitatis
3014 3078 3101 3148 qui
3131 3076 3199 3131 de
3226 3073 3465 3129 accensis
3494 3070 3678 3125 exiens

482 3153 741 3224 signiﬁcat
779 3152 1150 3223 perfectionem
1182 3150 1300 3204 ﬁdei
1347 3165 1464 3218 quae
1511 3149 1563 3202 in
1595 3151 1850 3217 baptismo
1889 3164 2018 3203 cun-

481 3251 741 3304 secratur,
786 3239 924 3308 quod
970 3238 1109 3292 nulla
1151 3237 1314 3306 possit
1350 3252 1416 3290 ex
1458 3247 1607 3304 parte
1635 3237 1884 3302 titubare.
1926 3239 2018 3292 sed

482 3329 732 3386 adversus
777 3343 961 3383 omnes
999 3327 1195 3382 diaboli
1236 3325 1452 3381 insidias
1494 3327 1683 3381 invicta
1721 3341 1929 3396 semper
1964 3343 2026 3382 ac

487 3418 692 3474 stabilis
744 3418 1014 3486 perduret.
1062 3416 1381 3482 Notandum,
1425 3417 1574 3486 quasi
1601 3417 1750 3486 juxta
1793 3417 2022 3472 litteram

485 3507 624 3576 quod
687 3522 881 3561 annum
931 3506 1056 3560 solis
1103 3507 1361 3574 integrum
1409 3508 1721 3563 fuerunt'in
1774 3523 1893 3563 arca
1936 3510 2024 3579 qui

487 3595 710 3662 septima
747 3593 946 3649 decima
1003 3593 1088 3649 die
1130 3595 1330 3650 mensis
1379 3595 1592 3649 secundi
1640 3610 1755 3650 eam
1804 3597 2026 3666 ingressi

493 3689 633 3745 sunt,
657 3692 709 3737 et
739 3690 856 3751 post
882 3695 1075 3736 annum
1119 3681 1365 3737 vicesima
1404 3682 1625 3751 septima
1677 3682 1763 3738 die
1789 3684 2025 3752 ejusdem

491 3773 689 3829 mensis
712 3775 931 3843 egressi.
970 3773 1029 3828 Si
1068 3773 1208 3828 enim
1234 3773 1483 3827 hodierna
1520 3773 1629 3841 die,
1662 3773 1804 3829 verbi
1831 3778 2024 3844 gratis,

491 3878 589 3934 per
643 3863 906 3918 Kalendas
949 3864 1158 3932 Apriles
1194 3874 1337 3918 esset
1379 3864 1498 3918 luna
1545 3863 1762 3932 septima
1807 3865 2026 3928 decima,

491 3956 732 4024 sequenti
771 3966 912 4008 anno
953 3952 1133 4022 pridie.
1162 3951 1508 4008 Kalendarum
1537 3953 1839 4009 earumdem
1887 3956 2027 4010 vice-

488 4049 622 4100 siina
649 4045 868 4114 septima
907 4053 1051 4099 esset
1074 4043 1196 4098 luna
1227 4054 1465 4109 ventura,
1495 4046 1729 4100 decursis
1757 4060 1818 4101 ex
1843 4030 2029 4101 ordine

499 4135 688 4187 diebus
728 4134 975 4190 trecentis
1020 4132 1287 4202 sexaginta
1334 4133 1583 4203 quinque,
1630 4135 1818 4204 quibus
1861 4151 2028 4191 annus

491 4221 620 4275 solis
644 4221 899 4287 expletur.
927 4230 948 4257 ο
975 4222 1127 4275 Anno
1154 4236 1280 4290 ergo
1307 4230 1414 4275 toto
1437 4231 1586 4275 erant
1610 4223 1660 4276 in
1681 4237 1822 4286 arca,
1846 4223 1896 4276 id
1926 4233 2024 4288 est,

499 4324 774 4380 quousque
802 4309 903 4375 sol,
925 4318 1230 4366 transcursu
1256 4311 1455 4366 circulo
1481 4312 1750 4379 signifero.
1784 4327 1874 4380 per
1903 4313 2031 4365 duo-

2129 3169 2312 3223 hostiis
2341 3169 2595 3222 humanas
2635 3176 2839 3235 poterat
2879 3181 3034 3221 nares
3059 3165 3366 3226 delectare;
3414 3159 3675 3216 sedilium

2126 3259 2299 3328 potius
2319 3259 2566 3310 virtutum
2594 3255 2720 3310 dicit
2743 3255 2980 3316 odorem.
3012 3255 3122 3321 qui,
3147 3255 3214 3309 de
3242 3252 3530 3321 purissimo
3547 3248 3674 3303 olfe-

2125 3349 2290 3403 rentis
2316 3346 2476 3402 corde
2507 3345 2821 3414 procedens.
2869 3344 2934 3397 ad
2976 3353 3319 3412 conspectum
3350 3341 3545 3394 divinae
3573 3339 3676 3392 Ila-

2123 3438 2328 3508 jestatis
2371 3433 2718 3500 ascendebat;
2747 3434 2955 3504 qualem
2981 3433 3034 3487 in
3080 3432 3188 3486 ﬁlio
3216 3445 3316 3486 suo
3344 3429 3509 3484 Iacob
3537 3429 3678 3482 Isaac

2128 3525 2420 3599 patriarcha
2450 3525 2644 3588 elebat,
2675 3538 2793 3578 cum
2817 3523 3018 3577 diceret
3044 3539 3056 3574 :
3095 3521 3226 3574 Ecce
3275 3520 3404 3572 odor
3431 3517 3530 3587 ﬁlii
3557 3516 3673 3578 mei,

2125 3622 2253 3675 sicut
2279 3620 2406 3672 odor
2427 3619 2538 3686 agri
2564 3614 2590 3653 II
2622 3615 2776 3684 pleni,
2802 3615 2887 3667 cui
2908 3613 3159 3667 benedixit
3188 3609 3434 3664 Dominus
3475 3605 3674 3675 (Gentes.

2127 3722 2291 3772 xxvu,
2317 3705 2435 3774 27),
2465 3715 2516 3759 et
2538 3705 2604 3759 de
2624 3718 2728 3770 quo
2753 3701 3057 3771 Apostolus,
3081 3699 3287 3763 Christi,
3316 3695 3502 3765 inquit,
3525 3695 3677 3747 sonu

2127 3795 2257 3848 odor
2295 3808 2470 3847 sumus
2499 3791 2604 3845 Deo
2648 3790 2702 3843 in
2730 3790 2866 3842 omni
2889 3790 2999 3842 loco
3030 3786 3114 3856 (11
3138 3785 3256 3839 Ger.
3283 3799 3344 3847 ll,
3380 3784 3487 3850 l5).
3520 3783 3673 3835 Juxta

2131 3881 2380 3952 mysticus
2404 3896 2530 3935 vero
2548 3893 2737 3935 sensus
2762 3877 3033 3947 aptissime
3059 3884 3178 3946 post
3210 3875 3466 3930 diluvium
3498 3874 3676 3927 immo-

2139 3974 2214 4027 lat
2253 3972 2383 4038 Nec,
2409 3971 2529 4040 quia
2559 3979 2615 4026 et
2636 3971 2720 4024 hic
2742 3979 2824 4025 est
2851 3969 2982 4023 ordo
3010 3975 3201 4022 nostra:
3230 3967 3283 4020 in
3310 3964 3528 4020 Christo
3550 3977 3674 4016 con-

2131 4062 2463 4127 secratiouis,
2489 4069 2546 4114 ut
2567 4062 2738 4132 primo
2762 4059 2900 4113 fonte
2916 4059 3036 4112 vita
3058 4058 3311 4117 lavemur.
3327 4070 3389 4108 ac
3407 4053 3594 4107 deinde
3613 4052 3673 4105 ad

2135 4166 2346 4206 sacrum
2390 4151 2556 4204 altare
2608 4148 2893 4202 Dominicc
2949 4146 3230 4202 oblationis
3270 4144 3518 4198 libamine
3560 4142 3673 4194 reli-

2129 4245 2366 4308 ciamur;
2399 4241 2412 4279 ί
2449 4243 2583 4296 unde
2606 4242 2731 4294 dicit
2759 4241 3039 4309 Apostolus
3067 4257 3078 4291 :
3113 4239 3220 4295 Sed
3241 4238 3411 4290 ablati.
3427 4237 3565 4298 estis,
3593 4233 3673 4286 sed

2046 4379 2049 4382 ,
2132 4332 2433 4398 sanctiﬁcati
2461 4334 2598 4396 estis,
2638 4332 2723 4384 sed
2751 4331 3019 4401 justi/lculi
3066 4332 3185 4382 estis
3211 4328 3280 4396 .(I
3311 4327 3430 4381 Cor.
3459 4343 3535 4391 vr,
3567 4324 3669 4389 ll).

494 4401 663 4454 decim
691 4414 816 4456 suos
842 4413 1049 4454 menses
1079 4413 1264 4454 omnes
1306 4399 1483 4454 mundi
1513 4401 1688 4471 plagas
1720 4401 2020 4470 illustraret,

2139 4420 2318 4476 Abluti
2350 4419 2590 4473 videlicet
2628 4419 2679 4478 in
2709 4399 2991 4486 baptismo,
3017 4417 3323 4471 sanctiﬁcati
3351 4413 3674 4500 hostiasalu-

494 4493 719 4547 utsicut
760 4507 894 4563 aqua
934 4491 1116 4546 orbem
1169 4501 1331 4545 totum
1371 4495 1611 4559 operiens
1654 4493 1905 4559 diluebat,
1957 4496 2020 4548 ita

2139 4509 2261 4572 tari,
2289 4505 2558 4577 iustiﬁcati
2582 4505 2729 4559 bonis
2753 4505 2974 4561 actibus.
3003 4505 3234 4561 Possunt
3250 4515 3426 4560 autem
3453 4505 3505 4558 in
3535 4495 3671 4556 bolo-

495 4581 639 4635 velut
658 4596 947 4652 cooperaus
973 4581 1045 4638 illi
1073 4583 1148 4637 sol
1173 4581 1359 4637 eodem
1389 4582 1639 4651 temporis
1666 4585 1836 4652 spatio
1864 4595 2028 4641 totum

491 4672 750 4726 circuiens
777 4675 957 4728 orbem
999 4674 1112 4728 luce
1159 4674 1240 4727 sui
1288 4672 1503 4742 fulgoris
1549 4672 1839 4728 irradiaret.
1891 4677 2033 4743 Quo-

493 4763 651 4817 modo
672 4771 846 4816 autem
871 4761 1010 4816 Fons
1057 4765 1176 4816 vitae
1206 4763 1471 4827 Dominus,
1518 4764 1600 4817 sic
1626 4773 1679 4818 et
1706 4762 1795 4819 Sol
1820 4764 2034 4833 justitite

493 4856 631 4909 solet
671 4852 886 4921 ﬁgurate
924 4854 1116 4905 vocari.
1151 4852 1310 4917 Fons,
1357 4852 1380 4892 ἀ
1405 4855 1526 4923 quia
1561 4865 1867 4926 regenerat;
1920 4857 2033 4923 Sol,

495 4946 617 5013 quia
644 4957 740 4997 nos
766 4941 1037 5000 illuminat.
1063 4940 1208 5009 juxta
1256 4943 1381 4996 illud
1422 4944 1809 5015 Psalmographi
1845 4963 1859 5000 ε
1891 4948 2035 5010 Quo-

486 5036 632 5090 niam
657 5032 795 5099 apud
823 5039 868 5083 te
887 5041 959 5082 esl
989 5034 1099 5098 {ens
1121 5032 1253 5095 vita,
1285 5040 1331 5082 et
1355 5032 1408 5083 in
1435 5031 1622 5088 lumine
1647 5046 1732 5089 tuo
1765 5037 2035 5090 videbimus

499 5122 668 5174 lumen
713 5119 882 5191 (Psal.
929 5134 1090 5186 xxxv,
1141 5121 1256 5188 10).
1303 5120 1368 5174 Et
1418 5131 1441 5156 ⁸
1492 5137 1630 5178 anno
1674 5127 1799 5181 solis
1837 5127 2038 5195 integro

499 5221 614 5267 erat
640 5214 747 5268 Noe
771 5229 888 5268 cum
935 5212 1015 5268 bis
1054 5228 1172 5283 quae
1195 5213 1442 5269 salvanda
1473 5227 1623 5270 erant
1651 5234 1743 5287 per
1786 5221 2033 5280 diluvium

568 5350 592 5378 ι
626 5341 736 5404 Al.,
765 5343 1162 5410 multiplicamini
1181 5361 1328 5412 super
1352 5360 1480 5401 eam.

497 5439 505 5450 ι
570 5412 597 5447 δ
623 5411 728 5463 ΑΙ..
759 5413 861 5462 ubi.

571 5487 593 5514 ⁸
757 5447 943 5530 37.3w
967 5497 1080 5546 ergo
1105 5491 1278 5535 totum.

563 5547 586 5584 ⁸³
624 5550 726 5609 ΑἸ..
759 5550 840 5611 qui
863 5562 1110 5613 regeneral
1131 5553 1226 5608 sol.
1248 5553 1332 5615 qui
1356 5569 1443 5604 nos
1468 5555 1736 5608 t'l'uminal.

487 5624 495 5632 “
635 5619 738 5677 ΑΙ..
765 5634 954 5668 austum
978 5620 1094 5670 solis
1123 5621 1384 5688 integrum.

576 5685 590 5721 ¹
629 5688 732 5752 AL,
765 5688 1037 5741 dedicaret.

2133 4597 2331 4653 caustis
2358 4612 2474 4662 qua:
2515 4603 2630 4660 post
2654 4595 2904 4649 diluvium
2957 4595 3179 4650 Domino
3206 4595 3274 4648 de
3315 4593 3522 4647 mundis
3565 4591 3670 4643 ani-

2139 4686 2406 4741 mantibus
2432 4685 2603 4740 oblata
2648 4695 2770 4739 sunt
2812 4686 2970 4740 etiam
2998 4688 3167 4739 sancti
3196 4693 3453 4753 martyres
3479 4681 3668 4747 speci»

2136 4779 2259 4839 liter,
2283 4777 2515 4847 ﬁgurari,
2541 4778 2627 4845 qui
2657 4783 2774 4843 post
2800 4776 3065 4830 lavacrum
3093 4775 3335 4842 baptismi
3379 4787 3481 4823 non
3509 4770 3668 4822 solum

2136 4871 2256 4922 vitae
2298 4865 2610 4922 munditiam
2639 4879 2937 4928 servavere,
2978 4865 3069 4918 sed
3096 4874 3149 4917 et
3177 4862 3481 4929 sanguinem
3523 4872 3666 4910 suum

2139 4972 2236 5023 pro
2264 4955 2486 5009 Domino
2516 4954 2714 5008 fudere.
2761 4954 3131 5008 Helocanslum
3172 4955 3364 5020 quippe
3399 4961 3560 5000 totum
3589 4950 3666 4999 in-

2136 5061 2348 5099 censum
2376 5044 2587 5109 dicitur,
2632 5059 2734 5111 quo
2769 5043 2980 5096 nomine
3011 5043 3098 5095 illa
3123 5038 3374 5093 sacriﬁcia
3415 5038 3670 5101 nuncupa-

2136 5139 2324 5188 bautur
2350 5149 2466 5202 qute
2511 5146 2662 5186 sacro
2698 5134 2800 5201 igni
2849 5142 2956 5184 tota
2999 5130 3234 5183 solebant
3263 5129 3485 5189 absumi,
3531 5136 3579 5181 et
3607 5127 3670 5176 de

2136 5226 2326 5290 quibus
2375 5222 2500 5274 nihil
2558 5223 2607 5273 in
2657 5235 2805 5275 usuin
2855 5218 3077 5273 cedebat
3121 5215 3483 5280 oﬂ'erentium;
3541 5217 3670 5268 unde

2210 5363 2232 5398 κ
2275 5354 2354 5406 Al.
2388 5352 2533 5405 deest
2559 5353 2832 5405 suavitatis.

2210 5421 2234 5456 ιι
2267 5424 2347 5472 ΑΙ.
2371 5421 2519 5473 deest
2544 5423 2695 5488 plrni.

2209 5490 2542 5555 iAntiqnum
2606 5491 2686 5541 hic
2742 5489 2990 5542 Ecclesia!
3045 5488 3200 5541 ritum
3256 5487 3522 5553 designat,
3575 5504 3674 5552 quo

2141 5559 2407 5624 haptizati,
2459 5557 2522 5609 de
2565 5571 2714 5611 sacro
2744 5558 2881 5611 lente
2922 5559 3094 5619 levati,
3123 5561 3295 5609 statim
3340 5558 3674 5608 htn-haristm

2140 5635 2464 5679 sarratrtettln
2520 5628 2793 5694 participes
2825 5627 3029 5685 fiebant,
3081 5629 3150 5676 uti
3205 5626 3676 5681 iletitonSlravtlmts

2143 5699 2193 5750 in
2225 5698 2312 5750 lib.
2347 5710 2382 5762 ι,
2412 5696 2474 5749 de
2498 5699 2719 5764 antiquis
2748 5698 2988 5753 Ecclesia:
3018 5697 3241 5751 llitibua.
