3866 6248
169 368 266 424 tus

1395 358 1851 418 llEXAEMiﬁRUN
1891 358 2012 412 LIB.
2058 358 2119 411 ll.

3261 357 3356 411 ιηε

165 485 351 537 metuo
380 481 508 536 ωιο.
537 480 717 534 nomine
759 481 1072 548 martyribus
1100 479 1295 533 sanctis
1327 483 1546 545 tignrate
1571 491 1700 528 con-
1737 475 1782 531 Α
1810 481 2006 540 ρνοριινιν
2045 471 2303 530 homines;
2346 485 2514 521 sensus
2564 472 2694 521 enim
2724 481 2769 523 ct
2801 470 2826 509 δ
2853 473 3091 541 cogitatio
3148 476 3356 526 humani

164 573 401 636 vettiuut,
453 573 537 640 qni
591 587 692 625 non
737 573 786 624 in
837 572 938 624 vita
979 571 1337 623 tantummodo
1381 583 1496 630 sua,
1533 582 1712 619 verum

164 665 215 714 in
259 672 427 714 utut-te
455 663 612 713 etiam
659 659 820 714 Deum
865 659 1154 720 clarﬂcare
1184 667 1508 712 meruerunt.
1540 658 1716 709 Altare

164 755 342 802 autem
369 749 420 800 in
467 762 567 816 quo
605 747 1050 803 h:ec.bolocausta
1098 747 1388 800 oli’eruutnr
1433 747 1604 814 ipsum
1636 752 1716 796 est

163 853 261 890 cor
286 839 592 896 electorum,
625 850 652 887 a
682 845 859 887 nostro
887 834 996 888 Noe
1032 836 1270 888 videlicet
1313 833 1522 888 Christo
1552 831 1715 886 aediﬁ-

161 940 222 977 ca
250 941 362 988 um,
416 937 467 978 et
523 926 639 989 igne
668 924 881 992 spiritus
910 924 1044 989 ejus.
1086 938 1241 991 quem
1273 923 1412 976 misit
1443 923 1491 974 in
1524 933 1713 974 terram

159 1021 214 1064 et
264 1015 428 1065 voluit
475 1013 814 1066 vehementer
842 1013 1079 1080 accendi,
1109 1013 1316 1066 caelitus
1346 1010 1618 1063 imbutum.
1654 1010 1715 1061 Et

159 1102 298 1156 bene
359 1103 520 1155 multa
590 1102 913 1170 holocausta,
972 1118 1131 1155 unum
1183 1115 1307 1156 vero
1358 1101 1545 1162 altare,
1594 1101 1713 1168 quia

159 1192 508 1244 multitudinis
533 1191 858 1246 credentium
886 1201 996 1244 erat
1027 1206 1118 1245 cor
1143 1207 1302 1243 unum
1324 1199 1378 1244 et
1402 1189 1570 1242 anima
1590 1203 1712 1252 una,

164 1295 262 1334 nec
283 1291 396 1334 erat
425 1283 474 1334 in
497 1283 574 1335 eis
591 1284 851 1349 separatio
881 1282 1014 1344 ulla;
1043 1292 1094 1334 et
1119 1281 1397 1347 ApoStolus
1427 1320 1438 1330 .
1472 1279 1711 1343 Solliciti,

159 1369 346 1435 inquit,
393 1385 591 1422 servare
642 1370 884 1421 unitatem
944 1369 1166 1439 Spiritus
1220 1371 1271 1421 in
1333 1370 1528 1420 vinculo
1580 1368 1715 1434 pacis

159 1458 382 1527 (Ephes.
445 1473 514 1522 tv,
568 1457 674 1525 13).
736 1458 1040 1512 Oﬂ'eruntur
1091 1469 1264 1510 autem
1307 1459 1606 1511 holocausta
1650 1458 1716 1509 de

159 1551 366 1602 cunctis
417 1551 692 1616 pet-oribus
741 1561 794 1603 et
841 1550 1138 1604 volucribus
1191 1550 1415 1611 mundis,
1474 1548 1592 1615 quia
1650 1549 1716 1601 de

162 1645 308 1696 omni
354 1645 582 1709 natione,
620 1643 690 1696 de
717 1645 858 1696 omni
911 1643 1180 1696 hominum
1233 1656 1444 1710 genere,
1476 1641 1542 1694 de
1569 1639 1712 1692 omni

167 1744 348 1796 aetate.
397 1732 579 1787 ﬁdeles
627 1733 691 1785 ad
747 1734 971 1800 palmam
1027 1745 1314 1799 pervenere
1359 1730 1613 1797 martyrii.
1656 1727 1710 1780 Si

1814 561 1977 611 cordis
2005 561 2054 609 iu
2083 560 2266 610 malum
2291 574 2451 624 prona
2481 568 2595 610 sunt
2626 561 2686 610 ab
2718 561 3056 614 adolescentia
3089 581 3202 617 sua.
3236 564 3355 617 ΝΜ

1813 648 1965 714 igitur
2015 648 2144 699 ultra
2181 655 2453 714 percutiam
2510 664 2705 700 omnem
2751 651 3051 702 animantem
3081 655 3209 706 sicut
3238 657 3356 723 feci.

1817 736 1927 788 Non
1975 750 2032 788 se
2061 736 2193 787 ultra
2236 735 2629 788 maledicturutn
2691 749 2865 800 teme,
2917 753 3086 802 neque
3138 756 3346 796 omnem

1817 828 2134 880 animantem
2192 842 2556 894 percussurum
2610 829 2858 884 Dominus
2918 832 3226 901 pollicetur,
3286 852 3350 890 eo

1812 918 2022 985 quodin
2069 928 2267 970 tantum
2317 920 2420 970 sint
2454 921 2690 973 homines
2715 922 2780 973 ad
2807 909 3122 988 peccandum
3157 930 3346 993 procli-

1815 1021 1939 1070 ves,
1980 1017 2036 1060 ut
2072 1009 2281 1060 etiamsi
2320 1009 2518 1062 dilutio
2567 1026 2772 1065 rursum
2825 1015 3128 1078 puniantur,
3164 1016 3352 1072 nihilo-

1798 1097 2006 1161 ,minus,
2040 1108 2308 1151 transacto
2335 1099 2446 1162 illo,
2490 1100 2663 1154 denuo
2710 1117 2828 1156 sese
2863 1105 3004 1158 vitiis
3039 1119 3102 1159 ac
3139 1107 3356 1162 seeleri-

1817 1187 1912 1239 bus
1960 1187 2249 1240 involvant.
2312 1186 2406 1242 Ubi
2467 1189 2770 1244 intuendum
2801 1203 2821 1230 ε
2854 1195 2976 1260 quia
3024 1199 3118 1249 etsi
3171 1213 3356 1251 sensus

1815 1272 2026 1327 humani
2079 1278 2255 1329 cordis
2300 1281 2366 1331 ab
2413 1280 2768 1335 adolescentia
2808 1285 2870 1334 ad
2912 1287 3102 1339 malum
3155 1304 3350 1354 pronus

1815 1379 1936 1419 esse
1966 1366 2290 1432 perhibetur,
2339 1382 2404 1420 ex
2441 1385 2540 1434 qua
2579 1371 2823 1425 nimirum
2869 1384 3022 1429 aetate
3065 1381 3352 1434 carnalium

1820 1457 1870 1506 in
1927 1453 2079 1508 nobis
2127 1455 2516 1510 desideriorum
2569 1459 2740 1512 solent
2779 1461 3038 1515 incentiva
3089 1471 3350 1533 generari,

1819 1557 1921 1596 non
1955 1553 2130 1597 tamen
2153 1554 2234 1597 est
2263 1558 2596 1613 consequens
2643 1556 2698 1600 ut
2725 1563 2755 1600 a
2781 1557 3014 1615 tempore
3063 1552 3351 1619 pubertatis

1820 1636 2045 1701 primum
2096 1634 2406 1704 incipiamus
2441 1641 2666 1705 peccatis
2707 1656 2824 1695 esse
2853 1643 3085 1710 obnoxii,
3118 1650 3354 1714 quamvis

1814 1741 1880 1779 ex
1914 1737 2036 1781 tunc
2084 1728 2149 1781 ad
2205 1729 2399 1794 majora
2447 1731 2696 1796 patranda
2740 1741 2866 1785 a-tas
2915 1733 3106 1788 lasciva
3153 1738 3348 1791 incitet.

157 1824 286 1891 quid
316 1838 442 1876 sane
484 1825 619 1876 inter
663 1793 847 1892 peoora
895 1824 1085 1877 munda
1130 1833 1185 1877 et
1214 1825 1450 1877 volucres
1493 1821 1711 1874 mundos
1741 1793 1786 1851 Β
1815 1813 1943 1866 Nam
1966 1823 2016 1867 el
2067 1815 2155 1868 illa
2184 1812 2359 1870 divina
2390 1826 2471 1870 est
2493 1820 2753 1873 sententia
2784 1818 2808 1856 ἀ
2841 1837 2958 1888 qua:
2994 1823 3156 1878 dicit:
3185 1825 3352 1880 Graia

158 1913 358 1966 distare
385 1914 702 1966 credendum
732 1924 835 1976 est,
886 1915 938 1966 in
967 1914 1244 1982 pecoribus
1274 1915 1322 1965 in
1355 1914 1710 1965 holocaustum

162 2003 360 2054 oblatis
405 2002 744 2068 designantur
788 2003 836 2054 hi
878 2005 963 2070 qui
995 2006 1060 2054 de
1110 2003 1375 2056 communi
1408 2004 1508 2055 vita
1537 2001 1709 2069 populi

159 2091 251 2144 Dei
296 2098 416 2144 sunt
461 2099 717 2161 mastyres
758 2091 965 2150 eﬂ'ecti;
1014 2092 1062 2144 in
1096 2093 1392 2145 volucribus
1445 2107 1592 2153 vero,
1639 2092 1708 2144 illi

161 2181 252 2247 qui
299 2179 484 2232 crebro
533 2181 990 2247 contemplationis
1033 2181 1205 2234 volatu
1247 2180 1476 2232 C(BiCSill
1533 2190 1710 2248 prtere

160 2270 327 2333 soliti,
373 2271 596 2336 pretiosa
635 2269 844 2336 insuper
870 2279 992 2320 sunt
1023 2280 1190 2322 morte
1218 2270 1475 2324 eoronati.
1510 2271 1713 2322 Esennt

158 2375 289 2427 ergo
334 2374 510 2412 arcam
557 2358 754 2412 diluvio
798 2360 1027 2411 ablutam
1075 2360 1262 2412 munda
1311 2359 1464 2412 simul
1512 2369 1564 2412 ct
1612 2359 1708 2410 im-

159 2449 355 2500 munda
423 2447 687 2510 animalia,
737 2448 849 2499 sive
914 2447 1178 2509 volatilia,
1235 2447 1328 2500 sed
1388 2446 1452 2499 de
1504 2447 1712 2498 mundis

161 2541 497 2593 solummodo
527 2541 748 2592 Domino
786 2539 1095 2593 sacriﬁcium
1125 2539 1361 2594 odertur.
1411 2538 1711 2592 Ascendunt

163 2635 231 2686 de
263 2635 470 2686 lavacro
514 2632 756 2699 baptismi
789 2634 967 2686 ﬁdeles
1011 2644 1220 2700 accepta
1252 2634 1560 2687 remissiOue
1589 2647 1711 2698 pec-

159 2734 423 2786 catorum,
476 2720 566 2773 sed
617 2721 794 2789 plures
840 2737 900 2774 ex
938 2723 1018 2775 his
1046 2723 1108 2775 ad
1143 2732 1476 2788 peccatorum
1514 2722 1709 2779 sordes

161 2821 282 2880 post
313 2811 566 2878 baptisma
599 2811 836 2864 redeunt.
868 2811 965 2863 Alii
1001 2814 1055 2864 in
1097 2823 1309 2878 accepta
1341 2813 1457 2863 vitae
1506 2811 1709 2863 mundi-

159 2906 230 2957 tia
279 2918 444 2970 usque
485 2902 547 2954 ad
599 2901 752 2954 liuent
800 2901 1006 2954 ﬁrmum
1060 2910 1412 2968 perseterant.
1464 2900 1707 2953 Nonnulli

163 3004 362 3046 tantam
396 3000 655 3058 percepta
693 2991 856 3044 semel
889 2991 1154 3044 munditiae
1194 3005 1373 3044 curam
1418 2998 1622 3059 gerunt,
1653 2998 1708 3041 ut

157 3084 319 3135 etitm
351 3080 551 3132 animas
577 3093 672 3148 pro
704 3079 853 3146 hujus
883 3081 1116 3133 custodia
1137 3091 1374 3156 ponant;
1426 3081 1544 3145 quia
1575 3091 1705 3132 vero
1731 3110 1776 3170 ε

159 3169 356 3222 nmnda
408 3168 655 3220 animalia
705 3169 816 3221 sive
865 3169 1088 3222 volatilia
1137 3180 1350 3238 septena
1397 3179 1449 3222 et
1496 3177 1708 3235 septena

155 3273 336 3310 arcam
368 3257 708 3317 intraverant,
742 3267 946 3310 eunstat
973 3261 1094 3327 quia
1139 3259 1204 3312 de
1234 3258 1315 3311 bis
1344 3273 1458 3325 qua:
1506 3258 1712 3324 paribus

155 3346 528 3413 superfuerunt
590 3346 889 3400 holocausta
952 3350 1169 3402 Domino
1223 3348 1393 3402 oblata
1447 3357 1587 3401 sunt.
1651 3345 1711 3399 Et

157 3438 293 3490 bene
323 3442 541 3506 septima
565 3441 796 3493 volatil'a
822 3443 936 3494 sive
959 3455 1055 3507 pec
1076 3455 1146 3492 vra
1171 3441 1219 3492 in
1247 3441 1468 3498 hostiam
1505 3439 1708 3492 Domini

152 3525 404 3592 deputata
457 3537 601 3593 sunt,
656 3539 866 3592 promer
916 3533 1134 3595 gratiam
1182 3529 1429 3581 videlicet
1479 3527 1708 3595 Spiritus

154 3616 500 3680 septiiormis,
569 3617 719 3692 cujus
779 3615 917 3674 dono
974 3626 1246 3684 priestatnr
1318 3615 1554 3668 ﬁdelibus
1606 3629 1705 3664 non

151 3705 328 3757 solum
356 3716 413 3757 ut
440 3707 658 3758 credant
683 3707 732 3757 in
768 3706 1066 3768 Dominum,
1094 3704 1185 3757 sed
1213 3705 1369 3756 etiam
1403 3713 1460 3756 ut
1502 3706 1705 3770 patian-

153 3806 242 3848 tur
267 3809 366 3862 pro
409 3795 516 3848 illo.
545 3795 719 3847 Potest
741 3795 897 3848 etiam
930 3795 1222 3847 rectissime
1267 3793 1316 3846 in
1347 3793 1624 3862 pecoribus
1652 3803 1705 3846 et

156 3884 456 3938 volatilibus
495 3898 611 3951 qua:
651 3883 701 3936 in
756 3883 984 3951 septimo
1027 3897 1245 3936 numero
1296 3884 1500 3935 inventa
1559 3881 1706 3935 holo-

153 3986 396 4027 caustum
419 3973 621 4025 Domini
646 3982 767 4024 sunt
790 3971 1393 4040 lacta,virginumgloria
1414 3970 1701 4038 designari,

153 4082 270 4134 qua
316 4067 456 4118 velut
496 4065 679 4132 impari
712 4078 926 4117 numero
953 4066 1268 4130 continetur,
1297 4062 1414 4127 quia
1457 4061 1701 4113 nimirum

152 4155 358 4221 copula:
411 4152 695 4219 cunjugalis
761 4165 972 4216 expers,
1001 4150 1259 4225 caelibem
1308 4148 1498 4199 ducere
1546 4146 1700 4196 vitam

153 4246 363 4305 maluit,
409 4252 462 4295 et
501 4242 647 4309 quasi
696 4242 746 4294 in
798 4242 1154 4292 holocaustum
1205 4237 1432 4289 Domino
1483 4235 1700 4288 oﬂertur

152 4349 300 4396 cum,
345 4331 592 4398 neglectis
619 4330 760 4383 curis
788 4339 840 4380 et
868 4327 1160 4381 actionibus
1189 4326 1504 4390 carnalibus,
1541 4335 1699 4378 totam

1804 1909 1989 1978 jugum
2030 1925 2178 1978 super
2207 1911 2339 1976 ﬁlios
2371 1911 2529 1962 Adam
2557 1927 2586 1962 a
2631 1913 2712 1965 die
2732 1916 2896 1965 ex'tus
2933 1914 2998 1966 de
3036 1927 3201 1969 uentre
3248 1934 3354 1970 ntu-

1812 1999 1898 2048 tris
1924 2013 2091 2049 eorum
2145 1997 2342 2058 (Eccli.
2395 2000 2531 2062 λίηί
2570 2001 2611 2064 ).
2667 2001 2832 2066 ipsum
2884 2003 3129 2056 videlicet
3169 2005 3349 2071 jugutn

1822 2085 2003 2148 primae
2025 2085 2492 2148 praevaricationis,
2537 2096 2748 2152 propter
2772 2103 2922 2154 quam
2947 2105 3130 2144 omnes
3160 2094 3210 2145 in
3254 2094 3350 2146 itii-

1811 2172 2091 2239 quitatibus
2112 2175 2355 2242 concepti
2379 2185 2433 2227 et
2461 2175 2509 2227 in
2538 2176 2742 2229 delictis
2771 2193 2953 2232 sumus
2981 2181 3129 2245 editi,
3159 2198 3344 2248 quam-

1814 2261 1889 2314 vis
1935 2264 2000 2314 ab
2034 2264 2248 2316 ineunte
2295 2265 2648 2318 adolescentia
2693 2278 2883 2333 sponte
2915 2270 3059 2336 plura
3104 2270 3346 2324 addimus

1810 2350 1888 2403 eis
1912 2352 2100 2418 quibus
2147 2368 2251 2404 non
2295 2363 2469 2405 nostra
2516 2365 2725 2421 sponte,
2782 2355 2875 2409 sed
2921 2359 3121 2422 paterni
3161 2361 3348 2412 merito

1812 2447 1986 2492 reatus
2034 2441 2231 2508 gravati
2281 2441 2416 2492 banc
2468 2441 2518 2493 in
2571 2443 3033 2508 lucemvvnimus;
3079 2461 3103 2494 a
3156 2449 3347 2515 quibus

1810 2528 2052 2582 omn.bns
2083 2545 2185 2583 non
2223 2531 2318 2582 nisi
2349 2533 2514 2598 gratia
2542 2532 2630 2586 Dei
2662 2547 2752 2598 per
2775 2533 2954 2587 Iesum
2981 2535 3244 2591 Chrismm
3279 2540 3344 2593 li-

1811 2617 2073 2670 beramur.
2110 2617 2227 2669 Non
2259 2619 2433 2688 igitur,
2470 2619 2658 2688 inquit,
2688 2621 2824 2673 ultra
2850 2625 3125 2688 percutiam
3154 2642 3348 2680 omnem

1807 2705 2108 2756 animantem
2161 2707 2288 2758 sicut
2337 2707 2478 2770 feci;
2507 2709 2599 2759 sed
2649 2710 2760 2761 htec
2805 2713 3082 2775 promissio
3139 2716 3347 2780 pietatis

1808 2809 1910 2859 quo
1940 2809 2100 2862 usque
2131 2796 2384 2863 pertingat
2427 2797 2702 2849 subdeudo
2727 2798 3030 2852 manifestat
3054 2816 3175 2853 cum
3209 2805 3231 2831 ε
3262 2804 3340 2855 di-

1807 2884 1878 2933 cit
1911 2897 1922 2931 :

1877 2968 2077 3023 Cunctis
2107 2969 2277 3022 diebux
2318 2980 2462 3024 terra
2507 2973 2737 3025 sementis
2776 2981 2820 3024 et
2851 2978 3039 3039 messis,
3093 2976 3252 3046 frigus
3295 2989 3342 3031 et

1806 3070 1986 3123 tcstus,
2018 3067 2244 3113 testas‘et
2277 3061 2458 3126 hiems,
2500 3079 2601 3114 nos:
2620 3072 2666 3114 ct
2695 3064 2822 3124 dies,
2871 3081 2970 3116 non
3017 3069 3342 3133 requiescat.

1811 3150 1937 3203 Cum
1988 3153 2124 3203 enim
2195 3150 2414 3203 dixisset
2466 3155 2656 3205 cuntis
2708 3151 2918 3216 diebus,
2982 3170 3102 3208 mox
3153 3157 3355 3213 addidit

1812 3250 1988 3304 terra,
2036 3251 2091 3292 ut
2130 3241 2452 3310 intelligeres
2499 3243 2701 3296 Cll-:CllS
2745 3244 2926 3297 diebus
2978 3247 3170 3314 quibus
3215 3259 3350 3304 terra

1816 3333 2124 3384 modernum
2158 3330 2401 3385 habitura
2449 3343 2531 3385 est
2557 3342 2744 3384 statum
2775 3348 2987 3387 securos
3019 3338 3256 3389 homines
3284 3342 3350 3390 ab

1812 3421 2007 3487 impetu
2037 3421 2350 3472 universalis
2377 3420 2555 3472 diluvii
2582 3434 2698 3471 esse
2745 3420 2975 3484 debere;
3029 3438 3123 3478 nec
3174 3435 3345 3480 tamen

1816 3507 1833 3546 ¹
1858 3508 2160 3560 defuturum
2194 3516 2403 3575 tempus
2433 3507 2664 3576 quando,
2688 3524 2927 3564 cessante
2952 3514 3046 3565 hac
3070 3515 3349 3570 Iab-ntiutn

1809 3612 1981 3649 rerum
2036 3597 2400 3652 vicissitudine
2448 3614 2566 3666 qua:
2615 3604 2882 3653 annuatim
2940 3603 3156 3671 geritur,
3209 3609 3352 3660 orbis

1810 3697 2085 3750 universus
2108 3710 2228 3750 cum
2251 3697 2603 3752 animantibus
2627 3700 2695 3752 sit
2726 3699 2842 3768 igne
2874 3704 3155 3766 periturus,
3193 3705 3346 3758 Petro

1784 3796 2106 3855 .attestante,
2131 3787 2216 3857 qui
2267 3791 2376 3841 ait:
2419 3789 2551 3855 Quia
2595 3792 2708 3842 caeli
2735 3804 2875 3844 erant
2919 3794 3080 3860 prius,
3129 3805 3175 3846 et
3197 3804 3348 3856 terra,

1807 3879 1868 3929 de
1889 3895 2019 3948 aqua
2045 3887 2089 3930 et
2118 3894 2206 3946 per
2230 3895 2410 3946 aquam
2439 3882 2711 3933 consistens
2752 3881 2848 3933 Dei
2872 3890 2896 3927 8
2918 3885 3081 3946 verba,
3126 3901 3214 3952 per
3245 3901 3356 3951 qua

1804 3967 1888 4019 ille
1914 3975 2032 4017 tunc
2073 3970 2288 4019 mundus
2325 3983 2453 4031 aqua
2483 3968 2756 4020 inundatur
2800 3971 2966 4034 periit.
3015 3972 3135 4024 Caeli
3180 3985 3346 4025 autem

1804 4056 1890 4121 qui
1918 4070 2050 4105 nunc
2078 4063 2215 4119 sunt,
2239 4065 2284 4106 et
2313 4054 2467 4117 terra,
2492 4055 2666 4106 eodem
2695 4055 2838 4108 verba
2862 4058 3066 4122 repositi
3105 4070 3219 4110 sunt
3240 4061 3345 4126 igni

1803 4144 2035 4195 reservati
2063 4143 2114 4195 in
2136 4143 2460 4212 dicmjudicii
2479 4141 2565 4214 (II
2589 4141 2698 4195 Pet.
2719 4159 2797 4203 ιιι,
2821 4147 2897 4212 5).
2924 4146 3020 4201 Ubi
3055 4151 3341 4202 notandum

1804 4233 1923 4299 quia
1953 4237 2123 4287 cattus
2145 4248 2277 4302 quos
2303 4237 2382 4287 vel
2405 4250 2537 4301 aqua
2570 4234 2798 4299 perditos
2828 4237 2904 4289 vel
2937 4237 3039 4302 igni
3090 4240 3349 4306 periturus

1825 4322 1972 4385 dicit,
1999 4337 2100 4376 non
2130 4323 2264 4375 alios
2294 4337 2448 4389 quam
2490 4323 2844 4377 turbulentum
2888 4324 3023 4378 hunc
3055 4340 3228 4380 aerem
3257 4329 3348 4394 qui

153 4439 212 4476 se
240 4422 508 4476 uindimri
559 4434 671 4486 per,
699 4418 869 4485 ignem
916 4417 1104 4468 summi
1161 4417 1358 4469 amoris
1403 4424 1697 4478 consecrat,
1738 4434 1786 4494 υ
1812 4424 1963 4466 terrae
1993 4414 2260 4482 prosimus
2300 4425 2378 4468 est
2418 4398 2661 4482 accipere
2686 4415 2960 4478 debemus,
2997 4431 3024 4469 a
3062 4432 3163 4484 quo
3194 4421 3343 4472 volu-

155 4513 222 4565 de
250 4511 443 4580 quibus
493 4510 545 4561 in
595 4507 903 4576 Apoczlypsi
945 4506 1174 4560 Joannes
1214 4507 1286 4561 ait
1319 4525 1334 4562 :
1370 4507 1438 4559 Hi
1466 4516 1584 4558 sunt
1625 4508 1708 4571 qui

157 4618 271 4654 cum
321 4599 606 4652 mulieribus
635 4615 733 4650 non
778 4608 891 4649 sunt
937 4599 1286 4665 coinquinati;
1317 4599 1526 4666 virgines
1576 4597 1706 4653 enim

157 4700 274 4747 sunt
304 4705 323 4743 :
368 4698 392 4723 "
421 4688 472 4741 Ιιὶ
497 4688 584 4756 qui
631 4698 903 4754 sequuntur
947 4703 1133 4755 agnum
1165 4701 1460 4756 quocunque
1501 4687 1707 4749 abierit;

159 4783 212 4834 lii
253 4779 408 4846 empti
452 4786 566 4831 sunt
607 4777 668 4828 ab
696 4777 973 4829 hominibus
1021 4776 1256 4845 primitice
1305 4775 1410 4828 Deo
1452 4786 1495 4828 et
1540 4777 1704 4843 Agna.

158 4870 425 4923 Oll'erente
453 4880 630 4921 autem
688 4865 797 4920 Noe
843 4866 1168 4932 holocausta,
1213 4867 1464 4919 odoratus
1492 4873 1574 4918 est
1606 4865 1706 4922 Due

161 4965 337 5015 minus
379 4963 592 5015 odorem
641 4961 937 5021 suavitatis,
967 4960 1088 5027 quia
1138 4961 1217 5012 vel
1250 4962 1543 5029 passionem
1594 4959 1708 5012 bea-

162 5060 337 5102 torum
387 5059 670 5118 martyrum
701 5053 780 5102 vel
832 5051 988 5103 vitam
1024 5050 1251 5101 ﬁdelium
1280 5051 1585 5116 virginalem
1615 5064 1709 5118 per

159 5137 356 5191 Christi
377 5140 594 5203 gratiam
621 5141 716 5192 sibi
745 5148 1102 5193 consecratam
1127 5147 1284 5206 atque
1310 5138 1538 5192 oblatam
1573 5139 1710 5191 Deus

164 5228 320 5281 Pater
347 5236 610 5292 gratanter
630 5228 839 5296 accipit.

234 5316 303 5369 Et
328 5317 397 5368 ait
425 5317 490 5367 ad
513 5332 627 5368 euut
655 5332 674 5369 :
699 5319 1025 5387 Nequaquam
1064 5321 1194 5370 ultra
1233 5320 1533 5372 maledicam
1559 5331 1704 5372 teme

232 5474 261 5503 ⁸
293 5467 396 5527 AL,
425 5477 469 5518 et
496 5476 786 5532 sequuntur.

234 5533 262 5572 δ
291 5536 397 5601 AL,
428 5533 661 5602 cognitio.

234 5613 257 5638 ε
285 5603 390 5665 ΑΙ.,
419 5604 542 5671 qui.

231 5671 258 5706 ⁴
282 5673 387 5733 AL,
419 5669 514 5735 qua
541 5669 742 5722 dicitur.

431 5763 696 5823 Ρηιοι..
747 5764 898 5826 XCI.

1810 4518 1927 4556 cres
1948 4505 2066 4558 cmli
2112 4505 2248 4572 quod
2275 4506 2327 4557 in
2352 4519 2416 4558 eo
2447 4505 2682 4567 volitent,
2730 4507 3180 4574 cognominantur.
3236 4508 3348 4562 Non

1807 4596 1947 4647 enim
1972 4597 2186 4649 atherei
2205 4606 2296 4649 aut
2321 4596 2513 4650 siderei
2541 4597 2658 4650 coeli
2687 4599 2803 4666 igne
2831 4602 3175 4653 consumendi
3209 4609 3350 4664 sunt,

1809 4693 1944 4745 siettt
1977 4706 2074 4745 nec
2099 4707 2231 4759 aqua
2260 4695 2554 4760 consumpti
2584 4702 2725 4746 sunt.

1877 4780 2235 4849 Benedixitque
2265 4782 2400 4836 Deus
2425 4783 2534 4836 Noe
2562 4795 2605 4836 et
2626 4786 2699 4850 ﬁli
2724 4802 2747 4838 s
2788 4790 2895 4856 ejus
2918 4798 2962 4837 et
2991 4787 3119 4840 dixit
3148 4790 3215 4839 ad
3240 4803 3356 4843 eos:

1809 4870 2041 4935 Crescite,
2073 4881 2119 4923 et
2161 4873 2593 4941 multiplicamini,
2617 4887 2664 4927 rt
2692 4877 2894 4945 implete
2932 4889 3133 4941 terram,
3189 4890 3235 4931 et
3265 4891 3357 4931 ter-

1806 4977 1892 5013 ror
1935 4971 2092 5020 uester
2137 4977 2197 5012 ac
2246 4971 2430 5013 tremor
2488 4965 2550 5015 sit
2597 4982 2748 5032 super
2814 4975 2989 5017 cuncta
3020 4962 3046 5000 ιι
3075 4967 3352 5018 animantia

1809 5061 1971 5114 terra,
1997 5059 2043 5101 et
2083 5065 2232 5115 super
2258 5065 2427 5104 omnes
2455 5051 2677 5105 volucres
2704 5055 2814 5104 ctin
2833 5069 2944 5103 cunt
2981 5052 3218 5103 universis
3242 5068 3354 5118 quc

1809 5153 2071 5193 morentur
2123 5155 2272 5207 super
2297 5149 2498 5193 terram.
2556 5142 2736 5193 Omnes
2785 5144 2941 5208 pisces
2985 5142 3136 5191 maris
3183 5142 3357 5190 manui

1808 5241 1982 5284 vestra!
2009 5231 2182 5282 traditi
2221 5240 2356 5294 sunt,
2389 5239 2436 5282 et
2461 5247 2605 5284 omne
2633 5230 2767 5298 quod
2793 5240 3014 5280 moretur
3034 5239 3076 5279 et
3102 5230 3219 5280 uiuit
3261 5233 3354 5281 erit

1806 5324 1940 5374 vobis
1966 5321 2015 5370 in
2039 5319 2236 5377 cibum;
2278 5321 2424 5386 quasi
2446 5321 2582 5372 olera
2612 5320 2823 5371 virentia
2856 5316 3045 5369 tradidi
3075 5316 3205 5373 vobis
3230 5333 3344 5370 ont-

1882 5478 1902 5503 ⁸
1935 5466 2038 5526 AL,
2062 5463 2263 5514 dicitur.

1885 5534 1898 5568 τ
1929 5536 2031 5598 AL,
2054 5535 2114 5583 de
2142 5533 2312 5596 futuro
2338 5543 2562 5601 tempore
2578 5550 2696 5602 quo.

1879 5612 1903 5650 s
1934 5604 2039 5664 AL,
2068 5603 2288 5652 uerbum.

1835 5668 1837 5670 ’
1883 5672 1904 5707 δ
1937 5672 2015 5724 AL
2034 5710 2050 5736 ,
2079 5669 2339 5723 animalia.
