3866 6248
454 494 485 548 ἰ
496 494 558 544 07
634 528 635 533 η

947 484 1143 542 BENE
1191 480 1633 538 VENERABILIS
1674 478 1947 534 OPERUM
1981 478 2151 532 PARS
2194 476 2254 530 Il.
2278 503 2345 515 ——
2372 471 2755 529 EXEGETICA
2788 469 3113 527 GENUINA.

3561 469 3667 531 ιοσ

460 620 565 657 ma.
607 605 753 655 Patet
783 614 964 653 St‘nsns
1007 596 1193 649 littera:
1238 594 1374 662 quod
1416 592 1660 646 secundae
1704 592 1873 643 :etatis
1904 603 2002 645 εἰει
2034 582 2370 671 A‘Sanguine
2422 599 2650 653 namque
2694 583 2921 637 carnalia
2970 583 3235 638 desideria
3278 588 3663 655 csrnalemque

456 695 565 749 culi
596 691 854 761 quomodo
884 700 934 742 et
965 688 1142 755 prima:
1171 695 1222 739 et
1263 693 1574 739 catterarum
1610 680 1754 733 initia
1787 677 2002 732 benedi-

460 793 645 837 cantur
692 797 719 833 a
748 779 986 831 Domino.
1024 774 1357 828 Benedicitur
1395 770 1534 823 enim
1566 768 1673 822 Noe
1711 782 1828 820 cum
1877 766 1999 816 tiliis

469 874 598 935 suis,
627 867 873 922 omnibus
919 864 1122 917 scilicet
1158 861 1260 915 illis
1300 863 1384 927 qui
1427 857 1540 925 ejus
1563 866 1615 910 ct
1647 870 1804 909 carne
1827 868 2010 921 proge-

474 961 588 1024 niti,
620 969 671 1011 et
694 956 794 1009 ﬁde
841 965 999 1021 atque
1044 950 1340 1004 obedientia
1388 947 1615 1015 praediti,
1663 944 1920 997 veraciter
1950 956 2009 995 se

466 1049 582 1119 ejus
614 1062 733 1101 esse
762 1045 895 1097 lilios
922 1044 1147 1105 docent;
1181 1039 1315 1107 quod
1348 1036 1624 1106 progenies
1669 1034 1781 1102 ejus
1806 1042 2000 1085 terram

463 1139 683 1207 implere
710 1134 939 1202 iubetur,
988 1133 1120 1185 sicut
1149 1138 1201 1183 et
1232 1129 1424 1181 factum
1454 1141 1572 1181 esse
1597 1135 1837 1186 constat;
1869 1122 2008 1189 quod

464 1225 779 1279 animalibus
801 1232 953 1277 terrae
985 1218 1191 1273 cunctis
1234 1233 1295 1271 ac
1337 1216 1641 1271 volucribus
1673 1215 1793 1268 cmli
1820 1214 2005 1280 prccdi-

469 1324 653 1367 cantur
684 1312 922 1366 homines
953 1309 1139 1362 terrori
1181 1321 1300 1360 esse
1328 1306 1555 1367 debere;
1604 1304 1741 1371 quod
1768 1304 1881 1355 hinc
1903 1314 2003 1352 una

468 1416 587 1455 cum
618 1399 846 1465 piscibus
893 1399 995 1452 illis
1045 1396 1249 1450 edenda
1290 1394 1668 1458 conceduntur,
1702 1399 1725 1426 ⁸
1751 1391 2010 1460 quomodo

470 1504 634 1556 usque
680 1488 745 1542 ad
795 1487 1049 1541 diluvium
1099 1487 1239 1538 olera
1285 1483 1607 1537 comedenda
1667 1489 2006 1549 acceperunt.

472 1579 569 1632 libi
598 1578 882 1631 notandum
909 1576 1030 1642 quia
1081 1584 1333 1627 terrorem
1385 1586 1568 1625 eorum
1619 1584 1680 1623 ac
1728 1579 2009 1622 tremorem

471 1684 593 1724 cum
623 1683 742 1721 esse
773 1680 929 1733 super
958 1663 1198 1717 animalia
1225 1662 1477 1731 praecipit,
1514 1658 1754 1728 proiecto
1777 1673 1894 1711 esse
1924 1672 2011 1709 su-

466 1771 562 1824 per
584 1756 821 1811 homines
842 1752 1101 1823 prohibet.
1123 1751 1315 1805 Contra
1340 1761 1578 1803 naturam
1602 1749 1795 1817 quippe
1820 1762 2009 1824 super-

466 1822 584 1898 bire
618 1855 700 1899 est
743 1844 810 1896 ab
848 1822 1032 1910 aequali
1063 1842 1196 1894 veile
1226 1841 1395 1893 timeri
1425 1854 1439 1891 :
1471 1847 1522 1891 et
1566 1846 1743 1891 tamen
1794 1822 2011 1889 necesse

464 1942 553 1988 est
591 1941 649 1985 ut
676 1941 907 1986 rectores
931 1946 958 1983 a
987 1929 1208 1983 subditis
1241 1929 1537 1991 timeantur,
1592 1926 1801 1994 quando
1840 1927 1905 1978 ab
1935 1927 2012 1979 eis

475 2026 637 2078 Deum
688 2023 903 2077 minime
958 2019 1129 2074 timeri
1180 2018 1595 2087 deprehendunt.
1654 2018 1707 2069 In
1764 2029 1828 2069 co
1876 2017 2013 2069 enim

479 2116 616 2182 quod
674 2125 865 2168 mctutn
915 2112 1011 2165 sibi
1060 2125 1089 2164 a
1132 2123 1378 2178 perverse
1432 2106 1726 2159 viventibus
1780 2105 2011 2171 exigunt,

464 2208 619 2275 quasi
670 2221 772 2259 non
806 2202 1132 2268 hominibus,
1163 2201 1255 2255 sed
1298 2200 1607 2253 animalibus
1657 2199 2011 2263 dominantur,

468 2299 588 2365 quia
602 2297 918 2350 videlicetex
932 2309 1030 2363 qua
1053 2302 1197 2362 parte
1219 2292 1456 2346 bestiales
1477 2299 1598 2344 sunt
1615 2290 1831 2355 subditi,
1859 2305 1936 2360 pex—
1957 2305 2018 2343 ea

470 2386 669 2440 debent
688 2384 851 2438 etiam
887 2383 1150 2437 formidini
1172 2382 1351 2451 jacere
1381 2381 1653 2434 substrati.
1683 2379 1834 2432 Juxta
1868 2380 2020 2433 intel-

489 2475 754 2542 ligentiam
800 2486 921 2526 vero
946 2470 1229 2538 spiritalem
1260 2468 1586 2523 benedicitnr
1613 2468 1721 2522 Noe
1751 2483 1867 2523 cum
1901 2467 2022 2522 [iliis

475 2565 607 2628 suis,
641 2562 889 2615 Dominus
916 2560 1160 2615 videlicet
1199 2571 1251 2613 et
1278 2560 1513 2613 Salvator
1542 2569 1718 2613 noster
1744 2573 1861 2613 cum
1893 2573 2023 2627 apo-

476 2655 648 2717 stolis,
666 2666 810 2718 quos
832 2653 987 2705 etiam
1012 2650 1039 2687 δ
1079 2650 1213 2703 ﬁlios
1241 2650 1503 2718 appellare
1529 2649 1769 2718 dignatus
1797 2656 1897 2712 est,
1940 2648 2023 2702 di—

477 2755 644 2794 cens:
680 2739 799 2792 Non
838 2748 1043 2804 possunt
1088 2738 1182 2805 ﬁlii
1211 2738 1380 2805 sponsi
1423 2737 1609 2806 lugere,
1651 2738 1875 2804 quandiu
1912 2753 2025 2790 cum

474 2828 584 2879 illis
604 2835 674 2880 est
699 2842 908 2893 sponsus
931 2823 1140 2895 (Matth.
1172 2841 1241 2890 ιχ,
1274 2823 1380 2897 15).
1410 2826 1513 2879 Hos
1536 2840 1774 2880 crescere
1800 2840 1862 2879 ac
1890 2826 2025 2878 ntul-

484 2916 705 2983 tiplicari
735 2916 868 2967 Deus
890 2924 1034 2981 pater
1054 2924 1161 2969 toto
1183 2915 1310 2967 orbe
1337 2914 1600 2982 prtecepit,
1634 2930 1750 2969 cum
1774 2915 1845 2969 ait
1870 2915 2023 2969 disci-

484 3003 617 3070 pulis
646 3000 894 3054 Dominus
927 3018 939 3051 :
975 3000 1164 3052 Euntes
1197 3002 1247 3052 in
1279 3000 1519 3053 mundum
1561 3002 1843 3054 universum
1892 3015 2022 3071 pra!-

484 3092 644 3144 dicate
671 3090 998 3158 Evungelium
1022 3090 1157 3142 omni
1204 3101 1446 3143 creatum
1480 3090 1670 3160 (Marc.
1697 3107 1799 3155 stu,
1832 3093 1939 3159 14),
1971 3091 2023 3144 id

481 3191 587 3247 est,
619 3181 861 3235 omnibus
884 3182 1144 3249 gentibus.
1187 3179 1381 3235 Cuncta
1410 3195 1631 3248 namque
1664 3182 1865 3234 Domini
1907 3181 2023 3235 Sal-

488 3226 587 3247 ---,
620 3226 861 3235 -....-.-_-
885 3226 1143 3249 ,ηπ-κ--
1193 3226 1381 3235 η----
1411 3226 1631 3248 --ηηηη
1664 3226 1865 3234 -υ-...-..
1907 3226 1995 3235 η--

486 3271 681 3325 vatoris
713 3279 968 3339 praecepta
998 3270 1164 3322 Patris
1194 3270 1367 3336 utique
1406 3281 1666 3338 praecepta
1715 3281 1854 3323 sunt.
1906 3271 2021 3338 Ipse
2053 3226 2101 3297 ὕ

488 3364 677 3416 ctenim
721 3362 848 3414 dixit
878 3379 889 3413 :
926 3359 1049 3425 Quae
1069 3376 1186 3429 ergo
1215 3376 1305 3429 ego
1341 3361 1533 3427 loquor,
1565 3362 1691 3413 sicut
1738 3362 1866 3413 dixit
1904 3362 2025 3413 mihi

496 3454 664 3511 Pater,
716 3450 785 3501 sic
832 3448 1007 3517 loquor
1054 3447 1223 3517 (Joan.
1276 3463 1370 3514 sit,
1398 3447 1509 3517 ἕο).
1554 3448 1749 3501 Horum
1802 3464 2027 3517 namque

496 3546 520 3571 ε
548 3540 780 3593 dominio
806 3552 989 3592 cuncta
1018 3538 1261 3592 animalia
1301 3554 1415 3607 quae
1462 3548 1739 3593 moventur
1789 3540 1838 3591 in
1868 3552 2022 3605 terra,

491 3630 758 3682 universas
798 3627 1034 3680 volucres
1062 3616 1180 3681 (ἕωιί
1204 3667 1220 3691 ,
1254 3643 1436 3681 omnes
1466 3630 1634 3695 pisces
1664 3631 1825 3683 maris
1855 3632 2031 3697 subje-

493 3719 566 3775 cit
617 3733 733 3770 cum
756 3718 827 3768 ait
860 3734 871 3766 :
907 3715 1266 3783 Quaecunqued
1296 3718 1614 3784 alligat'eritis
1655 3735 1802 3785 super
1825 3730 2025 3784 terram,

495 3818 635 3861 erunt
674 3809 829 3875 ligata
866 3815 910 3859 et
940 3807 993 3861 in
1014 3816 1034 3841 ο
1068 3812 1225 3870 caelo;
1255 3818 1298 3859 et
1328 3824 1634 3875 quiscunque
1658 3810 1901 3861 solreritis
1948 3827 2033 3862 su-

496 3912 589 3965 per
619 3906 823 3959 terram,
846 3907 988 3948 erunt
1018 3896 1182 3947 soluta
1206 3905 1247 3948 et
1290 3896 1340 3947 in
1379 3897 1498 3948 coelo
1522 3895 1729 3963 (Matth.
1761 3912 1902 3961 svnt,
1925 3897 2027 3966 l8).

502 3985 759 4037 Animalia
792 3985 813 4019 ι
849 3984 1061 4051 quippe,
1096 3985 1351 4048 volatilia,
1406 3987 1572 4052 pisces
1604 3987 1928 4039 diversorum
1958 3989 2036 4040 in-

502 4072 771 4139 geniorum
804 4084 865 4122 ac
910 4084 1113 4122 morum
1147 4085 1396 4136 personas
1439 4072 1719 4138 insinuant,
1766 4090 1881 4142 quae
1908 4090 2037 4129 cutt-

502 4169 586 4213 cta
629 4167 743 4227 post
790 4158 1043 4211 diluvium
1096 4159 1215 4211 liliis
1246 4158 1354 4212 Noe
1383 4160 1571 4213 dantur
1609 4161 1659 4213 in
1689 4160 2035 4231 cibum,'quia

502 4258 775 4321 postquam
807 4249 997 4302 mundo
1032 4249 1278 4302 Dominus
1306 4249 1499 4303 donum
1553 4251 1743 4305 lavacri
1792 4255 2039 4308 salutaris

501 4344 695 4406 attulit,
722 4342 923 4395 cunctis
950 4343 1104 4395 etiam
1148 4344 1447 4397 nationibus
1491 4345 1591 4399 hoc
1619 4348 1899 4402 ministrari
1942 4365 2038 4404 vo-

504 4431 600 4484 luit
628 4432 809 4484 dicens
830 4430 1075 4497 apostolis
1109 4448 1122 4480 :
1155 4429 1342 4484 Euntes
1369 4448 1485 4501 ergo
1523 4436 1696 4489 docete
1725 4453 1892 4491 omnes
1919 4450 2041 4508 gen-
2090 4480 2093 4481 ν

2110 689 2322 729 sensum
2370 674 2557 727 merito
2586 672 2845 741 designat.
2899 671 3193 727 Ellunditur
3235 684 3413 729 autem
3451 679 3668 745 sanguis

2108 779 2225 817 cum
2256 764 2647 818 abrenuntiatnr
2674 763 2975 815 carnalibus
3016 763 3279 817 illecebris
3310 775 3474 833 atque
3515 767 3665 835 cogi-

2112 854 2414 913 tationibus,
2460 852 2511 904 in
2544 854 2733 920 quibus
2760 853 2897 904 male
2927 854 3230 918 vivebatur,
3268 863 3324 908 ut
3353 856 3573 923 possint
3596 858 3669 909 di-

2109 960 2229 998 cere
2260 945 2386 996 tales
2417 958 2535 996 cum
2564 944 2817 1011 Apo~tolo
2852 961 2868 997 :
2910 943 3031 997 Vivo
3054 946 3373 1013 autem,jam
3399 963 3503 999 non
3538 960 3671 1014 ego;

2112 1034 2230 1085 t-ivit
2266 1048 2376 1084 vero
2423 1034 2471 1083 in
2506 1049 2582 1084 me
2610 1030 3023 1102 CInistus(Gul.
3072 1049 3130 1098 ιι,
3173 1034 3298 1102 ‘29).
3332 1036 3396 1089 Et
3435 1035 3672 1090 iterum:

2110 1120 2356 1177 Continuo
2388 1138 2488 1175 non
2516 1123 2741 1191 acquievi
2764 1123 2906 1175 carni
2934 1139 2978 1177 et
3006 1125 3245 1193 sanguini
3284 1123 3429 1194 (Gal.
3479 1142 3512 1189 t,
3549 1125 3670 1194 l6):

2111 1213 2338 1282 alioquin
2390 1214 2475 1282 qui
2531 1226 2934 1281 perseverantes
2979 1230 3218 1283 quosque
3267 1216 3319 1269 in
3372 1215 3669 1270 sceleribus

2114 1303 2343 1369 pristinis
2374 1304 2554 1356 ttnitati
2596 1314 2793 1356 sanctce
2826 1304 3076 1357 Ecclesiae
3126 1304 3451 1372 incorporati
3497 1305 3666 1372 bapti-

2112 1393 2277 1445 zando
2328 1392 2540 1459 incipit,
2588 1392 2735 1459 quasi
2780 1392 3019 1445 animalia
3057 1394 3155 1444 sibi
3185 1407 3212 1444 a
3244 1393 3468 1445 Domino
3500 1402 3526 1439 8
3548 1393 3668 1445 dats

2112 1495 2230 1535 cum
2260 1480 2513 1547 sanguine
2545 1481 2795 1543 comedit,
2847 1480 2964 1548 quia
3025 1481 3077 1533 in
3118 1481 3425 1534 societatem
3476 1482 3667 1548 recipit

2112 1583 2203 1622 eos
2241 1583 2460 1637 quorum
2511 1570 2680 1623 adhuc
2726 1570 3047 1622 conscientia
3102 1572 3442 1624 conversatio
3498 1572 3667 1637 prisca

2113 1659 2255 1713 velut
2292 1658 2545 1712 suﬂ'ocata
2591 1669 2818 1712 tenetur.
2867 1658 3063 1712 Ferunt
3095 1668 3267 1713 autem
3310 1662 3449 1727 quod
3484 1661 3534 1713 in
3569 1661 3669 1714 hoc

2113 1749 2338 1803 maxima
2367 1748 2523 1803 fuerit
2548 1741 2907 1816 prtett’ﬁicatio
2928 1751 3213 1819 gigantum,
3239 1752 3361 1819 quia
3397 1765 3515 1804 cum
3544 1764 3665 1804 san-

2114 1838 2268 1907 guine
2308 1852 2517 1891 carnem
2564 1838 2935 1903 comederent;
2985 1838 3208 1908 ideoque
3263 1842 3513 1893 Dominus
3564 1840 3668 1894 illis

2052 1903 2088 1959 Β
2116 1929 2313 1981 diluvio
2368 1930 2674 1995 exstinctis,
2705 1925 2729 1965 δ
2774 1944 2931 1983 carne
2976 1930 3189 1997 quidem
3240 1934 3379 1984 vesci
3431 1932 3668 1986 homines

2115 2022 2455 2084 concesserit,
2505 2021 2597 2074 sed
2644 2036 2707 2074 ne
2757 2020 2805 2073 id
2836 2035 2954 2073 cum
2982 2021 3237 2089 sanguine
3284 2021 3517 2075 iacerent
3544 2038 3661 2090 pro-

2116 2114 2362 2168 hibuerit.

2186 2202 2497 2273 Sanguinem
2527 2207 2656 2258 enim
2680 2206 2972 2257 animarum
3016 2216 3290 2259 vestrarum
3318 2208 3569 2273 requiram
3605 2205 3667 2258 de

2119 2309 2271 2345 manu
2304 2302 2597 2346 cunctarum
2628 2294 2917 2356 bestiarum,
2958 2303 3003 2347 ct
3045 2294 3108 2346 de
3155 2311 3312 2346 manu
3336 2295 3580 2359 hominis,
3610 2296 3671 2346 de

2118 2398 2270 2434 manu
2298 2383 2392 2434 viri
2428 2392 2473 2434 et
2522 2384 2691 2445 fratris
2737 2386 2845 2451 ejus
2874 2380 3124 2452 requirant
3158 2386 3381 2437 animam
3428 2383 3665 2438 hominis.

2124 2470 2417 2537 Quicunque
2457 2471 2690 2539 e/juderit
2733 2472 3005 2523 humanum
3054 2473 3385 2540 sanguinem,
3436 2475 3671 2541 {nudetur

2120 2560 2324 2629 sanguis
2362 2559 2372 2596 ί
2403 2561 2595 2628 ἰρδὶαςμ
2642 2560 2955 2628 Sanguinem
2986 2561 3125 2612 enim
3159 2561 3452 2614 animarum
3500 2565 3672 2629 typice

2128 2647 2305 2703 idicit
2336 2649 2504 2717 ipsum
2556 2650 2711 2706 vitale
2761 2665 2863 2718 quo
2904 2650 3228 2717 vegetamur,
3278 2662 3330 2705 et
3376 2659 3673 2704 sustentan-

2127 2749 2241 2802 tur,
2272 2748 2323 2791 et
2372 2739 2547 2792 vivunt
2599 2730 2836 2793 Immines
2881 2740 2932 2793 in
2973 2755 3131 2794 carne
3178 2755 3271 2807 per
3306 2739 3671 2801 animam,si-

2124 2836 2214 2883 cut
2258 2830 2415 2881 etiam
2475 2843 2685 2881 manum
2742 2829 3022 2882 bestiarum
3075 2828 3249 2897 typicc
3298 2842 3450 2883 vocat
3503 2830 3671 2893 ipsum

2125 2916 2415 2971 devorandi
2452 2916 2715 2980 eﬂ'ectum,
2768 2933 2871 2983 quo
2920 2916 3187 2970 hominem
3233 2916 3501 2970 occidunt.
3541 2914 3671 2981 Quis

2126 3021 2351 3075 namque
2380 3021 2568 3061 sanum
2618 3006 2826 3072 sapiens
2859 3006 3111 3059 veraciter
3151 3002 3457 3074 sanguinem
3501 3003 3671 3057 humi-

2125 3096 2208 3150 nis
2236 3096 2299 3149 ad
2328 3097 2673 3149 substantiam
2705 3096 2891 3148 animae
2918 3095 3099 3148 credat
3133 3094 3441 3162 pertinere?
3487 3108 3671 3161 quam-

2126 3184 2201 3237 vis
2226 3185 2363 3238 idem
2397 3184 2666 3252 legislatnr
2692 3183 2816 3234 alibi
2851 3183 3173 3235 manifestius
3213 3180 3394 3234 dicere
3424 3181 3630 3233 videtur
3656 3199 3667 3231 :

2129 3274 2305 3325 Anima
2331 3275 2462 3325 enim
2493 3272 2651 3325 omnis
2688 3273 2853 3324 carnis
2892 3272 2941 3322 in
2969 3271 3215 3340 sanguine
3233 3279 3305 3323 est
3340 3269 3518 3338 (Leuit.
3544 3284 3670 3332 svtt,

2130 3362 2237 3428 14).
2271 3362 2360 3415 Sic
2399 3362 2590 3414 ctrnim
2617 3361 2809 3413 dictum
2841 3368 2921 3412 est
2950 3364 3047 3413 hoc
3076 3360 3341 3427 quomodo
3372 3360 3563 3413 dictum
3593 3371 3674 3413 est

2128 3447 2282 3501 Petra
2295 3461 2459 3500 autem
2476 3458 2578 3500 erat
2594 3448 2840 3513 Christus,
2860 3464 2961 3500 non
2986 3449 3120 3515 quod
3139 3448 3240 3501 ltoc
3262 3456 3396 3512 erat,
3418 3450 3510 3502 sed
3529 3449 3667 3514 que-tl

2129 3539 2249 3592 hinc
2300 3538 2711 3607 signiﬁcabatur.
2756 3538 2867 3590 Non
2922 3546 3097 3590 autem
3149 3537 3340 3591 frustra
3379 3538 3463 3591 lex
3512 3538 3675 3591 voluit

2129 3628 2355 3679 animam
2386 3627 2679 3695 signiﬁcare
2710 3642 2802 3695 per
2830 3628 3158 3694 sanguinem,
3210 3642 3328 3681 rem
3357 3628 3559 3681 scilicet
3586 3628 3671 3680 in-

2133 3720 2393 3773 visibilem
2447 3734 2537 3785 per
2580 3734 2688 3773 rem
2720 3718 2999 3781 visibilem,
3050 3717 3149 3771 nisi
3179 3718 3320 3785 quod
3350 3718 3563 3787 sanguis
3588 3732 3678 3787 per

2134 3824 2294 3863 venas
2324 3826 2508 3864 omnes
2542 3812 2607 3863 ab
2644 3814 2755 3879 ipso
2800 3811 2959 3864 corde
3008 3809 3226 3864 dill'usus
3258 3812 3309 3863 in
3340 3822 3525 3866 nostro
3569 3826 3677 3865 eor-

2136 3914 2263 3967 pore
2293 3902 2406 3967 plus
2434 3902 2641 3953 caeteris
2664 3900 2971 3952 humoribus
3001 3899 3347 3967 principatur,
3381 3901 3452 3953 ita
3480 3912 3539 3955 ut
3571 3902 3674 3954 ubi-

2136 4006 2340 4058 cunque
2386 3991 2538 4044 l'uerit
2576 3991 2763 4043 vulnus
2813 3990 3086 4053 inﬂiclum,
3139 4007 3241 4044 non
3295 3992 3483 4045 humor
3522 3993 3672 4057 alius,

2139 4081 2229 4137 sed
2260 4082 2368 4149 ipse
2414 4082 2679 4149 procedat.
2739 4079 2914 4147 Itaque
2943 4078 3116 4133 anima
3146 4096 3264 4149 quae
3292 4082 3540 4135 omnibus
3566 4080 3673 4152 qui-

2140 4177 2237 4229 bus
2271 4182 2571 4227 constamus
2611 4169 2941 4222 invisibiliter
2972 4172 3220 4236 praevalet
3268 4170 3359 4225 illo
3390 4172 3578 4225 melius
3604 4170 3674 4224 si-

2141 4262 2415 4332 gnilicatur
2444 4262 2581 4329 quod
2628 4260 2869 4313 omnibus
2896 4260 3087 4328 quibus
3133 4268 3442 4314 constamus
3466 4257 3678 4313 visibili-

2143 4353 2240 4406 bus
2266 4351 2535 4419 praevalet.
2571 4349 2622 4401 In
2655 4360 2893 4417 promptu
2922 4359 3004 4403 est
3034 4359 3209 4403 autem
3238 4348 3533 4417 intelligere
3563 4361 3681 4417 quo-

2145 4447 2301 4499 modo
2330 4446 2394 4500 de
2422 4460 2576 4498 manu
2628 4445 2854 4497 hominis
2896 4445 3125 4512 requirat
3166 4443 3307 4498 Dens
3339 4444 3571 4497 animam
3596 4444 3683 4496 lto-

510 4531 600 4585 tes,
632 4520 933 4585 baptisantes
960 4534 1043 4570 eos
1063 4519 1112 4570 in
1145 4520 1341 4572 nomine
1386 4520 1553 4573 Patris
1583 4532 1627 4574 et
1655 4524 1777 4577 Filii
1802 4536 1845 4579 et
1878 4526 2044 4596 Spiri-
2074 4544 2125 4603 ι)
2152 4533 2328 4601 minis,
2357 4533 2608 4587 ultionem
2650 4540 2901 4599 expetens
2945 4532 3012 4584 ab
3039 4547 3102 4587 eo
3145 4531 3233 4598 Qui
3283 4532 3553 4598 peccavit;
3596 4532 3682 4586 sed

509 4618 587 4660 tus
609 4607 765 4659 sancti
793 4605 1000 4675 (Matth.
1026 4622 1209 4671 xxvut,
1241 4608 1348 4675 19).
1383 4608 1580 4665 Dantur
1607 4614 1743 4665 enim
1780 4611 1903 4684 (haec
1931 4616 2047 4669 liliis

512 4697 620 4749 Noe
649 4698 699 4749 in
727 4709 901 4749 escam
943 4694 1089 4763 juxta
1123 4694 1221 4749 hoc
1252 4698 1387 4764 quod
1438 4698 1589 4753 Petro
1619 4702 1844 4756 ostensis
1876 4703 1926 4755 in
1956 4702 2051 4757 litt-

516 4797 600 4838 teo
653 4786 874 4852 mystico
927 4785 1130 4838 cunctis
1183 4787 1611 4854 quadrupedibus
1658 4804 1719 4844 ac
1779 4790 2051 4857 reptilibus

514 4882 677 4925 terra
722 4870 906 4924 dicitur
936 4888 948 4923 :
975 4871 1173 4942 Surge,
1225 4873 1407 4940 Petre,
1460 4879 1662 4943 occide,
1719 4890 1765 4933 et
1812 4883 2054 4933 manduca

518 4963 653 5030 (Act.
685 4976 739 5023 x,
763 4960 887 5029 l3);
919 4960 970 5014 id
998 4971 1100 5024 est,
1141 4965 1417 5033 exstingue
1446 4969 1667 5035 gentiles
1695 4970 1759 5021 ab
1794 4973 1889 5021 hoc
1919 4973 2054 5037 quod

519 5052 662 5107 male
708 5052 965 5115 vixerant,
1014 5052 1282 5112 veritatem
1335 5057 1701 5121 praedicando;
1733 5068 1784 5111 et
1835 5042 1977 5112 inler‘
2004 5050 2055 5114 in

522 5144 770 5198 Ecclesiae
814 5142 1048 5196 membra
1079 5142 1242 5196 sacris
1272 5128 1535 5214 mysteriis
1590 5148 1877 5211 initiando;
1924 5153 2060 5205 unde

523 5234 608 5288 hic
634 5228 841 5302 quoque
868 5243 1011 5287 recte
1057 5232 1383 5301 subiungitur
1407 5252 1419 5287 :
1652 5288 1653 5291 η

530 5328 533 5331 ’
594 5324 821 5394 Excepto
850 5324 984 5391 quod
1011 5338 1208 5377 carnem
1229 5338 1347 5376 cunt
1377 5328 1627 5394 sanguine
1648 5344 1745 5381 non
1768 5332 2052 5384 comedetis.

600 5484 625 5511 ι
658 5476 762 5539 AL,
792 5491 889 5540 quo
918 5491 1091 5537 usque.

602 5544 629 5580 δ
653 5544 759 5605 AL,
783 5542 913 5608 ﬁlios
940 5558 1132 5594 vocare.

604 5624 627 5651 ε
660 5612 768 5674 AL,
798 5610 1022 5661 domino.

603 5679 629 5717 δ
658 5680 765 5743 AL,
791 5678 1079 5745 ligaveritis.

603 5760 630 5787 ι·
660 5748 768 5815 AL,
798 5746 953 5800 salis.

2148 4626 2308 4691 qureri
2351 4625 2543 4677 merito
2572 4631 2740 4690 potest
2760 4624 3020 4691 quomodo
3048 4630 3099 4675 et
3126 4637 3152 4674 a
3180 4622 3361 4677 bestiis
3387 4638 3507 4693 qua
3536 4626 3683 4679 ratio-

2151 4713 2230 4765 nis
2259 4721 2381 4766 sunt
2407 4722 2655 4779 expet-tes
2698 4710 3009 4777 requiratur,
3062 4708 3158 4764 nisi
3207 4708 3345 4766 forte
3382 4712 3683 4783 mysterium

2153 4801 2341 4854 futura:
2394 4798 2795 4853 resurrectionis
2844 4797 2927 4852 hic
2959 4801 3108 4854 nobis
3152 4800 3451 4855 intimatnm
3499 4802 3684 4857 intelli-

2153 4905 2273 4959 gere
2303 4893 2555 4955 valemus,
2607 4890 2814 4957 quando
2843 4902 3027 4945 cuncta
3059 4891 3268 4960 generis
3317 4891 3534 4945 humani
3581 4906 3685 4945 eor-

2156 4994 2281 5048 pora
2308 4994 2423 5047 qua:
2456 4981 2536 5033 vel
2565 4994 2593 5032 a
2627 4980 2748 5033 leris
2778 4990 3029 5043 comesta,
3064 4981 3143 5035 vel
3180 4982 3284 5034 alio
3305 4980 3539 5049 quolibet
3569 4995 3685 5035 con-

2157 5078 2363 5135 sumpta
2414 5070 2587 5136 modo,
2640 5069 2751 5124 sive
2799 5081 3041 5140 corrupta
3094 5071 3321 5136 fuerant,
3394 5072 3686 5140 incorrupta

2159 5158 2467 5221 redduntur,
2516 5168 2719 5213 cunctae
2744 5160 2934 5214 animat
2966 5162 3233 5215 hominum
3263 5177 3581 5233 quocunque
3604 5177 3686 5231 ge-

2160 5259 2287 5300 nere
2313 5249 2495 5300 mortis
2531 5261 2789 5314 separata:
2818 5264 2846 5302 a
2874 5265 3094 5316 corpore
3133 5263 3230 5309 sua
3265 5265 3486 5321 qucque
3517 5254 3687 5307 remit-

2163 5346 2341 5391 tuntur
2367 5334 2418 5387 in
2448 5351 2690 5406 corpora,
2722 5350 2775 5393 ut
2807 5344 2885 5396 vel
2915 5340 3071 5395 vitam
3103 5356 3195 5410 pro
3225 5342 3401 5408 bustis,
3447 5342 3527 5397 vel
3557 5356 3684 5397 mur-

2236 5486 2253 5525 ί
2282 5488 2389 5547 AL,
2406 5504 2621 5557 quoque.

2232 5564 2256 5601 Β
2282 5558 2385 5619 AL,
2416 5558 2624 5611 domita.

2233 5622 2260 5659 δ
2290 5626 2394 5689 AL,
2426 5641 2643 5677 Carnem.

2240 5691 2397 5756 i'Al.,
2420 5695 2575 5745 itlius.

2238 5760 2253 5810 5
2284 5763 2389 5827 AL,
2421 5764 2618 5815 dicitur.
