3866 6248
139 531 235 586 109

1363 515 1826 576 llEXAESlERON
1867 516 1989 570 [ΑΒ.
2036 517 2094 570 ll.

3230 519 3331 580 ιω

135 655 234 695 ten.
263 655 357 706 pro
380 639 526 692 malis
557 637 761 693 meritis
795 639 842 691 in
868 636 1066 705 judicio
1094 649 1211 690 cum
1240 635 1442 688 eisdem
1476 646 1664 698 corpo-
1699 631 1751 689 Δ
1776 629 1946 699 (Psal.
1975 647 2071 684 uv
2127 630 2238 701 12).
2297 631 2479 700 Neque
2529 647 2656 686 vero
2702 631 3084 701 signillcatione
3141 637 3331 697 lavacri

133 733 275 785 ribus
321 741 705 798 consequantur
731 738 1002 782 aeternam.
1043 726 1176 792 Apte
1219 733 1390 778 autem
1423 723 1633 776 additur
1664 737 1680 775 :

199 823 495 890 Quicunque
527 820 761 886 e/fuderit
787 823 1078 889 sanguinem
1100 817 1403 879 humanum,
1443 817 1682 882 fundetur

129 913 330 980 sanguis
370 912 528 964 illius.
583 909 773 975 Quanti
801 908 1098 961 elluderunt
1144 906 1449 974 sanguinem
1498 905 1682 957 huma-

132 1004 276 1064 iium,
311 1010 363 1053 et
391 1000 605 1066 sanguis
646 1014 826 1051 eorum
868 997 1062 1050 eil‘usus
1108 1011 1210 1050 non
1242 1006 1342 1050 est.
1382 998 1441 1049 Et
1471 997 1558 1047 alii
1595 1011 1682 1048 oc-

129 1090 370 1145 ciderunt
401 1089 663 1141 hominem
710 1101 934 1154 veneno,
970 1087 1049 1140 vel
1081 1086 1390 1154 suspendio,
1423 1096 1476 1138 et
1507 1095 1680 1138 tamen

129 1195 247 1232 cum
308 1181 465 1231 homo
507 1187 741 1230 mortuus
781 1177 866 1237 sit,
916 1191 1016 1229 non
1059 1184 1140 1228 est
1184 1175 1396 1242 sanguis
1443 1173 1678 1236 effusus;

129 1269 395 1336 quomodo
448 1282 575 1337 ergo
639 1266 886 1319 Dominus
926 1264 1192 1318 eﬂ‘usurus
1244 1274 1329 1317 est
1376 1263 1679 1331 sanguinem

127 1372 309 1411 eorum
339 1356 392 1410 in
426 1358 514 1410 tali
558 1357 804 1421 homine,
827 1371 944 1408 cum
978 1356 1067 1408 ille
1097 1355 1185 1423 qui
1226 1353 1419 1406 occidit
1464 1352 1678 1420 sangui-

129 1459 249 1501 nem
300 1463 401 1501 non
434 1448 638 1510 ell'udit,
670 1447 768 1500 nisi
799 1447 919 1514 quia
946 1447 1158 1513 sanguis
1185 1445 1428 1507 hominis,
1465 1455 1518 1495 ut
1545 1443 1678 1495 dixi-

137 1551 281 1600 mus,
308 1537 478 1603 ipsum
512 1537 668 1589 vitale
704 1540 818 1603 ejus
839 1551 942 1602 quo
966 1534 1208 1611 subsistit
1232 1517 1401 1587 debet
1425 1532 1679 1598 intelligi?

126 1627 263 1694 quod
311 1627 402 1689 qui
433 1623 694 1687 eiiuderit,
727 1625 773 1675 id
807 1633 905 1685 est,
936 1623 1022 1690 qui
1055 1620 1228 1689 aliquo
1255 1635 1446 1690 genere
1496 1623 1679 1672 mortis

131 1717 400 1770 hominem
445 1713 715 1777 occiderit,
769 1714 1016 1766 laudetur
1067 1713 1280 1780 sanguis
1336 1709 1499 1774 illius,
1554 1711 1676 1776 quia

127 1805 394 1872 peccando
437 1804 593 1856 vitam
655 1803 822 1869 perdit
863 1811 1135 1853 aeternam.
1177 1800 1364 1850 Anima
1400 1799 1535 1850 enim
1564 1813 1676 1862 quia

125 1897 433 1961 peccaverit,
475 1895 582 1962 ipsa
609 1894 849 1944 morietur
883 1891 1089 1960 (Ezech.
1124 1905 1270 1953 xvul,
1314 1888 1432 1959 20).
1465 1891 1556 1942 Cui
1605 1905 1677 1943 sr-

1783 721 2030 774 salutaris
2052 722 2211 776 debet
2235 725 2555 777 contrariqu
2590 723 2753 776 videri
2802 725 2940 791 quod
2971 726 3037 779 de
3067 729 3218 795 aquis
3249 732 3332 782 di-

1784 809 1908 861 luvii
1961 825 2116 876 supra
2181 811 2370 863 dicitur
2404 829 2414 862 :
2451 811 2780 881 Nequaquam
2845 814 2981 865 ultra
3039 819 3336 872 maledicunt

1783 911 1928 953 terra:
1954 914 2156 969 prop.'er
2179 902 2432 965 homines;
2463 903 2542 955 vel
2571 904 2707 971 quod
2759 904 2841 958 hic
2887 904 3080 959 d‘citur
3110 923 3123 959 :
3156 908 3336 977 Neque

1782 996 1873 1046 erit
1897 995 2137 1046 diluvium
2196 996 2430 1064 deinceps
2460 998 2713 1064 dissipans
2765 1008 2971 1061 terram,
3019 1014 3136 1052 cum
3197 1016 3332 1068 aqua

1785 1084 2027 1148 baptismi
2075 1100 2404 1153 nequaquam
2460 1088 2883 1142 maledictionem
2917 1090 2996 1142 vel
3027 1090 3324 1157 dissipatio-

1783 1187 1900 1225 nem
1933 1183 2129 1226 nostra:
2155 1175 2367 1238 mentis,
2398 1176 2508 1228 sive
2531 1177 2728 1239 carnis,
2770 1177 2864 1243 sed
2911 1177 3323 1234 benedictionem

1785 1265 1957 1328 potius
1986 1265 2366 1330 etsospitatem
2388 1266 2553 1318 soleat
2585 1267 2859 1330 c0nl'erre;
2902 1267 2993 1320 sed
3041 1269 3333 1339 intelligen-

1781 1352 1904 1406 dum
1953 1353 2072 1422 quia
2122 1355 2308 1420 priscae
2371 1365 2563 1408 nostrae
2626 1358 3015 1410 conversationi
3077 1360 3334 1415 Dominus

1781 1444 2170 1510 quodammodo
2201 1446 2476 1499 maledicat
2513 1446 2563 1497 in
2596 1446 2873 1512 baptismo,
2914 1459 2968 1500 et
2997 1456 3019 1483 ε
3054 1451 3186 1503 hanc
3229 1454 3337 1506 dis-

1780 1537 1912 1598 sipet
1943 1549 2060 1587 cum
2092 1535 2467 1589 abrenuntiare
2503 1550 2598 1588 nos
2627 1536 2837 1588 diabolo
2866 1551 2912 1590 el
2939 1539 3182 1592 omnibus
3207 1557 3338 1608 ope.

1782 1622 1925 1675 ribus
1973 1623 2085 1690 ejus
2132 1638 2191 1677 ac
2221 1622 2247 1660 ἀ
2276 1625 2480 1691 pompis
2532 1625 2832 1691 prarcipiat;
2888 1639 2948 1677 ac
2994 1628 3072 1679 sie
3122 1627 3334 1682 demunt

1786 1721 1806 1746 ο
1837 1727 1966 1764 nova
1992 1711 2328 1766 confessione
2353 1712 2586 1764 mundati
2608 1712 2672 1764 ad
2706 1713 3090 1768 benedictionis
3120 1725 3334 1769 aaterna:

1781 1802 1999 1868 gratiam
2033 1815 2329 1854 mereamur
2355 1802 2633 1869 attingere.

1853 1892 2038 1942 Arcum
2086 1905 2250 1944 meum
2299 1907 2481 1958 ponam
2525 1891 2575 1943 in
2607 1891 2851 1954 nubibus,
2904 1902 2948 1945 et
2993 1893 3084 1946 erit
3139 1895 3337 1963 signum

125 1987 249 2038 mile
307 1994 390 2036 est
424 1985 520 2035 hoc
565 1983 704 2049 quod
755 1982 907 2034 Petro
934 1980 1165 2034 dicitur:
1205 1979 1388 2030 Omnes
1433 1980 1566 2030 enim
1592 1980 1676 2045 qui
1711 1960 1753 2017 Β
1780 1981 1979 2049 fmderis
2027 1981 2157 2032 inter
2197 1997 2275 2032 me
2315 1989 2360 2032 et
2385 1983 2514 2033 inter
2541 1991 2751 2046 terram;
2789 1980 2805 2018 τ
2849 1998 3056 2052 cumque
3082 1960 3337 2036 abduxero

123 2074 408 2140 acceperint
448 2071 676 2141 gladium
707 2072 877 2141 gladio
906 2070 1175 2139 peribunt;
1231 2084 1291 2122 ac
1321 2068 1364 2120 si
1395 2077 1572 2134 aperte
1601 2069 1677 2120 di-

123 2172 335 2215 ceretur
370 2180 382 2213 :
413 2161 610 2212 Omnes
642 2161 728 2225 qui
765 2157 955 2226 injuste
1002 2158 1244 2210 occidunt
1276 2157 1566 2218 hominem,
1624 2163 1678 2208 et

124 2253 280 2304 iidem
313 2249 576 2304 occisione
607 2249 704 2317 ipsi
741 2248 791 2302 in
835 2247 1007 2300 anima
1048 2257 1290 2315 pereunt.
1324 2247 1460 2313 Apte
1491 2258 1669 2297 autem

123 2340 370 2393 subditur
400 2356 412 2390 :

191 2431 272 2481 Ad
302 2429 569 2498 imaginem
597 2428 781 2498 quippe
825 2426 916 2480 Dei
961 2427 1124 2494 {actus
1160 2434 1231 2478 cst
1273 2426 1440 2478 homo.
1476 2424 1676 2477 Idcirco

125 2536 354 2590 namque
387 2520 602 2585 majoris
645 2530 724 2571 est
756 2518 973 2571 sceleris
1005 2518 1336 2569 innocentem
1369 2514 1538 2568 occidi
1585 2515 1679 2564 lio-

124 2611 346 2670 niiuetn;
400 2610 646 2677 quoniam
696 2608 781 2675 qui
837 2607 937 2660 hoc
995 2604 1141 2668 facit,
1192 2622 1294 2658 non
1334 2607 1498 2658 solum
1547 2618 1680 2670 opus

125 2697 270 2764 quod
306 2696 428 2750 fecit
470 2696 605 2748 Deus
637 2695 815 2758 solvit,
851 2695 940 2748 sed
971 2703 1023 2746 et
1058 2693 1337 2759 imaginem
1369 2693 1532 2760 ipsius
1561 2705 1679 2744 cor-

126 2786 348 2853 rumpit.
399 2786 596 2838 ldcirco
649 2785 868 2851 requirit
916 2783 1052 2836 Deus
1099 2783 1299 2834 animas
1352 2781 1619 2834 hominum
1651 2795 1678 2832 a

127 2874 339 2938 bestiis,
372 2875 450 2926 vel
499 2872 796 2925 hominibus
830 2887 857 2923 a
885 2871 1072 2938 quibus
1111 2869 1321 2922 fuerant
1351 2868 1587 2936 eﬂ‘ugatie
1613 2869 1680 2920 de

124 2980 376 3034 corpore,
428 2963 545 3032 quia
575 2964 639 3017 ad
682 2963 962 3032 imaginem
993 2977 1138 3014 suam
1173 2960 1297 3014 fecit
1328 2960 1594 3012 hominem
1628 2959 1676 3010 in

118 3071 184 3111 eo
214 3057 359 3125 quod
391 3056 530 3109 hunc
558 3070 771 3108 manere
800 3054 863 3106 ad
895 3053 1236 3106 aaternitatem
1272 3051 1455 3114 voluit,
1508 3061 1678 3114 neque

120 3148 187 3200 ad
218 3145 623 3200 similitudinem
668 3144 1009 3196 animantium
1049 3156 1168 3195 eum
1221 3138 1457 3207 corporis
1507 3147 1677 3191 morte

1777 2070 1986 2121 nubibus
2033 2070 2211 2121 caelum
2239 2069 2500 2136 apparebit
2544 2085 2690 2121 arcus
2738 2086 2912 2133 meus,
2962 2082 3008 2122 et
3040 2072 3338 2123 recordabar

1775 2159 1973 2223 flecteris
1997 2159 2091 2208 mei
2121 2158 2393 2220 vobiscum,
2428 2167 2472 2210 et
2500 2174 2612 2209 cum
2640 2160 2774 2210 omni
2810 2161 2978 2211 anima
3016 2162 3200 2212 vivente
3226 2177 3336 2228 quia

1778 2255 1800 2292 ε
1829 2263 1977 2300 carne
2005 2256 2211 2314 vegetat,
2243 2257 2288 2299 et
2315 2263 2412 2299 non
2443 2258 2585 2299 erunt
2615 2250 2749 2298 ultra
2778 2265 2920 2316 aqua:
2945 2250 3121 2302 dilui-ii
3155 2252 3223 2302 ad
3251 2254 3338 2303 de-

1777 2337 1975 2388 lendam
2007 2337 2288 2388 universam
2316 2353 2532 2391 carnem.
2573 2342 2736 2391 Arcus
2778 2339 2826 2390 in
2870 2339 3003 2392 caelo
3053 2355 3216 2408 usque
3245 2342 3338 2392 ho-

1778 2427 1862 2479 die
1909 2428 2118 2496 quoties
2169 2429 2392 2489 videtur,
2445 2428 2651 2496 signum
2703 2429 2851 2480 nobis
2902 2428 3063 2481 divini
3124 2429 3336 2483 [uideris

1779 2515 1918 2582 quod
1953 2530 2054 2568 non
2086 2516 2152 2568 sit
2183 2517 2313 2568 ultra
2346 2524 2481 2568 terra
2515 2516 2711 2568 diluvio
2755 2516 3019 2582 perdenda
3057 2518 3106 2570 iti
3139 2514 3338 2571 memo-

1782 2607 1909 2659 riam
1943 2607 2183 2670 reducit;
2216 2606 2310 2659 sed
2359 2615 2415 2659 et
2460 2604 2617 2659 futuri
2642 2606 2822 2674 judicii
2873 2608 3008 2675 quod
3043 2623 3134 2675 per
3163 2609 3333 2675 ignem

1781 2708 1862 2750 est
1889 2697 2084 2751 mundo
2125 2699 2377 2760 futurum,
2423 2697 2470 2750 si
2521 2697 2652 2750 bene
2697 2698 3081 2762 consideretur,
3129 2699 3334 2766 signum

1783 2786 1930 2838 nobis
1961 2795 2080 2840 ante
2112 2786 2294 2839 oculos
2317 2786 2612 2853 praetendit.
2641 2785 2822 2852 Neque
2845 2788 2982 2839 enim
3016 2787 3205 2840 frustra
3235 2802 3336 2841 c.e-

1784 2874 1929 2927 ruleo
1961 2875 2114 2926 simul
2146 2885 2198 2928 et
2222 2873 2510 2928 rubicundo
2531 2875 2707 2927 colore
2737 2877 3060 2942 resplendet.
3085 2876 3180 2930 nisi
3213 2882 3334 2945 quia

1780 2963 2005 3016 caeruleo
2036 2962 2212 3028 colore
2240 2977 2490 3030 aquarum
2522 2977 2636 3031 quin
2670 2965 3056 3030 praeterierunt,
3088 2967 3335 3019 rubicun.

1778 3054 1846 3105 do
1893 3053 2215 3107 ﬂammarum
2268 3069 2382 3119 qua:
2414 3052 2439 3089 ⁸³
2472 3064 2702 3106 venturae
2749 3064 2871 3107 sunt
2910 3057 3056 3108 nobis
3096 3059 3333 3109 testimo-

1782 3145 1921 3197 nium
1977 3144 2231 3211 perhibet.
2281 3144 2414 3210 Apte
2463 3155 2633 3197 autem
2679 3159 2831 3198 arcus
2877 3147 3127 3209 cmlestis,
3175 3163 3330 3216 quem

119 3237 379 3305 °perire;
425 3247 478 3292 et
525 3235 681 3304 hujus
731 3233 1043 3288 sacramenti
1098 3246 1253 3284 causa
1303 3244 1514 3283 carnem
1555 3244 1676 3282 cum
1707 3271 1754 3333 ϐ
1787 3232 1906 3285 lriiu
1936 3243 2142 3298 vocant,
2195 3234 2244 3286 in
2291 3234 2494 3301 signum
2523 3234 2712 3289 divinte
2753 3239 3131 3303 propitiationis
3179 3238 3332 3306 poni-

119 3330 387 3395 sanguine
451 3343 552 3381 non
614 3328 733 3380 licet
761 3325 985 3389 comedi,
1043 3332 1103 3376 ut
1155 3325 1533 3377 admoneamur
1580 3321 1679 3374 hoc

123 3425 395 3483 pra-cepto
425 3429 633 3483 semper
657 3415 795 3482 quod
826 3417 888 3467 ad
929 3414 1208 3481 imaginem
1237 3411 1543 3466 Conditoris
1585 3424 1676 3462 no-

119 3509 214 3558 stri
280 3505 572 3559 secundum
625 3505 812 3557 anima:
859 3503 1202 3556 subSIautiam
1257 3500 1423 3555 creati
1471 3511 1674 3558 sumus,

119 3597 476 3663 eamdemque
523 3597 570 3649 in
609 3596 758 3648 nobis
804 3595 1082 3661 imaginem
1136 3591 1400 3660 peccando
1441 3605 1676 3643 corrum-

122 3701 252 3752 pere
281 3688 574 3742 timeamus.

189 3776 325 3828 Ηίεο
351 3792 543 3843 quoque
568 3776 699 3827 dixit
724 3773 859 3826 Deus
884 3776 950 3824 ad
983 3772 1093 3823 Noe
1115 3781 1157 3824 et
1178 3773 1243 3822 ad
1273 3771 1402 3837 ﬁlios
1423 3769 1534 3838 ejus
1561 3783 1674 3819 cum

115 3880 174 3916 eo
202 3879 225 3918 :
263 3863 396 3915 Ecce
439 3880 526 3931 ego
577 3871 793 3913 statuam
840 3870 1038 3928 pactum
1096 3875 1255 3910 meum
1300 3859 1572 3920 vobiscum,
1628 3865 1676 3907 et

115 3971 235 4006 cum
289 3956 478 4007 semine
524 3964 682 4006 vestro
713 3963 820 4020 post
849 3969 951 4014 vos,
985 3963 1036 4005 et
1064 3963 1255 4004 caetera
1307 3965 1473 4018 usque
1517 3951 1581 4002 ad
1624 3949 1675 4003 id

115 4047 261 4115 quod
320 4048 429 4098 ait:
463 4042 530 4096 Et
576 4058 888 4113 nequaquam
939 4042 1265 4106 interﬁcietur
1323 4040 1460 4091 ultra
1509 4041 1674 4092 omnis

115 4151 236 4189 raro
268 4136 415 4204 aquis
451 4134 660 4195 diluvii;
701 4149 854 4198 neque
881 4134 972 4184 erit
1003 4133 1235 4199 deinceps
1266 4130 1514 4182 diluvium
1560 4129 1668 4181 dis-

114 4227 298 4295 sipans
347 4236 549 4277 terram.
592 4225 739 4277 Patet
768 4223 955 4277 littera:
994 4236 1201 4285 sensus,
1222 4220 1339 4288 quia
1385 4235 1488 4271 non
1533 4219 1663 4270 ultra

118 4314 421 4368 timendum
473 4321 553 4365 est
599 4311 793 4365 mundo
841 4309 1091 4376 judicium
1143 4322 1312 4375 aquae,
1365 4306 1456 4359 sed
1510 4305 1666 4374 ignis,

113 4405 416 4469 crebraque
444 4399 752 4468 repetitione
791 4398 1120 4466 redarguitur
1167 4412 1227 4448 ae
1255 4396 1533 4447 damnatur
1564 4394 1670 4446 ha:-

114 4495 255 4545 resis
277 4492 543 4559 Origenis,
573 4489 656 4555 qui
686 4487 1039 4540 revolutioues
1069 4487 1382 4539 saeculorum
1437 4484 1672 4537 inﬁnito-

1787 3339 1887 3391 tur,
1921 3339 2072 3378 arcus
2101 3324 2291 3394 quippe
2323 3326 2409 3379 ille
2453 3327 2791 3393 resplendere
2823 3328 2956 3382 solet
2995 3330 3044 3382 in
3075 3330 3321 3396 nubibus,

1779 3428 1831 3469 et
1878 3416 2036 3469 radiis
2086 3416 2210 3470 solis
2251 3431 2353 3484 quo
2408 3418 2611 3470 roscida
2670 3417 2956 3470 illustratur
3008 3420 3323 3483 obscuritas,

1780 3517 1923 3574 grata
1955 3505 2344 3573 quodammodo
2374 3505 2708 3558 confessione
2740 3506 3076 3570 respondere.
3110 3507 3195 3556 Sol
3235 3520 3323 3557 er-

1778 3609 1845 3662 go
1886 3593 2104 3661 iustitiae
2149 3593 2387 3647 Christus
2429 3603 2546 3656 est,
2594 3593 2757 3646 nubes
2799 3594 2864 3645 ab
2911 3595 2998 3646 illo
3048 3594 3326 3647 illustrat-12

1781 3681 1968 3739 sancti.
1999 3695 2221 3747 quorum
2267 3681 2476 3732 nomina
2525 3683 2715 3747 scripta
2747 3691 2867 3733 sunt
2897 3680 2946 3733 in
2996 3683 3151 3743 ctelu,
3185 3692 3234 3734 et
3265 3682 3332 3736 de

1779 3770 1967 3837 quibus
2001 3769 2272 3823 Psalmista
2305 3788 2315 3821 :
2354 3769 2581 3833 Domine,
2611 3772 2661 3822 in
2690 3772 2811 3824 calo
2857 3764 3195 3824 misericordia
3224 3786 3328 3836 tua,

1778 3866 1822 3910 et
1854 3859 2034 3911 veritas
2071 3869 2156 3911 tua
2184 3876 2337 3929 usque
2363 3861 2428 3911 ad
2469 3861 2622 3913 nubes
2651 3859 2818 3926 (I’sal.
2857 3878 3010 3927 xxxv,
3041 3863 3111 3930 ϐ).
3147 3864 3203 3915 Et
3236 3878 3328 3927 :ip-

1778 3958 1996 4017 parente
2057 3965 2179 4004 arcu
2226 3952 2276 4004 in
2325 3951 2550 4003 nubibus
2613 3967 2809 4003 memor
2856 3954 2910 4004 iit
2969 3952 3331 4018 promissionis

1778 4053 1887 4093 sure
1933 4038 2203 4105 Dominus,
2253 4055 2318 4093 ne
2365 4041 2545 4106 perdat
2593 4049 2789 4092 terrain
2839 4043 3056 4104 diluvio,
3085 4042 3202 4108 quia
3234 4055 3326 4107 per

1780 4131 2180 4184 intercessiones
2228 4143 2549 4194 sanctorum,
2602 4132 2687 4195 qui
2737 4145 2834 4188 non
2878 4133 2944 4183 de
2981 4146 3099 4192 suo,
3132 4133 3222 4184 sed
3254 4134 3325 4186 de

1778 4219 1891 4284 ipso
1923 4220 2097 4272 lucere
2127 4219 2324 4282 sciunt,
2357 4219 2721 4285 propitiabitur
2753 4222 3010 4284 ﬁdelibus,
3043 4235 3160 4272 cum
3193 4237 3322 4276 ocu-

1778 4309 1856 4361 los
1883 4309 2074 4361 mentis
2097 4308 2162 4360 ad
2203 4308 2437 4361 caelestia
2467 4307 2809 4362 desideranda
2850 4312 3154 4375 SUSlOlltllll,
3184 4314 3327 4380 ejus-

1776 4412 1876 4461 que
1916 4398 2134 4467 gloriam
2188 4397 2237 4450 in
2283 4395 2688 4465 praecedentium
2713 4396 2976 4465 justorum
3015 4401 3181 4465 lactis,
3213 4403 3323 4456 sive

1778 4485 1947 4550 dictis,
1976 4500 2066 4540 seu
2091 4489 2244 4539 etiam
2289 4485 2299 4521 ί
2335 4499 2392 4538 se
2421 4486 2628 4554 sopitis,
2662 4497 2903 4553 tauquam
2936 4487 2984 4540 in
3025 4489 3189 4556 ipsius
3221 4506 3320 4542 nn.

113 4598 234 4636 rum
263 4581 460 4640 eodem
484 4579 669 4635 ordine
698 4591 906 4646 semper
935 4576 1253 4628 currentium
1274 4615 1287 4637 ,
1312 4574 1672 4642 dogmatizare
1705 4599 1758 4659 ι)
1782 4579 1951 4640 bibus,
1981 4587 2288 4645 agnoscunt,
2315 4576 2516 4644 eritque
2546 4590 2697 4630 arcus
2726 4576 2776 4629 in
2817 4578 3059 4643 nubibus,
3091 4591 3142 4633 οι
3177 4581 3324 4633 γωδ.

112 4671 482 4739 prmSumpsit.
512 4669 727 4737 Mystice
768 4677 941 4719 autem
975 4680 1076 4718 non
1119 4665 1352 4717 reditura
1395 4665 1443 4713 in
1476 4671 1672 4714 terram

113 4775 255 4828 aqua
310 4758 499 4812 diluvii
545 4759 802 4824 signiticet
844 4758 982 4824 quod
1030 4769 1165 4821 aqua
1216 4750 1459 4819 baptismi
1514 4752 1676 4804 semel

110 4863 344 4923 accepta
390 4865 492 4904 non
530 4852 663 4902 valet
700 4850 898 4914 repeti;
953 4850 1042 4915 qui
1087 4846 1225 4900 enim
1270 4846 1408 4899 lotus
1439 4852 1538 4909 est,
1576 4856 1677 4895 non

113 4945 329 5012 indiget
380 4951 434 4994 ut
479 4941 640 5001 lavet,
690 4949 747 4989 ut
779 4937 1031 4989 Dominus
1084 4937 1196 5002 ipse
1245 4943 1465 4990 testatur
1495 4933 1675 5001 (Joan.

110 5050 238 5098 xm,
281 5033 396 5100 10),
447 5031 638 5098 quique
666 5029 813 5094 aquis
857 5028 1248 5080 tribulationum
1307 5028 1470 5080 semel
1517 5025 1675 5078 abluti

110 5127 178 5176 ad
220 5123 456 5175 salutem
501 5134 788 5188 pervenere
819 5128 1146 5186 perpetuam,
1176 5131 1504 5183 nequaquam
1543 5117 1676 5167 ultra

112 5214 316 5283 iisdem
372 5213 520 5281 aquis
561 5206 868 5278 purgandib
901 5205 1281 5267 immittuntur,
1331 5203 1423 5256 sed
1472 5205 1574 5256 lacti
1626 5204 1676 5256 in

110 5314 389 5357 arternutu
446 5315 540 5354 suo
586 5299 919 5366 liedemptori
975 5298 1304 5349 cantabunt:
1338 5294 1679 5346 Transivimus

111 5410 204 5456 per
229 5393 408 5463 ignem
436 5398 482 5442 et
517 5381 722 5454 aquam,
774 5399 819 5442 et
867 5388 1110 5441 induxisti
1139 5402 1226 5438 nos
1257 5386 1309 5437 in
1358 5385 1679 5453 refrigerium

186 5580 214 5610 ο
244 5570 363 5629 AL,
396 5565 616 5629 periisse.

182 5641 213 5678 δ
253 5639 372 5700 AL,
399 5633 748 5687 immittuntur.

188 5712 209 5732 '
249 5709 365 5767 AL,
397 5705 521 5756 hac.

183 5779 211 5818 ἀ
248 5779 368 5841 AL,
398 5773 584 5842 pompis
612 5772 739 5839 ejus.

189 5869 214 5894 ο
244 5838 368 5913 ΑΙ
395 5838 528 5897 nocte
555 5838 664 5895 vili!
689 5838 1010 5907 (aitfusiont.

1782 4670 1848 4720 bo
1898 4667 2066 4730 illum,
2115 4675 2165 4719 et
2208 4665 2524 4718 recordabar
2574 4664 2784 4718 fmderis
2832 4669 3136 4732 sempiterni
3185 4673 3324 4734 quod

1781 4762 1970 4813 factum
2000 4768 2083 4810 est
2109 4758 2243 4810 inter
2290 4757 2446 4807 Deum
2477 4763 2529 4807 et
2573 4755 2707 4807 inter
2733 4771 2938 4807 omnem
2966 4757 3195 4808 animam
3246 4760 3328 4810 vi-

1779 4861 1987 4904 ventem
2023 4846 2279 4901 uuiversas
2307 4847 2480 4898 carnis
2509 4859 2624 4910 quin
2669 4853 2751 4895 est
2784 4858 2939 4910 super
2972 4855 3184 4898 terram.
3219 4847 3327 4900 Hu-

1782 4955 1935 4992 mano
1963 4951 2108 4989 more
2133 4935 2323 4988 dicitur
2352 4932 2615 4986 recordari
2654 4932 2793 4992 Deus
2825 4933 3035 4987 hederis
3063 4934 3158 4997 sui,
3213 4937 3328 4989 viso

1783 5031 1833 5080 in
1868 5027 2092 5080 nubibus
2123 5039 2267 5090 arcu,
2299 5021 2385 5090 qui
2413 5033 2624 5090 propter
2649 5023 2832 5074 merita
2862 5032 3182 5086 sanctorum,
3209 5023 3326 5090 qui-

1785 5119 1880 5170 bus
1911 5119 2024 5185 ipso
2055 5114 2350 5170 illustrante
2373 5113 2581 5180 gloriosi
2610 5120 2662 5164 et
2690 5113 2931 5186 emlestes
2949 5113 3197 5175 existunt,
3231 5130 3325 5167 no.

1782 5219 1903 5262 stne
1931 5205 2189 5274 l'ragililati
2235 5203 2403 5270 parcit
2449 5210 2501 5254 et
2530 5203 2839 5260 miseretur;
2872 5216 2971 5253 non
3001 5212 3174 5253 autem
3213 5202 3325 5270 ipse

1782 5299 1984 5350 noviter
2015 5293 2205 5361 aliquid
2239 5292 2562 5352 recordatur,
2597 5292 2682 5358 qui
2730 5291 2856 5343 nihil
2897 5306 3120 5357 unquam
3150 5302 3324 5358 patest

1782 5385 2040 5440 oblivisci.
2086 5384 2282 5438 Memor
2329 5383 2466 5435 enim
2519 5380 2612 5433 fuit
2663 5378 2714 5432 in
2751 5377 2998 5432 saeculum
3027 5383 3320 5435 testamenti

1861 5564 1880 5601 t
1912 5562 2010 5620 ,\|.,
2038 5575 2146 5609 cum
2170 5558 2437 5611 abduxero.

1859 5642 1880 5676 ις
1905 5632 1962 5680 Al
1994 5669 2007 5691 ,
2041 5643 2254 5678 carnem.

1863 5699 1884 5734 ιι
1910 5699 2013 5759 AL,
2040 5706 2263 5747 uentura.

1864 5770 1876 5805 λ
1907 5768 2011 5832 Al,
2042 5781 2100 5817 ne
2127 5780 2193 5817 se.
