3866 6248
971 452 1169 507 θειλε
1208 453 1659 508 \‘BNERABILIS
1696 449 1982 507 OPERUH
2027 449 2032 502 Ι

2139 449 2201 504 lS
2241 450 2302 504 ll.
2343 479 2407 490 -—
2449 450 2830 506 EXEGETICA
2873 451 3186 507 GENUINA.

3586 451 3678 505 lli

479 569 579 630 sui,
613 567 701 617 scd
732 562 880 616 nobis
927 571 1049 616 tunc
1099 563 1367 617 recordari
1397 563 1604 617 videtur
1636 562 1850 619 faleris
1885 560 2023 624 quod
2051 559 2098 618 Δ
2125 560 2374 615 Christum
2403 565 2720 630 cruciﬁxum,
2754 561 2948 616 Judcis
2974 568 3170 632 quidem
3195 565 3525 625 scandalum,
3564 581 3678 632 9a-

479 655 751 710 nobiscum
802 653 1015 721 pepigit,
1048 666 1167 705 cum
1210 654 1261 706 in
1303 653 1641 708 tribulatione
1668 653 1851 721 positis
1878 651 2025 705 ansi-

479 747 604 798 lium
634 759 740 796 sua:
765 742 1105 811 protectionis
1134 743 1425 809 impendit;
1459 745 1598 798 unde
1628 745 1761 798 bene
1790 744 1841 796 in
1881 742 2022 810 psal-

481 847 568 886 mo
596 847 659 886 cx
690 845 908 898 persona
941 831 1289 896 quorumdam
1328 832 1668 898 afllictorum,
1693 833 1884 902 quibus
1923 841 2023 886 tar-

476 927 601 977 dum
629 923 902 977 videbatur
931 923 1123 976 divina
1154 924 1442 978 subsidium
1471 933 1498 962 ⁸
1533 925 1755 993 pietatis,
1785 924 1982 978 dicitur
2011 940 2023 975 :

481 1016 649 1081 Quare
676 1016 853 1083 faciem
882 1027 1019 1066 tuam
1055 1016 1252 1079 arertis,
1297 1015 1593 1068 obliviscaris
1631 1016 1816 1082 inopia
1844 1025 2028 1066 nostra

476 1116 521 1157 et
551 1106 888 1158 tribulationis
916 1115 1096 1159 nostra:
1122 1105 1285 1173 (f’sal.
1322 1120 1467 1168 suit,
1498 1104 1632 1173 Si)?

546 1197 799 1265 Ccpitque
829 1195 939 1249 Noe
965 1197 1038 1248 rir
1064 1196 1289 1263 agricola
1317 1210 1544 1248 exercere
1565 1203 1774 1258 terram,
1805 1201 1849 1245 et
1878 1195 2027 1262 plan-

480 1295 598 1338 tavit
648 1289 861 1352 tineam,
911 1295 1015 1340 etc.
1066 1285 1214 1339 Libet
1253 1299 1392 1351 saepe
1440 1295 1678 1349 repetere
1725 1298 2024 1338 sermonem

481 1377 712 1442 Domini,
761 1393 915 1444 quem
961 1377 1091 1430 dixit
1140 1375 1332 1429 .lndaeis
1383 1392 1396 1424 :
1448 1375 1505 1428 Si
1543 1375 1806 1431 crederetis
1838 1373 2023 1442 Moysi,

478 1468 742 1519 crederetis
789 1467 999 1533 forsitan
1047 1477 1094 1518 et
1141 1466 1282 1529 mihi,
1317 1467 1379 1518 de
1415 1480 1492 1517 me
1533 1465 1664 1516 enim
1707 1465 1794 1516 ille
1832 1463 2028 1530 scripsit

480 1555 658 1625 (Joan.
694 1572 744 1613 ς,
777 1556 885 1620 46).
916 1553 1042 1606 Nam
1074 1563 1127 1607 et
1166 1555 1214 1605 in
1247 1553 1342 1606 bac
1372 1553 1593 1606 lectione
1623 1551 1828 1619 Moyses
1867 1549 2028 1604 histo-

482 1647 612 1697 riam
645 1656 827 1697 texens
853 1643 964 1698 Noe
993 1658 1052 1696 ac
1083 1643 1305 1696 ﬁliorum
1331 1643 1468 1710 ejus,
1497 1641 1788 1710 passionem
1819 1638 2025 1693 Domini

479 1734 920 1802 devotionemqne
950 1733 1274 1787 credentium
1309 1732 1358 1785 in
1405 1746 1522 1784 cum
1569 1729 1900 1796 populorum,
1933 1741 2030 1781 nec

482 1841 583 1876 non
615 1834 667 1878 et
700 1825 813 1875 ﬁdei
855 1824 1322 1877 contra‘dicentium
1373 1821 1640 1887 perﬁdiam
1691 1821 1911 1887 ﬁgurate
1937 1817 2029 1870 dc-

2126 651 2255 703 tibus
2278 662 2442 705 autem
2472 653 2735 707 stultitiam
2766 652 2815 724 (1
2841 653 2957 708 Cor.
2991 669 3028 717 ι,
3050 654 3168 721 23).
3200 653 3367 706 Porro
3393 653 3448 704 in
3479 654 3681 707 duobus

2130 742 2246 796 ﬁliis
2275 745 2503 799 maximo
2529 755 2585 799 et
2627 746 2845 799 minimo
2883 745 2956 798 illi
2987 756 3109 799 sunt
3140 745 3368 812 ﬁgurati,
3396 744 3465 797 de
3492 744 3683 811 quibus

2127 834 2506 902 sulmcquenter
2531 833 2731 888 addidit
2762 851 2775 885 :
2807 831 2943 902 Ipsis
2969 845 3135 887 autem
3163 833 3349 886 uocatis
3391 829 3593 884 Iuleis
3638 839 3682 884 et

2128 924 2353 992 gentibus
2395 923 2651 978 Christum
2699 923 2795 978 Dei
2854 925 3082 976 virtutem
3133 934 3178 976 et
3224 922 3320 975 Dei
3361 922 3680 990 sapientiam,

2127 1013 2401 1082 quiaquod
2427 1015 2634 1066 stutum
2682 1024 2756 1066 est
2796 1011 2892 1066 Dei
2927 1015 3206 1081 sapientius
3255 1023 3332 1068 est
3374 1013 3680 1074 hominibus,

2127 1099 2152 1138 δ
2182 1114 2226 1156 et
2255 1106 2388 1170 quod
2416 1104 2671 1171 inﬁmum
2695 1114 2767 1157 est
2795 1104 2889 1158 Dei
2917 1103 3096 1170 fortius
3135 1114 3209 1156 est
3248 1103 3557 1156 horninibus.
3586 1102 3682 1169 Qui

2129 1209 2287 1247 unum
2333 1193 2575 1262 idemque
2619 1196 2777 1248 ambo
2823 1205 3212 1250 sacramentum
3253 1193 3360 1262 jam
3401 1197 3682 1262 praterita

2128 1295 2282 1354 atque
2334 1295 2611 1339 transacta:
2679 1286 2959 1338 dominica:
3025 1283 3284 1352 passionis
3331 1282 3484 1351 quasi
3526 1296 3683 1334 unum

2129 1373 2337 1440 pallium
2386 1389 2414 1426 a
2458 1384 2604 1444 tergo
2652 1384 2880 1440 portant,
2912 1382 2966 1426 et
3007 1372 3295 1426 nuditatem
3327 1373 3488 1436 patris
3517 1383 3684 1435 neque

2129 1463 2416 1525 intuentur,
2449 1463 2566 1527 qnia
2598 1466 2648 1514 in
2677 1462 2874 1515 Christi
2917 1470 2940 1498 ο
2970 1476 3153 1516 necem
3193 1475 3294 1514 noli
3324 1462 3681 1524 consentiunt,

2127 1563 2179 1603 et
2205 1560 2377 1605 tamen
2409 1554 2668 1604 bonnrant
2701 1554 3020 1613 velamento,
3054 1562 3298 1618 tanquam
3328 1551 3558 1604 scientes
3587 1567 3683 1603 un-

2129 1640 2195 1693 de
2222 1641 2327 1693 sint
2357 1643 2486 1704 nati,
2519 1651 2573 1692 nt
2601 1653 2775 1694 essent
2809 1633 2910 1692 lilii
2940 1641 3311 1694 niisaricordia:
3348 1642 3436 1709 qui
3484 1643 3682 1694 fuerant

2129 1731 2183 1785 in
2216 1730 2380 1798 prima
2413 1730 2679 1784 nativitate
2705 1730 2798 1783 filii
2844 1730 2955 1784 iraa.
3000 1729 3199 1783 Medius
3234 1740 3410 1784 autem
3445 1730 3605 1794 filius,
3638 1731 3682 1784 id

2130 1832 2235 1886 est,
2281 1825 2504 1892 p0pulus
2533 1823 2858 1887 Judzorum,
2903 1823 2991 1889 qui
3037 1823 3155 1876 ideo
3183 1823 3388 1878 medius
3434 1833 3535 1887 est,
3566 1829 3679 1890 qun

481 1915 712 1975 nuntiat;
748 1912 856 1966 Noe
901 1913 1091 1979 qnippe
1123 1920 1312 1964 terram
1345 1923 1600 1964 exercens
1631 1909 1832 1960 vineam
1881 1907 2026 1973 j-lan-
2059 1887 2103 1947 Β
2132 1926 2228 1966 nec
2276 1887 2555 1980 primatum
2599 1887 2958 1980 apostolorum
3004 1914 3186 1976 tenuit,
3231 1926 3330 1966 nec
3373 1887 3597 1966 ultimus
3634 1914 3680 1964 in

480 2005 628 2061 tax-it,
655 2004 774 2070 quia
805 2002 1073 2063 Dumittus,
1106 2016 1284 2053 curam
1327 2001 1534 2068 generis
1567 1999 1776 2051 humani
1819 2011 2028 2066 gerens,

479 2096 804 2164 Synagngam
835 2092 1011 2145 Judra
1046 2094 1095 2144 in
1127 2101 1281 2160 gente
1318 2090 1618 2152 constituit;
1655 2088 1804 2156 cujus
1853 2085 2031 2140 videli-

478 2192 563 2237 cet
603 2184 764 2235 vineze
811 2191 865 2233 et
913 2180 1187 2233 Psaltnista
1236 2178 1473 2232 meminit
1517 2177 1698 2231 dicens
1747 2192 1759 2228 :
1823 2174 2030 2227 Vineam

483 2269 506 2307 δ
528 2287 588 2324 ea:
611 2269 835 2337 [Egypto
859 2267 1154 2320 transtulisti
1185 2266 1352 2336 (Psal.
1375 2281 1557 2330 Lutx,
1585 2265 1640 2331 9)
1663 2283 1676 2328 ;
1701 2274 1755 2317 el.
1780 2264 2030 2318 Dominus

481 2360 531 2412 in
566 2357 850 2426 Etangclio
874 2358 1094 2423 loquens
1115 2357 1178 2407 ad
1201 2355 1409 2408 .ludaeos
1429 2373 1440 2406 :
1463 2354 1654 2418 Homo,
1673 2354 1861 2422 inquit,
1885 2354 2032 2420 plan-

481 2450 599 2500 tarit
626 2447 815 2500 vineam
839 2455 884 2497 et
931 2460 1094 2512 sepem
1127 2443 1447 2495 circumdedit
1478 2445 1522 2496 ei
1552 2442 1702 2510 (Luc.
1753 2457 1840 2504 ιι,
1870 2441 1949 2509 9),
1979 2449 2032 2495 et

480 2549 667 2592 caetera
697 2551 859 2605 u<qne
897 2536 961 2588 ad
1004 2537 1156 2588 linem
1188 2534 1470 2602 parabolze,
1496 2532 1578 2586 ubi
1603 2530 1675 2585 ait
1708 2550 1719 2583 :
1753 2531 1888 2597 Quid
1913 2547 2032 2601 ergo

481 2629 626 2693 faciet
676 2625 918 2677 Dominus
962 2626 1114 2676 vincte
1159 2623 1394 2689 agricolis
1436 2622 1577 2674 illis?
1607 2621 1787 2674 Dicunt
1818 2638 1835 2674 :
1866 2621 2031 2676 Malos

481 2716 611 2768 male
634 2715 821 2784 perdet,
847 2722 894 2766 et
918 2714 1107 2786 vineam
1135 2712 1313 2764 locabit
1344 2713 1461 2764 aliis
1489 2712 1746 2780 agricolis.

550 2804 828 2870 [libensque
849 2803 1015 2855 vinum
1042 2800 1316 2853 inebriatus
1340 2809 1429 2864 est,
1463 2809 1510 2853 et
1536 2801 1755 2853 nudatus
1791 2800 1842 2852 in
1867 2800 2030 2854 taber-

481 2894 661 2947 naculo
685 2910 795 2945 suo.
831 2893 964 2946 Bibit
1010 2891 1183 2944 vinum
1228 2889 1482 2944 Dominus
1509 2905 1626 2944 cum
1664 2890 1880 2944 calicem
1913 2903 2029 2957 pas-

481 2986 644 3039 sionis
671 2986 892 3052 accepit.
922 2981 1208 3036 Inebriatus
1245 2979 1327 3035 est
1363 2981 1611 3046 bibendo,
1641 2995 1758 3036 cum
1788 2979 2030 3049 patiendo

483 3090 578 3143 pro
609 3074 758 3128 nobis
788 3088 953 3141 usque
979 3072 1042 3124 ad
1084 3072 1264 3126 mortis
1291 3080 1529 3126 extrema
1563 3072 1824 3141 pervenit.
1856 3069 2031 3124 Nuda-

485 3176 567 3216 tus
610 3175 689 3218 est
734 3163 786 3216 in
820 3162 1156 3216 tabernaculo
1185 3174 1301 3223 suo,
1334 3175 1453 3215 cum
1499 3159 1552 3214 in
1592 3162 1784 3230 populo
1819 3159 2060 3214 Judaeo-~

488 3270 622 3318 rum,
653 3269 807 3322 quem
839 3267 990 3306 suum
1036 3251 1232 3305 fecerat
1277 3251 1566 3318 proprium,
1594 3258 1648 3302 et
1689 3251 1741 3304 in
1783 3263 1888 3318 quo
1921 3248 2028 3317 jam

485 3343 679 3397 dudum
713 3344 850 3394 velut
896 3341 946 3394 in
995 3338 1330 3393 tabernaculo
1357 3352 1457 3392 suo
1494 3352 1708 3393 manere
1747 3353 2033 3393 consueve-

486 3442 586 3494 rat,
650 3429 835 3498 probra
894 3428 1272 3498 irrisionesque
1322 3428 1628 3492 sustinens,
1677 3427 1742 3481 ad
1795 3427 2032 3481 ultimum

485 3525 656 3575 crucis
708 3520 991 3589 patibulum
1050 3520 1245 3583 subiit,
1303 3517 1733 3573 manifesussime
1787 3517 2033 3571 omnibus

489 3613 808 3682 patefaciens
879 3609 1150 3662 veritatem
1219 3607 1522 3662 substantia:
1588 3605 1820 3661 mortalis
1875 3619 2032 3674 quam

490 3697 756 3763 suscipere
782 3692 1022 3762 dignatus
1044 3701 1146 3744 est.

562 3789 706 3855 Quod
749 3803 861 3840 cunt
900 3785 1095 3840 vidisset
1125 3785 1282 3837 Citam
1324 3792 1464 3853 pater
1500 3781 1780 3849 Chanaam,
1822 3785 2037 3835 verenda

489 3882 674 3934 scilicet
701 3881 854 3950 patris
883 3880 961 3932 sui
986 3895 1085 3932 esse
1115 3878 1325 3940 nudata,
1354 3877 1600 3930 nuntiavit
1627 3877 1819 3929 duobus
1864 3877 2034 3943 fratri-

491 3974 579 4024 bus
608 3971 715 4022 suis
739 3972 894 4037 foras.
928 3970 988 4020 At
1017 3983 1131 4020 vero
1158 3966 1277 4021 Sem
1305 3975 1351 4019 et
1388 3965 1608 4035 Japhetlt
1638 3965 1847 4033 pallium
1873 3965 2032 4032 impo-

491 4067 695 4112 suerunt
721 4056 940 4107 humeris
969 4055 1109 4116 suis;
1140 4063 1184 4105 et
1215 4054 1494 4106 incedentes
1527 4063 1801 4106 retrorsum
1828 4067 2036 4119 aperue-

492 4157 609 4199 runt
637 4147 847 4200 verenda
877 4145 1036 4214 patris
1066 4145 1162 4209 sui,
1196 4143 1440 4211 faciesque
1463 4158 1636 4197 eorum
1663 4157 1847 4196 aversa:
1871 4151 2032 4208 crant,

492 4250 536 4292 et
574 4238 729 4306 patris
760 4237 920 4289 virilia
962 4250 1058 4287 non
1089 4235 1334 4287 viderunt.
1379 4232 1539 4286 Citam
1571 4234 1657 4302 qui
1688 4234 1911 4287 verenda
1956 4235 2036 4287 sui

493 4329 658 4396 patris
692 4339 710 4367 ε
746 4326 938 4379 nudata
969 4324 1298 4392 conspiciens
1343 4323 1528 4387 irrisit,
1561 4321 1806 4390 populum
1832 4321 2040 4375 ιιιὼιιο-

496 4437 609 4475 tum
635 4417 1084 4474 contradicenlem
1119 4424 1273 4481 atque
1310 4413 1631 4467 incredulutn
1659 4412 1920 4480 designat,
1950 4411 2039 4478 qui

494 4514 790 4581 passionem
825 4505 1028 4558 Domini
1055 4512 1109 4557 et
1136 4501 1430 4557 Salvatoris
1449 4503 1616 4555 nostri
1648 4503 1814 4570 magis
1845 4500 2040 4554 habere

494 4599 816 4665 contemptui
848 4597 1110 4663 periturus
1157 4608 1310 4661 quam
1358 4593 1637 4646 salvandus
1676 4607 1768 4662 per
1795 4606 1909 4646 eam
1940 4591 2037 4645 ho-

497 4690 671 4743 norari
702 4685 975 4756 gaudebat,
1007 4686 1092 4754 qui
1134 4693 1187 4736 et
1233 4682 1482 4737 fratribus
1525 4681 1634 4736 suis
1678 4698 1794 4751 quas
1821 4684 2041 4740 accidis-

495 4790 614 4836 sent
657 4781 785 4848 patri
819 4779 958 4830 foras
997 4775 1242 4839 narravit,
1273 4775 1390 4842 quia
1422 4789 1513 4842 per
1540 4775 1708 4842 ipsum
1739 4775 2040 4831 manifesta-

498 4879 610 4922 tum
642 4878 722 4920 est
768 4875 820 4919 et
863 4863 1247 4932 quodammodo
1292 4863 1608 4928 publicatum
1655 4865 1794 4933 quod
1837 4867 2038 4919 eratin

499 4957 772 5022 prophetia
821 4962 1078 5006 secretum
1131 4953 1387 5019 passionis
1431 4953 1706 5008 dominica
1744 4968 2042 5009 sacramen-

498 5052 628 5107 tnm,
671 5040 845 5111 quoad
877 5039 1119 5095 secunda:
1167 5041 1517 5107 generationis
1558 5043 1752 5096 (lotium
1799 5042 2037 5107 pervcni-

498 5152 646 5199 nms;
676 5133 816 5188 unde
844 5132 969 5186 dicit
1013 5131 1292 5198 Apustolus
1325 5148 1334 5181 :
1369 5131 1477 5183 Nos
1515 5143 1681 5186 autem
1713 5134 2042 5197 pradicamus

566 5317 588 5339 ⁸
625 5307 704 5358 Al.
718 5345 730 5366 ,
759 5303 1033 5369 potestatis.

564 5374 590 5410 δ
620 5375 729 5434 ΑΙ..
757 5376 818 5424 de
849 5369 1093 5439 Egypto.

570 5455 589 5477 τ
623 5443 704 5493 ΑΙ.
733 5441 871 5492 derat
907 5442 1117 5490 nudata.

566 5509 591 5545 ἀ
627 5508 704 5560 AI.
738 5513 879 5562 deest
909 5518 952 5558 et
981 5511 1112 5572 quod
1141 5506 1394 5573 inﬁrmant
1419 5519 1489 5562 est
1517 5507 1608 5564 Dei
1646 5509 1825 5578 fortius
1853 5524 1926 5565 est
1955 5514 2042 5564 Ito-

498 5579 730 5632 tninibus.

569 5658 592 5683 ⁸
625 5647 728 5708 AL,
762 5660 893 5696 nece.

569 5716 587 5753 τ
623 5717 731 5771 ΑΙ..
761 5729 892 5764 nece.

465 5848 467 5850 η
565 5796 589 5834 s
621 5787 703 5837 Al.
736 5783 877 5837 deest
905 5778 1153 5833 uidelicet.

2127 2001 2369 2070 gentibus
2413 2001 2653 2064 credidit,
2686 2001 2816 2054 vidit
2863 2001 3150 2055 nuditatem
3198 2001 3384 2069 patris,
3414 2003 3532 2069 quia
3560 2017 3680 2056 con-

2127 2094 2289 2147 sensit
2338 2091 2388 2144 in
2443 2089 2460 2128 ί
2519 2105 2700 2145 necem
2748 2090 2960 2144 Cbristi.
3017 2090 3157 2145 Bene
3197 2102 3372 2146 autem
3402 2092 3593 2146 dicitur
3621 2093 3680 2144 de

2127 2181 2332 2235 duobus
2364 2181 2464 2234 illis
2491 2181 2628 2249 quod
2661 2180 2892 2234 faciebas
2936 2179 3134 2234 aversis
3181 2182 3479 2235 verecunda
3522 2185 3679 2249 patris

2128 2270 2435 2332 velaverint,
2464 2271 2606 2324 velut
2633 2271 2823 2338 quibus
2852 2270 3042 2323 factum
3070 2271 3343 2324 societate
3373 2272 3537 2324 vineae
3572 2273 3678 2324 dis-

2131 2359 2368 2429 plicuerit
2405 2378 2418 2410 :
2454 2375 2569 2428 qua:
2597 2368 2621 2405 ι
2645 2359 2889 2413 videlicet
2917 2359 3090 2423 vinea,
3119 2358 3172 2411 id
3195 2369 3295 2422 est,
3326 2373 3456 2428 gens
3478 2359 3675 2422 Jndzea,

2129 2459 2379 2519 quantum
2409 2464 2437 2503 a
2469 2449 2738 2502 nobilitate
2784 2459 3000 2516 paterna
3033 2446 3058 2484 ιι
3090 2449 3507 2517 degeneraverit.
3551 2459 3677 2503 tvm-

2131 2552 2257 2607 pore
2283 2538 2560 2591 duminica:
2591 2538 2851 2605 passionis
2884 2538 3098 2607 mystice
3127 2539 3387 2606 signatum
3413 2547 3516 2600 est,
3561 2553 3675 2590 cum

2130 2625 2328 2680 sitienti
2359 2627 2408 2678 in
2438 2640 2595 2680 cruce
2631 2625 2855 2679 Domino
2901 2636 3103 2680 acetum
3152 2640 3247 2692 pm
3292 2626 3414 2679 vino
3451 2627 3675 2689 obtulit;

2129 2715 2341 2770 sitiebat
2368 2718 2510 2769 enim
2544 2716 2631 2770 ille
2677 2716 2832 2770 tidem
2875 2730 2938 2768 ac
2973 2715 3310 2769 dilectionem
3341 2715 3513 2782 gentis
3536 2717 3677 2781 ejus-

2129 2806 2274 2871 dem,
2325 2807 2416 2862 sed
2459 2805 2546 2860 illa
2597 2822 2690 2876 pro
2737 2808 2995 2861 suavitate
3037 2806 3181 2871 ﬁdei,
3218 2822 3281 2861 ac
3323 2807 3525 2862 fervore
3551 2809 3679 2861 dile-

2130 2896 2340 2963 ctionis,
2388 2895 2636 2952 acredine
2681 2897 2822 2951 illum
2867 2895 2974 2950 odii
3019 2907 3175 2965 atque
3222 2895 3544 2952 inﬁdelitatis
3588 2912 3676 2967 po-

2132 2986 2282 3040 tavit.

2201 3077 2460 3147 Evigilans
2499 3088 2662 3132 autem
2709 3078 2822 3132 Noe
2860 3095 2921 3132 ex
2959 3078 3096 3142 uino,
3124 3095 3238 3131 cum
3282 3079 3536 3133 didicisset
3572 3093 3679 3147 qua

2137 3170 2318 3235 fecerat
2347 3168 2391 3219 ei
2419 3167 2554 3234 ﬁlius
2578 3183 2697 3219 suus
2723 3169 2911 3229 minor,
2932 3167 3002 3218 ait
3027 3181 3046 3219 :
3074 3165 3376 3220 Maledictus
3401 3166 3675 3230 Chanaan,

2136 3273 2299 3310 serrus
2333 3272 2587 3310 servorum
2615 3257 2708 3308 erit
2739 3257 2978 3323 fratribus
3005 3257 3128 3308 suis.
3165 3256 3430 3325 Evigilans
3457 3271 3519 3312 es
3557 3258 3677 3309 vino

2136 3344 2246 3398 Noe
2275 3344 2575 3413 progeniem
2607 3344 2722 3413 ejus
2748 3359 2774 3396 a
2805 3357 2907 3411 qua
2951 3343 3130 3398 irrisus
3156 3355 3235 3399 est
3267 3345 3558 3411 maledicit;
3591 3360 3679 3400 eos

2137 3448 2261 3489 vero
2289 3435 2374 3503 qni
2417 3449 2475 3487 se
2519 3443 2573 3487 ut
2601 3446 2798 3502 patrem
2828 3433 3153 3487 honoravere
3194 3434 3555 3488 benedictione
3589 3436 3679 3489 de-

2137 3523 2242 3576 bita
2287 3531 2620 3585 remunerat;
2671 3533 2724 3574 et
2779 3520 3026 3575 Dominus
3069 3521 3217 3590 juxta
3265 3537 3446 3578 vocem
3500 3523 3680 3591 psalmi

2139 3613 2310 3683 (Psal.
2344 3628 2423 3679 ιιι,
2455 3613 2507 3679 6)
2540 3627 2658 3666 cum
2689 3611 2973 3666 dormisset
3001 3613 3053 3665 in
3081 3620 3273 3676 morte,
3301 3627 3363 3667 ac
3390 3625 3680 3683 resurgeret

2136 3705 2467 3768 immortalis,
2518 3702 2773 3772 percussit
2818 3717 3003 3756 omnes
3049 3701 3388 3779 adversantes
3431 3706 3535 3759 sibi
3570 3708 3680 3759 sine

2135 3809 2313 3860 eiusa,
2364 3795 2651 3862 dentesque
2698 3801 3027 3862 peccaton
3073 3793 3348 3858 contrivit;
3391 3809 3552 3864 super
3593 3808 3680 3863 po-

2138 3885 2312 3954 pulum
2345 3897 2469 3933 vei-o
2516 3896 2668 3934 suum
2721 3881 3138 3934 benedictionem
3190 3894 3462 3949 perpetu:
3501 3886 3683 3936 salutis

2139 3972 2381 4042 profudit.
2413 3969 2523 4022 Non
2571 3973 2739 4021 solum
2779 3979 2952 4022 autem
2996 3966 3262 4023 Chanaam
3307 3971 3682 4034 maledictioni,

2137 4062 2228 4116 sed
2255 4061 2412 4114 etiam
2443 4058 2658 4112 servitio
2696 4054 2923 4120 fratrum
2972 4072 3186 4112 suorum
3228 4059 3528 4128 subjicitur.
3555 4061 3684 4127 Quid

2127 4166 2215 4208 est
2240 4154 2378 4209 enim
2407 4153 2545 4204 aliud
2577 4150 2732 4205 hodie
2755 4163 2883 4219 gens
2927 4151 3059 4218 ipsa,
3091 4149 3189 4204 nisi
3227 4152 3472 4219 quasdam
3509 4152 3524 4189 ι
3560 4153 3685 4206 scri-

2151 4245 2314 4298 niaria
2359 4243 2796 4305 Christianorum,
2849 4240 3086 4310 bajulans
3119 4241 3286 4312 legem
3314 4251 3369 4296 et
3407 4244 3686 4312 prophetas

2140 4335 2205 4388 ad
2235 4333 2587 4388 testimonium
2619 4332 2923 4385 assertionis
2952 4331 3223 4398 Ecclesiae,
3255 4325 3310 4387 ut
3341 4347 3436 4387 nos
3465 4336 3688 4388 honore-

2141 4437 2260 4478 mus
2291 4437 2382 4490 ρετ
2419 4429 2804 4474 sacramentum
2834 4421 2972 4489 quod
3005 4422 3020 4471 l
3058 4422 3262 4477 nuntiat
3291 4423 3379 4476 illa
3422 4436 3524 4492 per
3555 4423 3689 4477 litte-

2142 4525 2273 4564 ram.
2828 4525 2833 4530 ’

2216 4598 2449 4662 Dixitque
2504 4612 2521 4648 :
2575 4593 2872 4648 Benedictus
2928 4594 3174 4649 Dominus
3226 4595 3364 4652 Deus
3417 4597 3578 4664 Sen;
3630 4602 3690 4654 sit

2141 4689 2395 4742 Chanaam
2423 4702 2596 4740 servus
2625 4689 2754 4758 ejus.
2798 4686 3033 4741 Diximus
3075 4689 3123 4740 in
3169 4687 3292 4742 Srm
3339 4680 3690 4762 primogenita

2143 4778 2168 4817 ι
2193 4780 2300 4834 lilio
2325 4778 2434 4832 Noe
2464 4777 2773 4845 primitivam
2807 4776 3113 4842 Ecclesiae),
3145 4793 3262 4846 qua
3298 4792 3362 4832 es
3403 4779 3692 4835 Israelitico

2143 4870 2333 4939 populo
2359 4868 2580 4922 collecta
2608 4877 2707 4930 eat,
2733 4867 2788 4920 in
2815 4867 3040 4935 lapbeth
3084 4868 3300 4920 minimo
3340 4866 3449 4922 lilio
3478 4851 3695 4924 electio.

2144 4973 2262 5013 nem
2295 4955 2526 5024 gentium
2552 4969 2667 5022 qum
2692 4964 2870 5009 secuta
2895 4965 2973 5009 est
3011 4970 3130 5009 esse
3165 4955 3526 5025 designatam;
3559 4959 3692 5015 inde

2142 5057 2195 5102 ct
2223 5055 2362 5101 recte
2388 5045 2581 5100 dicitur
2610 5063 2621 5096 :

2214 5136 2506 5191 Benedictus
2553 5131 2805 5190 Donfinus.
2849 5133 2986 5190 Deus
3032 5135 3170 5192 Sent.
3201 5135 3510 5206 Quanquam
3555 5141 3692 5196 enim

2214 5313 2239 5350 δ
2265 5314 2368 5374 AL,
2400 5313 2683 5380 degenerat.

2221 5393 2236 5418 ι
2270 5385 2389 5435 meo
2420 5381 2577 5434 verba
2602 5379 2892 5452 desumpsit
2919 5377 3057 5430 Beda
3080 5391 3154 5452 es
3174 5381 3693 5452 sa_ncto_Auguatino.

2147 5454 2217 5506 lib
2266 5468 2332 5504 ιιι
2378 5459 2556 5503 contra
2608 5446 2895 5508 Faustum,
2943 5460 3060 5512 cap.
3089 5446 3179 5501 23.
3217 5448 3424 5504 Similia
3451 5446 3619 5506 Iialfet
3646 5455 3692 5505 in

2147 5521 2407 5601 Psalmum
2435 5533 2520 5582 ιι..
2548 5533 2604 5571 n.
2630 5518 2714 5579 14,
2736 5524 2790 5569 et
2814 5516 2864 5570 in
2897 5515 3152 5572 Psalmum
3185 5532 3293 5582 ut,
3322 5531 3378 5574 tt.
3407 5518 3460 5584 9,
3487 5530 3547 5576 et
3572 5522 3693 5577 alibi

2146 5604 2357 5661 passim.
2693 5654 2703 5664 θ

2219 5662 2232 5708 l
2272 5660 2354 5712 ΑΙ.
2385 5658 2533 5711 deest
2560 5663 2776 5705 nuntiat.

2217 5729 2240 5766 ι
2273 5729 2353 5783 ΔΙ.
2387 5728 2530 5782 deest
2557 5722 2684 5789 ﬁlio.
2792 5787 2800 5791 _
