  <div class='ocr_page' id='page_1' title='image "/cluster/home/n/w/nwhite01/storage/ocr_20150623/90-91/uva.x000827075/690.png"; bbox 0 0 3866 6248; ppageno 0'>
   <div class='ocr_carea' id='block_1_1' title="bbox 220 274 314 329">
    <p class='ocr_par' dir='ltr' id='par_1_1' title="bbox 220 274 314 329">
     <span class='ocr_line' id='line_1_1' title="bbox 220 274 314 329; baseline 0.011 -2"><span class='ocrx_word' id='word_1_1' title='bbox 220 274 314 329; x_wconf 69' lang='grc'><strong>115</strong></span> 
     </span>
    </p>
   </div>
   <div class='ocr_carea' id='block_1_2' title="bbox 1435 271 2162 328">
    <p class='ocr_par' dir='ltr' id='par_1_2' title="bbox 1435 271 2162 328">
     <span class='ocr_line' id='line_1_2' title="bbox 1435 271 2162 328; baseline -0.001 0"><span class='ocrx_word' id='word_1_2' title='bbox 1435 271 1895 328; x_wconf 69' lang='grc' dir='ltr'><strong>ΠΕΧΑΕΜΕΒΟΝ</strong></span> <span class='ocrx_word' id='word_1_3' title='bbox 1937 272 2058 328; x_wconf 80' lang='lat' dir='ltr'><strong>LIB.</strong></span> <span class='ocrx_word' id='word_1_4' title='bbox 2103 273 2162 327; x_wconf 91' lang='lat' dir='ltr'><strong>ll.</strong></span> 
     </span>
    </p>
   </div>
   <div class='ocr_carea' id='block_1_3' title="bbox 3297 278 3398 331">
    <p class='ocr_par' dir='ltr' id='par_1_3' title="bbox 3297 278 3398 331">
     <span class='ocr_line' id='line_1_3' title="bbox 3297 278 3398 331; baseline -0.01 -1"><span class='ocrx_word' id='word_1_5' title='bbox 3297 278 3398 331; x_wconf 59' lang='lat' dir='ltr'><strong>lli-</strong></span> 
     </span>
    </p>
   </div>
   <div class='ocr_carea' id='block_1_4' title="bbox 219 379 3393 452">
    <p class='ocr_par' dir='ltr' id='par_1_4' title="bbox 219 379 3393 452">
     <span class='ocr_line' id='line_1_4' title="bbox 219 379 3393 452; baseline -0.001 -14"><span class='ocrx_word' id='word_1_6' title='bbox 219 388 278 438; x_wconf 75' lang='lat' dir='ltr'><strong>sit</strong></span> <span class='ocrx_word' id='word_1_7' title='bbox 309 386 448 440; x_wconf 82' lang='lat' dir='ltr'><strong>Deus</strong></span> <span class='ocrx_word' id='word_1_8' title='bbox 478 380 708 435; x_wconf 87' lang='lat' dir='ltr'><strong>omnium</strong></span> <span class='ocrx_word' id='word_1_9' title='bbox 737 393 851 450; x_wconf 86' lang='lat' dir='ltr'><strong>gent</strong></span> <span class='ocrx_word' id='word_1_10' title='bbox 868 379 991 447; x_wconf 90' lang='lat' dir='ltr'><strong>ium,</strong></span> <span class='ocrx_word' id='word_1_11' title='bbox 1021 383 1403 450; x_wconf 85' lang='lat' dir='ltr'><strong>quodammodo</strong></span> <span class='ocrx_word' id='word_1_12' title='bbox 1438 396 1609 437; x_wconf 87' lang='lat' dir='ltr'><strong>tamen</strong></span> <span class='ocrx_word' id='word_1_13' title='bbox 1635 398 1754 450; x_wconf 87' lang='lat' dir='ltr'><strong>pro-</strong></span> <span class='ocrx_word' id='word_1_14' title='bbox 1785 387 1831 444; x_wconf 78' lang='grc' dir='ltr'>Α</span> <span class='ocrx_word' id='word_1_15' title='bbox 1857 383 1966 437; x_wconf 88' lang='lat' dir='ltr'><strong>lere</strong></span> <span class='ocrx_word' id='word_1_16' title='bbox 2013 382 2252 443; x_wconf 83' lang='lat' dir='ltr'><strong>nefando,</strong></span> <span class='ocrx_word' id='word_1_17' title='bbox 2302 382 2379 437; x_wconf 82' lang='lat' dir='ltr'><strong>vel</strong></span> <span class='ocrx_word' id='word_1_18' title='bbox 2429 381 2686 436; x_wconf 86' lang='lat' dir='ltr'><strong>horrenda</strong></span> <span class='ocrx_word' id='word_1_19' title='bbox 2735 381 2951 446; x_wconf 96' lang='lat' dir='ltr'><strong>ultione,</strong></span> <span class='ocrx_word' id='word_1_20' title='bbox 3005 384 3271 452; x_wconf 85' lang='lat' dir='ltr'><strong>probatum</strong></span> <span class='ocrx_word' id='word_1_21' title='bbox 3313 396 3393 441; x_wconf 82' lang='lat' dir='ltr'><strong>est</strong></span> 
     </span>
    </p>
   </div>
   <div class='ocr_carea' id='block_1_5' title="bbox 218 473 1759 543">
    <p class='ocr_par' dir='ltr' id='par_1_5' title="bbox 218 473 1759 543">
     <span class='ocr_line' id='line_1_5' title="bbox 218 473 1759 543; baseline 0.001 -18"><span class='ocrx_word' id='word_1_22' title='bbox 218 477 330 541; x_wconf 79' lang='lat' dir='ltr'><strong>prio</strong></span> <span class='ocrx_word' id='word_1_23' title='bbox 366 474 612 528; x_wconf 80' lang='lat' dir='ltr'><strong>vocabulo</strong></span> <span class='ocrx_word' id='word_1_24' title='bbox 639 482 692 528; x_wconf 91' lang='lat' dir='ltr'><strong>et</strong></span> <span class='ocrx_word' id='word_1_25' title='bbox 722 483 745 510; x_wconf 73' lang='grc'><strong><em>³</em></strong></span> <span class='ocrx_word' id='word_1_26' title='bbox 778 473 827 526; x_wconf 91' lang='lat' dir='ltr'><strong>in</strong></span> <span class='ocrx_word' id='word_1_27' title='bbox 859 473 984 540; x_wconf 87' lang='lat' dir='ltr'><strong>ipsis</strong></span> <span class='ocrx_word' id='word_1_28' title='bbox 1008 474 1116 543; x_wconf 92' lang='lat' dir='ltr'><strong>jam</strong></span> <span class='ocrx_word' id='word_1_29' title='bbox 1139 474 1383 543; x_wconf 85' lang='lat' dir='ltr'><strong>gentibus</strong></span> <span class='ocrx_word' id='word_1_30' title='bbox 1409 475 1594 527; x_wconf 88' lang='lat' dir='ltr'><strong>dicitur</strong></span> <span class='ocrx_word' id='word_1_31' title='bbox 1624 474 1759 528; x_wconf 88' lang='lat' dir='ltr'><strong>Deus</strong></span> 
     </span>
    </p>
   </div>
   <div class='ocr_carea' id='block_1_6' title="bbox 220 562 1764 629">
    <p class='ocr_par' dir='ltr' id='par_1_6' title="bbox 220 562 1764 629">
     <span class='ocr_line' id='line_1_6' title="bbox 220 562 1764 629; baseline -0.001 -11"><span class='ocrx_word' id='word_1_32' title='bbox 220 565 416 629; x_wconf 83' lang='lat' dir='ltr'><strong>Israel;</strong></span> <span class='ocrx_word' id='word_1_33' title='bbox 449 574 502 619; x_wconf 90' lang='lat' dir='ltr'><strong>et</strong></span> <span class='ocrx_word' id='word_1_34' title='bbox 530 564 672 617; x_wconf 87' lang='lat' dir='ltr'><strong>unde</strong></span> <span class='ocrx_word' id='word_1_35' title='bbox 697 563 795 616; x_wconf 91' lang='lat' dir='ltr'><strong>hoc</strong></span> <span class='ocrx_word' id='word_1_36' title='bbox 833 564 1021 616; x_wconf 78' lang='lat' dir='ltr'><strong>tactum</strong></span> <span class='ocrx_word' id='word_1_37' title='bbox 1054 572 1152 626; x_wconf 84' lang='lat' dir='ltr'><strong>est,</strong></span> <span class='ocrx_word' id='word_1_38' title='bbox 1184 562 1280 615; x_wconf 83' lang='lat' dir='ltr'><strong>nisi</strong></span> <span class='ocrx_word' id='word_1_39' title='bbox 1308 577 1368 616; x_wconf 87' lang='lat' dir='ltr'><strong>ex</strong></span> <span class='ocrx_word' id='word_1_40' title='bbox 1400 562 1764 617; x_wconf 67' lang='lat' dir='ltr'><strong>healed-ctione</strong></span> 
     </span>
    </p>
   </div>
   <div class='ocr_carea' id='block_1_7' title="bbox 221 651 1761 724">
    <p class='ocr_par' dir='ltr' id='par_1_7' title="bbox 221 651 1761 724">
     <span class='ocr_line' id='line_1_7' title="bbox 221 651 1761 724; baseline -0.002 -16"><span class='ocrx_word' id='word_1_41' title='bbox 221 654 489 724; x_wconf 73' lang='lat' dir='ltr'><strong>Japhcth?</strong></span> <span class='ocrx_word' id='word_1_42' title='bbox 520 653 574 707; x_wconf 89' lang='lat' dir='ltr'><strong>In</strong></span> <span class='ocrx_word' id='word_1_43' title='bbox 621 653 814 720; x_wconf 88' lang='lat' dir='ltr'><strong>populo</strong></span> <span class='ocrx_word' id='word_1_44' title='bbox 855 652 996 706; x_wconf 88' lang='lat' dir='ltr'><strong>enim</strong></span> <span class='ocrx_word' id='word_1_45' title='bbox 1025 652 1257 721; x_wconf 85' lang='lat' dir='ltr'><strong>gentium</strong></span> <span class='ocrx_word' id='word_1_46' title='bbox 1294 651 1474 704; x_wconf 87' lang='lat' dir='ltr'><strong>orbem</strong></span> <span class='ocrx_word' id='word_1_47' title='bbox 1504 659 1761 705; x_wconf 81' lang='lat' dir='ltr'><strong>terrarum</strong></span> 
     </span>
    </p>
   </div>
   <div class='ocr_carea' id='block_1_8' title="bbox 223 737 1762 810">
    <p class='ocr_par' dir='ltr' id='par_1_8' title="bbox 223 737 1762 810">
     <span class='ocr_line' id='line_1_8' title="bbox 223 737 1762 810; baseline -0.001 -15"><span class='ocrx_word' id='word_1_48' title='bbox 223 741 496 809; x_wconf 81' lang='lat' dir='ltr'><strong>occupavit</strong></span> <span class='ocrx_word' id='word_1_49' title='bbox 526 741 774 795; x_wconf 77' lang='lat' dir='ltr'><strong>Ecclesia.</strong></span> <span class='ocrx_word' id='word_1_50' title='bbox 809 739 916 794; x_wconf 86' lang='lat' dir='ltr'><strong>lloc</strong></span> <span class='ocrx_word' id='word_1_51' title='bbox 941 755 1156 810; x_wconf 78' lang='lat' dir='ltr'><strong>prorsus</strong></span> <span class='ocrx_word' id='word_1_52' title='bbox 1181 737 1206 775; x_wconf 68' lang='grc' dir='ltr'>δ</span> <span class='ocrx_word' id='word_1_53' title='bbox 1240 740 1616 808; x_wconf 65' lang='lat' dir='ltr'><strong>pranuntiatur</strong></span> <span class='ocrx_word' id='word_1_54' title='bbox 1643 755 1762 795; x_wconf 90' lang='lat' dir='ltr'><strong>cum</strong></span> 
     </span>
    </p>
   </div>
   <div class='ocr_carea' id='block_1_9' title="bbox 224 832 836 899">
    <p class='ocr_par' dir='ltr' id='par_1_9' title="bbox 224 832 836 899">
     <span class='ocr_line' id='line_1_9' title="bbox 224 832 836 899; baseline -0.008 -12"><span class='ocrx_word' id='word_1_55' title='bbox 224 833 415 887; x_wconf 89' lang='lat' dir='ltr'><strong>dicitur</strong></span> <span class='ocrx_word' id='word_1_56' title='bbox 438 832 836 899; x_wconf 76' lang='lat' dir='ltr'><strong>subsequentur.</strong></span> 
     </span>
    </p>
   </div>
   <div class='ocr_carea' id='block_1_10' title="bbox 296 938 1762 1012">
    <p class='ocr_par' dir='ltr' id='par_1_10' title="bbox 296 938 1762 1012">
     <span class='ocr_line' id='line_1_10' title="bbox 296 938 1762 1012; baseline -0.002 -16"><span class='ocrx_word' id='word_1_57' title='bbox 296 942 484 996; x_wconf 86' lang='lat' dir='ltr'><strong>Dilatet</strong></span> <span class='ocrx_word' id='word_1_58' title='bbox 510 940 646 994; x_wconf 88' lang='lat' dir='ltr'><strong>Deus</strong></span> <span class='ocrx_word' id='word_1_59' title='bbox 665 939 904 1012; x_wconf 77' lang='lat' dir='ltr'><strong>Jupheth,</strong></span> <span class='ocrx_word' id='word_1_60' title='bbox 931 949 975 992; x_wconf 86' lang='lat' dir='ltr'><strong>et</strong></span> <span class='ocrx_word' id='word_1_61' title='bbox 1000 940 1182 995; x_wconf 71' lang='lat' dir='ltr'><strong>habitet</strong></span> <span class='ocrx_word' id='word_1_62' title='bbox 1196 940 1244 993; x_wconf 85' lang='lat' dir='ltr'><strong>in</strong></span> <span class='ocrx_word' id='word_1_63' title='bbox 1265 940 1594 995; x_wconf 79' lang='lat' dir='ltr'><strong>tabernaculis</strong></span> <span class='ocrx_word' id='word_1_64' title='bbox 1622 938 1762 995; x_wconf 79' lang='lat' dir='ltr'><strong>Sent.</strong></span> 
     </span>
    </p>
   </div>
   <div class='ocr_carea' id='block_1_11' title="bbox 224 1029 1765 1100">
    <p class='ocr_par' dir='ltr' id='par_1_11' title="bbox 224 1029 1765 1100">
     <span class='ocr_line' id='line_1_11' title="bbox 224 1029 1765 1100; baseline -0.004 -12"><span class='ocrx_word' id='word_1_65' title='bbox 224 1033 282 1088; x_wconf 90' lang='lat' dir='ltr'><strong>ln</strong></span> <span class='ocrx_word' id='word_1_66' title='bbox 326 1031 668 1086; x_wconf 87' lang='lat' dir='ltr'><strong>tabernaculis</strong></span> <span class='ocrx_word' id='word_1_67' title='bbox 706 1031 897 1099; x_wconf 80' lang='lat' dir='ltr'><strong>quippe</strong></span> <span class='ocrx_word' id='word_1_68' title='bbox 923 1030 1045 1086; x_wconf 88' lang='lat' dir='ltr'><strong>Sem</strong></span> <span class='ocrx_word' id='word_1_69' title='bbox 1080 1039 1102 1065; x_wconf 72' lang='grc' dir='ltr'><strong>ε</strong></span> <span class='ocrx_word' id='word_1_70' title='bbox 1134 1029 1334 1084; x_wconf 88' lang='lat' dir='ltr'><strong>habitat</strong></span> <span class='ocrx_word' id='word_1_71' title='bbox 1359 1029 1612 1100; x_wconf 81' lang='lat' dir='ltr'><strong>Japheth,</strong></span> <span class='ocrx_word' id='word_1_72' title='bbox 1641 1029 1765 1099; x_wconf 92' lang='lat' dir='ltr'><strong>quia</strong></span> 
     </span>
    </p>
   </div>
   <div class='ocr_carea' id='block_1_12' title="bbox 225 1118 1766 1189">
    <p class='ocr_par' dir='ltr' id='par_1_12' title="bbox 225 1118 1766 1189">
     <span class='ocr_line' id='line_1_12' title="bbox 225 1118 1766 1189; baseline -0.003 -12"><span class='ocrx_word' id='word_1_73' title='bbox 225 1123 278 1177; x_wconf 90' lang='lat' dir='ltr'><strong>in</strong></span> <span class='ocrx_word' id='word_1_74' title='bbox 311 1123 410 1176; x_wconf 83' lang='lat' dir='ltr'><strong>ﬁde</strong></span> <span class='ocrx_word' id='word_1_75' title='bbox 440 1121 848 1189; x_wconf 77' lang='lat' dir='ltr'><strong>patriarcharum</strong></span> <span class='ocrx_word' id='word_1_76' title='bbox 875 1130 930 1174; x_wconf 92' lang='lat' dir='ltr'><strong>et</strong></span> <span class='ocrx_word' id='word_1_77' title='bbox 970 1119 1358 1189; x_wconf 78' lang='lat' dir='ltr'><strong>praphetarum,</strong></span> <span class='ocrx_word' id='word_1_78' title='bbox 1391 1119 1442 1173; x_wconf 89' lang='lat' dir='ltr'><strong>in</strong></span> <span class='ocrx_word' id='word_1_79' title='bbox 1479 1118 1766 1187; x_wconf 83' lang='lat' dir='ltr'><strong>Scripturis</strong></span> 
     </span>
    </p>
   </div>
   <div class='ocr_carea' id='block_1_13' title="bbox 225 1208 1770 1282">
    <p class='ocr_par' dir='ltr' id='par_1_13' title="bbox 225 1208 1770 1282">
     <span class='ocr_line' id='line_1_13' title="bbox 225 1208 1770 1282; baseline 0 -14"><span class='ocrx_word' id='word_1_80' title='bbox 225 1213 565 1282; x_wconf 84' lang='lat' dir='ltr'><strong>propheticis,</strong></span> <span class='ocrx_word' id='word_1_81' title='bbox 596 1212 645 1265; x_wconf 91' lang='lat' dir='ltr'><strong>in</strong></span> <span class='ocrx_word' id='word_1_82' title='bbox 680 1212 1024 1266; x_wconf 81' lang='lat' dir='ltr'><strong>sacramentis</strong></span> <span class='ocrx_word' id='word_1_83' title='bbox 1069 1211 1322 1280; x_wconf 74' lang='lat' dir='ltr'><strong>legalibus</strong></span> <span class='ocrx_word' id='word_1_84' title='bbox 1349 1209 1650 1279; x_wconf 80' lang='lat' dir='ltr'><strong>spiritaliter</strong></span> <span class='ocrx_word' id='word_1_85' title='bbox 1678 1208 1770 1268; x_wconf 87' lang='lat' dir='ltr'><strong>in-.</strong></span> 
     </span>
    </p>
   </div>
   <div class='ocr_carea' id='block_1_14' title="bbox 225 1301 1766 1374">
    <p class='ocr_par' dir='ltr' id='par_1_14' title="bbox 225 1301 1766 1374">
     <span class='ocr_line' id='line_1_14' title="bbox 225 1301 1766 1374; baseline -0.005 -13"><span class='ocrx_word' id='word_1_86' title='bbox 225 1307 471 1370; x_wconf 86' lang='lat' dir='ltr'><strong>tellectis,</strong></span> <span class='ocrx_word' id='word_1_87' title='bbox 499 1305 859 1374; x_wconf 70' lang='lat' dir='ltr'><strong>peregrinatur</strong></span> <span class='ocrx_word' id='word_1_88' title='bbox 886 1302 1115 1357; x_wconf 77' lang='lat' dir='ltr'><strong>Ecclesia</strong></span> <span class='ocrx_word' id='word_1_89' title='bbox 1143 1301 1196 1357; x_wconf 92' lang='lat' dir='ltr'><strong>in</strong></span> <span class='ocrx_word' id='word_1_90' title='bbox 1229 1301 1398 1357; x_wconf 89' lang='lat' dir='ltr'><strong>terris.</strong></span> <span class='ocrx_word' id='word_1_91' title='bbox 1430 1301 1766 1356; x_wconf 82' lang='lat' dir='ltr'><strong>Tabernacu-</strong></span> 
     </span>
    </p>
   </div>
   <div class='ocr_carea' id='block_1_15' title="bbox 223 1392 1767 1464">
    <p class='ocr_par' dir='ltr' id='par_1_15' title="bbox 223 1392 1767 1464">
     <span class='ocr_line' id='line_1_15' title="bbox 223 1392 1767 1464; baseline -0.002 -11"><span class='ocrx_word' id='word_1_92' title='bbox 223 1399 293 1453; x_wconf 88' lang='lat' dir='ltr'><strong>lis</strong></span> <span class='ocrx_word' id='word_1_93' title='bbox 335 1411 556 1464; x_wconf 81' lang='lat' dir='ltr'><strong>namque</strong></span> <span class='ocrx_word' id='word_1_94' title='bbox 602 1396 654 1450; x_wconf 90' lang='lat' dir='ltr'><strong>in</strong></span> <span class='ocrx_word' id='word_1_95' title='bbox 699 1395 838 1452; x_wconf 90' lang='lat' dir='ltr'><strong>bello</strong></span> <span class='ocrx_word' id='word_1_96' title='bbox 874 1394 956 1449; x_wconf 84' lang='lat' dir='ltr'><strong>vel</strong></span> <span class='ocrx_word' id='word_1_97' title='bbox 1005 1394 1194 1449; x_wconf 80' lang='lat' dir='ltr'><strong>itinere</strong></span> <span class='ocrx_word' id='word_1_98' title='bbox 1241 1393 1314 1449; x_wconf 88' lang='lat' dir='ltr'><strong>uti</strong></span> <span class='ocrx_word' id='word_1_99' title='bbox 1358 1395 1609 1460; x_wconf 79' lang='lat' dir='ltr'><strong>solemus,</strong></span> <span class='ocrx_word' id='word_1_100' title='bbox 1635 1392 1767 1451; x_wconf 91' lang='lat' dir='ltr'><strong>etin</strong></span> 
     </span>
    </p>
   </div>
   <div class='ocr_carea' id='block_1_16' title="bbox 224 1485 1768 1556">
    <p class='ocr_par' dir='ltr' id='par_1_16' title="bbox 224 1485 1768 1556">
     <span class='ocr_line' id='line_1_16' title="bbox 224 1485 1768 1556; baseline -0.002 -14"><span class='ocrx_word' id='word_1_101' title='bbox 224 1487 576 1542; x_wconf 81' lang='lat' dir='ltr'><strong>tabernaculis</strong></span> <span class='ocrx_word' id='word_1_102' title='bbox 603 1485 872 1541; x_wconf 87' lang='lat' dir='ltr'><strong>lsraelitici</strong></span> <span class='ocrx_word' id='word_1_103' title='bbox 900 1485 1071 1556; x_wconf 87' lang='lat' dir='ltr'><strong>populi</strong></span> <span class='ocrx_word' id='word_1_104' title='bbox 1097 1500 1211 1554; x_wconf 84' lang='lat' dir='ltr'><strong>nos,</strong></span> <span class='ocrx_word' id='word_1_105' title='bbox 1239 1485 1328 1554; x_wconf 90' lang='lat' dir='ltr'><strong>qui</strong></span> <span class='ocrx_word' id='word_1_106' title='bbox 1349 1485 1415 1540; x_wconf 88' lang='lat' dir='ltr'><strong>dc</strong></span> <span class='ocrx_word' id='word_1_107' title='bbox 1433 1485 1676 1556; x_wconf 90' lang='lat' dir='ltr'><strong>gentibus</strong></span> <span class='ocrx_word' id='word_1_108' title='bbox 1704 1485 1768 1540; x_wconf 91' lang='lat' dir='ltr'><strong>ad</strong></span> 
     </span>
    </p>
   </div>
   <div class='ocr_carea' id='block_1_17' title="bbox 222 1557 1766 1645">
    <p class='ocr_par' dir='ltr' id='par_1_17' title="bbox 222 1557 1766 1645">
     <span class='ocr_line' id='line_1_17' title="bbox 222 1557 1766 1645; baseline 0 -15"><span class='ocrx_word' id='word_1_109' title='bbox 222 1557 489 1630; x_wconf 75' lang='lat' dir='ltr'><strong>Christum</strong></span> <span class='ocrx_word' id='word_1_110' title='bbox 516 1577 776 1641; x_wconf 76' lang='lat' dir='ltr'><strong>venimus,</strong></span> <span class='ocrx_word' id='word_1_111' title='bbox 807 1575 1118 1640; x_wconf 91' lang='lat' dir='ltr'><strong>habitamus,</strong></span> <span class='ocrx_word' id='word_1_112' title='bbox 1150 1577 1270 1642; x_wconf 85' lang='lat' dir='ltr'><strong>quia</strong></span> <span class='ocrx_word' id='word_1_113' title='bbox 1317 1575 1563 1630; x_wconf 85' lang='lat' dir='ltr'><strong>nimirum</strong></span> <span class='ocrx_word' id='word_1_114' title='bbox 1600 1591 1766 1645; x_wconf 57' lang='lat' dir='ltr'><strong>quan.</strong></span> 
     </span>
    </p>
   </div>
   <div class='ocr_carea' id='block_1_18' title="bbox 225 1665 1766 1735">
    <p class='ocr_par' dir='ltr' id='par_1_18' title="bbox 225 1665 1766 1735">
     <span class='ocr_line' id='line_1_18' title="bbox 225 1665 1766 1735; baseline 0 -15"><span class='ocrx_word' id='word_1_115' title='bbox 225 1668 316 1720; x_wconf 89' lang='lat' dir='ltr'><strong>diu</strong></span> <span class='ocrx_word' id='word_1_116' title='bbox 349 1666 400 1722; x_wconf 94' lang='lat' dir='ltr'><strong>in</strong></span> <span class='ocrx_word' id='word_1_117' title='bbox 433 1667 588 1735; x_wconf 93' lang='lat' dir='ltr'><strong>hujus</strong></span> <span class='ocrx_word' id='word_1_118' title='bbox 618 1667 735 1722; x_wconf 82' lang='lat' dir='ltr'><strong>vitte</strong></span> <span class='ocrx_word' id='word_1_119' title='bbox 755 1667 839 1721; x_wconf 83' lang='lat' dir='ltr'><strong>via</strong></span> <span class='ocrx_word' id='word_1_120' title='bbox 870 1666 1022 1735; x_wconf 82' lang='lat' dir='ltr'><strong>positi</strong></span> <span class='ocrx_word' id='word_1_121' title='bbox 1051 1667 1315 1720; x_wconf 72' lang='lat' dir='ltr'><strong>cq-lestem</strong></span> <span class='ocrx_word' id='word_1_122' title='bbox 1349 1665 1565 1734; x_wconf 87' lang='lat' dir='ltr'><strong>patriam</strong></span> <span class='ocrx_word' id='word_1_123' title='bbox 1592 1666 1766 1735; x_wconf 75' lang='lat' dir='ltr'><strong>suSpi-</strong></span> 
     </span>
    </p>
   </div>
   <div class='ocr_carea' id='block_1_19' title="bbox 225 1744 1766 1827">
    <p class='ocr_par' dir='ltr' id='par_1_19' title="bbox 225 1744 1766 1827">
     <span class='ocr_line' id='line_1_19' title="bbox 225 1744 1766 1827; baseline -0.002 -14"><span class='ocrx_word' id='word_1_124' title='bbox 225 1773 428 1821; x_wconf 83' lang='lat' dir='ltr'><strong>ramus,</strong></span> <span class='ocrx_word' id='word_1_125' title='bbox 457 1758 686 1827; x_wconf 85' lang='lat' dir='ltr'><strong>quandiu</strong></span> <span class='ocrx_word' id='word_1_126' title='bbox 713 1767 894 1812; x_wconf 89' lang='lat' dir='ltr'><strong>contra</strong></span> <span class='ocrx_word' id='word_1_127' title='bbox 925 1744 1138 1810; x_wconf 83' lang='lat' dir='ltr'><strong>insidias</strong></span> <span class='ocrx_word' id='word_1_128' title='bbox 1165 1755 1361 1825; x_wconf 88' lang='lat' dir='ltr'><strong>antiqui</strong></span> <span class='ocrx_word' id='word_1_129' title='bbox 1399 1755 1585 1821; x_wconf 86' lang='lat' dir='ltr'><strong>hostis,</strong></span> <span class='ocrx_word' id='word_1_130' title='bbox 1613 1754 1766 1810; x_wconf 87' lang='lat' dir='ltr'><strong>Chri-</strong></span> 
     </span>
    </p>
   </div>
   <div class='ocr_carea' id='block_1_20' title="bbox 191 1845 1772 1919">
    <p class='ocr_par' dir='ltr' id='par_1_20' title="bbox 191 1845 1772 1919">
     <span class='ocr_line' id='line_1_20' title="bbox 191 1845 1772 1919; baseline -0.001 -19"><span class='ocrx_word' id='word_1_131' title='bbox 191 1846 468 1919; x_wconf 8' lang='lat' dir='ltr'><strong>‘studuce</strong></span> <span class='ocrx_word' id='word_1_132' title='bbox 497 1857 654 1914; x_wconf 88' lang='lat' dir='ltr'><strong>atque</strong></span> <span class='ocrx_word' id='word_1_133' title='bbox 693 1845 951 1911; x_wconf 87' lang='lat' dir='ltr'><strong>adjutore,</strong></span> <span class='ocrx_word' id='word_1_134' title='bbox 1001 1853 1284 1906; x_wconf 87' lang='lat' dir='ltr'><strong>certamus,</strong></span> <span class='ocrx_word' id='word_1_135' title='bbox 1333 1858 1545 1898; x_wconf 88' lang='lat' dir='ltr'><strong>necesse</strong></span> <span class='ocrx_word' id='word_1_136' title='bbox 1591 1854 1671 1898; x_wconf 88' lang='lat' dir='ltr'><strong>est</strong></span> <span class='ocrx_word' id='word_1_137' title='bbox 1717 1852 1772 1898; x_wconf 91' lang='lat' dir='ltr'><strong>ut</strong></span> 
     </span>
    </p>
   </div>
   <div class='ocr_carea' id='block_1_21' title="bbox 221 1930 1772 2003">
    <p class='ocr_par' dir='ltr' id='par_1_21' title="bbox 221 1930 1772 2003">
     <span class='ocr_line' id='line_1_21' title="bbox 221 1930 1772 2003; baseline -0.001 -14"><span class='ocrx_word' id='word_1_138' title='bbox 221 1950 435 2002; x_wconf 85' lang='lat' dir='ltr'><strong>semper</strong></span> <span class='ocrx_word' id='word_1_139' title='bbox 458 1936 792 2003; x_wconf 83' lang='lat' dir='ltr'><strong>antiquorum</strong></span> <span class='ocrx_word' id='word_1_140' title='bbox 838 1944 1039 2000; x_wconf 89' lang='lat' dir='ltr'><strong>patrum</strong></span> <span class='ocrx_word' id='word_1_141' title='bbox 1084 1933 1217 1986; x_wconf 88' lang='lat' dir='ltr'><strong>dicta</strong></span> <span class='ocrx_word' id='word_1_142' title='bbox 1249 1934 1439 1999; x_wconf 72' lang='lat' dir='ltr'><strong>pariter</strong></span> <span class='ocrx_word' id='word_1_143' title='bbox 1457 1942 1519 1986; x_wconf 46' lang='lat' dir='ltr'><strong>‘et</strong></span> <span class='ocrx_word' id='word_1_144' title='bbox 1559 1930 1691 1985; x_wconf 91' lang='lat' dir='ltr'><strong>facta</strong></span> <span class='ocrx_word' id='word_1_145' title='bbox 1719 1943 1772 1987; x_wconf 90' lang='lat' dir='ltr'><strong>et</strong></span> 
     </span>
    </p>
   </div>
   <div class='ocr_carea' id='block_1_22' title="bbox 221 2021 1767 2092">
    <p class='ocr_par' dir='ltr' id='par_1_22' title="bbox 221 2021 1767 2092">
     <span class='ocr_line' id='line_1_22' title="bbox 221 2021 1767 2092; baseline -0.002 -12"><span class='ocrx_word' id='word_1_146' title='bbox 221 2041 390 2092; x_wconf 84' lang='lat' dir='ltr'><strong>opera</strong></span> <span class='ocrx_word' id='word_1_147' title='bbox 418 2025 468 2078; x_wconf 91' lang='lat' dir='ltr'><strong>in</strong></span> <span class='ocrx_word' id='word_1_148' title='bbox 499 2025 796 2092; x_wconf 88' lang='lat' dir='ltr'><strong>exemplum</strong></span> <span class='ocrx_word' id='word_1_149' title='bbox 827 2024 945 2078; x_wconf 67' lang='lat' dir='ltr'><strong>vitae</strong></span> <span class='ocrx_word' id='word_1_150' title='bbox 987 2031 1041 2076; x_wconf 92' lang='lat' dir='ltr'><strong>et</strong></span> <span class='ocrx_word' id='word_1_151' title='bbox 1081 2021 1421 2090; x_wconf 81' lang='lat' dir='ltr'><strong>professionis</strong></span> <span class='ocrx_word' id='word_1_152' title='bbox 1468 2030 1767 2086; x_wconf 81' lang='lat' dir='ltr'><strong>teneamus;</strong></span> 
     </span>
    </p>
   </div>
   <div class='ocr_carea' id='block_1_23' title="bbox 221 2112 1771 2186">
    <p class='ocr_par' dir='ltr' id='par_1_23' title="bbox 221 2112 1771 2186">
     <span class='ocr_line' id='line_1_23' title="bbox 221 2112 1771 2186; baseline -0.001 -17"><span class='ocrx_word' id='word_1_153' title='bbox 221 2126 485 2186; x_wconf 85' lang='lat' dir='ltr'><strong>quatenus</strong></span> <span class='ocrx_word' id='word_1_154' title='bbox 524 2115 709 2169; x_wconf 91' lang='lat' dir='ltr'><strong>horum</strong></span> <span class='ocrx_word' id='word_1_155' title='bbox 757 2113 1065 2168; x_wconf 87' lang='lat' dir='ltr'><strong>auctoritate</strong></span> <span class='ocrx_word' id='word_1_156' title='bbox 1095 2113 1333 2180; x_wconf 82' lang='lat' dir='ltr'><strong>pretecti,</strong></span> <span class='ocrx_word' id='word_1_157' title='bbox 1363 2112 1556 2166; x_wconf 86' lang='lat' dir='ltr'><strong>certius</strong></span> <span class='ocrx_word' id='word_1_158' title='bbox 1599 2127 1660 2167; x_wconf 90' lang='lat' dir='ltr'><strong>ac</strong></span> <span class='ocrx_word' id='word_1_159' title='bbox 1687 2127 1771 2167; x_wconf 87' lang='lat' dir='ltr'><strong>se-</strong></span> 
     </span>
    </p>
   </div>
   <div class='ocr_carea' id='block_1_24' title="bbox 224 2199 1773 2273">
    <p class='ocr_par' dir='ltr' id='par_1_24' title="bbox 224 2199 1773 2273">
     <span class='ocr_line' id='line_1_24' title="bbox 224 2199 1773 2273; baseline -0.003 -14"><span class='ocrx_word' id='word_1_160' title='bbox 224 2209 407 2260; x_wconf 83' lang='lat' dir='ltr'><strong>curius</strong></span> <span class='ocrx_word' id='word_1_161' title='bbox 454 2204 519 2258; x_wconf 89' lang='lat' dir='ltr'><strong>ad</strong></span> <span class='ocrx_word' id='word_1_162' title='bbox 567 2202 792 2273; x_wconf 86' lang='lat' dir='ltr'><strong>palmam</strong></span> <span class='ocrx_word' id='word_1_163' title='bbox 842 2201 1279 2257; x_wconf 86' lang='lat' dir='ltr'><strong>remunerationis</strong></span> <span class='ocrx_word' id='word_1_164' title='bbox 1330 2199 1560 2269; x_wconf 66' lang='lat' dir='ltr'><strong>perfecto</strong></span> <span class='ocrx_word' id='word_1_165' title='bbox 1609 2215 1773 2270; x_wconf 84' lang='lat' dir='ltr'><strong>agone</strong></span> 
     </span>
    </p>
   </div>
   <div class='ocr_carea' id='block_1_25' title="bbox 226 2292 1768 2364">
    <p class='ocr_par' dir='ltr' id='par_1_25' title="bbox 226 2292 1768 2364">
     <span class='ocr_line' id='line_1_25' title="bbox 226 2292 1768 2364; baseline -0.002 -14"><span class='ocrx_word' id='word_1_166' title='bbox 226 2298 524 2352; x_wconf 71' lang='lat' dir='ltr'><strong>tendamus.</strong></span> <span class='ocrx_word' id='word_1_167' title='bbox 556 2294 802 2364; x_wconf 86' lang='lat' dir='ltr'><strong>Congruit</strong></span> <span class='ocrx_word' id='word_1_168' title='bbox 823 2303 994 2348; x_wconf 90' lang='lat' dir='ltr'><strong>autem</strong></span> <span class='ocrx_word' id='word_1_169' title='bbox 1029 2293 1344 2360; x_wconf 81' lang='lat' dir='ltr'><strong>profectibus</strong></span> <span class='ocrx_word' id='word_1_170' title='bbox 1373 2302 1566 2347; x_wconf 69' lang='lat' dir='ltr'><strong>sanctae</strong></span> <span class='ocrx_word' id='word_1_171' title='bbox 1589 2292 1768 2347; x_wconf 82' lang='lat' dir='ltr'><strong>Eccle-</strong></span> 
     </span>
    </p>
   </div>
   <div class='ocr_carea' id='block_1_26' title="bbox 226 2379 1770 2454">
    <p class='ocr_par' dir='ltr' id='par_1_26' title="bbox 226 2379 1770 2454">
     <span class='ocr_line' id='line_1_26' title="bbox 226 2379 1770 2454; baseline -0.004 -14"><span class='ocrx_word' id='word_1_172' title='bbox 226 2390 340 2454; x_wconf 70' lang='lat' dir='ltr'><strong>siae,</strong></span> <span class='ocrx_word' id='word_1_173' title='bbox 369 2387 557 2454; x_wconf 87' lang='lat' dir='ltr'><strong>quibus</strong></span> <span class='ocrx_word' id='word_1_174' title='bbox 584 2386 765 2440; x_wconf 86' lang='lat' dir='ltr'><strong>orbem</strong></span> <span class='ocrx_word' id='word_1_175' title='bbox 796 2383 1028 2451; x_wconf 82' lang='lat' dir='ltr'><strong>implevit</strong></span> <span class='ocrx_word' id='word_1_176' title='bbox 1059 2391 1246 2444; x_wconf 89' lang='lat' dir='ltr'><strong>totum,</strong></span> <span class='ocrx_word' id='word_1_177' title='bbox 1277 2385 1434 2436; x_wconf 88' lang='lat' dir='ltr'><strong>etiam</strong></span> <span class='ocrx_word' id='word_1_178' title='bbox 1468 2395 1656 2435; x_wconf 88' lang='lat' dir='ltr'><strong>nomen</strong></span> <span class='ocrx_word' id='word_1_179' title='bbox 1680 2379 1770 2435; x_wconf 76' lang='lat' dir='ltr'><strong>Ja-</strong></span> 
     </span>
    </p>
   </div>
   <div class='ocr_carea' id='block_1_27' title="bbox 227 2471 1769 2546">
    <p class='ocr_par' dir='ltr' id='par_1_27' title="bbox 227 2471 1769 2546">
     <span class='ocr_line' id='line_1_27' title="bbox 227 2471 1769 2546; baseline -0.003 -16"><span class='ocrx_word' id='word_1_180' title='bbox 227 2475 413 2546; x_wconf 80' lang='lat' dir='ltr'><strong>pheth,</strong></span> <span class='ocrx_word' id='word_1_181' title='bbox 441 2476 579 2544; x_wconf 90' lang='lat' dir='ltr'><strong>quod</strong></span> <span class='ocrx_word' id='word_1_182' title='bbox 625 2475 867 2530; x_wconf 84' lang='lat' dir='ltr'><strong>Latitudo</strong></span> <span class='ocrx_word' id='word_1_183' title='bbox 894 2474 1111 2538; x_wconf 88' lang='lat' dir='ltr'><strong>dicitur;</strong></span> <span class='ocrx_word' id='word_1_184' title='bbox 1144 2471 1279 2526; x_wconf 88' lang='lat' dir='ltr'><strong>unde</strong></span> <span class='ocrx_word' id='word_1_185' title='bbox 1306 2471 1544 2527; x_wconf 88' lang='lat' dir='ltr'><strong>alludeus</strong></span> <span class='ocrx_word' id='word_1_186' title='bbox 1581 2472 1644 2526; x_wconf 91' lang='lat' dir='ltr'><strong>ad</strong></span> <span class='ocrx_word' id='word_1_187' title='bbox 1673 2487 1769 2526; x_wconf 86' lang='lat' dir='ltr'><strong>no-</strong></span> 
     </span>
    </p>
   </div>
   <div class='ocr_carea' id='block_1_28' title="bbox 227 2561 1772 2635">
    <p class='ocr_par' dir='ltr' id='par_1_28' title="bbox 227 2561 1772 2635">
     <span class='ocr_line' id='line_1_28' title="bbox 227 2561 1772 2635; baseline -0.005 -12"><span class='ocrx_word' id='word_1_188' title='bbox 227 2584 350 2623; x_wconf 84' lang='lat' dir='ltr'><strong>men</strong></span> <span class='ocrx_word' id='word_1_189' title='bbox 380 2567 574 2635; x_wconf 83' lang='lat' dir='ltr'><strong>ipsum,</strong></span> <span class='ocrx_word' id='word_1_190' title='bbox 605 2565 730 2621; x_wconf 85' lang='lat' dir='ltr'><strong>dicit</strong></span> <span class='ocrx_word' id='word_1_191' title='bbox 761 2564 869 2620; x_wconf 80' lang='lat' dir='ltr'><strong>Noe</strong></span> <span class='ocrx_word' id='word_1_192' title='bbox 903 2582 915 2617; x_wconf 91' lang='lat'><strong>:</strong></span> <span class='ocrx_word' id='word_1_193' title='bbox 950 2564 1133 2618; x_wconf 89' lang='lat' dir='ltr'><strong>Dilatet</strong></span> <span class='ocrx_word' id='word_1_194' title='bbox 1163 2561 1297 2616; x_wconf 86' lang='lat' dir='ltr'><strong>Deus</strong></span> <span class='ocrx_word' id='word_1_195' title='bbox 1335 2561 1576 2628; x_wconf 79' lang='lat' dir='ltr'><strong>Japltetlt,</strong></span> <span class='ocrx_word' id='word_1_196' title='bbox 1602 2562 1649 2617; x_wconf 91' lang='lat' dir='ltr'><strong>id</strong></span> <span class='ocrx_word' id='word_1_197' title='bbox 1671 2570 1772 2628; x_wconf 88' lang='lat' dir='ltr'><strong>est,</strong></span> 
     </span>
    </p>
   </div>
   <div class='ocr_carea' id='block_1_29' title="bbox 231 2647 1775 2719">
    <p class='ocr_par' dir='ltr' id='par_1_29' title="bbox 231 2647 1775 2719">
     <span class='ocr_line' id='line_1_29' title="bbox 231 2647 1775 2719; baseline -0.005 -8"><span class='ocrx_word' id='word_1_198' title='bbox 231 2647 255 2686; x_wconf 78' lang='grc' dir='ltr'><strong>ί¹</strong></span> <span class='ocrx_word' id='word_1_199' title='bbox 283 2657 634 2711; x_wconf 85' lang='lat' dir='ltr'><strong>latitudinem.</strong></span> <span class='ocrx_word' id='word_1_200' title='bbox 681 2655 821 2710; x_wconf 86' lang='lat' dir='ltr'><strong>Bene</strong></span> <span class='ocrx_word' id='word_1_201' title='bbox 854 2663 877 2692; x_wconf 79' lang='grc' dir='ltr'><strong><em>ο</em></strong></span> <span class='ocrx_word' id='word_1_202' title='bbox 906 2663 1076 2707; x_wconf 73' lang='lat' dir='ltr'><strong>autem</strong></span> <span class='ocrx_word' id='word_1_203' title='bbox 1107 2652 1243 2719; x_wconf 88' lang='lat' dir='ltr'><strong>quod</strong></span> <span class='ocrx_word' id='word_1_204' title='bbox 1273 2651 1466 2706; x_wconf 89' lang='lat' dir='ltr'><strong>dictum</strong></span> <span class='ocrx_word' id='word_1_205' title='bbox 1509 2650 1674 2705; x_wconf 78' lang='lat' dir='ltr'><strong>fuerat</strong></span> <span class='ocrx_word' id='word_1_206' title='bbox 1708 2651 1775 2705; x_wconf 89' lang='lat' dir='ltr'><strong>de</strong></span> 
     </span>
    </p>
   </div>
   <div class='ocr_carea' id='block_1_30' title="bbox 222 2741 1810 2814">
    <p class='ocr_par' dir='ltr' id='par_1_30' title="bbox 222 2741 1810 2814">
     <span class='ocr_line' id='line_1_30' title="bbox 222 2741 1810 2814; baseline -0.004 -12"><span class='ocrx_word' id='word_1_207' title='bbox 222 2747 350 2802; x_wconf 78' lang='lat' dir='ltr'><strong>Sent</strong></span> <span class='ocrx_word' id='word_1_208' title='bbox 382 2746 635 2814; x_wconf 87' lang='lat' dir='ltr'><strong>repetitur</strong></span> <span class='ocrx_word' id='word_1_209' title='bbox 661 2755 713 2800; x_wconf 90' lang='lat' dir='ltr'><strong>et</strong></span> <span class='ocrx_word' id='word_1_210' title='bbox 737 2747 803 2799; x_wconf 88' lang='lat' dir='ltr'><strong>de</strong></span> <span class='ocrx_word' id='word_1_211' title='bbox 829 2745 1052 2812; x_wconf 81' lang='lat' dir='ltr'><strong>.lapbeth</strong></span> <span class='ocrx_word' id='word_1_212' title='bbox 1087 2762 1098 2797; x_wconf 89' lang='lat'><strong>:</strong></span> <span class='ocrx_word' id='word_1_213' title='bbox 1132 2742 1308 2812; x_wconf 73' lang='lat' dir='ltr'><strong>Sitque</strong></span> <span class='ocrx_word' id='word_1_214' title='bbox 1334 2741 1586 2796; x_wconf 83' lang='lat' dir='ltr'><strong>Chanaam</strong></span> <span class='ocrx_word' id='word_1_215' title='bbox 1609 2756 1774 2795; x_wconf 76' lang='lat' dir='ltr'><strong>servus</strong></span> <span class='ocrx_word' id='word_1_216' title='bbox 1804 2790 1810 2797; x_wconf 90' lang='lat'><strong>.</strong></span> 
     </span>
    </p>
   </div>
   <div class='ocr_carea' id='block_1_31' title="bbox 225 2826 1774 2909">
    <p class='ocr_par' dir='ltr' id='par_1_31' title="bbox 225 2826 1774 2909">
     <span class='ocr_line' id='line_1_31' title="bbox 225 2826 1774 2909; baseline -0.006 -18"><span class='ocrx_word' id='word_1_217' title='bbox 225 2844 357 2909; x_wconf 72' lang='lat' dir='ltr'><strong>ejus,</strong></span> <span class='ocrx_word' id='word_1_218' title='bbox 392 2839 510 2905; x_wconf 84' lang='lat' dir='ltr'><strong>quia</strong></span> <span class='ocrx_word' id='word_1_219' title='bbox 556 2834 803 2889; x_wconf 84' lang='lat' dir='ltr'><strong>nimirum</strong></span> <span class='ocrx_word' id='word_1_220' title='bbox 834 2843 1053 2901; x_wconf 90' lang='lat' dir='ltr'><strong>utroque</strong></span> <span class='ocrx_word' id='word_1_221' title='bbox 1087 2838 1279 2900; x_wconf 84' lang='lat' dir='ltr'><strong>populo</strong></span> <span class='ocrx_word' id='word_1_222' title='bbox 1318 2831 1640 2886; x_wconf 86' lang='lat' dir='ltr'><strong>credentium</strong></span> <span class='ocrx_word' id='word_1_223' title='bbox 1687 2826 1774 2883; x_wconf 78' lang='lat' dir='ltr'><strong>Ju-</strong></span> 
     </span>
    </p>
   </div>
   <div class='ocr_carea' id='block_1_32' title="bbox 230 2923 1778 2998">
    <p class='ocr_par' dir='ltr' id='par_1_32' title="bbox 230 2923 1778 2998">
     <span class='ocr_line' id='line_1_32' title="bbox 230 2923 1778 2998; baseline -0.003 -15"><span class='ocrx_word' id='word_1_224' title='bbox 230 2930 331 2983; x_wconf 67' lang='lat' dir='ltr'><strong>daei</strong></span> <span class='ocrx_word' id='word_1_225' title='bbox 364 2927 572 2998; x_wconf 85' lang='lat' dir='ltr'><strong>perfidi,</strong></span> <span class='ocrx_word' id='word_1_226' title='bbox 601 2926 840 2997; x_wconf 84' lang='lat' dir='ltr'><strong>quamvis</strong></span> <span class='ocrx_word' id='word_1_227' title='bbox 883 2925 1040 2994; x_wconf 89' lang='lat' dir='ltr'><strong>impia</strong></span> <span class='ocrx_word' id='word_1_228' title='bbox 1089 2933 1285 2989; x_wconf 81' lang='lat' dir='ltr'><strong>mente,</strong></span> <span class='ocrx_word' id='word_1_229' title='bbox 1315 2924 1498 2979; x_wconf 87' lang='lat' dir='ltr'><strong>salutis</strong></span> <span class='ocrx_word' id='word_1_230' title='bbox 1547 2923 1778 2992; x_wconf 69' lang='lat' dir='ltr'><strong>prabent</strong></span> 
     </span>
    </p>
   </div>
   <div class='ocr_carea' id='block_1_33' title="bbox 1861 473 3390 541">
    <p class='ocr_par' dir='ltr' id='par_1_33' title="bbox 1861 473 3390 541">
     <span class='ocr_line' id='line_1_33' title="bbox 1861 473 3390 541; baseline 0.003 -15"><span class='ocrx_word' id='word_1_231' title='bbox 1861 483 2148 536; x_wconf 86' lang='lat' dir='ltr'><strong>ostensum,</strong></span> <span class='ocrx_word' id='word_1_232' title='bbox 2189 482 2242 527; x_wconf 89' lang='lat' dir='ltr'><strong>et</strong></span> <span class='ocrx_word' id='word_1_233' title='bbox 2287 474 2620 541; x_wconf 74' lang='lat' dir='ltr'><strong>cxterminio,</strong></span> <span class='ocrx_word' id='word_1_234' title='bbox 2643 473 2752 527; x_wconf 84' lang='lat' dir='ltr'><strong>sive</strong></span> <span class='ocrx_word' id='word_1_235' title='bbox 2801 474 3031 540; x_wconf 84' lang='lat' dir='ltr'><strong>servitio,</strong></span> <span class='ocrx_word' id='word_1_236' title='bbox 3071 474 3390 531; x_wconf 76' lang='lat' dir='ltr'><strong>Cltanameo-</strong></span> 
     </span>
    </p>
   </div>
   <div class='ocr_carea' id='block_1_34' title="bbox 1861 562 3389 633">
    <p class='ocr_par' dir='ltr' id='par_1_34' title="bbox 1861 562 3389 633">
     <span class='ocr_line' id='line_1_34' title="bbox 1861 562 3389 633; baseline 0.001 -16"><span class='ocrx_word' id='word_1_237' title='bbox 1861 579 1996 628; x_wconf 88' lang='lat' dir='ltr'><strong>rum,</strong></span> <span class='ocrx_word' id='word_1_238' title='bbox 2051 563 2206 632; x_wconf 85' lang='lat' dir='ltr'><strong>quod,</strong></span> <span class='ocrx_word' id='word_1_239' title='bbox 2251 578 2458 633; x_wconf 83' lang='lat' dir='ltr'><strong>egressa</strong></span> <span class='ocrx_word' id='word_1_240' title='bbox 2503 564 2569 618; x_wconf 90' lang='lat' dir='ltr'><strong>de</strong></span> <span class='ocrx_word' id='word_1_241' title='bbox 2615 562 2840 633; x_wconf 67' lang='lat' dir='ltr'><strong>Egyptn</strong></span> <span class='ocrx_word' id='word_1_242' title='bbox 2889 565 3038 633; x_wconf 74' lang='lat' dir='ltr'><strong>plebe</strong></span> <span class='ocrx_word' id='word_1_243' title='bbox 3087 563 3389 631; x_wconf 85' lang='lat' dir='ltr'><strong>Israelitica,</strong></span> 
     </span>
    </p>
   </div>
   <div class='ocr_carea' id='block_1_35' title="bbox 1860 653 3393 724">
    <p class='ocr_par' dir='ltr' id='par_1_35' title="bbox 1860 653 3393 724">
     <span class='ocr_line' id='line_1_35' title="bbox 1860 653 3393 724; baseline 0.001 -16"><span class='ocrx_word' id='word_1_244' title='bbox 1860 670 1976 724; x_wconf 73' lang='lat' dir='ltr'><strong>qua:</strong></span> <span class='ocrx_word' id='word_1_245' title='bbox 2017 654 2086 708; x_wconf 89' lang='lat' dir='ltr'><strong>de</strong></span> <span class='ocrx_word' id='word_1_246' title='bbox 2125 654 2287 723; x_wconf 91' lang='lat' dir='ltr'><strong>stirpe</strong></span> <span class='ocrx_word' id='word_1_247' title='bbox 2327 653 2448 709; x_wconf 70' lang='lat' dir='ltr'><strong>Seu:</strong></span> <span class='ocrx_word' id='word_1_248' title='bbox 2491 655 2847 716; x_wconf 81' lang='lat' dir='ltr'><strong>descenderat,</strong></span> <span class='ocrx_word' id='word_1_249' title='bbox 2890 657 3119 724; x_wconf 75' lang='lat' dir='ltr'><strong>perpessi</strong></span> <span class='ocrx_word' id='word_1_250' title='bbox 3150 664 3290 710; x_wconf 86' lang='lat' dir='ltr'><strong>sunt.</strong></span> <span class='ocrx_word' id='word_1_251' title='bbox 3322 655 3393 709; x_wconf 82' lang='lat' dir='ltr'><strong>De</strong></span> 
     </span>
    </p>
   </div>
   <div class='ocr_carea' id='block_1_36' title="bbox 1859 745 3402 816">
    <p class='ocr_par' dir='ltr' id='par_1_36' title="bbox 1859 745 3402 816">
     <span class='ocr_line' id='line_1_36' title="bbox 1859 745 3402 816; baseline 0 -16"><span class='ocrx_word' id='word_1_252' title='bbox 1859 746 2268 815; x_wconf 67' lang='lat' dir='ltr'><strong>Chus‘namque</strong></span> <span class='ocrx_word' id='word_1_253' title='bbox 2318 745 2608 813; x_wconf 53' lang='lat' dir='ltr'><strong>«Ethiopes,</strong></span> <span class='ocrx_word' id='word_1_254' title='bbox 2654 746 2721 800; x_wconf 85' lang='lat' dir='ltr'><strong>de</strong></span> <span class='ocrx_word' id='word_1_255' title='bbox 2763 745 2999 800; x_wconf 73' lang='lat' dir='ltr'><strong>Ilesraim</strong></span> <span class='ocrx_word' id='word_1_256' title='bbox 3047 747 3299 816; x_wconf 64' lang='lat' dir='ltr'><strong>Egyptii,</strong></span> <span class='ocrx_word' id='word_1_257' title='bbox 3330 748 3402 800; x_wconf 84' lang='lat' dir='ltr'><strong>de</strong></span> 
     </span>
    </p>
   </div>
   <div class='ocr_carea' id='block_1_37' title="bbox 1862 834 3393 905">
    <p class='ocr_par' dir='ltr' id='par_1_37' title="bbox 1862 834 3393 905">
     <span class='ocr_line' id='line_1_37' title="bbox 1862 834 3393 905; baseline -0.002 -15"><span class='ocrx_word' id='word_1_258' title='bbox 1862 834 2030 890; x_wconf 86' lang='lat' dir='ltr'><strong>Pbuth</strong></span> <span class='ocrx_word' id='word_1_259' title='bbox 2058 835 2158 888; x_wconf 89' lang='lat' dir='ltr'><strong>orti</strong></span> <span class='ocrx_word' id='word_1_260' title='bbox 2182 834 2525 905; x_wconf 85' lang='lat' dir='ltr'><strong>suntLybies,</strong></span> <span class='ocrx_word' id='word_1_261' title='bbox 2556 835 2694 902; x_wconf 89' lang='lat' dir='ltr'><strong>quod</strong></span> <span class='ocrx_word' id='word_1_262' title='bbox 2718 835 2828 905; x_wconf 91' lang='lat' dir='ltr'><strong>ipsa</strong></span> <span class='ocrx_word' id='word_1_263' title='bbox 2847 837 3144 889; x_wconf 85' lang='lat' dir='ltr'><strong>earumdem</strong></span> <span class='ocrx_word' id='word_1_264' title='bbox 3167 836 3393 903; x_wconf 85' lang='lat' dir='ltr'><strong>gentium</strong></span> 
     </span>
    </p>
   </div>
   <div class='ocr_carea' id='block_1_38' title="bbox 1863 923 3392 996">
    <p class='ocr_par' dir='ltr' id='par_1_38' title="bbox 1863 923 3392 996">
     <span class='ocr_line' id='line_1_38' title="bbox 1863 923 3392 996; baseline -0.003 -16"><span class='ocrx_word' id='word_1_265' title='bbox 1863 925 1996 996; x_wconf 88' lang='lat' dir='ltr'><strong>apud</strong></span> <span class='ocrx_word' id='word_1_266' title='bbox 2035 924 2281 980; x_wconf 72' lang='lat' dir='ltr'><strong>Hebraeos</strong></span> <span class='ocrx_word' id='word_1_267' title='bbox 2327 939 2490 993; x_wconf 89' lang='lat' dir='ltr'><strong>usque</strong></span> <span class='ocrx_word' id='word_1_268' title='bbox 2536 924 2690 979; x_wconf 87' lang='lat' dir='ltr'><strong>hodie</strong></span> <span class='ocrx_word' id='word_1_269' title='bbox 2730 925 2977 978; x_wconf 87' lang='lat' dir='ltr'><strong>vocabula</strong></span> <span class='ocrx_word' id='word_1_270' title='bbox 3024 933 3295 986; x_wconf 84' lang='lat' dir='ltr'><strong>testantur,</strong></span> <span class='ocrx_word' id='word_1_271' title='bbox 3326 923 3392 976; x_wconf 89' lang='lat' dir='ltr'><strong>de</strong></span> 
     </span>
    </p>
   </div>
   <div class='ocr_carea' id='block_1_39' title="bbox 1863 1012 3406 1083">
    <p class='ocr_par' dir='ltr' id='par_1_39' title="bbox 1863 1012 3406 1083">
     <span class='ocr_line' id='line_1_39' title="bbox 1863 1012 3406 1083; baseline -0.001 -16"><span class='ocrx_word' id='word_1_272' title='bbox 1863 1012 2050 1083; x_wconf 84' lang='lat' dir='ltr'><strong>quibus</strong></span> <span class='ocrx_word' id='word_1_273' title='bbox 2077 1014 2289 1068; x_wconf 91' lang='lat' dir='ltr'><strong>omnino</strong></span> <span class='ocrx_word' id='word_1_274' title='bbox 2313 1013 2442 1067; x_wconf 91' lang='lat' dir='ltr'><strong>nihil</strong></span> <span class='ocrx_word' id='word_1_275' title='bbox 2469 1013 2584 1066; x_wconf 83' lang='lat' dir='ltr'><strong>talis</strong></span> <span class='ocrx_word' id='word_1_276' title='bbox 2614 1012 2788 1081; x_wconf 76' lang='lat' dir='ltr'><strong>ﬂagitii</strong></span> <span class='ocrx_word' id='word_1_277' title='bbox 2827 1014 2909 1067; x_wconf 85' lang='lat' dir='ltr'><strong>vel</strong></span> <span class='ocrx_word' id='word_1_278' title='bbox 2950 1013 3212 1082; x_wconf 58' lang='lat' dir='ltr'><strong>vindictas,</strong></span> <span class='ocrx_word' id='word_1_279' title='bbox 3243 1013 3406 1082; x_wconf 83' lang='lat' dir='ltr'><strong>quale</strong></span> 
     </span>
    </p>
   </div>
   <div class='ocr_carea' id='block_1_40' title="bbox 1865 1098 3153 1168">
    <p class='ocr_par' dir='ltr' id='par_1_40' title="bbox 1865 1098 3153 1168">
     <span class='ocr_line' id='line_1_40' title="bbox 1865 1098 3153 1168; baseline 0 -12"><span class='ocrx_word' id='word_1_280' title='bbox 1865 1103 1931 1156; x_wconf 88' lang='lat' dir='ltr'><strong>de</strong></span> <span class='ocrx_word' id='word_1_281' title='bbox 1960 1101 2245 1157; x_wconf 85' lang='lat' dir='ltr'><strong>Sodomitis</strong></span> <span class='ocrx_word' id='word_1_282' title='bbox 2268 1110 2322 1156; x_wconf 88' lang='lat' dir='ltr'><strong>et</strong></span> <span class='ocrx_word' id='word_1_283' title='bbox 2346 1098 2654 1156; x_wconf 68' lang='lat' dir='ltr'><strong>Chananmis</strong></span> <span class='ocrx_word' id='word_1_284' title='bbox 2679 1100 2942 1168; x_wconf 85' lang='lat' dir='ltr'><strong>Scriptura</strong></span> <span class='ocrx_word' id='word_1_285' title='bbox 2975 1103 3153 1156; x_wconf 83' lang='lat' dir='ltr'><strong>refert.</strong></span> 
     </span>
    </p>
   </div>
   <div class='ocr_carea' id='block_1_41' title="bbox 1935 1208 3406 1282">
    <p class='ocr_par' dir='ltr' id='par_1_41' title="bbox 1935 1208 3406 1282">
     <span class='ocr_line' id='line_1_41' title="bbox 1935 1208 3406 1282; baseline -0.001 -16"><span class='ocrx_word' id='word_1_286' title='bbox 1935 1210 2176 1266; x_wconf 87' lang='lat' dir='ltr'><strong>Dilatavit</strong></span> <span class='ocrx_word' id='word_1_287' title='bbox 2224 1225 2430 1279; x_wconf 88' lang='lat' dir='ltr'><strong>quoque</strong></span> <span class='ocrx_word' id='word_1_288' title='bbox 2484 1209 2619 1265; x_wconf 89' lang='lat' dir='ltr'><strong>Deus</strong></span> <span class='ocrx_word' id='word_1_289' title='bbox 2669 1208 2912 1277; x_wconf 78' lang='lat' dir='ltr'><strong>Japheth,</strong></span> <span class='ocrx_word' id='word_1_290' title='bbox 2945 1219 2996 1262; x_wconf 89' lang='lat' dir='ltr'><strong>ut</strong></span> <span class='ocrx_word' id='word_1_291' title='bbox 3046 1210 3302 1282; x_wconf 74' lang='lat' dir='ltr'><strong>habitaret</strong></span> <span class='ocrx_word' id='word_1_292' title='bbox 3349 1213 3406 1266; x_wconf 85' lang='lat' dir='ltr'><strong>in</strong></span> 
     </span>
    </p>
   </div>
   <div class='ocr_carea' id='block_1_42' title="bbox 1868 1298 3397 1366">
    <p class='ocr_par' dir='ltr' id='par_1_42' title="bbox 1868 1298 3397 1366">
     <span class='ocr_line' id='line_1_42' title="bbox 1868 1298 3397 1366; baseline -0.003 -10"><span class='ocrx_word' id='word_1_293' title='bbox 1868 1300 2215 1357; x_wconf 88' lang='lat' dir='ltr'><strong>tabernaculis</strong></span> <span class='ocrx_word' id='word_1_294' title='bbox 2261 1301 2407 1365; x_wconf 73' lang='lat' dir='ltr'><strong>Sena,</strong></span> <span class='ocrx_word' id='word_1_295' title='bbox 2431 1309 2484 1355; x_wconf 92' lang='lat' dir='ltr'><strong>et</strong></span> <span class='ocrx_word' id='word_1_296' title='bbox 2532 1310 2672 1356; x_wconf 80' lang='lat' dir='ltr'><strong>esset</strong></span> <span class='ocrx_word' id='word_1_297' title='bbox 2716 1298 2981 1356; x_wconf 84' lang='lat' dir='ltr'><strong>Chanaatu</strong></span> <span class='ocrx_word' id='word_1_298' title='bbox 3025 1312 3210 1354; x_wconf 83' lang='lat' dir='ltr'><strong>servus</strong></span> <span class='ocrx_word' id='word_1_299' title='bbox 3265 1298 3397 1366; x_wconf 85' lang='lat' dir='ltr'><strong>ejus,</strong></span> 
     </span>
    </p>
   </div>
   <div class='ocr_carea' id='block_1_43' title="bbox 1867 1390 3401 1462">
    <p class='ocr_par' dir='ltr' id='par_1_43' title="bbox 1867 1390 3401 1462">
     <span class='ocr_line' id='line_1_43' title="bbox 1867 1390 3401 1462; baseline -0.001 -14"><span class='ocrx_word' id='word_1_300' title='bbox 1867 1405 1983 1448; x_wconf 87' lang='lat' dir='ltr'><strong>cum</strong></span> <span class='ocrx_word' id='word_1_301' title='bbox 2012 1390 2180 1448; x_wconf 57' lang='lat' dir='ltr'><strong>Graeci</strong></span> <span class='ocrx_word' id='word_1_302' title='bbox 2226 1395 2337 1448; x_wconf 82' lang='lat' dir='ltr'><strong>sive</strong></span> <span class='ocrx_word' id='word_1_303' title='bbox 2388 1393 2626 1458; x_wconf 78' lang='lat' dir='ltr'><strong>Romani,</strong></span> <span class='ocrx_word' id='word_1_304' title='bbox 2654 1395 2820 1448; x_wconf 81' lang='lat' dir='ltr'><strong>exorti</strong></span> <span class='ocrx_word' id='word_1_305' title='bbox 2870 1396 3044 1462; x_wconf 84' lang='lat' dir='ltr'><strong>utique</strong></span> <span class='ocrx_word' id='word_1_306' title='bbox 3091 1392 3156 1447; x_wconf 88' lang='lat' dir='ltr'><strong>dc</strong></span> <span class='ocrx_word' id='word_1_307' title='bbox 3209 1408 3401 1462; x_wconf 87' lang='lat' dir='ltr'><strong>genere</strong></span> 
     </span>
    </p>
   </div>
   <div class='ocr_carea' id='block_1_44' title="bbox 1867 1481 3400 1552">
    <p class='ocr_par' dir='ltr' id='par_1_44' title="bbox 1867 1481 3400 1552">
     <span class='ocr_line' id='line_1_44' title="bbox 1867 1481 3400 1552; baseline -0.001 -14"><span class='ocrx_word' id='word_1_308' title='bbox 1867 1481 2114 1552; x_wconf 79' lang='lat' dir='ltr'><strong>Japhetlt,</strong></span> <span class='ocrx_word' id='word_1_309' title='bbox 2141 1497 2297 1551; x_wconf 82' lang='lat' dir='ltr'><strong>regna</strong></span> <span class='ocrx_word' id='word_1_310' title='bbox 2328 1481 2484 1543; x_wconf 64' lang='lat' dir='ltr'><strong>Asia.</strong></span> <span class='ocrx_word' id='word_1_311' title='bbox 2514 1482 2564 1536; x_wconf 86' lang='lat' dir='ltr'><strong>in</strong></span> <span class='ocrx_word' id='word_1_312' title='bbox 2593 1482 2782 1550; x_wconf 87' lang='lat' dir='ltr'><strong>quibus</strong></span> <span class='ocrx_word' id='word_1_313' title='bbox 2805 1483 2997 1550; x_wconf 87' lang='lat' dir='ltr'><strong>posteri</strong></span> <span class='ocrx_word' id='word_1_314' title='bbox 3041 1483 3160 1538; x_wconf 87' lang='lat' dir='ltr'><strong>Sem</strong></span> <span class='ocrx_word' id='word_1_315' title='bbox 3202 1484 3400 1538; x_wconf 63' lang='lat' dir='ltr'><strong>habita-</strong></span> 
     </span>
    </p>
   </div>
   <div class='ocr_carea' id='block_1_45' title="bbox 1870 1569 3408 1640">
    <p class='ocr_par' dir='ltr' id='par_1_45' title="bbox 1870 1569 3408 1640">
     <span class='ocr_line' id='line_1_45' title="bbox 1870 1569 3408 1640; baseline 0.001 -15"><span class='ocrx_word' id='word_1_316' title='bbox 1870 1571 1994 1625; x_wconf 87' lang='lat' dir='ltr'><strong>bant</strong></span> <span class='ocrx_word' id='word_1_317' title='bbox 2017 1611 2032 1635; x_wconf 90' lang='lat'><strong>,</strong></span> <span class='ocrx_word' id='word_1_318' title='bbox 2066 1570 2410 1639; x_wconf 84' lang='lat' dir='ltr'><strong>possiderent,</strong></span> <span class='ocrx_word' id='word_1_319' title='bbox 2436 1579 2488 1625; x_wconf 88' lang='lat' dir='ltr'><strong>et</strong></span> <span class='ocrx_word' id='word_1_320' title='bbox 2516 1570 2650 1624; x_wconf 87' lang='lat' dir='ltr'><strong>inter</strong></span> <span class='ocrx_word' id='word_1_321' title='bbox 2677 1569 2775 1624; x_wconf 90' lang='lat' dir='ltr'><strong>alia</strong></span> <span class='ocrx_word' id='word_1_322' title='bbox 2827 1570 3150 1626; x_wconf 66' lang='lat' dir='ltr'><strong>Chamumos</strong></span> <span class='ocrx_word' id='word_1_323' title='bbox 3197 1587 3408 1640; x_wconf 72' lang='lat' dir='ltr'><strong>Quoque-</strong></span> 
     </span>
    </p>
   </div>
   <div class='ocr_carea' id='block_1_46' title="bbox 1870 1659 2565 1716">
    <p class='ocr_par' dir='ltr' id='par_1_46' title="bbox 1870 1659 2565 1716">
     <span class='ocr_line' id='line_1_46' title="bbox 1870 1659 2565 1716; baseline -0.001 -3"><span class='ocrx_word' id='word_1_324' title='bbox 1870 1659 1969 1714; x_wconf 80' lang='lat' dir='ltr'><strong>sibi</strong></span> <span class='ocrx_word' id='word_1_325' title='bbox 1995 1659 2293 1714; x_wconf 84' lang='lat' dir='ltr'><strong>tributarios</strong></span> <span class='ocrx_word' id='word_1_326' title='bbox 2319 1659 2565 1716; x_wconf 87' lang='lat' dir='ltr'><strong>facerent.</strong></span> 
     </span>
    </p>
   </div>
   <div class='ocr_carea' id='block_1_47' title="bbox 1945 1769 3400 1841">
    <p class='ocr_par' dir='ltr' id='par_1_47' title="bbox 1945 1769 3400 1841">
     <span class='ocr_line' id='line_1_47' title="bbox 1945 1769 3400 1841; baseline -0.001 -18"><span class='ocrx_word' id='word_1_327' title='bbox 1945 1769 2081 1824; x_wconf 78' lang='lat' dir='ltr'><strong>Viin</strong></span> <span class='ocrx_word' id='word_1_328' title='bbox 2132 1779 2292 1823; x_wconf 66' lang='grc' dir='ltr'>υέιειιι</span> <span class='ocrx_word' id='word_1_329' title='bbox 2337 1770 2450 1824; x_wconf 84' lang='lat' dir='ltr'><strong>Noe</strong></span> <span class='ocrx_word' id='word_1_330' title='bbox 2491 1779 2600 1838; x_wconf 82' lang='lat' dir='ltr'><strong>post</strong></span> <span class='ocrx_word' id='word_1_331' title='bbox 2627 1771 2865 1824; x_wconf 86' lang='lat' dir='ltr'><strong>diluvium</strong></span> <span class='ocrx_word' id='word_1_332' title='bbox 2915 1773 3139 1825; x_wconf 79' lang='lat' dir='ltr'><strong>trecentis</strong></span> <span class='ocrx_word' id='word_1_333' title='bbox 3164 1773 3400 1841; x_wconf 78' lang='lat' dir='ltr'><strong>quinqua-</strong></span> 
     </span>
    </p>
   </div>
   <div class='ocr_carea' id='block_1_48' title="bbox 1865 1860 3397 1932">
    <p class='ocr_par' dir='ltr' id='par_1_48' title="bbox 1865 1860 3397 1932">
     <span class='ocr_line' id='line_1_48' title="bbox 1865 1860 3397 1932; baseline 0.003 -21"><span class='ocrx_word' id='word_1_334' title='bbox 1865 1860 2007 1931; x_wconf 80' lang='lat' dir='ltr'><strong>ginta</strong></span> <span class='ocrx_word' id='word_1_335' title='bbox 2031 1862 2267 1927; x_wconf 82' lang='lat' dir='ltr'><strong>annis,et</strong></span> <span class='ocrx_word' id='word_1_336' title='bbox 2294 1861 2483 1932; x_wconf 82' lang='lat' dir='ltr'><strong>impleti</strong></span> <span class='ocrx_word' id='word_1_337' title='bbox 2512 1871 2627 1915; x_wconf 85' lang='lat' dir='ltr'><strong>sunt</strong></span> <span class='ocrx_word' id='word_1_338' title='bbox 2651 1878 2818 1916; x_wconf 83' lang='lat' dir='ltr'><strong>omnes</strong></span> <span class='ocrx_word' id='word_1_339' title='bbox 2845 1863 2954 1916; x_wconf 80' lang='lat' dir='ltr'><strong>dies</strong></span> <span class='ocrx_word' id='word_1_340' title='bbox 2982 1863 3091 1931; x_wconf 76' lang='lat' dir='ltr'><strong>ejus</strong></span> <span class='ocrx_word' id='word_1_341' title='bbox 3131 1873 3397 1932; x_wconf 79' lang='lat' dir='ltr'><strong>nongento-</strong></span> 
     </span>
    </p>
   </div>
   <div class='ocr_carea' id='block_1_49' title="bbox 1867 1952 3404 2022">
    <p class='ocr_par' dir='ltr' id='par_1_49' title="bbox 1867 1952 3404 2022">
     <span class='ocr_line' id='line_1_49' title="bbox 1867 1952 3404 2022; baseline -0.001 -20"><span class='ocrx_word' id='word_1_342' title='bbox 1867 1966 1980 2003; x_wconf 83' lang='lat' dir='ltr'><strong>runt</strong></span> <span class='ocrx_word' id='word_1_343' title='bbox 2031 1952 2402 2022; x_wconf 74' lang='lat' dir='ltr'><strong>quinquaginta</strong></span> <span class='ocrx_word' id='word_1_344' title='bbox 2446 1967 2727 2015; x_wconf 84' lang='lat' dir='ltr'><strong>annorum,</strong></span> <span class='ocrx_word' id='word_1_345' title='bbox 2756 1961 2802 2005; x_wconf 82' lang='lat' dir='ltr'><strong>et</strong></span> <span class='ocrx_word' id='word_1_346' title='bbox 2848 1961 3073 2006; x_wconf 86' lang='lat' dir='ltr'><strong>mortuus</strong></span> <span class='ocrx_word' id='word_1_347' title='bbox 3125 1962 3215 2004; x_wconf 79' lang='lat' dir='ltr'><strong>est.</strong></span> <span class='ocrx_word' id='word_1_348' title='bbox 3264 1953 3404 2006; x_wconf 81' lang='lat' dir='ltr'><strong>Sicut</strong></span> 
     </span>
    </p>
   </div>
   <div class='ocr_carea' id='block_1_50' title="bbox 1867 2039 3402 2110">
    <p class='ocr_par' dir='ltr' id='par_1_50' title="bbox 1867 2039 3402 2110">
     <span class='ocr_line' id='line_1_50' title="bbox 1867 2039 3402 2110; baseline 0 -18"><span class='ocrx_word' id='word_1_349' title='bbox 1867 2040 2103 2093; x_wconf 86' lang='lat' dir='ltr'><strong>sexcenti</strong></span> <span class='ocrx_word' id='word_1_350' title='bbox 2133 2041 2252 2094; x_wconf 89' lang='lat' dir='ltr'><strong>anni</strong></span> <span class='ocrx_word' id='word_1_351' title='bbox 2282 2041 2401 2095; x_wconf 66' lang='lat' dir='ltr'><strong>vitae</strong></span> <span class='ocrx_word' id='word_1_352' title='bbox 2429 2039 2557 2105; x_wconf 80' lang='lat' dir='ltr'><strong>Noe,</strong></span> <span class='ocrx_word' id='word_1_353' title='bbox 2599 2041 2785 2110; x_wconf 91' lang='lat' dir='ltr'><strong>quibus</strong></span> <span class='ocrx_word' id='word_1_354' title='bbox 2811 2043 3009 2095; x_wconf 83' lang='lat' dir='ltr'><strong>exactis</strong></span> <span class='ocrx_word' id='word_1_355' title='bbox 3039 2055 3214 2094; x_wconf 85' lang='lat' dir='ltr'><strong>arcam</strong></span> <span class='ocrx_word' id='word_1_356' title='bbox 3246 2041 3402 2094; x_wconf 81' lang='lat' dir='ltr'><strong>intra-</strong></span> 
     </span>
    </p>
   </div>
   <div class='ocr_carea' id='block_1_51' title="bbox 1869 2130 3403 2200">
    <p class='ocr_par' dir='ltr' id='par_1_51' title="bbox 1869 2130 3403 2200">
     <span class='ocr_line' id='line_1_51' title="bbox 1869 2130 3403 2200; baseline 0.001 -17"><span class='ocrx_word' id='word_1_357' title='bbox 1869 2131 1963 2193; x_wconf 85' lang='lat' dir='ltr'><strong>vit,</strong></span> <span class='ocrx_word' id='word_1_358' title='bbox 1986 2132 2354 2199; x_wconf 80' lang='lat' dir='ltr'><strong>perfectionem</strong></span> <span class='ocrx_word' id='word_1_359' title='bbox 2392 2130 2666 2199; x_wconf 79' lang='lat' dir='ltr'><strong>designant</strong></span> <span class='ocrx_word' id='word_1_360' title='bbox 2693 2131 2812 2186; x_wconf 81' lang='lat' dir='ltr'><strong>ﬁdei</strong></span> <span class='ocrx_word' id='word_1_361' title='bbox 2837 2144 2898 2186; x_wconf 88' lang='lat' dir='ltr'><strong>ac</strong></span> <span class='ocrx_word' id='word_1_362' title='bbox 2942 2131 3281 2200; x_wconf 69' lang='lat' dir='ltr'><strong>professionis</strong></span> <span class='ocrx_word' id='word_1_363' title='bbox 3317 2145 3403 2185; x_wconf 82' lang='lat' dir='ltr'><strong>eo-</strong></span> 
     </span>
    </p>
   </div>
   <div class='ocr_carea' id='block_1_52' title="bbox 1871 2220 3405 2292">
    <p class='ocr_par' dir='ltr' id='par_1_52' title="bbox 1871 2220 3405 2292">
     <span class='ocr_line' id='line_1_52' title="bbox 1871 2220 3405 2292; baseline 0 -17"><span class='ocrx_word' id='word_1_364' title='bbox 1871 2237 1984 2275; x_wconf 91' lang='lat' dir='ltr'><strong>rum</strong></span> <span class='ocrx_word' id='word_1_365' title='bbox 2009 2220 2096 2291; x_wconf 90' lang='lat' dir='ltr'><strong>qui</strong></span> <span class='ocrx_word' id='word_1_366' title='bbox 2123 2222 2302 2290; x_wconf 70' lang='lat' dir='ltr'><strong>gratire</strong></span> <span class='ocrx_word' id='word_1_367' title='bbox 2329 2222 2557 2277; x_wconf 71' lang='lat' dir='ltr'><strong>cmlcstis</strong></span> <span class='ocrx_word' id='word_1_368' title='bbox 2602 2230 2657 2276; x_wconf 93' lang='lat' dir='ltr'><strong>et</strong></span> <span class='ocrx_word' id='word_1_369' title='bbox 2701 2231 2964 2292; x_wconf 69' lang='lat' dir='ltr'><strong>perpetuae</strong></span> <span class='ocrx_word' id='word_1_370' title='bbox 3010 2222 3266 2276; x_wconf 85' lang='lat' dir='ltr'><strong>mercedis</strong></span> <span class='ocrx_word' id='word_1_371' title='bbox 3309 2221 3405 2275; x_wconf 82' lang='lat' dir='ltr'><strong>Ec-</strong></span> 
     </span>
    </p>
   </div>
   <div class='ocr_carea' id='block_1_53' title="bbox 1868 2311 3402 2380">
    <p class='ocr_par' dir='ltr' id='par_1_53' title="bbox 1868 2311 3402 2380">
     <span class='ocr_line' id='line_1_53' title="bbox 1868 2311 3402 2380; baseline 0 -14"><span class='ocrx_word' id='word_1_372' title='bbox 1868 2312 2038 2367; x_wconf 69' lang='lat' dir='ltr'><strong>clesiaa</strong></span> <span class='ocrx_word' id='word_1_373' title='bbox 2068 2324 2392 2366; x_wconf 79' lang='lat' dir='ltr'><strong>sacramenta</strong></span> <span class='ocrx_word' id='word_1_374' title='bbox 2417 2313 2663 2376; x_wconf 87' lang='lat' dir='ltr'><strong>subeunt,</strong></span> <span class='ocrx_word' id='word_1_375' title='bbox 2693 2321 2749 2366; x_wconf 91' lang='lat' dir='ltr'><strong>ut</strong></span> <span class='ocrx_word' id='word_1_376' title='bbox 2793 2327 2948 2380; x_wconf 85' lang='lat' dir='ltr'><strong>supra</strong></span> <span class='ocrx_word' id='word_1_377' title='bbox 2996 2311 3290 2378; x_wconf 70' lang='lat' dir='ltr'><strong>docuimus,</strong></span> <span class='ocrx_word' id='word_1_378' title='bbox 3330 2313 3402 2366; x_wconf 73' lang='lat' dir='ltr'><strong>sic</strong></span> 
     </span>
    </p>
   </div>
   <div class='ocr_carea' id='block_1_54' title="bbox 1870 2394 3405 2471">
    <p class='ocr_par' dir='ltr' id='par_1_54' title="bbox 1870 2394 3405 2471">
     <span class='ocr_line' id='line_1_54' title="bbox 1870 2394 3405 2471; baseline -0.003 -15"><span class='ocrx_word' id='word_1_379' title='bbox 1870 2399 2026 2456; x_wconf 88' lang='lat' dir='ltr'><strong>etiam</strong></span> <span class='ocrx_word' id='word_1_380' title='bbox 2078 2403 2294 2455; x_wconf 84' lang='lat' dir='ltr'><strong>trecenti</strong></span> <span class='ocrx_word' id='word_1_381' title='bbox 2351 2410 2403 2456; x_wconf 92' lang='lat' dir='ltr'><strong>et</strong></span> <span class='ocrx_word' id='word_1_382' title='bbox 2457 2403 2825 2471; x_wconf 80' lang='lat' dir='ltr'><strong>quinquaginta</strong></span> <span class='ocrx_word' id='word_1_383' title='bbox 2877 2394 3000 2455; x_wconf 82' lang='lat' dir='ltr'><strong>anni</strong></span> <span class='ocrx_word' id='word_1_384' title='bbox 3051 2402 3240 2471; x_wconf 88' lang='lat' dir='ltr'><strong>quibus</strong></span> <span class='ocrx_word' id='word_1_385' title='bbox 3293 2413 3405 2469; x_wconf 84' lang='lat' dir='ltr'><strong>post</strong></span> 
     </span>
    </p>
   </div>
   <div class='ocr_carea' id='block_1_55' title="bbox 1870 2490 3402 2560">
    <p class='ocr_par' dir='ltr' id='par_1_55' title="bbox 1870 2490 3402 2560">
     <span class='ocr_line' id='line_1_55' title="bbox 1870 2490 3402 2560; baseline 0 -14"><span class='ocrx_word' id='word_1_386' title='bbox 1870 2490 2115 2546; x_wconf 70' lang='lat' dir='ltr'><strong>diluvium</strong></span> <span class='ocrx_word' id='word_1_387' title='bbox 2149 2490 2294 2554; x_wconf 86' lang='lat' dir='ltr'><strong>vixit,</strong></span> <span class='ocrx_word' id='word_1_388' title='bbox 2321 2505 2558 2560; x_wconf 77' lang='lat' dir='ltr'><strong>magnam</strong></span> <span class='ocrx_word' id='word_1_389' title='bbox 2579 2507 2758 2546; x_wconf 91' lang='lat' dir='ltr'><strong>eorum</strong></span> <span class='ocrx_word' id='word_1_390' title='bbox 2785 2491 3154 2560; x_wconf 81' lang='lat' dir='ltr'><strong>perfectionem</strong></span> <span class='ocrx_word' id='word_1_391' title='bbox 3184 2491 3402 2560; x_wconf 69' lang='lat' dir='ltr'><strong>figurant</strong></span> 
     </span>
    </p>
   </div>
   <div class='ocr_carea' id='block_1_56' title="bbox 1870 2581 3404 2651">
    <p class='ocr_par' dir='ltr' id='par_1_56' title="bbox 1870 2581 3404 2651">
     <span class='ocr_line' id='line_1_56' title="bbox 1870 2581 3404 2651; baseline -0.001 -16"><span class='ocrx_word' id='word_1_392' title='bbox 1870 2583 1978 2651; x_wconf 86' lang='lat' dir='ltr'><strong>qui,</strong></span> <span class='ocrx_word' id='word_1_393' title='bbox 2007 2582 2266 2651; x_wconf 87' lang='lat' dir='ltr'><strong>perceptis</strong></span> <span class='ocrx_word' id='word_1_394' title='bbox 2298 2581 2415 2635; x_wconf 74' lang='lat' dir='ltr'><strong>vita:</strong></span> <span class='ocrx_word' id='word_1_395' title='bbox 2443 2581 2806 2647; x_wconf 79' lang='lat' dir='ltr'><strong>sacramentis,</strong></span> <span class='ocrx_word' id='word_1_396' title='bbox 2841 2581 3062 2636; x_wconf 78' lang='lat' dir='ltr'><strong>ﬁdeliter</strong></span> <span class='ocrx_word' id='word_1_397' title='bbox 3095 2582 3313 2636; x_wconf 89' lang='lat' dir='ltr'><strong>Domino</strong></span> <span class='ocrx_word' id='word_1_398' title='bbox 3340 2583 3404 2634; x_wconf 84' lang='lat' dir='ltr'><strong>ad</strong></span> 
     </span>
    </p>
   </div>
   <div class='ocr_carea' id='block_1_57' title="bbox 1871 2670 3403 2739">
    <p class='ocr_par' dir='ltr' id='par_1_57' title="bbox 1871 2670 3403 2739">
     <span class='ocr_line' id='line_1_57' title="bbox 1871 2670 3403 2739; baseline 0.001 -15"><span class='ocrx_word' id='word_1_399' title='bbox 1871 2679 2090 2724; x_wconf 89' lang='lat' dir='ltr'><strong>mortem</strong></span> <span class='ocrx_word' id='word_1_400' title='bbox 2117 2684 2278 2738; x_wconf 88' lang='lat' dir='ltr'><strong>usque</strong></span> <span class='ocrx_word' id='word_1_401' title='bbox 2305 2670 2620 2726; x_wconf 85' lang='lat' dir='ltr'><strong>deserviunt.</strong></span> <span class='ocrx_word' id='word_1_402' title='bbox 2654 2671 2888 2725; x_wconf 79' lang='lat' dir='ltr'><strong>Diximus</strong></span> <span class='ocrx_word' id='word_1_403' title='bbox 2934 2673 3070 2725; x_wconf 89' lang='lat' dir='ltr'><strong>enim</strong></span> <span class='ocrx_word' id='word_1_404' title='bbox 3119 2673 3256 2739; x_wconf 88' lang='lat' dir='ltr'><strong>quod</strong></span> <span class='ocrx_word' id='word_1_405' title='bbox 3305 2681 3403 2726; x_wconf 79' lang='lat' dir='ltr'><strong>tre-</strong></span> 
     </span>
    </p>
   </div>
   <div class='ocr_carea' id='block_1_58' title="bbox 1870 2761 3406 2829">
    <p class='ocr_par' dir='ltr' id='par_1_58' title="bbox 1870 2761 3406 2829">
     <span class='ocr_line' id='line_1_58' title="bbox 1870 2761 3406 2829; baseline -0.001 -14"><span class='ocrx_word' id='word_1_406' title='bbox 1870 2762 2027 2825; x_wconf 88' lang='lat' dir='ltr'><strong>centi,</strong></span> <span class='ocrx_word' id='word_1_407' title='bbox 2050 2761 2166 2829; x_wconf 87' lang='lat' dir='ltr'><strong>quia</strong></span> <span class='ocrx_word' id='word_1_408' title='bbox 2199 2775 2290 2828; x_wconf 54' lang='lat' dir='ltr'><strong>per</strong></span> <span class='ocrx_word' id='word_1_409' title='bbox 2316 2768 2401 2813; x_wconf 87' lang='lat' dir='ltr'><strong>tau</strong></span> <span class='ocrx_word' id='word_1_410' title='bbox 2432 2761 2653 2814; x_wconf 89' lang='lat' dir='ltr'><strong>litteram</strong></span> <span class='ocrx_word' id='word_1_411' title='bbox 2678 2776 2846 2828; x_wconf 68' lang='lat' dir='ltr'><strong>graece</strong></span> <span class='ocrx_word' id='word_1_412' title='bbox 2874 2769 3118 2815; x_wconf 90' lang='lat' dir='ltr'><strong>notantur</strong></span> <span class='ocrx_word' id='word_1_413' title='bbox 3147 2763 3258 2828; x_wconf 84' lang='lat' dir='ltr'><strong>(tau</strong></span> <span class='ocrx_word' id='word_1_414' title='bbox 3280 2775 3406 2814; x_wconf 82' lang='lat' dir='ltr'><strong>vero</strong></span> 
     </span>
    </p>
   </div>
   <div class='ocr_carea' id='block_1_59' title="bbox 1873 2849 3405 2924">
    <p class='ocr_par' dir='ltr' id='par_1_59' title="bbox 1873 2849 3405 2924">
     <span class='ocr_line' id='line_1_59' title="bbox 1873 2849 3405 2924; baseline 0.002 -20"><span class='ocrx_word' id='word_1_415' title='bbox 1873 2851 1924 2904; x_wconf 90' lang='lat' dir='ltr'><strong>in</strong></span> <span class='ocrx_word' id='word_1_416' title='bbox 1956 2858 1981 2898; x_wconf 76' lang='grc' dir='ltr'><strong>ι</strong></span> <span class='ocrx_word' id='word_1_417' title='bbox 2016 2849 2175 2921; x_wconf 81' lang='lat' dir='ltr'><strong>figura</strong></span> <span class='ocrx_word' id='word_1_418' title='bbox 2205 2851 2374 2907; x_wconf 88' lang='lat' dir='ltr'><strong>crucis</strong></span> <span class='ocrx_word' id='word_1_419' title='bbox 2394 2853 2688 2918; x_wconf 89' lang='lat' dir='ltr'><strong>scribitur),</strong></span> <span class='ocrx_word' id='word_1_420' title='bbox 2713 2854 2915 2908; x_wconf 89' lang='lat' dir='ltr'><strong>illorum</strong></span> <span class='ocrx_word' id='word_1_421' title='bbox 2938 2854 3209 2922; x_wconf 85' lang='lat' dir='ltr'><strong>aptissime</strong></span> <span class='ocrx_word' id='word_1_422' title='bbox 3229 2863 3405 2924; x_wconf 83' lang='lat' dir='ltr'><strong>typum</strong></span> 
     </span>
    </p>
   </div>
   <div class='ocr_carea' id='block_1_60' title="bbox 1871 2940 3406 3011">
    <p class='ocr_par' dir='ltr' id='par_1_60' title="bbox 1871 2940 3406 3011">
     <span class='ocr_line' id='line_1_60' title="bbox 1871 2940 3406 3011; baseline 0.001 -17"><span class='ocrx_word' id='word_1_423' title='bbox 1871 2949 2075 3011; x_wconf 84' lang='lat' dir='ltr'><strong>gerant,</strong></span> <span class='ocrx_word' id='word_1_424' title='bbox 2102 2941 2188 3010; x_wconf 91' lang='lat' dir='ltr'><strong>qui</strong></span> <span class='ocrx_word' id='word_1_425' title='bbox 2236 2941 2470 2996; x_wconf 87' lang='lat' dir='ltr'><strong>nesciunt</strong></span> <span class='ocrx_word' id='word_1_426' title='bbox 2508 2940 2720 3010; x_wconf 89' lang='lat' dir='ltr'><strong>gloriari</strong></span> <span class='ocrx_word' id='word_1_427' title='bbox 2765 2943 2863 2995; x_wconf 91' lang='lat' dir='ltr'><strong>nisi</strong></span> <span class='ocrx_word' id='word_1_428' title='bbox 2915 2945 2964 2996; x_wconf 93' lang='lat' dir='ltr'><strong>in</strong></span> <span class='ocrx_word' id='word_1_429' title='bbox 3008 2957 3163 2997; x_wconf 79' lang='lat' dir='ltr'><strong>cruce</strong></span> <span class='ocrx_word' id='word_1_430' title='bbox 3207 2945 3406 2996; x_wconf 89' lang='lat' dir='ltr'><strong>Domini</strong></span> 
     </span>
    </p>
   </div>
   <div class='ocr_carea' id='block_1_61' title="bbox 225 3010 1771 3103">
    <p class='ocr_par' dir='ltr' id='par_1_61' title="bbox 225 3010 1771 3096">
     <span class='ocr_line' id='line_1_61' title="bbox 225 3010 1771 3096; baseline -0.003 -24"><span class='ocrx_word' id='word_1_431' title='bbox 225 3017 559 3083; x_wconf 79' lang='lat' dir='ltr'><strong>obsequium,</strong></span> <span class='ocrx_word' id='word_1_432' title='bbox 589 3030 693 3069; x_wconf 89' lang='lat' dir='ltr'><strong>non</strong></span> <span class='ocrx_word' id='word_1_433' title='bbox 724 3015 895 3068; x_wconf 85' lang='lat' dir='ltr'><strong>solum</strong></span> <span class='ocrx_word' id='word_1_434' title='bbox 943 3015 1096 3096; x_wconf 74' lang='lat' dir='ltr'><strong>ineo</strong></span> <span class='ocrx_word' id='word_1_435' title='bbox 1133 3010 1150 3049; x_wconf 82' lang='grc'><em>¹</em></span> <span class='ocrx_word' id='word_1_436' title='bbox 1185 3013 1320 3081; x_wconf 87' lang='lat' dir='ltr'><strong>quod</strong></span> <span class='ocrx_word' id='word_1_437' title='bbox 1349 3014 1658 3068; x_wconf 71' lang='lat' dir='ltr'><strong>auctoritate</strong></span> <span class='ocrx_word' id='word_1_438' title='bbox 1695 3027 1771 3067; x_wconf 86' lang='lat' dir='ltr'><strong>sa-</strong></span> 
     </span>
    </p>
   </div>
   <div class='ocr_carea' id='block_1_62' title="bbox 1873 3010 3416 3103">
    <p class='ocr_par' dir='ltr' id='par_1_62' title="bbox 1879 3010 3416 3099">
     <span class='ocr_line' id='line_1_62' title="bbox 1879 3010 3416 3099; baseline 0.001 -15"><span class='ocrx_word' id='word_1_439' title='bbox 1879 3010 2044 3085; x_wconf 88' lang='lat' dir='ltr'><strong>nostri</strong></span> <span class='ocrx_word' id='word_1_440' title='bbox 2066 3029 2187 3086; x_wconf 83' lang='lat' dir='ltr'><strong>Jesu</strong></span> <span class='ocrx_word' id='word_1_441' title='bbox 2213 3029 2442 3096; x_wconf 89' lang='lat' dir='ltr'><strong>Christi;</strong></span> <span class='ocrx_word' id='word_1_442' title='bbox 2472 3030 2612 3086; x_wconf 87' lang='lat' dir='ltr'><strong>unde</strong></span> <span class='ocrx_word' id='word_1_443' title='bbox 2630 3040 2683 3086; x_wconf 93' lang='lat' dir='ltr'><strong>et</strong></span> <span class='ocrx_word' id='word_1_444' title='bbox 2700 3030 2932 3094; x_wconf 85' lang='lat' dir='ltr'><strong>Gedeon,</strong></span> <span class='ocrx_word' id='word_1_445' title='bbox 2954 3030 3175 3086; x_wconf 89' lang='lat' dir='ltr'><strong>Domino</strong></span> <span class='ocrx_word' id='word_1_446' title='bbox 3194 3032 3416 3099; x_wconf 78' lang='lat' dir='ltr'><strong>jubente</strong></span> 
     </span>
    </p>
   </div>
   <div class='ocr_carea' id='block_1_63' title="bbox 226 3093 1780 3171">
    <p class='ocr_par' dir='ltr' id='par_1_63' title="bbox 226 3093 1780 3171">
     <span class='ocr_line' id='line_1_63' title="bbox 226 3093 1780 3171; baseline -0.001 -13"><span class='ocrx_word' id='word_1_447' title='bbox 226 3120 438 3159; x_wconf 90' lang='lat' dir='ltr'><strong>crorum</strong></span> <span class='ocrx_word' id='word_1_448' title='bbox 471 3103 790 3159; x_wconf 77' lang='lat' dir='ltr'><strong>voluminum</strong></span> <span class='ocrx_word' id='word_1_449' title='bbox 829 3117 920 3158; x_wconf 86' lang='lat' dir='ltr'><strong>eos</strong></span> <span class='ocrx_word' id='word_1_450' title='bbox 963 3093 1165 3171; x_wconf 81' lang='lat' dir='ltr'><strong>juvant,</strong></span> <span class='ocrx_word' id='word_1_451' title='bbox 1195 3110 1349 3170; x_wconf 85' lang='lat' dir='ltr'><strong>atque</strong></span> <span class='ocrx_word' id='word_1_452' title='bbox 1380 3104 1432 3156; x_wconf 92' lang='lat' dir='ltr'><strong>in</strong></span> <span class='ocrx_word' id='word_1_453' title='bbox 1463 3102 1563 3157; x_wconf 85' lang='lat' dir='ltr'><strong>lide</strong></span> <span class='ocrx_word' id='word_1_454' title='bbox 1598 3116 1780 3156; x_wconf 90' lang='lat' dir='ltr'><strong>corro-</strong></span> 
     </span>
    </p>
   </div>
   <div class='ocr_carea' id='block_1_64' title="bbox 227 3191 1778 3261">
    <p class='ocr_par' dir='ltr' id='par_1_64' title="bbox 227 3191 1778 3261">
     <span class='ocr_line' id='line_1_64' title="bbox 227 3191 1778 3261; baseline -0.005 -10"><span class='ocrx_word' id='word_1_455' title='bbox 227 3195 443 3258; x_wconf 89' lang='lat' dir='ltr'><strong>borant,</strong></span> <span class='ocrx_word' id='word_1_456' title='bbox 473 3209 652 3248; x_wconf 82' lang='lat' dir='ltr'><strong>verum</strong></span> <span class='ocrx_word' id='word_1_457' title='bbox 679 3196 835 3249; x_wconf 89' lang='lat' dir='ltr'><strong>etiam</strong></span> <span class='ocrx_word' id='word_1_458' title='bbox 867 3195 918 3248; x_wconf 88' lang='lat' dir='ltr'><strong>in</strong></span> <span class='ocrx_word' id='word_1_459' title='bbox 949 3194 1038 3248; x_wconf 93' lang='lat' dir='ltr'><strong>illo</strong></span> <span class='ocrx_word' id='word_1_460' title='bbox 1065 3191 1203 3261; x_wconf 89' lang='lat' dir='ltr'><strong>quod</strong></span> <span class='ocrx_word' id='word_1_461' title='bbox 1241 3207 1354 3258; x_wconf 89' lang='lat' dir='ltr'><strong>eos,</strong></span> <span class='ocrx_word' id='word_1_462' title='bbox 1389 3201 1639 3260; x_wconf 90' lang='lat' dir='ltr'><strong>quantum</strong></span> <span class='ocrx_word' id='word_1_463' title='bbox 1689 3206 1778 3244; x_wconf 83' lang='lat' dir='ltr'><strong>va-</strong></span> 
     </span>
    </p>
   </div>
   <div class='ocr_carea' id='block_1_65' title="bbox 225 3280 1777 3354">
    <p class='ocr_par' dir='ltr' id='par_1_65' title="bbox 225 3280 1777 3354">
     <span class='ocr_line' id='line_1_65' title="bbox 225 3280 1777 3354; baseline -0.005 -13"><span class='ocrx_word' id='word_1_464' title='bbox 225 3285 360 3349; x_wconf 90' lang='lat' dir='ltr'><strong>lent,</strong></span> <span class='ocrx_word' id='word_1_465' title='bbox 393 3286 753 3354; x_wconf 87' lang='lat' dir='ltr'><strong>insequuntur,</strong></span> <span class='ocrx_word' id='word_1_466' title='bbox 781 3283 900 3353; x_wconf 88' lang='lat' dir='ltr'><strong>quia</strong></span> <span class='ocrx_word' id='word_1_467' title='bbox 929 3283 1173 3338; x_wconf 86' lang='lat' dir='ltr'><strong>videlicet</strong></span> <span class='ocrx_word' id='word_1_468' title='bbox 1205 3280 1526 3350; x_wconf 90' lang='lat' dir='ltr'><strong>insequendo</strong></span> <span class='ocrx_word' id='word_1_469' title='bbox 1564 3290 1777 3351; x_wconf 90' lang='lat' dir='ltr'><strong>propter</strong></span> 
     </span>
    </p>
   </div>
   <div class='ocr_carea' id='block_1_66' title="bbox 224 3372 1830 3447">
    <p class='ocr_par' dir='ltr' id='par_1_66' title="bbox 224 3372 1830 3447">
     <span class='ocr_line' id='line_1_66' title="bbox 224 3372 1830 3447; baseline -0.006 -16"><span class='ocrx_word' id='word_1_470' title='bbox 224 3378 508 3447; x_wconf 85' lang='lat' dir='ltr'><strong>justitiam,</strong></span> <span class='ocrx_word' id='word_1_471' title='bbox 554 3378 705 3432; x_wconf 83' lang='lat' dir='ltr'><strong>altius</strong></span> <span class='ocrx_word' id='word_1_472' title='bbox 752 3389 844 3432; x_wconf 90' lang='lat' dir='ltr'><strong>eos</strong></span> <span class='ocrx_word' id='word_1_473' title='bbox 884 3376 1164 3446; x_wconf 86' lang='lat' dir='ltr'><strong>participes</strong></span> <span class='ocrx_word' id='word_1_474' title='bbox 1190 3384 1397 3430; x_wconf 67' lang='lat' dir='ltr'><strong>aeternae</strong></span> <span class='ocrx_word' id='word_1_475' title='bbox 1445 3372 1778 3428; x_wconf 86' lang='lat' dir='ltr'><strong>beatitudinis</strong></span> <span class='ocrx_word' id='word_1_476' title='bbox 1820 3409 1830 3421; x_wconf 80' lang='grc'><em>.</em></span> 
     </span>
    </p>
   </div>
   <div class='ocr_carea' id='block_1_67' title="bbox 224 3462 1775 3535">
    <p class='ocr_par' dir='ltr' id='par_1_67' title="bbox 224 3462 1775 3535">
     <span class='ocr_line' id='line_1_67' title="bbox 224 3462 1775 3535; baseline -0.006 -11"><span class='ocrx_word' id='word_1_477' title='bbox 224 3470 474 3532; x_wconf 84' lang='lat' dir='ltr'><strong>reddunt,</strong></span> <span class='ocrx_word' id='word_1_478' title='bbox 505 3482 602 3522; x_wconf 90' lang='lat' dir='ltr'><strong>nec</strong></span> <span class='ocrx_word' id='word_1_479' title='bbox 629 3482 730 3523; x_wconf 90' lang='lat' dir='ltr'><strong>non</strong></span> <span class='ocrx_word' id='word_1_480' title='bbox 759 3475 814 3522; x_wconf 87' lang='lat' dir='ltr'><strong>et</strong></span> <span class='ocrx_word' id='word_1_481' title='bbox 832 3469 893 3526; x_wconf 76' lang='lat' dir='ltr'><strong>in</strong></span> <span class='ocrx_word' id='word_1_482' title='bbox 935 3482 1001 3522; x_wconf 90' lang='lat' dir='ltr'><strong>eo</strong></span> <span class='ocrx_word' id='word_1_483' title='bbox 1045 3466 1180 3535; x_wconf 88' lang='lat' dir='ltr'><strong>quod</strong></span> <span class='ocrx_word' id='word_1_484' title='bbox 1223 3465 1419 3518; x_wconf 81' lang='lat' dir='ltr'><strong>oﬂ&#39;ensa</strong></span> <span class='ocrx_word' id='word_1_485' title='bbox 1465 3479 1557 3519; x_wconf 90' lang='lat' dir='ltr'><strong>sua</strong></span> <span class='ocrx_word' id='word_1_486' title='bbox 1587 3462 1775 3517; x_wconf 90' lang='lat' dir='ltr'><strong>duritia</strong></span> 
     </span>
    </p>
   </div>
   <div class='ocr_carea' id='block_1_68' title="bbox 226 3547 1776 3627">
    <p class='ocr_par' dir='ltr' id='par_1_68' title="bbox 226 3547 1776 3627">
     <span class='ocr_line' id='line_1_68' title="bbox 226 3547 1776 3627; baseline -0.005 -14"><span class='ocrx_word' id='word_1_487' title='bbox 226 3547 484 3613; x_wconf 72' lang='lat' dir='ltr'><strong>caecitatis</strong></span> <span class='ocrx_word' id='word_1_488' title='bbox 509 3558 736 3627; x_wconf 86' lang='lat' dir='ltr'><strong>majores</strong></span> <span class='ocrx_word' id='word_1_489' title='bbox 765 3558 958 3626; x_wconf 72' lang='lat' dir='ltr'><strong>gratias</strong></span> <span class='ocrx_word' id='word_1_490' title='bbox 987 3556 1108 3610; x_wconf 86' lang='lat' dir='ltr'><strong>illos</strong></span> <span class='ocrx_word' id='word_1_491' title='bbox 1132 3569 1229 3609; x_wconf 90' lang='lat' dir='ltr'><strong>suo</strong></span> <span class='ocrx_word' id='word_1_492' title='bbox 1256 3553 1592 3618; x_wconf 80' lang='lat' dir='ltr'><strong>Redemptori</strong></span> <span class='ocrx_word' id='word_1_493' title='bbox 1621 3559 1776 3616; x_wconf 84' lang='lat' dir='ltr'><strong>atque</strong></span> 
     </span>
    </p>
   </div>
   <div class='ocr_carea' id='block_1_69' title="bbox 227 3640 1778 3709">
    <p class='ocr_par' dir='ltr' id='par_1_69' title="bbox 227 3640 1778 3709">
     <span class='ocr_line' id='line_1_69' title="bbox 227 3640 1778 3709; baseline -0.006 -6"><span class='ocrx_word' id='word_1_494' title='bbox 227 3646 541 3703; x_wconf 88' lang='lat' dir='ltr'><strong>illustratori</strong></span> <span class='ocrx_word' id='word_1_495' title='bbox 590 3645 810 3700; x_wconf 83' lang='lat' dir='ltr'><strong>rediere</strong></span> <span class='ocrx_word' id='word_1_496' title='bbox 857 3653 1092 3698; x_wconf 87' lang='lat' dir='ltr'><strong>monent.</strong></span> <span class='ocrx_word' id='word_1_497' title='bbox 1141 3643 1233 3697; x_wconf 89' lang='lat' dir='ltr'><strong>Cui</strong></span> <span class='ocrx_word' id='word_1_498' title='bbox 1287 3641 1532 3702; x_wconf 84' lang='lat' dir='ltr'><strong>nimirum</strong></span> <span class='ocrx_word' id='word_1_499' title='bbox 1585 3640 1778 3709; x_wconf 89' lang='lat' dir='ltr'><strong>popqu</strong></span> 
     </span>
    </p>
   </div>
   <div class='ocr_carea' id='block_1_70' title="bbox 225 3729 1774 3803">
    <p class='ocr_par' dir='ltr' id='par_1_70' title="bbox 225 3729 1774 3803">
     <span class='ocr_line' id='line_1_70' title="bbox 225 3729 1774 3803; baseline -0.005 -12"><span class='ocrx_word' id='word_1_500' title='bbox 225 3751 422 3791; x_wconf 89' lang='lat' dir='ltr'><strong>nomen</strong></span> <span class='ocrx_word' id='word_1_501' title='bbox 466 3735 732 3789; x_wconf 88' lang='lat' dir='ltr'><strong>Chanaam</strong></span> <span class='ocrx_word' id='word_1_502' title='bbox 757 3772 773 3801; x_wconf 92' lang='lat'><strong>,</strong></span> <span class='ocrx_word' id='word_1_503' title='bbox 823 3733 963 3803; x_wconf 89' lang='lat' dir='ltr'><strong>quod</strong></span> <span class='ocrx_word' id='word_1_504' title='bbox 1019 3733 1394 3803; x_wconf 88' lang='lat' dir='ltr'><strong>interpretatur</strong></span> <span class='ocrx_word' id='word_1_505' title='bbox 1433 3729 1730 3788; x_wconf 87' lang='lat' dir='ltr'><strong>Commotio</strong></span> <span class='ocrx_word' id='word_1_506' title='bbox 1756 3769 1774 3795; x_wconf 88' lang='lat'><strong>,</strong></span> 
     </span>
    </p>
   </div>
   <div class='ocr_carea' id='block_1_71' title="bbox 226 3821 1776 3894">
    <p class='ocr_par' dir='ltr' id='par_1_71' title="bbox 226 3821 1776 3894">
     <span class='ocr_line' id='line_1_71' title="bbox 226 3821 1776 3894; baseline -0.003 -15"><span class='ocrx_word' id='word_1_507' title='bbox 226 3826 501 3893; x_wconf 83' lang='lat' dir='ltr'><strong>aptissime</strong></span> <span class='ocrx_word' id='word_1_508' title='bbox 527 3825 789 3879; x_wconf 81' lang='lat' dir='ltr'><strong>convenit.</strong></span> <span class='ocrx_word' id='word_1_509' title='bbox 817 3823 931 3878; x_wconf 80' lang='lat' dir='ltr'><strong>Non</strong></span> <span class='ocrx_word' id='word_1_510' title='bbox 957 3826 1096 3879; x_wconf 89' lang='lat' dir='ltr'><strong>enim</strong></span> <span class='ocrx_word' id='word_1_511' title='bbox 1128 3832 1300 3894; x_wconf 88' lang='lat' dir='ltr'><strong>potest</strong></span> <span class='ocrx_word' id='word_1_512' title='bbox 1324 3823 1506 3878; x_wconf 88' lang='lat' dir='ltr'><strong>dicere</strong></span> <span class='ocrx_word' id='word_1_513' title='bbox 1534 3840 1546 3875; x_wconf 92' lang='lat'><strong>:</strong></span> <span class='ocrx_word' id='word_1_514' title='bbox 1582 3821 1776 3878; x_wconf 85' lang='lat' dir='ltr'><strong>Statuit</strong></span> 
     </span>
    </p>
   </div>
   <div class='ocr_carea' id='block_1_72' title="bbox 225 3899 1773 3984">
    <p class='ocr_par' dir='ltr' id='par_1_72' title="bbox 225 3899 1773 3984">
     <span class='ocr_line' id='line_1_72' title="bbox 225 3899 1773 3984; baseline -0.001 -16"><span class='ocrx_word' id='word_1_515' title='bbox 225 3931 380 3978; x_wconf 76' lang='lat' dir='ltr'><strong>supra</strong></span> <span class='ocrx_word' id='word_1_516' title='bbox 425 3925 617 3978; x_wconf 80' lang='lat' dir='ltr'><strong>petram</strong></span> <span class='ocrx_word' id='word_1_517' title='bbox 667 3913 819 3982; x_wconf 81' lang='lat' dir='ltr'><strong>pedes</strong></span> <span class='ocrx_word' id='word_1_518' title='bbox 866 3928 1000 3967; x_wconf 80' lang='lat' dir='ltr'><strong>tueos</strong></span> <span class='ocrx_word' id='word_1_519' title='bbox 1022 3951 1039 3975; x_wconf 86' lang='lat'><strong>,</strong></span> <span class='ocrx_word' id='word_1_520' title='bbox 1085 3925 1132 3967; x_wconf 91' lang='lat' dir='ltr'><strong>et</strong></span> <span class='ocrx_word' id='word_1_521' title='bbox 1183 3914 1364 3966; x_wconf 65' lang='lat' dir='ltr'><strong>direxit</strong></span> <span class='ocrx_word' id='word_1_522' title='bbox 1403 3928 1599 3984; x_wconf 78' lang='lat' dir='ltr'><strong>gressus</strong></span> <span class='ocrx_word' id='word_1_523' title='bbox 1637 3899 1773 3967; x_wconf 80' lang='lat' dir='ltr'><strong>nteos</strong></span> 
     </span>
    </p>
   </div>
   <div class='ocr_carea' id='block_1_73' title="bbox 223 4003 1773 4073">
    <p class='ocr_par' dir='ltr' id='par_1_73' title="bbox 223 4003 1773 4073">
     <span class='ocr_line' id='line_1_73' title="bbox 223 4003 1773 4073; baseline 0.001 -16"><span class='ocrx_word' id='word_1_524' title='bbox 223 4003 396 4073; x_wconf 87' lang='lat' dir='ltr'><strong>(Psal.</strong></span> <span class='ocrx_word' id='word_1_525' title='bbox 433 4019 610 4067; x_wconf 75' lang='lat' dir='ltr'><strong>xxxix,</strong></span> <span class='ocrx_word' id='word_1_526' title='bbox 641 4003 732 4072; x_wconf 77' lang='lat'><strong>3);</strong></span> <span class='ocrx_word' id='word_1_527' title='bbox 779 4003 871 4058; x_wconf 84' lang='lat' dir='ltr'><strong>sed</strong></span> <span class='ocrx_word' id='word_1_528' title='bbox 918 4006 1144 4060; x_wconf 87' lang='lat' dir='ltr'><strong>incertus</strong></span> <span class='ocrx_word' id='word_1_529' title='bbox 1188 4012 1242 4057; x_wconf 85' lang='lat' dir='ltr'><strong>et</strong></span> <span class='ocrx_word' id='word_1_530' title='bbox 1285 4003 1538 4058; x_wconf 78' lang='lat' dir='ltr'><strong>ﬂuctuans</strong></span> <span class='ocrx_word' id='word_1_531' title='bbox 1564 4016 1773 4072; x_wconf 88' lang='lat' dir='ltr'><strong>semper</strong></span> 
     </span>
    </p>
   </div>
   <div class='ocr_carea' id='block_1_74' title="bbox 1877 3119 3411 3197">
    <p class='ocr_par' dir='ltr' id='par_1_74' title="bbox 1877 3119 3411 3197">
     <span class='ocr_line' id='line_1_74' title="bbox 1877 3119 3411 3197; baseline 0 -22"><span class='ocrx_word' id='word_1_532' title='bbox 1877 3121 2032 3175; x_wconf 86' lang='lat' dir='ltr'><strong>simul</strong></span> <span class='ocrx_word' id='word_1_533' title='bbox 2058 3135 2119 3174; x_wconf 88' lang='lat' dir='ltr'><strong>ac</strong></span> <span class='ocrx_word' id='word_1_534' title='bbox 2143 3120 2380 3188; x_wconf 88' lang='lat' dir='ltr'><strong>juvante,</strong></span> <span class='ocrx_word' id='word_1_535' title='bbox 2406 3135 2524 3175; x_wconf 91' lang='lat' dir='ltr'><strong>cum</strong></span> <span class='ocrx_word' id='word_1_536' title='bbox 2553 3119 2946 3197; x_wconf 74' lang='lat' dir='ltr'><strong>trecentisviris</strong></span> <span class='ocrx_word' id='word_1_537' title='bbox 2975 3121 3411 3176; x_wconf 85' lang='lat' dir='ltr'><strong>innumerabilem</strong></span> 
     </span>
    </p>
   </div>
   <div class='ocr_carea' id='block_1_75' title="bbox 1881 3209 3410 3278">
    <p class='ocr_par' dir='ltr' id='par_1_75' title="bbox 1881 3209 3410 3278">
     <span class='ocr_line' id='line_1_75' title="bbox 1881 3209 3410 3278; baseline 0.001 -15"><span class='ocrx_word' id='word_1_538' title='bbox 1881 3209 2270 3264; x_wconf 78' lang='lat' dir='ltr'><strong>Madianitarum</strong></span> <span class='ocrx_word' id='word_1_539' title='bbox 2308 3209 2577 3276; x_wconf 85' lang='lat' dir='ltr'><strong>superavit</strong></span> <span class='ocrx_word' id='word_1_540' title='bbox 2619 3210 2930 3273; x_wconf 84' lang='lat' dir='ltr'><strong>exercitum,</strong></span> <span class='ocrx_word' id='word_1_541' title='bbox 2949 3209 3142 3263; x_wconf 85' lang='lat' dir='ltr'><strong>docens</strong></span> <span class='ocrx_word' id='word_1_542' title='bbox 3195 3209 3410 3278; x_wconf 76' lang='lat' dir='ltr'><strong>ﬁgurate</strong></span> 
     </span>
    </p>
   </div>
   <div class='ocr_carea' id='block_1_76' title="bbox 1877 3297 3409 3368">
    <p class='ocr_par' dir='ltr' id='par_1_76' title="bbox 1877 3297 3409 3368">
     <span class='ocr_line' id='line_1_76' title="bbox 1877 3297 3409 3368; baseline -0.001 -17"><span class='ocrx_word' id='word_1_543' title='bbox 1877 3299 2012 3368; x_wconf 90' lang='lat' dir='ltr'><strong>quod</strong></span> <span class='ocrx_word' id='word_1_544' title='bbox 2035 3297 2138 3353; x_wconf 83' lang='lat' dir='ltr'><strong>ﬁde</strong></span> <span class='ocrx_word' id='word_1_545' title='bbox 2157 3299 2431 3354; x_wconf 67' lang='lat' dir='ltr'><strong>dominica:</strong></span> <span class='ocrx_word' id='word_1_546' title='bbox 2452 3300 2621 3354; x_wconf 91' lang='lat' dir='ltr'><strong>crucis</strong></span> <span class='ocrx_word' id='word_1_547' title='bbox 2644 3299 2969 3354; x_wconf 86' lang='lat' dir='ltr'><strong>adversantia</strong></span> <span class='ocrx_word' id='word_1_548' title='bbox 2993 3298 3140 3352; x_wconf 87' lang='lat' dir='ltr'><strong>nobis</strong></span> <span class='ocrx_word' id='word_1_549' title='bbox 3159 3307 3211 3352; x_wconf 92' lang='lat' dir='ltr'><strong>et</strong></span> <span class='ocrx_word' id='word_1_550' title='bbox 3233 3298 3409 3351; x_wconf 87' lang='lat' dir='ltr'><strong>mundi</strong></span> 
     </span>
    </p>
   </div>
   <div class='ocr_carea' id='block_1_77' title="bbox 1879 3387 3411 3457">
    <p class='ocr_par' dir='ltr' id='par_1_77' title="bbox 1879 3387 3411 3457">
     <span class='ocr_line' id='line_1_77' title="bbox 1879 3387 3411 3457; baseline -0.001 -15"><span class='ocrx_word' id='word_1_551' title='bbox 1879 3389 2031 3457; x_wconf 88' lang='lat' dir='ltr'><strong>hujus</strong></span> <span class='ocrx_word' id='word_1_552' title='bbox 2061 3398 2114 3443; x_wconf 90' lang='lat' dir='ltr'><strong>et</strong></span> <span class='ocrx_word' id='word_1_553' title='bbox 2141 3389 2382 3442; x_wconf 88' lang='lat' dir='ltr'><strong>vitiorum</strong></span> <span class='ocrx_word' id='word_1_554' title='bbox 2431 3398 2726 3442; x_wconf 88' lang='lat' dir='ltr'><strong>nostrorum</strong></span> <span class='ocrx_word' id='word_1_555' title='bbox 2772 3402 3007 3442; x_wconf 85' lang='lat' dir='ltr'><strong>essemus</strong></span> <span class='ocrx_word' id='word_1_556' title='bbox 3035 3387 3173 3441; x_wconf 84' lang='lat' dir='ltr'><strong>bella</strong></span> <span class='ocrx_word' id='word_1_557' title='bbox 3204 3387 3411 3442; x_wconf 90' lang='lat' dir='ltr'><strong>victuri.</strong></span> 
     </span>
    </p>
   </div>
   <div class='ocr_carea' id='block_1_78' title="bbox 1876 3475 3413 3547">
    <p class='ocr_par' dir='ltr' id='par_1_78' title="bbox 1876 3475 3413 3547">
     <span class='ocr_line' id='line_1_78' title="bbox 1876 3475 3413 3547; baseline 0.001 -16"><span class='ocrx_word' id='word_1_558' title='bbox 1876 3479 2359 3547; x_wconf 85' lang='lat' dir='ltr'><strong>Quinquagenarius</strong></span> <span class='ocrx_word' id='word_1_559' title='bbox 2378 3492 2502 3532; x_wconf 89' lang='lat' dir='ltr'><strong>vero</strong></span> <span class='ocrx_word' id='word_1_560' title='bbox 2545 3492 2816 3542; x_wconf 87' lang='lat' dir='ltr'><strong>numerus,</strong></span> <span class='ocrx_word' id='word_1_561' title='bbox 2839 3475 2867 3514; x_wconf 67' lang='grc' dir='ltr'><strong>ιι</strong></span> <span class='ocrx_word' id='word_1_562' title='bbox 2890 3478 3010 3546; x_wconf 88' lang='lat' dir='ltr'><strong>quia</strong></span> <span class='ocrx_word' id='word_1_563' title='bbox 3056 3491 3148 3546; x_wconf 91' lang='lat' dir='ltr'><strong>per</strong></span> <span class='ocrx_word' id='word_1_564' title='bbox 3193 3477 3413 3547; x_wconf 71' lang='lat' dir='ltr'><strong>figuram</strong></span> 
     </span>
    </p>
   </div>
   <div class='ocr_carea' id='block_1_79' title="bbox 1876 3569 3416 3639">
    <p class='ocr_par' dir='ltr' id='par_1_79' title="bbox 1876 3569 3416 3639">
     <span class='ocr_line' id='line_1_79' title="bbox 1876 3569 3416 3639; baseline -0.001 -17"><span class='ocrx_word' id='word_1_565' title='bbox 1876 3569 2116 3639; x_wconf 82' lang='lat' dir='ltr'><strong>designet</strong></span> <span class='ocrx_word' id='word_1_566' title='bbox 2141 3569 2372 3638; x_wconf 88' lang='lat' dir='ltr'><strong>requiem</strong></span> <span class='ocrx_word' id='word_1_567' title='bbox 2416 3569 2543 3638; x_wconf 88' lang='lat' dir='ltr'><strong>legis</strong></span> <span class='ocrx_word' id='word_1_568' title='bbox 2590 3569 2858 3636; x_wconf 88' lang='lat' dir='ltr'><strong>Scriptura</strong></span> <span class='ocrx_word' id='word_1_569' title='bbox 2905 3569 3076 3631; x_wconf 88' lang='lat' dir='ltr'><strong>docet,</strong></span> <span class='ocrx_word' id='word_1_570' title='bbox 3109 3583 3226 3636; x_wconf 65' lang='lat' dir='ltr'><strong>quae</strong></span> <span class='ocrx_word' id='word_1_571' title='bbox 3276 3582 3416 3621; x_wconf 88' lang='lat' dir='ltr'><strong>anno</strong></span> 
     </span>
    </p>
   </div>
   <div class='ocr_carea' id='block_1_80' title="bbox 1875 3658 3414 3730">
    <p class='ocr_par' dir='ltr' id='par_1_80' title="bbox 1875 3658 3414 3730">
     <span class='ocr_line' id='line_1_80' title="bbox 1875 3658 3414 3730; baseline -0.004 -14"><span class='ocrx_word' id='word_1_572' title='bbox 1875 3674 2105 3730; x_wconf 71' lang='lat' dir='ltr'><strong>semper</strong></span> <span class='ocrx_word' id='word_1_573' title='bbox 2145 3661 2573 3730; x_wconf 84' lang='lat' dir='ltr'><strong>quinquagesimo</strong></span> <span class='ocrx_word' id='word_1_574' title='bbox 2637 3660 2940 3713; x_wconf 87' lang='lat' dir='ltr'><strong>universum</strong></span> <span class='ocrx_word' id='word_1_575' title='bbox 3009 3659 3100 3712; x_wconf 89' lang='lat' dir='ltr'><strong>Dei</strong></span> <span class='ocrx_word' id='word_1_576' title='bbox 3168 3658 3414 3726; x_wconf 89' lang='lat' dir='ltr'><strong>populum</strong></span> 
     </span>
    </p>
   </div>
   <div class='ocr_carea' id='block_1_81' title="bbox 1877 3748 3412 3806">
    <p class='ocr_par' dir='ltr' id='par_1_81' title="bbox 1877 3748 3412 3806">
     <span class='ocr_line' id='line_1_81' title="bbox 1877 3748 3412 3806; baseline -0.003 0"><span class='ocrx_word' id='word_1_577' title='bbox 1877 3752 2165 3806; x_wconf 84' lang='lat' dir='ltr'><strong>maximam</strong></span> <span class='ocrx_word' id='word_1_578' title='bbox 2190 3751 2382 3805; x_wconf 84' lang='lat' dir='ltr'><strong>habere</strong></span> <span class='ocrx_word' id='word_1_579' title='bbox 2403 3748 2764 3805; x_wconf 82' lang='lat' dir='ltr'><strong>remissionem</strong></span> <span class='ocrx_word' id='word_1_580' title='bbox 2797 3748 3031 3802; x_wconf 89' lang='lat' dir='ltr'><strong>laborum</strong></span> <span class='ocrx_word' id='word_1_581' title='bbox 3075 3750 3306 3804; x_wconf 85' lang='lat' dir='ltr'><strong>omnium</strong></span> <span class='ocrx_word' id='word_1_582' title='bbox 3351 3762 3412 3802; x_wconf 87' lang='lat' dir='ltr'><strong>ac</strong></span> 
     </span>
    </p>
   </div>
   <div class='ocr_carea' id='block_1_82' title="bbox 1873 3839 3419 3909">
    <p class='ocr_par' dir='ltr' id='par_1_82' title="bbox 1873 3839 3419 3909">
     <span class='ocr_line' id='line_1_82' title="bbox 1873 3839 3419 3909; baseline -0.006 -8"><span class='ocrx_word' id='word_1_583' title='bbox 1873 3841 2203 3901; x_wconf 79' lang='lat' dir='ltr'><strong>servitiorum</strong></span> <span class='ocrx_word' id='word_1_584' title='bbox 2250 3841 2543 3897; x_wconf 86' lang='lat' dir='ltr'><strong>libertatem</strong></span> <span class='ocrx_word' id='word_1_585' title='bbox 2588 3840 2779 3895; x_wconf 86' lang='lat' dir='ltr'><strong>sanxit.</strong></span> <span class='ocrx_word' id='word_1_586' title='bbox 2810 3840 3034 3908; x_wconf 87' lang='lat' dir='ltr'><strong>Ideoque</strong></span> <span class='ocrx_word' id='word_1_587' title='bbox 3076 3841 3201 3894; x_wconf 90' lang='lat' dir='ltr'><strong>certi</strong></span> <span class='ocrx_word' id='word_1_588' title='bbox 3245 3839 3419 3909; x_wconf 79' lang='lat' dir='ltr'><strong>gratia</strong></span> 
     </span>
    </p>
   </div>
   <div class='ocr_carea' id='block_1_83' title="bbox 1871 3930 3413 4008">
    <p class='ocr_par' dir='ltr' id='par_1_83' title="bbox 1871 3930 3413 4008">
     <span class='ocr_line' id='line_1_83' title="bbox 1871 3930 3413 4008; baseline -0.005 -18"><span class='ocrx_word' id='word_1_589' title='bbox 1871 3934 2107 4008; x_wconf 83' lang='lat' dir='ltr'><strong>mysterii</strong></span> <span class='ocrx_word' id='word_1_590' title='bbox 2137 3932 2246 3990; x_wconf 82' lang='lat' dir='ltr'><strong>Noe</strong></span> <span class='ocrx_word' id='word_1_591' title='bbox 2286 3941 2401 4002; x_wconf 81' lang='lat' dir='ltr'><strong>post</strong></span> <span class='ocrx_word' id='word_1_592' title='bbox 2440 3931 2694 3986; x_wconf 80' lang='lat' dir='ltr'><strong>diluvium</strong></span> <span class='ocrx_word' id='word_1_593' title='bbox 2748 3930 2992 3986; x_wconf 82' lang='lat' dir='ltr'><strong>trecentis</strong></span> <span class='ocrx_word' id='word_1_594' title='bbox 3041 3931 3413 3999; x_wconf 82' lang='lat' dir='ltr'><strong>quinquaginta</strong></span> 
     </span>
    </p>
   </div>
   <div class='ocr_carea' id='block_1_84' title="bbox 1869 4019 3406 4090">
    <p class='ocr_par' dir='ltr' id='par_1_84' title="bbox 1869 4019 3406 4090">
     <span class='ocr_line' id='line_1_84' title="bbox 1869 4019 3406 4090; baseline -0.007 -9"><span class='ocrx_word' id='word_1_595' title='bbox 1869 4027 2021 4081; x_wconf 88' lang='lat' dir='ltr'><strong>annis</strong></span> <span class='ocrx_word' id='word_1_596' title='bbox 2049 4024 2199 4090; x_wconf 79' lang='lat' dir='ltr'><strong>vixit,</strong></span> <span class='ocrx_word' id='word_1_597' title='bbox 2222 4032 2279 4078; x_wconf 94' lang='lat' dir='ltr'><strong>ut</strong></span> <span class='ocrx_word' id='word_1_598' title='bbox 2302 4023 2588 4077; x_wconf 87' lang='lat' dir='ltr'><strong>insinuaret</strong></span> <span class='ocrx_word' id='word_1_599' title='bbox 2617 4035 2732 4086; x_wconf 92' lang='lat' dir='ltr'><strong>nos,</strong></span> <span class='ocrx_word' id='word_1_600' title='bbox 2752 4031 2967 4089; x_wconf 87' lang='lat' dir='ltr'><strong>accepto</strong></span> <span class='ocrx_word' id='word_1_601' title='bbox 2999 4019 3239 4087; x_wconf 89' lang='lat' dir='ltr'><strong>baptismi</strong></span> <span class='ocrx_word' id='word_1_602' title='bbox 3265 4019 3406 4072; x_wconf 83' lang='lat' dir='ltr'><strong>lava-</strong></span> 
     </span>
    </p>
   </div>
   <div class='ocr_carea' id='block_1_85' title="bbox 226 4094 1771 4185">
    <p class='ocr_par' dir='ltr' id='par_1_85' title="bbox 226 4094 1767 4164">
     <span class='ocr_line' id='line_1_85' title="bbox 226 4094 1767 4164; baseline 0 -16"><span class='ocrx_word' id='word_1_603' title='bbox 226 4096 277 4148; x_wconf 90' lang='lat' dir='ltr'><strong>in</strong></span> <span class='ocrx_word' id='word_1_604' title='bbox 312 4104 460 4148; x_wconf 92' lang='lat' dir='ltr'><strong>motu</strong></span> <span class='ocrx_word' id='word_1_605' title='bbox 488 4103 589 4148; x_wconf 80' lang='lat' dir='ltr'><strong>est.</strong></span> <span class='ocrx_word' id='word_1_606' title='bbox 633 4094 927 4150; x_wconf 81' lang='lat' dir='ltr'><strong>Notandum</strong></span> <span class='ocrx_word' id='word_1_607' title='bbox 969 4106 1142 4150; x_wconf 87' lang='lat' dir='ltr'><strong>autem</strong></span> <span class='ocrx_word' id='word_1_608' title='bbox 1191 4095 1348 4151; x_wconf 87' lang='lat' dir='ltr'><strong>etiam</strong></span> <span class='ocrx_word' id='word_1_609' title='bbox 1386 4096 1532 4164; x_wconf 84' lang='lat' dir='ltr'><strong>juxta</strong></span> <span class='ocrx_word' id='word_1_610' title='bbox 1559 4109 1767 4149; x_wconf 87' lang='lat' dir='ltr'><strong>sensum</strong></span> 
     </span>
    </p>
   </div>
   <div class='ocr_carea' id='block_1_86' title="bbox 1873 4094 3420 4185">
    <p class='ocr_par' dir='ltr' id='par_1_86' title="bbox 1873 4109 3420 4185">
     <span class='ocr_line' id='line_1_86' title="bbox 1873 4109 3420 4185; baseline -0.008 -13"><span class='ocrx_word' id='word_1_611' title='bbox 1873 4114 2201 4185; x_wconf 49' lang='lat' dir='ltr'><strong>cro,.labores</strong></span> <span class='ocrx_word' id='word_1_612' title='bbox 2215 4127 2311 4182; x_wconf 86' lang='lat' dir='ltr'><strong>pro</strong></span> <span class='ocrx_word' id='word_1_613' title='bbox 2332 4113 2549 4165; x_wconf 91' lang='lat' dir='ltr'><strong>Domino</strong></span> <span class='ocrx_word' id='word_1_614' title='bbox 2563 4115 2824 4165; x_wconf 88' lang='lat' dir='ltr'><strong>sustinere</strong></span> <span class='ocrx_word' id='word_1_615' title='bbox 2844 4111 2894 4164; x_wconf 92' lang='lat' dir='ltr'><strong>in</strong></span> <span class='ocrx_word' id='word_1_616' title='bbox 2907 4123 3001 4180; x_wconf 88' lang='lat' dir='ltr'><strong>spe</strong></span> <span class='ocrx_word' id='word_1_617' title='bbox 3016 4123 3253 4176; x_wconf 79' lang='lat' dir='ltr'><strong>superna:</strong></span> <span class='ocrx_word' id='word_1_618' title='bbox 3265 4109 3420 4175; x_wconf 61' lang='lat' dir='ltr'><strong>quie-~</strong></span> 
     </span>
    </p>
   </div>
   <div class='ocr_carea' id='block_1_87' title="bbox 223 4181 3409 4262">
    <p class='ocr_par' dir='ltr' id='par_1_87' title="bbox 223 4181 3409 4262">
     <span class='ocr_line' id='line_1_87' title="bbox 223 4181 3409 4262; baseline -0.001 -10"><span class='ocrx_word' id='word_1_619' title='bbox 223 4185 419 4239; x_wconf 63' lang='grc' dir='ltr'><strong>Ιίιῑετε</strong></span> <span class='ocrx_word' id='word_1_620' title='bbox 455 4181 591 4252; x_wconf 63' lang='lat' dir='ltr'><strong>ll“0d</strong></span> <span class='ocrx_word' id='word_1_621' title='bbox 636 4197 738 4236; x_wconf 79' lang='lat'><strong>&quot;0&quot;</strong></span> <span class='ocrx_word' id='word_1_622' title='bbox 787 4183 975 4237; x_wconf 71' lang='grc' dir='ltr'><strong>ίι⁶⁸¹³ι¹³</strong></span> <span class='ocrx_word' id='word_1_623' title='bbox 1003 4185 1163 4238; x_wconf 62' lang='lat' dir='ltr'><strong>Chal“</strong></span> <span class='ocrx_word' id='word_1_624' title='bbox 1197 4193 1462 4253; x_wconf 68' lang='grc' dir='ltr'><strong>Ρθθθθυιθν</strong></span> <span class='ocrx_word' id='word_1_625' title='bbox 1495 4199 1596 4238; x_wconf 77' lang='grc' dir='ltr'><strong>η⁰¹¹</strong></span> <span class='ocrx_word' id='word_1_626' title='bbox 1634 4182 1766 4252; x_wconf 57' lang='lat' dir='ltr'><strong>ip”:</strong></span> <span class='ocrx_word' id='word_1_627' title='bbox 1869 4208 1934 4261; x_wconf 89' lang='lat' dir='ltr'><strong>tis</strong></span> <span class='ocrx_word' id='word_1_628' title='bbox 1957 4181 2018 4261; x_wconf 83' lang='lat' dir='ltr'><strong>ac</strong></span> <span class='ocrx_word' id='word_1_629' title='bbox 2043 4181 2306 4260; x_wconf 85' lang='lat' dir='ltr'><strong>felicitatis</strong></span> <span class='ocrx_word' id='word_1_630' title='bbox 2335 4200 2547 4257; x_wconf 87' lang='lat' dir='ltr'><strong>debere.</strong></span> <span class='ocrx_word' id='word_1_631' title='bbox 2570 4202 2708 4255; x_wconf 82' lang='lat' dir='ltr'><strong>Vixit</strong></span> <span class='ocrx_word' id='word_1_632' title='bbox 2730 4203 2868 4256; x_wconf 88' lang='lat' dir='ltr'><strong>enim</strong></span> <span class='ocrx_word' id='word_1_633' title='bbox 2896 4201 3141 4255; x_wconf 88' lang='lat' dir='ltr'><strong>trecentis</strong></span> <span class='ocrx_word' id='word_1_634' title='bbox 3156 4199 3324 4262; x_wconf 83' lang='lat' dir='ltr'><strong>annis,</strong></span> <span class='ocrx_word' id='word_1_635' title='bbox 3352 4207 3409 4252; x_wconf 92' lang='lat' dir='ltr'><strong>ut</strong></span> 
     </span>
    </p>
   </div>
   <div class='ocr_carea' id='block_1_88' title="bbox 223 4273 3412 4363">
    <p class='ocr_par' dir='ltr' id='par_1_88' title="bbox 223 4273 3412 4363">
     <span class='ocr_line' id='line_1_88' title="bbox 223 4273 3412 4363; baseline -0.001 -19"><span class='ocrx_word' id='word_1_636' title='bbox 223 4274 497 4344; x_wconf 60' lang='lat' dir='ltr'><strong>se(Limus</strong></span> <span class='ocrx_word' id='word_1_637' title='bbox 536 4273 648 4344; x_wconf 65' lang='lat' dir='ltr'><strong>ei“</strong></span> <span class='ocrx_word' id='word_1_638' title='bbox 692 4273 964 4363; x_wconf 61' lang='grc' dir='ltr'><strong>ε¹¹²¹¹³³¹¹ξ</strong></span> <span class='ocrx_word' id='word_1_639' title='bbox 1007 4275 1352 4342; x_wconf 44' lang='lat' dir='ltr'><strong>“Mediam”</strong></span> <span class='ocrx_word' id='word_1_640' title='bbox 1389 4278 1610 4332; x_wconf 67' lang='grc' dir='ltr'>πηιίωθ</span> <span class='ocrx_word' id='word_1_641' title='bbox 1647 4290 1767 4332; x_wconf 64' lang='lat' dir='ltr'><strong>cm“</strong></span> <span class='ocrx_word' id='word_1_642' title='bbox 1865 4301 2027 4355; x_wconf 84' lang='lat' dir='ltr'><strong>simus</strong></span> <span class='ocrx_word' id='word_1_643' title='bbox 2051 4297 2102 4352; x_wconf 94' lang='lat' dir='ltr'><strong>in</strong></span> <span class='ocrx_word' id='word_1_644' title='bbox 2127 4294 2457 4351; x_wconf 80' lang='lat' dir='ltr'><strong>tribulatione</strong></span> <span class='ocrx_word' id='word_1_645' title='bbox 2487 4295 2769 4363; x_wconf 85' lang='lat' dir='ltr'><strong>patientes;</strong></span> <span class='ocrx_word' id='word_1_646' title='bbox 2797 4291 3412 4360; x_wconf 67' lang='lat' dir='ltr'><strong>vixitetquinqnaginta,</strong></span> 
     </span>
    </p>
   </div>
   <div class='ocr_carea' id='block_1_89' title="bbox 223 4361 1771 4457">
    <p class='ocr_par' dir='ltr' id='par_1_89' title="bbox 223 4361 1762 4434">
     <span class='ocr_line' id='line_1_89' title="bbox 223 4361 1762 4434; baseline 0.002 -16"><span class='ocrx_word' id='word_1_647' title='bbox 223 4380 327 4419; x_wconf 88' lang='lat' dir='ltr'><strong>non</strong></span> <span class='ocrx_word' id='word_1_648' title='bbox 374 4366 488 4434; x_wconf 87' lang='lat' dir='ltr'><strong>ipse</strong></span> <span class='ocrx_word' id='word_1_649' title='bbox 517 4365 890 4432; x_wconf 87' lang='lat' dir='ltr'><strong>primogenitns</strong></span> <span class='ocrx_word' id='word_1_650' title='bbox 931 4361 1116 4428; x_wconf 91' lang='lat' dir='ltr'><strong>Cham,</strong></span> <span class='ocrx_word' id='word_1_651' title='bbox 1159 4364 1250 4417; x_wconf 64' lang='lat' dir='ltr'><strong>sed</strong></span> <span class='ocrx_word' id='word_1_652' title='bbox 1295 4365 1505 4420; x_wconf 84' lang='lat' dir='ltr'><strong>ultimus</strong></span> <span class='ocrx_word' id='word_1_653' title='bbox 1531 4374 1672 4421; x_wconf 86' lang='lat' dir='ltr'><strong>esset</strong></span> <span class='ocrx_word' id='word_1_654' title='bbox 1699 4367 1762 4421; x_wconf 80' lang='lat' dir='ltr'><strong>ﬂ-</strong></span> 
     </span>
    </p>
   </div>
   <div class='ocr_carea' id='block_1_90' title="bbox 1873 4361 3404 4457">
    <p class='ocr_par' dir='ltr' id='par_1_90' title="bbox 1873 4361 3404 4457">
     <span class='ocr_line' id='line_1_90' title="bbox 1873 4361 3404 4457; baseline -0.005 -13"><span class='ocrx_word' id='word_1_655' title='bbox 1873 4399 1924 4444; x_wconf 90' lang='lat' dir='ltr'><strong>ut</strong></span> <span class='ocrx_word' id='word_1_656' title='bbox 1945 4389 2109 4444; x_wconf 84' lang='lat' dir='ltr'><strong>simus</strong></span> <span class='ocrx_word' id='word_1_657' title='bbox 2134 4395 2188 4442; x_wconf 90' lang='lat' dir='ltr'><strong>et</strong></span> <span class='ocrx_word' id='word_1_658' title='bbox 2211 4401 2305 4455; x_wconf 89' lang='lat' dir='ltr'><strong>spe</strong></span> <span class='ocrx_word' id='word_1_659' title='bbox 2330 4361 2638 4457; x_wconf 79' lang='lat' dir='ltr'><strong>gaudentes.</strong></span> <span class='ocrx_word' id='word_1_660' title='bbox 2664 4383 2855 4438; x_wconf 80' lang='lat' dir='ltr'><strong>Verum</strong></span> <span class='ocrx_word' id='word_1_661' title='bbox 2884 4382 3001 4452; x_wconf 83' lang='lat' dir='ltr'><strong>quia</strong></span> <span class='ocrx_word' id='word_1_662' title='bbox 3031 4384 3224 4451; x_wconf 81' lang='lat' dir='ltr'><strong>septies</strong></span> <span class='ocrx_word' id='word_1_663' title='bbox 3251 4382 3404 4450; x_wconf 87' lang='lat' dir='ltr'><strong>quiu-</strong></span> 
     </span>
    </p>
   </div>
   <div class='ocr_carea' id='block_1_91' title="bbox 224 4451 1771 4550">
    <p class='ocr_par' dir='ltr' id='par_1_91' title="bbox 224 4451 1760 4529">
     <span class='ocr_line' id='line_1_91' title="bbox 224 4451 1760 4529; baseline 0.001 -22"><span class='ocrx_word' id='word_1_664' title='bbox 224 4454 341 4507; x_wconf 90' lang='lat' dir='ltr'><strong>lius.</strong></span> <span class='ocrx_word' id='word_1_665' title='bbox 377 4453 641 4520; x_wconf 88' lang='lat' dir='ltr'><strong>Scriptum</strong></span> <span class='ocrx_word' id='word_1_666' title='bbox 684 4455 872 4522; x_wconf 89' lang='lat' dir='ltr'><strong>quippe</strong></span> <span class='ocrx_word' id='word_1_667' title='bbox 895 4463 971 4507; x_wconf 86' lang='lat' dir='ltr'><strong>est</strong></span> <span class='ocrx_word' id='word_1_668' title='bbox 1007 4471 1018 4506; x_wconf 93' lang='lat'>:</span> <span class='ocrx_word' id='word_1_669' title='bbox 1051 4451 1172 4506; x_wconf 72' lang='lat' dir='ltr'><strong>Filii</strong></span> <span class='ocrx_word' id='word_1_670' title='bbox 1201 4453 1378 4520; x_wconf 79' lang='lat' dir='ltr'><strong>Cham,</strong></span> <span class='ocrx_word' id='word_1_671' title='bbox 1417 4451 1570 4519; x_wconf 66' lang='lat' dir='ltr'><strong>Clitis,</strong></span> <span class='ocrx_word' id='word_1_672' title='bbox 1605 4455 1760 4529; x_wconf 64' lang='lat' dir='ltr'><strong>Sabe,</strong></span> 
     </span>
    </p>
   </div>
   <div class='ocr_carea' id='block_1_92' title="bbox 1873 4451 3412 4550">
    <p class='ocr_par' dir='ltr' id='par_1_92' title="bbox 1873 4451 3412 4550">
     <span class='ocr_line' id='line_1_92' title="bbox 1873 4451 3412 4550; baseline -0.006 -15"><span class='ocrx_word' id='word_1_673' title='bbox 1873 4480 2092 4550; x_wconf 85' lang='lat' dir='ltr'><strong>quageni</strong></span> <span class='ocrx_word' id='word_1_674' title='bbox 2118 4451 2313 4532; x_wconf 80' lang='lat' dir='ltr'><strong>faciunt</strong></span> <span class='ocrx_word' id='word_1_675' title='bbox 2333 4451 2605 4531; x_wconf 72' lang='lat' dir='ltr'><strong>trecentos</strong></span> <span class='ocrx_word' id='word_1_676' title='bbox 2655 4451 3046 4542; x_wconf 87' lang='lat' dir='ltr'><strong>quinquaginta,</strong></span> <span class='ocrx_word' id='word_1_677' title='bbox 3084 4474 3412 4538; x_wconf 84' lang='lat' dir='ltr'><strong>septenarius</strong></span> 
     </span>
    </p>
   </div>
   <div class='ocr_carea' id='block_1_93' title="bbox 224 4541 3410 4636">
    <p class='ocr_par' dir='ltr' id='par_1_93' title="bbox 224 4541 3410 4636">
     <span class='ocr_line' id='line_1_93' title="bbox 224 4541 3410 4636; baseline 0.002 -40"><span class='ocrx_word' id='word_1_678' title='bbox 224 4554 267 4596; x_wconf 88' lang='lat' dir='ltr'><strong>et</strong></span> <span class='ocrx_word' id='word_1_679' title='bbox 299 4543 562 4636; x_wconf 49' lang='lat' dir='ltr'><strong>ﬂesrairu,</strong></span> <span class='ocrx_word' id='word_1_680' title='bbox 599 4553 656 4636; x_wconf 78' lang='lat' dir='ltr'><strong>et</strong></span> <span class='ocrx_word' id='word_1_681' title='bbox 678 4541 868 4610; x_wconf 79' lang='lat' dir='ltr'><strong>Pitutlt,</strong></span> <span class='ocrx_word' id='word_1_682' title='bbox 890 4555 945 4636; x_wconf 80' lang='lat' dir='ltr'><strong>et</strong></span> <span class='ocrx_word' id='word_1_683' title='bbox 974 4543 1251 4601; x_wconf 73' lang='lat' dir='ltr'><strong>Charinum.</strong></span> <span class='ocrx_word' id='word_1_684' title='bbox 1275 4547 1595 4602; x_wconf 70' lang='lat' dir='ltr'><strong>Praevidebat</strong></span> <span class='ocrx_word' id='word_1_685' title='bbox 1623 4548 1762 4603; x_wconf 89' lang='lat' dir='ltr'><strong>enim</strong></span> <span class='ocrx_word' id='word_1_686' title='bbox 1869 4541 2043 4625; x_wconf 57' lang='lat' dir='ltr'><strong>5mg,“</strong></span> <span class='ocrx_word' id='word_1_687' title='bbox 2072 4581 2320 4622; x_wconf 71' lang='grc' dir='ltr'><strong>ηυωεηιε</strong></span> <span class='ocrx_word' id='word_1_688' title='bbox 2365 4566 2541 4636; x_wconf 62' lang='lat' dir='ltr'><strong>gratim</strong></span> <span class='ocrx_word' id='word_1_689' title='bbox 2592 4541 2758 4616; x_wconf 85' lang='lat' dir='ltr'><strong>sancti</strong></span> <span class='ocrx_word' id='word_1_690' title='bbox 2800 4541 3055 4636; x_wconf 58' lang='lat' dir='ltr'><strong>Spiritus,</strong></span> <span class='ocrx_word' id='word_1_691' title='bbox 3086 4561 3410 4631; x_wconf 72' lang='lat' dir='ltr'><strong>quinquage-</strong></span> 
     </span>
    </p>
   </div>
   <div class='ocr_carea' id='block_1_94' title="bbox 221 4625 3407 4726">
    <p class='ocr_par' dir='ltr' id='par_1_94' title="bbox 221 4625 3407 4726">
     <span class='ocr_line' id='line_1_94' title="bbox 221 4625 3407 4726; baseline 0.001 -22"><span class='ocrx_word' id='word_1_692' title='bbox 221 4634 424 4704; x_wconf 63' lang='lat' dir='ltr'><strong>Pam&quot;</strong></span> <span class='ocrx_word' id='word_1_693' title='bbox 451 4632 503 4688; x_wconf 82' lang='grc' dir='ltr'><strong>ίη</strong></span> <span class='ocrx_word' id='word_1_694' title='bbox 533 4633 715 4702; x_wconf 74' lang='grc' dir='ltr'><strong>δΡίτίω</strong></span> <span class='ocrx_word' id='word_1_695' title='bbox 763 4635 899 4702; x_wconf 60' lang='lat' dir='ltr'><strong>quo“</strong></span> <span class='ocrx_word' id='word_1_696' title='bbox 929 4638 1203 4706; x_wconf 73' lang='lat' dir='ltr'><strong>progenies</strong></span> <span class='ocrx_word' id='word_1_697' title='bbox 1244 4638 1506 4693; x_wconf 57' lang='lat' dir='ltr'><strong>omnium</strong></span> <span class='ocrx_word' id='word_1_698' title='bbox 1542 4638 1768 4709; x_wconf 57' lang='lat' dir='ltr'><strong>ampli“</strong></span> <span class='ocrx_word' id='word_1_699' title='bbox 1874 4659 2053 4714; x_wconf 88' lang='lat' dir='ltr'><strong>narius</strong></span> <span class='ocrx_word' id='word_1_700' title='bbox 2075 4672 2214 4713; x_wconf 74' lang='lat' dir='ltr'><strong>verat</strong></span> <span class='ocrx_word' id='word_1_701' title='bbox 2242 4625 2461 4726; x_wconf 72' lang='lat' dir='ltr'><strong>requiei,</strong></span> <span class='ocrx_word' id='word_1_702' title='bbox 2491 4667 2608 4721; x_wconf 70' lang='lat' dir='ltr'><strong>quae</strong></span> <span class='ocrx_word' id='word_1_703' title='bbox 2629 4667 2721 4721; x_wconf 89' lang='lat' dir='ltr'><strong>per</strong></span> <span class='ocrx_word' id='word_1_704' title='bbox 2745 4625 2986 4706; x_wconf 80' lang='lat' dir='ltr'><strong>eumdem</strong></span> <span class='ocrx_word' id='word_1_705' title='bbox 2999 4625 3268 4723; x_wconf 39' lang='lat' dir='ltr'><strong>‘Spi-ritum</strong></span> <span class='ocrx_word' id='word_1_706' title='bbox 3299 4625 3407 4707; x_wconf 74' lang='lat' dir='ltr'><strong>ele-</strong></span> 
     </span>
    </p>
   </div>
   <div class='ocr_carea' id='block_1_95' title="bbox 225 4728 3410 4817">
    <p class='ocr_par' dir='ltr' id='par_1_95' title="bbox 225 4728 3410 4817">
     <span class='ocr_line' id='line_1_95' title="bbox 225 4728 3410 4817; baseline -0.004 -3"><span class='ocrx_word' id='word_1_707' title='bbox 225 4729 390 4782; x_wconf 66' lang='lat' dir='ltr'><strong>mulw</strong></span> <span class='ocrx_word' id='word_1_708' title='bbox 417 4741 571 4817; x_wconf 57' lang='lat'><strong>“9&quot;”</strong></span> <span class='ocrx_word' id='word_1_709' title='bbox 610 4734 798 4817; x_wconf 49' lang='lat' dir='ltr'><strong>me?“</strong></span> <span class='ocrx_word' id='word_1_710' title='bbox 818 4773 823 4777; x_wconf 83' lang='lat'>&#39;</span> <span class='ocrx_word' id='word_1_711' title='bbox 845 4728 1003 4815; x_wconf 65' lang='lat' dir='ltr'><strong>“‘TP‘</strong></span> <span class='ocrx_word' id='word_1_712' title='bbox 1030 4731 1253 4786; x_wconf 58' lang='lat' dir='ltr'><strong>mimum</strong></span> <span class='ocrx_word' id='word_1_713' title='bbox 1290 4733 1454 4786; x_wconf 59' lang='lat' dir='ltr'><strong>Cham</strong></span> <span class='ocrx_word' id='word_1_714' title='bbox 1479 4744 1620 4789; x_wconf 66' lang='grc'>⁸⁸⁸⁸⁸</span> <span class='ocrx_word' id='word_1_715' title='bbox 1649 4748 1770 4801; x_wconf 55' lang='lat' dir='ltr'><strong>me&quot;</strong></span> <span class='ocrx_word' id='word_1_716' title='bbox 1873 4754 1971 4812; x_wconf 86' lang='lat' dir='ltr'><strong>ctis</strong></span> <span class='ocrx_word' id='word_1_717' title='bbox 2026 4749 2287 4817; x_wconf 81' lang='lat' dir='ltr'><strong>tribuitur,</strong></span> <span class='ocrx_word' id='word_1_718' title='bbox 2319 4745 2487 4816; x_wconf 82' lang='lat' dir='ltr'><strong>typice</strong></span> <span class='ocrx_word' id='word_1_719' title='bbox 2514 4747 2771 4814; x_wconf 81' lang='lat' dir='ltr'><strong>congruit.</strong></span> <span class='ocrx_word' id='word_1_720' title='bbox 2803 4746 3087 4800; x_wconf 76' lang='lat' dir='ltr'><strong>Possumus</strong></span> <span class='ocrx_word' id='word_1_721' title='bbox 3115 4756 3168 4802; x_wconf 85' lang='lat' dir='ltr'><strong>et</strong></span> <span class='ocrx_word' id='word_1_722' title='bbox 3197 4747 3262 4799; x_wconf 90' lang='lat' dir='ltr'><strong>ita</strong></span> <span class='ocrx_word' id='word_1_723' title='bbox 3315 4764 3410 4800; x_wconf 62' lang='lat' dir='ltr'><strong>nu.</strong></span> 
     </span>
    </p>
   </div>
   <div class='ocr_carea' id='block_1_96' title="bbox 223 4815 3407 4912">
    <p class='ocr_par' dir='ltr' id='par_1_96' title="bbox 223 4815 3407 4912">
     <span class='ocr_line' id='line_1_96' title="bbox 223 4815 3407 4912; baseline -0.001 -20"><span class='ocrx_word' id='word_1_724' title='bbox 223 4827 428 4912; x_wconf 40' lang='lat'><strong>“9&quot;,</strong></span> <span class='ocrx_word' id='word_1_725' title='bbox 469 4815 1079 4912; x_wconf 49' lang='lat' dir='ltr'><strong>id?-°“&quot;e_d_i3°‘_‘“&#39;“&quot;</strong></span> <span class='ocrx_word' id='word_1_726' title='bbox 1115 4834 1232 4888; x_wconf 71' lang='grc'><strong>(1⁸³³⁸</strong></span> <span class='ocrx_word' id='word_1_727' title='bbox 1275 4825 1358 4877; x_wconf 55' lang='lat' dir='ltr'><strong>&quot;il</strong></span> <span class='ocrx_word' id='word_1_728' title='bbox 1404 4825 1767 4880; x_wconf 56' lang='lat' dir='ltr'><strong>maledicum&quot;</strong></span> <span class='ocrx_word' id='word_1_729' title='bbox 1876 4847 2002 4902; x_wconf 89' lang='lat' dir='ltr'><strong>meri</strong></span> <span class='ocrx_word' id='word_1_730' title='bbox 2033 4843 2183 4912; x_wconf 79' lang='lat' dir='ltr'><strong>hujus</strong></span> <span class='ocrx_word' id='word_1_731' title='bbox 2202 4815 2589 4895; x_wconf 79' lang='lat' dir='ltr'><strong>sacramentum</strong></span> <span class='ocrx_word' id='word_1_732' title='bbox 2617 4835 2966 4903; x_wconf 87' lang='lat' dir='ltr'><strong>interpretari,</strong></span> <span class='ocrx_word' id='word_1_733' title='bbox 3000 4836 3142 4903; x_wconf 88' lang='lat' dir='ltr'><strong>quod</strong></span> <span class='ocrx_word' id='word_1_734' title='bbox 3185 4835 3272 4889; x_wconf 87' lang='lat' dir='ltr'><strong>ille</strong></span> <span class='ocrx_word' id='word_1_735' title='bbox 3320 4839 3407 4904; x_wconf 85' lang='lat' dir='ltr'><strong>qui</strong></span> 
     </span>
    </p>
   </div>
   <div class='ocr_carea' id='block_1_97' title="bbox 224 4905 1771 5007">
    <p class='ocr_par' dir='ltr' id='par_1_97' title="bbox 224 4905 1766 4985">
     <span class='ocr_line' id='line_1_97' title="bbox 224 4905 1766 4985; baseline 0.008 -28"><span class='ocrx_word' id='word_1_736' title='bbox 224 4906 441 4970; x_wconf 85' lang='lat' dir='ltr'><strong>periret,</strong></span> <span class='ocrx_word' id='word_1_737' title='bbox 471 4907 550 4959; x_wconf 82' lang='lat' dir='ltr'><strong>vel</strong></span> <span class='ocrx_word' id='word_1_738' title='bbox 579 4906 796 4961; x_wconf 83' lang='lat' dir='ltr'><strong>servitio</strong></span> <span class='ocrx_word' id='word_1_739' title='bbox 823 4905 1032 4961; x_wconf 86' lang='lat' dir='ltr'><strong>subacta</strong></span> <span class='ocrx_word' id='word_1_740' title='bbox 1060 4919 1328 4985; x_wconf 85' lang='lat' dir='ltr'><strong>gemeret;</strong></span> <span class='ocrx_word' id='word_1_741' title='bbox 1353 4913 1491 4978; x_wconf 83' lang='lat' dir='ltr'><strong>quod</strong></span> <span class='ocrx_word' id='word_1_742' title='bbox 1513 4913 1766 4969; x_wconf 83' lang='lat' dir='ltr'><strong>Sodomo-</strong></span> 
     </span>
    </p>
   </div>
   <div class='ocr_carea' id='block_1_98' title="bbox 1873 4905 3404 5007">
    <p class='ocr_par' dir='ltr' id='par_1_98' title="bbox 1873 4905 3404 5007">
     <span class='ocr_line' id='line_1_98' title="bbox 1873 4905 3404 5007; baseline -0.01 -16"><span class='ocrx_word' id='word_1_743' title='bbox 1873 4949 1986 5007; x_wconf 89' lang='lat' dir='ltr'><strong>post</strong></span> <span class='ocrx_word' id='word_1_744' title='bbox 2013 4905 2264 4990; x_wconf 77' lang='lat' dir='ltr'><strong>diluvium</strong></span> <span class='ocrx_word' id='word_1_745' title='bbox 2296 4931 2540 4984; x_wconf 88' lang='lat' dir='ltr'><strong>trecentis</strong></span> <span class='ocrx_word' id='word_1_746' title='bbox 2567 4926 2940 4996; x_wconf 86' lang='lat' dir='ltr'><strong>quinquaginta</strong></span> <span class='ocrx_word' id='word_1_747' title='bbox 2971 4925 3119 4978; x_wconf 85' lang='lat' dir='ltr'><strong>annis</strong></span> <span class='ocrx_word' id='word_1_748' title='bbox 3143 4923 3300 4988; x_wconf 83' lang='lat' dir='ltr'><strong>vivat,</strong></span> <span class='ocrx_word' id='word_1_749' title='bbox 3320 4927 3404 4990; x_wconf 86' lang='lat' dir='ltr'><strong>qui</strong></span> 
     </span>
    </p>
   </div>
   <div class='ocr_carea' id='block_1_99' title="bbox 225 4997 3418 5092">
    <p class='ocr_par' dir='ltr' id='par_1_99' title="bbox 225 4997 3418 5092">
     <span class='ocr_line' id='line_1_99' title="bbox 225 4997 3418 5092; baseline 0.006 -43"><span class='ocrx_word' id='word_1_750' title='bbox 225 5010 338 5050; x_wconf 89' lang='lat' dir='ltr'><strong>rum</strong></span> <span class='ocrx_word' id='word_1_751' title='bbox 367 4997 602 5053; x_wconf 85' lang='lat' dir='ltr'><strong>maxime</strong></span> <span class='ocrx_word' id='word_1_752' title='bbox 630 4998 718 5067; x_wconf 83' lang='lat' dir='ltr'><strong>qui</strong></span> <span class='ocrx_word' id='word_1_753' title='bbox 744 4999 809 5053; x_wconf 85' lang='lat' dir='ltr'><strong>de</strong></span> <span class='ocrx_word' id='word_1_754' title='bbox 839 5013 1026 5068; x_wconf 78' lang='lat' dir='ltr'><strong>genere</strong></span> <span class='ocrx_word' id='word_1_755' title='bbox 1052 4997 1316 5053; x_wconf 75' lang='lat' dir='ltr'><strong>Clianaztm</strong></span> <span class='ocrx_word' id='word_1_756' title='bbox 1342 5003 1517 5058; x_wconf 76' lang='lat' dir='ltr'><strong>exiere</strong></span> <span class='ocrx_word' id='word_1_757' title='bbox 1548 5005 1626 5059; x_wconf 80' lang='lat' dir='ltr'><strong>vel</strong></span> <span class='ocrx_word' id='word_1_758' title='bbox 1653 5019 1765 5061; x_wconf 66' lang='grc' dir='ltr'><strong>θοο-</strong></span> <span class='ocrx_word' id='word_1_759' title='bbox 1869 4997 1982 5082; x_wconf 62' lang='grc' dir='ltr'><strong>ίοέο</strong></span> <span class='ocrx_word' id='word_1_760' title='bbox 2028 5035 2261 5092; x_wconf 67' lang='lat' dir='ltr'><strong>tempore</strong></span> <span class='ocrx_word' id='word_1_761' title='bbox 2309 5019 2507 5085; x_wconf 86' lang='lat' dir='ltr'><strong>accepti</strong></span> <span class='ocrx_word' id='word_1_762' title='bbox 2559 5014 2904 5085; x_wconf 84' lang='lat' dir='ltr'><strong>baptismatis,</strong></span> <span class='ocrx_word' id='word_1_763' title='bbox 2938 5013 3147 5081; x_wconf 79' lang='lat' dir='ltr'><strong>adjutus</strong></span> <span class='ocrx_word' id='word_1_764' title='bbox 3204 5012 3214 5050; x_wconf 81' lang='grc' dir='ltr'><strong>ί</strong></span> <span class='ocrx_word' id='word_1_765' title='bbox 3269 5013 3418 5078; x_wconf 66' lang='lat' dir='ltr'><strong>dum).</strong></span> 
     </span>
    </p>
   </div>
   <div class='ocr_carea' id='block_1_100' title="bbox 293 5206 685 5272">
    <p class='ocr_par' dir='ltr' id='par_1_100' title="bbox 293 5206 685 5272">
     <span class='ocr_line' id='line_1_100' title="bbox 293 5206 685 5272; baseline 0.005 -13"><span class='ocrx_word' id='word_1_766' title='bbox 293 5214 303 5242; x_wconf 84' lang='grc'><strong><em>⁸</em></strong></span> <span class='ocrx_word' id='word_1_767' title='bbox 349 5206 458 5270; x_wconf 81' lang='lat' dir='ltr'><strong>AL,</strong></span> <span class='ocrx_word' id='word_1_768' title='bbox 478 5206 618 5271; x_wconf 78' lang='lat' dir='ltr'><strong>ipsis.</strong></span> <span class='ocrx_word' id='word_1_769' title='bbox 679 5265 685 5272; x_wconf 94' lang='lat'><em>_</em></span> 
     </span>
    </p>
   </div>
   <div class='ocr_carea' id='block_1_101' title="bbox 292 5273 1331 5345">
    <p class='ocr_par' dir='ltr' id='par_1_101' title="bbox 292 5273 1331 5345">
     <span class='ocr_line' id='line_1_101' title="bbox 292 5273 1331 5345; baseline 0.005 -15"><span class='ocrx_word' id='word_1_770' title='bbox 292 5273 305 5314; x_wconf 82' lang='lat'><strong>&#39;</strong></span> <span class='ocrx_word' id='word_1_771' title='bbox 352 5275 460 5345; x_wconf 76' lang='lat' dir='ltr'><strong>AL,</strong></span> <span class='ocrx_word' id='word_1_772' title='bbox 486 5280 912 5345; x_wconf 57' lang='lat' dir='ltr'><strong>prattuntiabrttur</strong></span> <span class='ocrx_word' id='word_1_773' title='bbox 934 5299 1044 5335; x_wconf 79' lang='lat' dir='ltr'><strong>cum</strong></span> <span class='ocrx_word' id='word_1_774' title='bbox 1073 5281 1331 5335; x_wconf 82' lang='lat' dir='ltr'><strong>diceretur.</strong></span> 
     </span>
    </p>
   </div>
   <div class='ocr_carea' id='block_1_102' title="bbox 294 5343 688 5404">
    <p class='ocr_par' dir='ltr' id='par_1_102' title="bbox 294 5343 688 5404">
     <span class='ocr_line' id='line_1_102' title="bbox 294 5343 688 5404; baseline 0.003 -7"><span class='ocrx_word' id='word_1_775' title='bbox 294 5351 317 5383; x_wconf 81' lang='grc'>⁶</span> <span class='ocrx_word' id='word_1_776' title='bbox 358 5344 459 5404; x_wconf 60' lang='grc' dir='ltr'>ὶΙη</span> <span class='ocrx_word' id='word_1_777' title='bbox 487 5343 688 5398; x_wconf 71' lang='lat' dir='ltr'><strong>habitet.</strong></span> 
     </span>
    </p>
   </div>
   <div class='ocr_carea' id='block_1_103' title="bbox 292 5411 771 5475">
    <p class='ocr_par' dir='ltr' id='par_1_103' title="bbox 292 5411 771 5475">
     <span class='ocr_line' id='line_1_103' title="bbox 292 5411 771 5475; baseline 0.004 -10"><span class='ocrx_word' id='word_1_778' title='bbox 292 5411 320 5449; x_wconf 68' lang='lat'><em>‘</em></span> <span class='ocrx_word' id='word_1_779' title='bbox 365 5413 459 5475; x_wconf 74' lang='grc' dir='ltr'>ιι..</span> <span class='ocrx_word' id='word_1_780' title='bbox 488 5413 771 5467; x_wconf 72' lang='lat' dir='ltr'><strong>latitudine.</strong></span> 
     </span>
    </p>
   </div>
   <div class='ocr_carea' id='block_1_104' title="bbox 295 5484 818 5537">
    <p class='ocr_par' dir='ltr' id='par_1_104' title="bbox 295 5484 818 5537">
     <span class='ocr_line' id='line_1_104' title="bbox 295 5484 818 5537; baseline 0.002 -3"><span class='ocrx_word' id='word_1_781' title='bbox 295 5486 316 5512; x_wconf 84' lang='lat'><strong>&#39;</strong></span> <span class='ocrx_word' id='word_1_782' title='bbox 349 5484 433 5536; x_wconf 70' lang='lat' dir='ltr'><strong>Al.</strong></span> <span class='ocrx_word' id='word_1_783' title='bbox 462 5484 607 5537; x_wconf 83' lang='lat' dir='ltr'><strong>decst</strong></span> <span class='ocrx_word' id='word_1_784' title='bbox 635 5495 818 5536; x_wconf 81' lang='lat' dir='ltr'><strong>autem.</strong></span> 
     </span>
    </p>
   </div>
   <div class='ocr_carea' id='block_1_105' title="bbox 1942 5217 2547 5289">
    <p class='ocr_par' dir='ltr' id='par_1_105' title="bbox 1942 5217 2547 5289">
     <span class='ocr_line' id='line_1_105' title="bbox 1942 5217 2547 5289; baseline 0.003 -18"><span class='ocrx_word' id='word_1_785' title='bbox 1942 5217 1957 5254; x_wconf 70' lang='grc' dir='ltr'><em>τ</em></span> <span class='ocrx_word' id='word_1_786' title='bbox 1993 5222 2095 5282; x_wconf 83' lang='lat' dir='ltr'><strong>A|.,</strong></span> <span class='ocrx_word' id='word_1_787' title='bbox 2124 5237 2215 5289; x_wconf 75' lang='lat' dir='ltr'><strong>pro</strong></span> <span class='ocrx_word' id='word_1_788' title='bbox 2238 5222 2547 5273; x_wconf 83' lang='lat' dir='ltr'><strong>auctoritate.</strong></span> 
     </span>
    </p>
   </div>
   <div class='ocr_carea' id='block_1_106' title="bbox 1943 5290 2362 5356">
    <p class='ocr_par' dir='ltr' id='par_1_106' title="bbox 1943 5290 2362 5356">
     <span class='ocr_line' id='line_1_106' title="bbox 1943 5290 2362 5356; baseline 0.002 -17"><span class='ocrx_word' id='word_1_789' title='bbox 1943 5291 1967 5324; x_wconf 76' lang='grc'><strong><em>⁸</em></strong></span> <span class='ocrx_word' id='word_1_790' title='bbox 2000 5290 2102 5350; x_wconf 79' lang='lat' dir='ltr'><strong>AL,</strong></span> <span class='ocrx_word' id='word_1_791' title='bbox 2133 5290 2362 5356; x_wconf 75' lang='lat' dir='ltr'><strong>ligarant.</strong></span> 
     </span>
    </p>
   </div>
   <div class='ocr_carea' id='block_1_107' title="bbox 1936 5357 2768 5426">
    <p class='ocr_par' dir='ltr' id='par_1_107' title="bbox 1936 5357 2768 5426">
     <span class='ocr_line' id='line_1_107' title="bbox 1936 5357 2768 5426; baseline 0.002 -19"><span class='ocrx_word' id='word_1_792' title='bbox 1936 5358 1963 5389; x_wconf 65' lang='lat'>&#39;</span> <span class='ocrx_word' id='word_1_793' title='bbox 1991 5357 2096 5417; x_wconf 76' lang='lat' dir='ltr'><strong>AL,</strong></span> <span class='ocrx_word' id='word_1_794' title='bbox 2126 5357 2242 5426; x_wconf 80' lang='lat' dir='ltr'><strong>quia</strong></span> <span class='ocrx_word' id='word_1_795' title='bbox 2272 5358 2490 5424; x_wconf 73' lang='lat' dir='ltr'><strong>figuram</strong></span> <span class='ocrx_word' id='word_1_796' title='bbox 2528 5359 2768 5426; x_wconf 83' lang='lat' dir='ltr'><strong>designet.</strong></span> 
     </span>
    </p>
   </div>
   <div class='ocr_carea' id='block_1_108' title="bbox 1944 5424 3037 5494">
    <p class='ocr_par' dir='ltr' id='par_1_108' title="bbox 1944 5424 3037 5494">
     <span class='ocr_line' id='line_1_108' title="bbox 1944 5424 3037 5494; baseline 0.003 -18"><span class='ocrx_word' id='word_1_797' title='bbox 1944 5432 1958 5459; x_wconf 76' lang='grc'><strong>⁸</strong></span> <span class='ocrx_word' id='word_1_798' title='bbox 2002 5427 2110 5487; x_wconf 76' lang='lat' dir='ltr'><strong>AL,</strong></span> <span class='ocrx_word' id='word_1_799' title='bbox 2140 5424 2202 5476; x_wconf 86' lang='lat' dir='ltr'><strong>de</strong></span> <span class='ocrx_word' id='word_1_800' title='bbox 2221 5425 2330 5478; x_wconf 87' lang='lat' dir='ltr'><strong>oleo</strong></span> <span class='ocrx_word' id='word_1_801' title='bbox 2347 5427 2578 5492; x_wconf 65' lang='lat' dir='ltr'><strong>spiritali,</strong></span> <span class='ocrx_word' id='word_1_802' title='bbox 2604 5424 2691 5490; x_wconf 75' lang='lat' dir='ltr'><strong>nec</strong></span> <span class='ocrx_word' id='word_1_803' title='bbox 2719 5428 2847 5494; x_wconf 81' lang='lat' dir='ltr'><strong>forte</strong></span> <span class='ocrx_word' id='word_1_804' title='bbox 2876 5427 3037 5482; x_wconf 71' lang='lat' dir='ltr'><strong>inde-</strong></span> 
     </span>
    </p>
   </div>
  </div>
