3866 6248
487 246 588 301 HS

969 246 1168 303 BEDE
1212 249 1652 304 VENERABIIJS
1691 248 1962 306 GPEBUM
2001 245 2177 312 PARS
2219 248 2277 302 ll.
2322 276 2389 288 --
2431 250 2822 310 EXEGETICA
2864 253 3181 311 GENUINA.

3591 261 3682 316 ιιι

474 357 713 423 spiritall,
747 372 840 426 pro
867 371 1056 413 aaterna
1087 360 1138 413 in
1169 369 1194 396 ⁸
1227 361 1373 414 caelis
1399 360 1578 426 requie
1624 359 1861 414 laborare
1912 374 2013 411 non
2046 363 2087 418 Α
2117 360 2202 426 qui
2230 376 2436 412 cursum
2479 363 2596 415 vita:
2628 364 2895 430 przcsentis
2949 363 3036 416 tali
3087 363 3434 432 perfectiusis
3481 381 3673 420 summa

473 457 668 511 cessat;
695 448 917 515 felixque
945 459 1166 503 mortem
1197 450 1391 502 videbit
1419 451 1611 512 carnis,
1632 451 1734 502 imo
1756 450 1822 502 de
1847 461 2016 502 morte

474 538 692 592 transiet
719 538 781 592 ad
813 538 990 603 vitam,
1021 555 1138 608 qua:
1167 541 1274 592 sola
1329 553 1451 593 vera
1491 549 1571 592 est
1621 540 1721 592 vita
1772 539 2012 601 dicenda,

539 673 568 734 ἒ
608 667 714 734 AL,
745 670 986 722 ecclesiis.

542 732 570 772 δ
611 732 716 801 AL,
755 736 977 806 laplieit
1001 739 1121 790 liber
1147 741 1409 792 secundus.
1476 737 1664 804 Incipit
1688 740 1810 792 liber
1837 740 2010 792 tertius

2121 450 2479 516 compleverit.
2516 455 2700 505 Amen.

2111 536 2147 622 .1!
2187 537 2406 607 Explicit
2454 542 2576 592 [δια
2620 545 2864 595 secundus
2893 547 2944 595 in
2973 540 3154 596 Genesi
3196 541 3347 596 Beda
3378 545 3672 612 presbyteri.

2120 668 2440 790 (liminares:
2470 670 2619 724 Beda!
2642 674 2930 741 presbyteri.
2977 673 3030 726 In
3053 673 3153 726 alio
3188 675 3367 727 nullus
3398 686 3577 728 exstat
3601 676 3670 728 ti-

2142 754 2170 789 ll
2199 756 2276 790 IIS.

2119 747 2276 793 tutus.

1658 1005 1952 1079 LIBER
2006 1005 2467 1081 TERTIUS.

537 1197 634 1253 [ιω
673 1203 1013 1270 generationes
1064 1203 1088 1230 ³
1135 1200 1354 1268 ﬁliorum
1404 1202 1532 1256 Noe.
1555 1204 1707 1270 .Sem,
1738 1204 1912 1264 Cham,
1963 1211 2009 1254 et

461 1289 719 1359 lapheth;
741 1292 944 1360 natique
969 1301 1084 1342 sunt
1112 1293 1179 1344 eis
1201 1292 1295 1357 ﬁlii
1318 1303 1426 1357 post
1466 1295 1725 1347 diluvium.
1770 1292 1893 1345 Filii
1915 1291 2010 1344 Ja-

464 1377 634 1448 plteth,
658 1376 857 1442 Gomir,
883 1389 931 1431 et
957 1378 1161 1450 Magog,
1191 1392 1234 1432 et
1277 1382 1468 1447 Madai,
1490 1382 1674 1446 lauan,
1722 1393 1768 1435 et
1810 1382 2010 1436 Tltubal

463 1476 509 1521 et
532 1466 746 1523 'Hosoclt
767 1478 813 1521 et
842 1467 866 1506 δ
899 1469 1095 1522 Thiras.
1140 1469 1520 1537 Series’stirpis
1567 1473 1672 1524 Noe
1715 1487 1741 1523 a
1793 1469 2010 1523 minimo

465 1557 578 1623 ejus
611 1558 716 1611 lilio
745 1557 948 1625 incipit,
978 1567 1030 1611 et
1053 1559 1101 1611 in
1134 1559 1363 1611 maximo
1389 1559 1700 1624 completur,
1738 1574 1850 1626 qua:
1875 1559 2008 1612 scri-

465 1648 629 1714 pturis
655 1647 848 1700 sanctis
879 1655 959 1700 est
984 1648 1170 1699 usitata
1215 1647 1428 1712 locutio,
1462 1650 1680 1717 mystice
1709 1648 2012 1714 signiﬁcans

463 1737 600 1804 quod
632 1738 802 1788 minor
829 1737 1047 1804 populus
1088 1736 1316 1803 gentium
1365 1735 1575 1790 Christo
1623 1737 1672 1791 in
1715 1751 1874 1792 carne
1917 1752 2004 1791 ve-

2114 1209 2407 1264 corrnptam
2431 1218 2444 1264 ;
2488 1200 2625 1255 unde
2649 1209 2702 1255 et
2729 1202 3034 1269 metropolis
3059 1216 3241 1256 eorum
3269 1203 3458 1257 civitas
3476 1201 3518 1270 ,δ
3542 1202 3668 1259 Tar-

2114 1290 2186 1342 sis
2217 1290 2515 1357 appelatur,
2574 1290 2734 1344 Paulo
2786 1291 3023 1357 apostolo
3063 1292 3310 1360 gloriosa.
3348 1288 3366 1330 ί
3401 1293 3668 1361 (Nonnulli

2116 1377 2328 1431 Tharsis
2384 1380 2521 1432 unde
2569 1394 2753 1432 aurum
2799 1380 3063 1435 Salomoni
3117 1380 3448 1435 deferebatur
3509 1382 3668 1437 ludi:

2116 1470 2296 1532 putant
2323 1479 2438 1518 esse
2465 1466 2775 1535 regionem.)
2807 1466 2994 1520 Cethint
3025 1471 3040 1517 l
3071 1467 3219 1521 Cethi
3241 1483 3270 1521 a
3293 1469 3480 1537 quibus
3502 1482 3667 1537 usque

2115 1551 2268 1606 hodie
2292 1552 2417 1606 urbs
2444 1552 2466 1587 κ
2499 1553 2794 1620 Cyptotium
2829 1556 3148 1608 nominatur.
3187 1552 3205 1592 ι
3242 1555 3496 1608 Dodauim
3527 1557 3668 1611 Rho-

2111 1643 2204 1708 dii,
2235 1643 2420 1696 melius
2449 1644 2585 1697 enim
2633 1645 2820 1714 legitur
2864 1643 3139 1711 Rodanim,
3183 1645 3296 1699 sive
3354 1646 3573 1713 Roditn,
3614 1658 3667 1701 ut

2109 1735 2432 1802 septuaginta
2485 1733 2795 1803 lnterpretes
2841 1736 3222 1790 transtulerunt
3288 1745 3365 1800 ω,
3429 1754 3448 1788 ι
3503 1746 3562 1790 et
3613 1738 3665 1790 in

465 1825 640 1878 niente
665 1825 1020 1890 praeferendus
1037 1825 1243 1878 essetin
1264 1824 1364 1876 lidc
1382 1825 1569 1894 majori
1594 1827 1782 1894 popqu
1803 1825 2011 1880 Judazo-
2047 1808 2088 1865 Β
2115 1825 2244 1879 libro
2274 1815 2611 1880 llebrmorum
2663 1826 2928 1879 nominum
2978 1825 3133 1880 etiam
3186 1835 3366 1880 noster
3407 1823 3664 1896 interprés

460 1915 595 1969 rum.
618 1916 734 1969 Filii
749 1925 923 1968 autem
942 1915 1163 1967 ﬁliorum
1180 1915 1287 1967 Noe
1300 1916 1386 1982 qui
1406 1926 1884 1970 commemorantur
1896 1931 2010 1969 cre-

458 2005 654 2058 duntur
673 2003 1194 2074 singulisingularum
1217 2002 1449 2071 gentium
1475 2005 1829 2072 progenitores
1849 2004 2010 2058 exsti-

461 2095 610 2156 tisse,
643 2095 730 2161 qui
754 2095 820 2144 ita
840 2094 974 2145 inter
993 2107 1050 2145 se
1071 2093 1251 2146 orbem
1270 2093 1578 2156 diviserunt,
1594 2101 1651 2146 ut
1669 2093 1791 2147 Sem
1815 2093 2010 2161 primo-

460 2183 666 2251 genitus
701 2182 876 2236 Asiam
894 2164 1174 2244 obtineret,
1209 2190 1261 2234 et
1288 2181 1451 2234 Cham
1478 2181 1735 2236 secundus
1759 2181 2009 2245 Africam,

461 2272 688 2340 Japheth
717 2273 930 2325 ultimus
959 2272 1218 2340 Europam
1247 2287 1260 2333 ;
1288 2273 1356 2324 ita
1389 2272 1639 2326 duntaxat
1663 2274 1873 2341 ut,quia
1897 2288 2010 2326 ma-

457 2362 542 2428 jor
571 2369 652 2415 est
681 2363 841 2416 multo
868 2363 986 2414 Asia
1017 2373 1298 2415 terrrarnm
1329 2363 1430 2416 situ
1476 2377 1631 2430 quam
1676 2363 1880 2430 Europa
1931 2363 2008 2417 vel

459 2452 648 2522 Lybia,
687 2455 963 2520 progenies
989 2451 1150 2506 Cham
1181 2463 1232 2506 et
1253 2452 1476 2520 Japheth
1509 2455 1663 2506 etiam
1710 2454 2007 2506 nonnullam

459 2544 514 2599 in
543 2544 663 2597 Asia
688 2544 976 2612 portionem
1003 2552 1219 2597 teneret.
1275 2545 1378 2596 «De
1401 2543 1624 2610 Japheth
1655 2559 1781 2613 ergo
1811 2538 2007 2613 septem

460 2633 555 2687 lilii
585 2634 689 2687 nati
718 2643 840 2686 sunt
868 2634 956 2701 qui
990 2633 1333 2698 possederunt
1361 2643 1554 2686 terram
1602 2635 1651 2685 in
1701 2633 1822 2686 Asia
1875 2642 1898 2671 ε
1943 2635 2008 2686 ab

459 2722 661 2776 Amano
697 2729 750 2776 et
775 2722 945 2775 Tauro
982 2721 1147 2792 Syria:
1203 2719 1227 2758 ά
1280 2722 1441 2775 leis
1491 2731 1543 2775 et
1586 2721 1798 2790 Cyliciae
1849 2736 1999 2774 mon-

457 2809 596 2864 tibus
634 2850 650 2874 ,
706 2818 869 2879 usque
918 2812 982 2864 ad
1031 2811 1244 2863 ﬂuvium
1311 2820 1333 2847 ο
1387 2811 1626 2865 Tanaim.
1685 2811 1737 2863 ln
1799 2810 2003 2877 Eumpa

458 2916 584 2955 vero
623 2916 787 2974 usque
839 2903 902 2954 ad
956 2901 1143 2956 Gadira
1178 2943 1191 2964 ,
1240 2902 1448 2956 nomina
1498 2902 1626 2956 locis
1672 2911 1724 2957 et
1762 2904 2003 2970 gentibus

458 2989 825 3057 relinquentes.
857 3003 923 3042 ex
974 2989 1161 3057 quibus
1209 3000 1387 3056 postea
1437 2990 1708 3055 immutata
1752 2999 1874 3043 sunt
1910 3005 2000 3043 no-

458 3076 596 3128 mina
666 3076 927 3144 plurima,
973 3083 1028 3128 et
1072 3085 1261 3128 caatera
1313 3086 1618 3143 permanent
1671 3086 1723 3129 ut
1773 3077 1999 3130 luerunt.

457 3167 589 3222 Sunt
609 3177 780 3220 autem
811 3163 994 3219 Canter
1020 3164 1239 3226 Galatas,
1290 3163 1477 3234 Magog
1529 3165 1776 3233 Scythae,
1826 3165 2000 3219 Maa’ai

453 3256 608 3327 Redi,
638 3247 825 3320 Jaran,
860 3254 1029 3319 lones,
1059 3253 1146 3323 qui
1176 3263 1229 3310 et
1255 3255 1444 3318 Grmci,
1492 3255 1630 3309 unde
1657 3264 1710 3309 et
1754 3271 1894 3309 mare
1922 3256 2001 3309 lo-

456 3347 616 3409 nium,
643 3343 838 3398 Thubal
869 3345 1061 3409 Hiberi,
1091 3346 1176 3412 qui
1205 3356 1257 3399 et
1289 3346 1498 3412 Hispani
1544 3345 1611 3398 ab
1665 3345 1855 3399 Hibero
1904 3345 2000 3399 llu-

455 3432 595 3484 mine
639 3430 740 3484 hoc
786 3431 1040 3485 vocabulo
1095 3433 1396 3500 nuncupati,
1427 3448 1457 3487 e
1485 3434 1674 3500 quibus
1727 3434 1994 3498 Celtiberi,

455 3523 572 3576 licet
598 3521 804 3590 quidam
834 3520 987 3574 Italos
1015 3522 1378 3588 suspicentur;
1410 3522 1615 3574 blosoclt
1641 3525 1992 3591 Cappadoces,

454 3611 590 3664 unde
614 3619 667 3664 ot
690 3609 813 3664 urbs
833 3611 966 3679 apud
995 3625 1088 3665 eos
1111 3625 1275 3679 usque
1298 3611 1450 3664 hodie
1475 3609 1492 3648 ῐ
1520 3609 1761 3664 Mazecba
1789 3612 1993 3676 dicitur,

453 3717 566 3766 qum
594 3711 649 3756 et
676 3699 918 3755 Caesarea
944 3703 1010 3755 ab
1037 3701 1269 3770 Augusto
1291 3701 1498 3756 Caesare
1524 3703 1660 3755 dicta
1682 3710 1785 3755 est.
1833 3702 1998 3757 Porro

452 3788 777 3861 septuaginta
807 3787 1124 3858 interpretes
1170 3788 1427 3858 Capturim
1465 3789 1805 3858 Cappadoces
1851 3793 1994 3846 arbi-

451 3890 672 3943 trantur,
700 3878 883 3933 Thiros
910 3879 1167 3946 Thraces,
1190 3894 1412 3950 quorum
1445 3896 1545 3936 non
1572 3880 1701 3936 satis
1749 3882 1993 3937 immuta-

451 3981 559 4024 tum
582 3970 888 4025 vocabulum
919 3978 1016 4026 est.

521 4058 681 4113 Porro
709 4061 806 4127 ﬁlii
833 4058 1016 4115 Camer
1043 4061 1297 4114 Ast-lienes
1321 4071 1366 4114 et
1389 4072 1413 4110 ι
1448 4062 1665 4131 Ilipltntlt
1693 4075 1736 4118 et
1763 4063 1992 4135 Tangoro

448 4163 550 4199 uta.
580 4149 833 4200 Aschenes
860 4151 1113 4205 Sarmata
1142 4167 1271 4219 quos
1301 4152 1472 4206 Gnaei
1523 4155 1736 4222 Riginos
1785 4166 1992 4210 vocant.

449 4238 626 4306 Rifatlt
657 4238 982 4308 Pallagones,
1009 4240 1294 4310 Tltogornta
1324 4242 1574 4312 Phryges.

525 4344 547 4377 s
593 4325 719 4380 Filii
739 4338 902 4380 autem
930 4326 1092 4381 Jnoau
1127 4329 1267 4382 Eliso
1295 4340 1341 4382 et
1370 4329 1568 4392 Turcis,
1596 4329 1788 4384 Cet/rint
1810 4343 1856 4384 et
1889 4331 1993 4386 Do-

2107 1913 2300 1982 po~uit.
2323 1913 2622 1967 Similitudo
2644 1913 2781 1967 enim
2801 1914 3087 1968 litterarum
3120 1913 3299 1967 Daletlt
3325 1924 3379 1968 et
3406 1913 3502 1968 Res
3527 1917 3662 1970 hunc

2106 2002 2240 2069 apud
2275 2002 2521 2055 llebrzcos
2550 2017 2692 2070 sanie
2742 2002 2865 2057 facit
2907 2019 3166 2070 errorem,
3198 2015 3256 2057 ιιι
3304 2005 3408 2057 alia
3461 2005 3665 2073 legatur

2111 2105 2204 2157 pro
2228 2091 2347 2143 alia.
2373 2091 2462 2144 Est
2491 2100 2664 2145 autem
2701 2092 2914 2146 Rhodus
2935 2091 3278 2160 Cycladarum
3325 2094 3577 2161 maxima,
3607 2103 3661 2146 et

2111 2181 2159 2234 in
2190 2181 2332 2234 Ionio
2367 2181 2495 2234 mari
2525 2183 2784 2248 quondam
2815 2181 2939 2235 urbs
2968 2183 3657 2250 potentissima,navalique

2107 2267 2392 2321 certamine
2443 2267 2691 2336 gloriosa,
2722 2277 2774 2321 et
2821 2279 3034 2336 propter
3081 2270 3402 2323 tutissimum
3452 2279 3661 2337 portum

2109 2365 2456 2408 mercatorum
2486 2356 2716 2409 omnium
2755 2356 3140 2420 receptaculum

2178 2445 2250 2496 Ab
2277 2445 2353 2496 Itis
2377 2445 2548 2496 diviso:
2576 2453 2690 2497 sunt
2719 2444 2898 2498 insulse
2924 2445 3146 2514 gentium
3172 2461 3223 2497 tn
3246 2444 3533 2513 regionibus
3556 2443 3662 2498 suis

2107 2535 2441 2603 unusquisque
2465 2536 2736 2588 secundum
2768 2536 2993 2605 linguam
3019 2545 3046 2572 υ
3078 2551 3221 2588 suam
3246 2547 3290 2589 et
3335 2537 3582 2604 familiam
3610 2541 3659 2588 in

2107 2623 2386 2676 nationibus
2411 2625 2536 2677 suis.
2573 2641 2592 2675 ι
2630 2624 2885 2694 Legamus
2941 2635 2965 2660 °
3013 2627 3345 2694 antiquorum
3389 2625 3660 2691 historias,

2105 2723 2158 2777 et
2188 2716 2476 2770 videbimus
2504 2732 2686 2772 omnes
2710 2732 2840 2786 pene
2863 2718 3080 2782 insulas,
3111 2727 3166 2772 et
3192 2719 3350 2772 totius
3381 2719 3523 2773 orbis
3575 2720 3658 2771 lit-

2105 2813 2241 2870 tora,
2267 2815 2536 2873 terrasque
2560 2808 2688 2860 mari
2719 2808 2939 2871 vicinas,
2974 2817 3001 2856 ι’
3028 2821 3057 2859 a
3079 2807 3277 2862 Graecis
3323 2809 3515 2861 accolis
3566 2822 3659 2862 oc-

2102 2900 2340 2958 cupatas,
2373 2892 2479 2960 qni,
2511 2903 2569 2946 ut
2597 2908 2752 2961 supra
2792 2896 3042 2958 diximus,
3071 2894 3140 2948 ab
3167 2898 3371 2949 Amano
3398 2904 3454 2949 et
3475 2896 3659 2950 Tauro

2102 2981 2366 3033 montibus
2389 2981 2563 3033 omnia
2593 2985 2854 3036 maritima
2903 2984 3014 3037 loca
3071 2997 3236 3050 usque
3282 2984 3349 3036 ad
3399 2999 3654 3039 oceanum

2104 3071 2372 3138 possidere
2389 3070 2741 3126 Britannicum
2766 3083 2812 3126 ιι.
2827 3091 2846 3124 ι
2879 3073 3009 3127 Dum
3029 3088 3152 3130 vero
3177 3074 3369 3128 dicitur
3389 3075 3658 3141 unusquis-

2104 3177 2200 3229 que
2226 3163 2498 3214 secundum
2527 3162 2748 3232 linguam
2774 3173 2819 3216 et
2848 3162 3090 3232 familiam
3116 3165 3167 3217 in
3197 3163 3483 3217 nationibus
3525 3168 3655 3227 suis,

2103 3252 2306 3320 liquido
2360 3253 2651 3306 ostenditur
2693 3255 2812 3322 quia
2851 3255 2998 3322 juxta
3045 3255 3343 3322 Opinionem
3397 3257 3657 3326 vulgatam

2099 3340 2287 3406 singuli
2315 3341 2400 3409 qui
2428 3341 2511 3395 hic
2537 3353 3013 3397 commemorantur
3043 3344 3133 3398 lilii
3157 3344 3286 3409 Noe,
3319 3345 3400 3399 vel
3434 3357 3658 3413 nepotes

2099 3431 2322 3486 ﬁliorum
2351 3433 2479 3498 Noe,
2503 3433 2733 3504 singulas
2755 3445 2938 3503 gentes
2965 3436 3075 3490 sive
3103 3437 3442 3504 cognationes
3471 3435 3644 3490 direr-

2096 3537 2273 3576 sarum
2305 3523 2476 3576 fecere
2503 3513 2817 3592 linguarum.
2845 3523 2973 3577 Nam
3000 3524 3181 3578 eadem
3213 3527 3496 3588 sententia,
3525 3539 3653 3579 enu-

2100 3621 2298 3666 merata
2342 3626 2550 3682 quoque
2575 3618 2740 3683 stirpe
2766 3615 2929 3669 Cbam
2957 3618 3068 3669 sive
3115 3616 3259 3681 Sem,
3291 3615 3359 3672 de
3406 3617 3659 3672 varietate

2097 3701 2488 3769 getterationum
2530 3704 2924 3771 linguarumque
2953 3706 3294 3760 subinfertur.

2167 3786 2289 3841 Filii
2313 3798 2477 3842 autent
2509 3789 2664 3842 Citam
2700 3808 2718 3844 :
2762 3793 2918 3854 Chus,
2948 3804 2992 3845 et
3027 3792 3287 3858 Mesraim,
3317 3804 3364 3847 et
3397 3793 3571 3848 ΡΙιιιιΙι
3600 3806 3647 3850 et

2097 3878 2372 3932 Chaunum.
2438 3897 2455 3930 ι
2494 3879 2628 3934 Chus
2677 3875 2933 3948 hodieque
2980 3883 3046 3934 ab
3093 3882 3331 3937 ilebrais
3373 3880 3651 3952 )EIb‘tupia

2097 3979 2439 4038 nuncupatur,
2477 3967 2715 4022 blesraim
2741 3968 3018 4040 Egyptus,
3049 3968 3222 4022 Phutlt
3256 3972 3467 4040 Lybies,
3497 3987 3526 4025 a
3554 3988 3656 4040 quo

2095 4067 2147 4112 et
2172 4057 2488 4112 Mauritaniae
2521 4058 2704 4111 ﬂuvius
2735 4073 2900 4126 usque
2939 4058 2988 4111 in
3037 4073 3269 4126 praesens
3316 4059 3490 4113 Phth
3523 4062 3652 4115 dici-

2096 4149 2485 4218 tur,omnisque
2504 4148 2643 4203 circa
2666 4164 2783 4202 eunt
2806 4151 2950 4218 regio
2971 4149 3306 4203 Phuthensis.
3331 4149 3494 4204 P'orro
3520 4150 3656 4204 Cha-

2084 4257 2249 4308 ,naam
2282 4243 2504 4296 obtinuit
2527 4252 2720 4297 terram
2747 4242 2901 4311 quam
2931 4241 3094 4297 Judzei
3121 4242 3374 4328 deinceps
3395 4242 3650 4311 possede-

2098 4339 2214 4383 rttut
2239 4330 2431 4398 ejectis
2459 4331 2789 4384 Chanana‘is.

447 4419 634 4471 danim.
669 4417 743 4473 De
775 4417 1001 4483 lonibus,
1033 4417 1083 4471 id
1112 4426 1219 4482 est,
1246 4418 1441 4473 Grecis
1472 4429 1754 4475 nascuntur
1801 4421 1993 4483 Elisar,
2028 4437 2073 4494 ο
2169 4436 2187 4467 ι
2231 4416 2355 4471 Filii
2381 4418 2519 4471 (Ilius
2549 4432 2568 4470 :
2601 4417 2765 4483 Saba,
2807 4426 2852 4471 et
2882 4417 3094 4483 Herila,
3138 4429 3184 4473 et
3231 4419 3484 4484 Sabatlta,
3532 4432 3580 4474 et
3628 4430 3648 4460 ι

445 4506 536 4572 qui
556 4517 807 4560 vocantur
839 4507 1039 4574 Elides,
1069 4508 1211 4562 unde
1237 4517 1291 4563 et
1333 4508 1510 4578 quinta
1560 4509 1734 4578 lingua
1778 4508 1995 4564 Gracia

450 4591 1100 4664 Eolla-appellatur,quam
1129 4596 1198 4650 illi
1233 4593 1459 4665 pontem
1474 4597 1733 4652 dialecton
1785 4607 1990 4654 vocant.

365 4719 368 4722 ~
451 4681 668 4735 Therses
688 4681 945 4751 Josephus
980 4685 1169 4739 Cilicas
1208 4686 1507 4749 arbitratur,
1542 4686 1677 4739 Tltar
1717 4687 1992 4755 aspiratio-

449 4787 524 4824 ns
556 4772 780 4824 litteram
809 4772 992 4826 vitiose
1017 4788 1045 4824 a
1091 4775 1316 4841 posteris
1359 4775 1410 4828 in
1459 4775 1562 4828 Ται·
1604 4777 1786 4831 dicens
1834 4774 1993 4832 fuisse

512 4903 534 4927 ιι
579 4881 687 4946 AL,
716 4882 862 4936 deest
891 4881 1129 4949 ﬁliorum.

513 4962 538 4999 δ
580 4952 684 5015 AL,
718 4951 912 5005 Cltfrns.

514 5045 535 5069 σε
576 5021 684 5085 AL,
713 5023 785 5073 Ab
812 5024 982 5074 Amar.

512 5101 536 5136 d
579 5091 686 5155 AL,
716 5092 892 5144 Cales.
957 5149 961 5154 ,

517 5179 537 5204 ο
578 5160 687 5222 AL,
720 5160 969 5214 Fanaum.
995 5161 1099 5228 AL,
1137 5161 1330 5216 Tanau.

515 5238 532 5274 ί
583 5228 688 5293 AL,
724 5228 942 5295 Magica.

512 5309 539 5344 ιι
581 5299 684 5359 AL,
721 5297 970 5364 Niphatis.

513 5365 536 5400 ἣ
581 5365 687 5426 AL,
712 5364 916 5418 Tarsus.

520 5436 534 5470 ί
575 5434 775 5485 Inclusa
808 5435 1105 5500 parenthesi
1151 5438 1509 5494 desiderantur
1565 5437 1699 5507 apud
1752 5450 1986 5494 sant-tum

443 5505 836 5570 Hieronymum.

517 5585 530 5623 l
578 5571 686 5638 AL,
711 5570 888 5626 Cet/lii.

2075 4537 2077 4539 ι
2104 4504 2285 4558 lleema
2322 4517 2365 4560 et
2399 4505 2708 4561 Sabataelta.
2757 4505 2895 4560 Saba
2933 4523 2959 4557 a
2991 4522 3096 4576 quo
3125 4508 3320 4564 Sabmi.
3351 4509 3604 4577 Virgilius
3633 4525 3646 4558 :

2099 4595 2235 4650 Solis
2263 4606 2367 4660 est,
2399 4595 2602 4664 inquit,
2631 4596 2805 4651 thurea
2853 4597 2995 4667 virga
3040 4598 3254 4654 Saba-is.
3289 4607 3312 4637 ι
3345 4597 3654 4670 Certumque

2099 4685 2280 4740 Sttwa
2303 4685 2449 4738 thure
2469 4685 2631 4738 calent
2658 4701 2793 4740 una.
2828 4687 3008 4741 Heuila
3033 4703 3063 4740 a
3091 4703 3198 4756 quo
3226 4686 3398 4739 Getuli
3422 4687 3475 4738 in
3507 4698 3651 4754 parte

2096 4775 2390 4828 remotioris
2409 4773 2597 4829 Africa:
2616 4791 2793 4830 eremo
2821 4776 3167 4830 cohaerentes.
3216 4774 3446 4826 Subatlta
3489 4789 3521 4828 a
3550 4791 3652 4845 quo

2167 4887 2188 4956 ’ξ
2231 4889 2336 4951 AL,
2368 4885 2728 4956 Cyprocitittm.
2761 4887 2865 4952 AL,
2888 4897 2934 4940 et
2963 4882 3088 4947 Ipso
3115 4884 3306 4938 citium.

2170 4954 2186 4993 ι
2228 4957 2336 5018 AL,
2369 4954 2642 5008 Dionanint.

2163 5037 2200 5062 π’
2242 5026 2403 5087 Hier.,
2432 5026 2610 5091 Qumst
2648 5026 2698 5076 iu
2725 5022 2916 5077 Cenes.

2166 5105 2190 5130 η
2233 5097 2310 5148 ΑΙ.
2336 5095 2485 5147 deest
2512 5109 2677 5145 suam.

2166 5173 2189 5199 ⁰
2229 5166 2440 5218 Scilicet
2481 5160 2722 5213 Varronis
2749 5160 2809 5210 de
2835 5159 3213 5224 antiquitatibus
3235 5162 3410 5225 heros,
3435 5173 3484 5215 el
3516 5161 3648 5214 Sinii

2097 5234 2372 5298 Capitonis.
2403 5242 2448 5284 et
2480 5229 2707 5299 Grgcunt
2735 5227 3036 5297 Phlegonta.
3071 5242 3372 5299 etcterosque
3419 5233 3645 5284 eruditos

2095 5297 2242 5362 afros,
2275 5312 2330 5353 ut
2362 5301 2514 5364 habet
2545 5297 2904 5364 Hieronymus.

2163 5382 2188 5418 ρ
2227 5361 2333 5427 AL,
2367 5361 2580 5421 Grecis.

2164 5450 2188 5486 τι
2232 5438 2395 5497 ||ier.,
2424 5441 2619 5498 Quaest.
2645 5434 2696 5487 itt
2721 5434 2910 5490 Cenes.

2169 5517 2185 5544 τ
2229 5509 2329 5558 AL.
2370 5504 2576 5556 Iiecinn.

2169 5585 2186 5611 ε
2227 5576 2369 5627 Adde
2397 5586 2440 5626 et
2473 5573 2611 5641 alibi,
2640 5582 2693 5627 ut
2723 5575 2853 5644 apud
2886 5575 3282 5644 Hieronymum.
