3866 6248
132 5578 138 5649 l

203 260 299 314 H7

1421 257 1600 312 HEXA
1613 256 1885 313 EMERON
1928 262 2051 316 LIB.
2097 262 2179 315 lll.

198 368 504 431 Sabathaui,
531 367 617 437 qui
658 382 796 423 nunc
841 366 1075 422 Astabari
1126 375 1507 435 nuneupantur.
1564 367 1747 420 Ret-ma
1780 372 1823 429 Α
1854 372 2011 426 homo
2041 384 2257 442 potens;
2287 377 2376 430 sed
2435 377 2458 415 ιι
2505 378 2621 447 quis
2670 380 2826 434 homo
2878 380 3068 448 impius
3098 392 3279 438 εοιιιιι
3308 399 3402 438 το..

198 474 326 514 vero
354 468 408 515 et
438 458 730 515 Sabateclte
758 458 1003 528 paulatim
1036 458 1247 528 antiqua
1280 458 1534 512 vocabula
1582 458 1753 527 perdi-

197 555 360 618 dere;
387 562 439 609 et
465 568 583 624 qua:
612 542 750 611 nunc
780 567 873 619 pro
902 552 1170 606 veteribus
1209 550 1433 605 habeant
1466 560 1491 587 ι
1514 552 1755 618 ignoran-

198 650 283 698 tur
304 642 384 697 ιδ.»
413 642 657 697 Attamen
690 656 751 696 es
780 656 846 695 eo
871 639 1007 707 quod
1040 640 1091 693 in
1115 640 1315 693 visione
1337 638 1602 709 Tyridicit
1628 639 1755 693 Eze-

196 734 333 790 chiel
362 733 659 787 venditores
687 730 819 783 Saba
849 739 901 783 et
933 728 1147 792 Recma,
1178 730 1290 783 sive
1339 738 1392 781 ut
1428 727 1566 782 LXX
1588 728 1753 782 inter-

195 831 371 893 pretes
390 823 655 886 dixerunt,
686 819 904 886 Regina,
924 816 1022 885 ipsi
1050 818 1402 891 negotiatores
1426 817 1525 882 tui,
1548 815 1753 869 videtur

192 912 354 968 etiam
378 911 465 965 ille
484 924 631 965 suam
653 917 861 976 gentem
891 905 1097 969 fecisse,
1121 913 1175 959 et
1196 905 1313 973 quia
1333 904 1572 973 jungitur
1592 905 1750 968 Saba,

192 1001 418 1057 vicinam
444 998 728 1065 provincia
760 997 881 1050 huic
908 995 1025 1063 ejus
1054 1008 1171 1049 esse
1194 995 1481 1065 regionem.

262 1089 392 1143 Filii
412 1088 551 1143 Saba
579 1086 759 1141 Recma
778 1094 826 1139 et
853 1095 874 1122 ο
912 1083 1118 1136 Dadan.
1157 1102 1175 1135 ι
1213 1084 1305 1137 llic
1348 1081 1480 1137 Saba
1511 1099 1603 1152 per
1657 1084 1749 1139 Sin

192 1183 421 1236 litteram
446 1179 715 1242 scribitur,
751 1190 907 1244 supra
942 1190 1067 1229 vero
1123 1189 1215 1244 per
1264 1175 1503 1240 Sameclt,
1559 1190 1586 1227 a
1643 1191 1749 1243 quo

188 1273 420 1329 diximus
471 1270 764 1338 appellatos
793 1268 1028 1323 Salanus.
1062 1266 1438 1335 Interpretatur
1462 1282 1585 1335 ergo
1613 1281 1748 1320 nunc

188 1362 328 1419 Saba
352 1360 567 1415 Aralia.
596 1359 725 1413 Nam
752 1359 803 1411 in
832 1356 1222 1426 septuagesimo
1268 1357 1492 1424 psalmo,
1518 1355 1602 1408 ubi
1654 1370 1747 1408 nos

186 1449 445 1502 habemus
497 1448 655 1516 Reges
703 1446 923 1500 Arabum
980 1454 1026 1498 et
1088 1443 1225 1500 Saba
1281 1460 1488 1497 munera
1539 1444 1746 1509 o/ferent

184 1536 361 1607 (l’snl.
394 1537 663 1603 ust,10),
694 1537 745 1589 in
776 1536 999 1589 Ilebrazo
1030 1535 1279 1603 scriptum
1311 1544 1390 1587 est
1419 1532 1580 1602 Reges
1610 1532 1748 1587 Saba

184 1638 232 1683 et
264 1626 422 1693 Saba,
445 1627 669 1696 primum
700 1640 892 1679 nomen
922 1636 1013 1692 p'er
1038 1624 1155 1689 Sin,
1186 1623 1473 1678 secundum
1502 1639 1591 1690 per
1647 1623 1747 1676 Sa-

1856 460 2105 515 luutatetu
2134 462 2430 521 Conditoris
2458 467 2617 521 vitam
2652 468 2857 523 duxerit
2886 472 3188 538 superbam.

1930 541 1970 603 Ρ
1976 551 2044 603 uit
2069 564 2231 606 autem
2253 556 2552 624 principium
2580 559 2718 627 regni
2737 559 2847 628 ejus
2866 556 3113 627 Babylon,
3134 569 3181 613 et
3210 558 3401 625 Arach,

1854 650 1899 693 et
1937 639 1950 677 ί
1983 643 2204 708 Archad,
2227 652 2274 696 et
2303 646 2561 699 Clutlanne
2590 648 2639 699 in
2669 655 2799 700 terra
2828 648 3075 702 Senuaar.
3103 650 3156 702 In
3181 665 3402 718 sequen-

1857 731 1990 785 tibus
2021 736 2285 801 quomodo
2314 735 2381 788 sit
2410 735 2542 789 facta
2577 737 2805 808 Babylon
2856 739 3055 806 plenius
3101 739 3399 804 intimatur;

1854 819 1945 871 sed
1979 820 2062 873 hic
2094 822 2425 888 prmntittitur
2447 824 2583 888 quod
2628 826 2699 879 ibi
2747 826 3014 891 reticetur,
3044 829 3165 896 quia
3214 828 3397 882 civitas

1853 909 1990 963 illius
2012 919 2063 963 et
2086 913 2240 965 turris
2262 914 2649 981 superbissima.-
2674 915 2900 969 Netnrod
2923 905 3394 971 auctorexstiterit.

1854 998 2170 1066 Principium
2198 1010 2370 1055 autem
2402 1003 2546 1071 regni
2577 1003 2691 1071 ejus
2720 1002 2818 1057 fuit
2860 1004 3087 1076 Babylon
3113 1049 3127 1073 ,
3169 1007 3287 1074 quia
3319 1008 3398 1061 vel

1854 1087 2015 1156 prima
2045 1087 2311 1143 civitatum
2360 1090 2473 1158 ejus
2514 1092 2722 1144 condita
2773 1094 2849 1145 vel
2896 1097 3200 1160 metropolis
3254 1099 3398 1164 regni

1852 1173 2134 1249 illius-pro
2186 1180 2264 1230 sui
2317 1181 2669 1248 magnitudine
2723 1199 2781 1235 ac
2831 1182 3023 1239 decore
3074 1196 3154 1238 est
3202 1186 3394 1240 habita.

1856 1283 1875 1315 ι
1906 1265 1922 1314 l
1959 1269 2128 1320 Arnch
2162 1284 2285 1322 vero
2314 1271 2423 1335 ipsa
2453 1278 2533 1324 est
2559 1287 2671 1338 quae
2701 1287 2835 1326 nunc
2883 1272 3088 1337 Edissa,
3116 1271 3140 1310 ¹ι
3187 1274 3394 1329 Arcbad

1850 1369 1963 1420 qum
1989 1370 2124 1409 nunc
2156 1355 2171 1393 ι
2206 1359 2423 1421 [\isihis,
2453 1361 2635 1413 civitas
2680 1362 3085 1430 Mesopotamiae.
3128 1363 3395 1418 Cttalanne

1854 1458 2126 1511 qttt'cttttttc
2154 1447 2409 1512 Seleucia,
2440 1464 2467 1500 a
2496 1450 2717 1502 Seleuco
2763 1466 2904 1519 rege,
2954 1452 3032 1505 vel
3089 1460 3232 1506 certe
3277 1468 3395 1521 qua:

1851 1548 1985 1586 nunc
2016 1544 2069 1587 et
2100 1544 2136 1570 ω
2166 1536 2343 1590 Esifou
2374 1538 2665 1604 appellatur
2689 1546 2735 1591 ο.
2761 1556 2778 1587 ι
2815 1540 2960 1604 Quod
2987 1548 3160 1594 autem
3190 1541 3404 1595 additur

1852 1628 1902 1679 in
1928 1639 1973 1684 te
1990 1646 2059 1681 ’να
2094 1630 2345 1695 Sennnar,
2371 1631 2432 1683 ad
2458 1646 2638 1684 omnes
2658 1631 2868 1685 easdem
2923 1643 3144 1700 quatuor
3192 1634 3405 1688 videtur

183 1720 329 1774 metu
352 1715 377 1755 ά
410 1695 551 1788 (Quae
576 1726 769 1772 nostra:
797 1717 987 1772 littera!
1022 1717 1211 1769 similis
1240 1715 1380 1785 est).
1414 1713 1590 1769 Dadan
1620 1729 1742 1783 gens

1855 1725 2119 1789 pertinere
2146 1724 2410 1777 civitates.
2446 1722 2679 1777 Senuaar
2705 1724 2896 1792 quippe
2920 1736 3074 1778 tanta!
3106 1724 3395 1780 latitudinis

181 1821 267 1867 est
294 1810 580 1877 EtltiOpiae
617 1810 667 1862 in
697 1806 1009 1863 occidentali
1043 1807 1189 1874 plaga
1226 1813 1270 1856 ε.
1312 1823 1330 1854 ι

253 1900 421 1954 Porro
448 1899 582 1953 Chus
606 1899 775 1967 genuit
805 1896 1053 1949 Neutrcd.
1102 1893 1221 1962 Ipse
1258 1896 1404 1963 carpit
1446 1910 1549 1946 esse
1574 1902 1747 1961 potens

181 1994 233 2045 in
262 2001 425 2056 terra,
450 1999 497 2043 et
527 1999 629 2042 erat
658 1988 887 2039 robustus
912 1994 1116 2038 venator
1141 2000 1308 2037 eorum
1346 1982 1581 2036 Domino.
1616 1983 1744 2036 l’ro-

180 2083 342 2149 gen‘e
362 2080 482 2134 Sent
509 2088 564 2132 et
588 2075 815 2144 Japhetlt
841 2076 890 2127 in
925 2074 1044 2126 vita:
1070 2072 1421 2140 simplicitatis
1447 2072 1742 2125 innocentia

187 2169 208 2208 ί
242 2176 605 2240 permanente,
634 2165 867 2220 nascitur
888 2164 953 2216 de
979 2164 1140 2229 stirpe
1168 2163 1329 2216 Citam
1362 2171 1385 2208 κ
1413 2162 1742 2226 maledictus,

182 2260 269 2330 qni
298 2268 488 2313 statum
524 2258 765 2310 humana:
793 2251 1209 2308 conversationis
1233 2268 1366 2306 novo
1410 2253 1615 2306 vivendi
1654 2267 1742 2321 ge-

184 2365 313 2405 nere
341 2357 687 2419 perverteret,
716 2348 836 2399 dum
869 2345 1117 2410 singulari
1147 2344 1374 2411 potentia
1398 2343 1564 2396 elatus
1584 2386 1596 2407 ,
1633 2343 1740 2410 pri-

184 2454 328 2493 mum
356 2446 545 2493 venatu
576 2436 805 2499 viveret;
838 2435 980 2499 dein,
1008 2434 1231 2487 collecto
1258 2435 1513 2496 exercitu,
1564 2428 1741 2484 insoli—

183 2540 290 2584 tam
321 2528 373 2582 in
406 2528 627 2597 populos
653 2527 983 2596 tyrannidem
1014 2525 1214 2578 studuit
1258 2538 1546 2582 exercere;
1593 2523 1740 2576 deni-

184 2635 289 2689 que
340 2620 393 2672 in
447 2618 789 2685 sequentibus
842 2631 1059 2682 regnum
1110 2614 1356 2667 habuisse
1399 2623 1451 2668 et
1502 2612 1741 2667 civitates

183 2708 443 2763 maximas
469 2705 759 2759 aediﬁcasse
789 2703 980 2773 legitur
1021 2722 1033 2755 :
1077 2703 1214 2772 quod
1245 2705 1365 2771 quia
1399 2702 1598 2769 primus
1629 2704 1738 2769 ipse

184 2797 374 2853 fecerit
404 2804 621 2850 testatur
647 2794 936 2860 Scriptura,
968 2806 1085 2859 quae
1115 2791 1186 2844 ait
1221 2809 1232 2842 :
1265 2789 1385 2851 Ipse
1431 2791 1577 2858 erepit
1634 2804 1740 2843 esse

185 2898 381 2960 potens.
407 2885 582 2955 Cmpit
610 2883 772 2947 enim,
801 2884 920 2951 quia
950 2884 1148 2951 primus
1177 2880 1317 2936 fecit.
1353 2881 1543 2935 Potens
1563 2888 1736 2933 autem

184 2987 295 3034 erat
323 2980 376 3032 in
399 2986 559 3039 terra,
584 2975 724 3045 quia,
752 2973 1003 3043 neglectis
1029 2972 1329 3027 caelestibus
1350 3013 1364 3037 ,
1393 2972 1444 3026 in
1474 2985 1576 3041 quo
1614 2969 1738 3039 justi

184 3075 306 3123 sunt
327 3031 791 3137 potentes,.inlinta
816 3031 1072 3133 qurerere,
1105 3072 1157 3117 et
1183 3064 1232 3118 in
1260 3063 1339 3117 his
1369 3031 1515 3132 Spem
1541 3031 1737 3130 ponere
1768 3031 1815 3094 δ

183 3159 383 3213 didicit.

251 3249 324 3301 Ab
349 3249 443 3304 hoc
463 3247 611 3300 exivit
655 3246 967 3314 proverbium
988 3260 1008 3300 :
1037 3245 1195 3311 Quasi
1241 3242 1468 3297 Neutrod
1512 3244 1742 3297 robustus

184 3352 387 3394 renator
415 3355 582 3392 corum
609 3338 847 3391 Domino.
905 3337 1024 3392 Iden
1073 3338 1124 3391 itt
1183 3336 1515 3404 proverbium
1568 3350 1738 3397 versa,

184 3433 303 3500 quia
336 3430 550 3484 insolita
575 3430 786 3485 sacculis
836 3431 950 3497 ejus
997 3426 1131 3482 facta
1188 3427 1369 3489 fuere;
1427 3426 1562 3493 quod
1616 3441 1742 3479 vero

184 3525 400 3578 additur
426 3532 595 3573 coram
625 3517 864 3580 Domino,
895 3518 1246 3586 exaggerandl
1299 3516 1543 3569 facinoris
1586 3528 1738 3567 causa

184 3622 283 3675 est,
319 3611 443 3679 quia
471 3606 713 3661 videlicet
761 3605 887 3658 satis
911 3604 1247 3657 temerarium
1290 3600 1445 3655 fuerit
1472 3610 1524 3653 et
1550 3615 1737 3668 supcr-

184 3710 330 3769 bnm,
365 3712 422 3756 ut
446 3714 623 3757 coram
662 3698 903 3761 Domino,
934 3696 1020 3766 qui
1047 3697 1112 3751 de
1140 3695 1275 3750 ctelo
1305 3694 1553 3763 prospicit
1582 3708 1740 3761 super

185 3795 318 3849 lilios
346 3792 646 3856 hominum,
678 3789 853 3842 taliter
883 3787 1058 3841 vivere
1099 3785 1255 3840 homo
1298 3786 1348 3838 in
1377 3793 1514 3839 terra
1546 3798 1740 3853 praesu-

187 3892 391 3949 meret;
422 3897 489 3936 ex
518 3896 623 3952 quo
646 3878 892 3935 nimirum
920 3876 1200 3948 proverbio
1238 3884 1378 3944 patet
1422 3875 1541 3942 quia
1593 3875 1738 3930 multi

185 3986 427 4043 tempore
477 3958 565 4026 illo
623 3972 770 4024 fuere
815 3968 902 4036 qui
952 3966 1074 4019 talia
1124 3964 1296 4019 facere
1343 3972 1481 4017 metu
1530 3962 1739 4030 snperni

185 4074 457 4136 respectus
485 4055 1001 4127 vitabant,quamvis
1044 4055 1146 4107 alia
1192 4052 1364 4107 Editio
1415 4051 1572 4104 habet
1621 4052 1739 4117 quia

185 4150 421 4209 Nemrod
456 4152 633 4220 gigans
668 4154 871 4200 venator
915 4151 1088 4197 contra
1128 4141 1415 4194 Dominum.
1448 4138 1527 4191 Ex
1571 4136 1738 4190 ambi-

184 4262 285 4316 guo
304 4245 500 4313 quippe
525 4238 709 4293 Graeco
730 4278 746 4300 ,
768 4234 904 4302 quod
933 4240 1013 4287 est
1038 4232 1294 4293 enantion,
1324 4238 1605 4294 utrumque
1633 4240 1737 4293 po-

1850 1826 1967 1864 esse
1994 1825 2206 1878 campus
2232 1811 2552 1879 perhibetur,
2578 1819 2601 1845 °
2636 1826 2752 1880 qum
2778 1823 2828 1864 et
2858 1811 3021 1881 ipsam
3056 1812 3388 1883 Babylonem,

1848 1912 1901 1957 et
1930 1900 2057 1954 alias
2101 1900 2255 1954 urbes
2302 1916 2405 1953 non
2458 1915 2650 1968 paucas
2699 1901 2941 1954 laeillitue
2988 1910 3219 1968 caperet.
3265 1904 3391 1967 Quia

1849 2002 1972 2040 vero
2026 1986 2257 2053 Babylon
2309 2000 2427 2040 cunt
2477 1978 2772 2040 civitatibus
2823 2002 3041 2054 quarum
3089 1999 3245 2053 caput
3290 2000 3389 2050 est,

1845 2074 2123 2143 superbam
2160 2073 2313 2141 hujus
2344 2073 2520 2126 mundi
2546 2074 2785 2142 gloriam,
2819 2088 2933 2142 qna:
2977 2074 3267 2128 confusioni
3297 2076 3389 2127 nb-

1850 2166 2002 2219 noxia
2035 2175 2134 2229 est,
2184 2164 2454 2233 designat;
2484 2164 2641 2217 Bahel
2695 2165 2832 2216 enim
2892 2165 3130 2218 conlusio
3178 2165 3391 2229 dicitur,

1846 2270 1986 2313 recte
2008 2259 2242 2313 conditor
2270 2260 2382 2325 ejus
2432 2259 2599 2326 ipsum
2646 2258 2896 2310 malorum
2951 2260 3182 2311 omnium
3235 2270 3388 2325 caput

1843 2347 2105 2399 diabolum
2136 2347 2350 2414 ﬁgurate
2367 2345 2666 2409 denuntiat;
2700 2345 2781 2397 cui
2813 2348 2967 2419 etiam
2990 2345 3212 2398 Ncmrod
3241 2361 3386 2397 vora-

1843 2436 2043 2501 bulum,
2072 2437 2209 2503 quod
2236 2446 2532 2505 tyrannum,
2558 2436 2637 2488 vel
2672 2435 2965 2502 profugum,
2988 2434 3065 2488 vel
3091 2446 3382 2505 transgres-

1841 2539 2037 2591 sorem,
2063 2534 2233 2591 sonat,
2258 2536 2377 2593 apte
2405 2526 2660 2593 congruit.
2692 2525 2965 2593 Tyrannus
2992 2534 3072 2577 est
3101 2526 3237 2578 enim
3266 2527 3383 2593 quia

1810 2611 2023 2669 'coutra
2076 2614 2399 2669 conditorem
2458 2614 2715 2667 rcbellaus
2770 2627 2943 2666 arcent
2995 2613 3279 2665 divinitatis
3326 2628 3389 2666 ac

1841 2718 2058 2771 regnum
2094 2704 2236 2757 orbis
2265 2703 2501 2757 obtinere
2526 2702 2814 2755 contendit.
2846 2701 3097 2769 Ptolugus
3126 2711 3227 2765 est,
3268 2703 3390 2768 quia

1841 2794 1907 2847 de
1934 2794 2068 2848 caelo
2096 2794 2293 2859 lapsus,
2323 2803 2375 2847 et
2404 2807 2431 2845 a
2462 2792 2849 2859 persistentittttt
2875 2792 2923 2842 in
2946 2806 3043 2843 suo
3069 2801 3203 2843 staltt
3228 2806 3386 2859 ange-

1843 2886 2008 2940 lorum
2032 2886 2280 2939 societate
2308 2884 2560 2951 dejectus,
2582 2883 2739 2934 miser
2762 2880 2913 2933 nimis
2935 2879 3177 2932 exsultat.
3194 2879 3387 2931 Trans-

1842 2989 2070 3044 gressor,
2103 2975 2221 3042 quia
2253 2971 2501 3027 voluntati
2530 2971 2757 3024 auctoris
2785 2968 2998 3022 obedire
3046 2968 3382 3034 contempsit,

1845 3066 1929 3119 cui
1961 3078 2181 3131 persona
2208 3076 2414 3132 queque
2440 3060 2704 3116 venatoris
2732 3075 2834 3114 non
2865 3059 3123 3113 immerito
3143 3067 3378 3125 aptatur;

1844 3155 1989 3223 petiit
2017 3168 2241 3222 namque
2268 3152 2317 3205 in
2348 3152 2478 3205 silva
2509 3150 2663 3219 hujus
2692 3148 2867 3203 tnnndi
2916 3163 3125 3201 suarum
3178 3148 3387 3213 pedicas

1845 3243 2173 3310 insidiarum,
2203 3250 2359 3309 atque
2410 3242 2649 3295 homines
2698 3253 2791 3292 sint
2842 3246 3021 3289 natura
3076 3247 3127 3289 et
3176 3236 3383 3301 ingenio

1810 3372 1813 3373 ν
1844 3334 2066 3387 mundos
2090 3343 2115 3381 ρ
2138 3331 2287 3398 quasi
2316 3344 2504 3385 cervos
2527 3340 2575 3380 et
2604 3340 2818 3393 capreas
2837 3323 3141 3390 decipienda
3166 3333 3381 3374 venatur

1840 3422 1902 3475 ad
1964 3430 2183 3474 mortem
2215 3436 2227 3468 :
2261 3417 2551 3469 contrarius
2600 3412 2843 3467 nimirum
2892 3412 2989 3465 illis
3029 3412 3380 3469 venatoribus.

1839 3512 1926 3579 qui
1956 3512 2159 3563 animas
2185 3507 2453 3561 hominum
2479 3505 2546 3558 ob
2573 3504 2623 3558 id
2654 3519 2744 3557 sua
2770 3505 3005 3557 doctrina
3029 3518 3215 3570 capere
3241 3520 3383 3570 qum-

1839 3608 1979 3665 rttut,
2006 3607 2061 3651 ut
2085 3598 2147 3650 ad
2182 3598 2338 3649 vitam
2364 3604 2612 3649 mternatu
2663 3596 2968 3661 pertrahant
3002 3608 3012 3642 :
3045 3592 3232 3658 quibus
3283 3592 3383 3641 llu-

1838 3693 2009 3744 minus
2040 3689 2265 3758 loquitur
2290 3705 2301 3739 :
2344 3686 2532 3747 Venite,
2566 3684 2834 3752 inquiens,
2863 3693 2968 3748 post
2998 3696 3090 3741 me,
3120 3691 3163 3732 et
3202 3681 3385 3744 [arium

1839 3795 1921 3834 vos
1946 3781 2056 3847 ﬁeri
2077 3780 2349 3847 piscatores
2378 3775 2633 3827 hominum
2664 3771 2873 3840 (.llattlt.
2903 3786 2971 3833 tv,
3002 3768 3128 3836 59);
3158 3783 3377 3835 quorum

1839 3874 1906 3929 ob
1936 3872 1983 3925 id
2008 3873 2167 3939 patria
2194 3865 2555 3932 Bethsaida,id
2586 3874 2664 3918 est
2696 3863 2884 3915 Domus
2917 3869 3215 3937 venatorum
3242 3862 3377 3912 dicta

1838 3971 1941 4025 est,
1968 3960 2212 4029 quoniant
2236 3958 2475 4009 homines
2503 3961 2652 4008 erant
2674 3950 2911 4005 venaturi
2956 3948 3019 4000 ad
3053 3950 3230 4000 vitam.
3288 3947 3384 3999 Est

1838 4062 2011 4106 autem
2067 4048 2293 4103 Netnrod
2350 4046 2485 4097 lilius
2548 4042 2733 4104 (ilius,
2800 4041 2936 4108 qunl
3009 4039 3381 4104 interpretatur

1840 4153 1865 4190 (ι
1899 4139 2159 4205 1Ethiops,
2187 4136 2305 4203 quia
2337 4136 2584 4187 nimirum
2608 4133 2853 4197 antiquus
2876 4128 3039 4180 hostis
3066 4139 3273 4190 semper
3315 4125 3382 4177 de

1838 4231 2059 4283 obscuro
2091 4226 2401 4296 perﬁdorum
2430 4221 2617 4290 pepuln
2642 4236 2732 4289 per
2758 4220 3145 4272 exsecutionem
3176 4214 3373 4293 ductri-g

188 4304 289 4391 ῖεει
322 4304 688 4400 ’ίιιίε-ΐβΐθῑπί-
720 4323 957 4393 υθηίφιθ
1010 4322 1062 4375 in
1117 4319 1318 4389 Psalmo
1366 4317 1453 4371 “bi
1497 4317 1735 4371 canimus
1763 4350 1819 4413 Β
1845 4337 1924 4377 nte
1950 4325 2062 4377 sive
2086 4317 2402 4388 Operatiouis
2429 4328 2646 4382 nequam
2673 4310 2817 4377 quasi
2847 4321 3027 4376 recens
3057 4304 3304 4358 nascitur.

184 4430 441 4500 pluremus
465 4435 636 4500 coram
666 4416 880 4471 Domino
907 4414 993 4482 qui
1022 4412 1138 4481 fecit
1177 4426 1266 4463 nos
1293 4409 1311 4478 (
1337 4408 1478 4473 Psal.
1505 4422 1609 4471 etv,
1638 4407 1669 4457 l5
1691 4405 1732 4474 ),

188 4491 286 4572 hoc
314 4491 548 4570 verbum
555 4517 635 4564 est
657 4506 891 4561 euantion
921 4501 1149 4571 Cyritnn.
1175 4498 1282 4553 lioe
1304 4505 1358 4553 et
1383 4497 1433 4549 in
1458 4496 1589 4551 libro
1616 4493 1735 4556 Joh,

190 4606 274 4660 ubi
297 4603 553 4671 scriptum
581 4595 750 4660 est,in
773 4595 995 4662 furorem
1019 4588 1228 4657 erupiin
1248 4596 1421 4640 contra
1449 4584 1735 4637 Dominum.

190 4698 382 4752 Facilis
406 4706 531 4762 ergo
561 4695 704 4759 patet
745 4684 1043 4738 intellectus
1090 4679 1156 4733 de
1198 4680 1441 4748 gigante,
1489 4676 1606 4745 quia
1655 4690 1739 4727 ro—

192 4792 377 4843 bustus
424 4782 583 4838 fuerit
629 4785 847 4833 venator
895 4774 1167 4828 brutorum
1217 4768 1553 4831 animalium,
1594 4765 1736 4833 quasi

263 4984 286 5011 ³
328 4973 438 5036 AL,
466 4973 751 5042 ignoratur.

262 5042 289 5080 δ
332 5034 507 5103 Hier;
533 5040 731 5104 Qnazst.
764 5038 812 5089 in
843 5034 1033 5104 Cenes.

267 5126 287 5149 ιτ
330 5111 440 5169 AL,
476 5100 739 5160 Dadanus.
771 5105 876 5168 AL,
907 5100 1169 5155 Dodnnim.

267 5178 291 5217 α
331 5162 535 5231 inclusa
563 5162 1244 5241 parenthesidesiderantur
1270 5162 1401 5228 apud
1430 5162 1467 5214 11
1494 5176 1732 5226 eronym.

272 5258 294 5284 η
335 5248 503 5307 llier.,
527 5243 725 5307 Quiesl.
758 5243 808 5292 in
833 5241 1023 5294 (lenes.

273 5316 291 5351 τ
336 5318 444 5377 AL,
475 5310 893 5379 permanentibus.

274 5396 297 5431 tt
342 5388 398 5439 Al
411 5422 446 5448 .,
481 5381 761 5432 maledic-tn.

273 5458 297 5494 ⁸⁵
339 5462 447 5517 AL,
469 5452 630 5518 quasi.

280 5525 296 5565 1
342 5525 449 5588 AL,
478 5520 663 5572 Achati.

280 5593 299 5646 1
337 5593 447 5660 AL,
473 5592 617 5642 Art'al
640 5624 653 5639 .

1912 4414 1951 4466 Α
1972 4428 2068 4480 quo
2095 4422 2142 4463 et
2163 4423 2316 4477 usque
2341 4406 2488 4458 hodie
2516 4414 2675 4455 manet
2699 4400 3031 4468 proverbium,
3066 4406 3117 4446 ut
3140 4396 3333 4444 dicatur
3359 4407 3382 4443 :

1841 4477 1997 4569 Quasi
2027 4497 2251 4552 Neutrod
2278 4494 2505 4547 robustus
2546 4499 2749 4543 venator
2772 4500 2938 4537 coram
2982 4481 3213 4533 Domino.
3246 4477 3377 4529 Cum

1840 4591 2160 4647 imitantibus
2202 4586 2464 4640 diabolum
2509 4582 2590 4633 his
2640 4579 2725 4645 qui
2766 4585 2886 4630 sunt
2932 4589 2993 4625 ex
3047 4582 3189 4638 parte
3238 4571 3373 4622 illius

1839 4670 1940 4738 diei
1972 4693 1993 4720 ι’
2024 4679 2188 4748 possit
2220 4674 2511 4733 verissime,
2540 4668 2658 4736 quia
2682 4668 2808 4720 tales
2836 4679 2952 4717 cum
2983 4666 3181 4715 animas
3211 4661 3374 4713 ltouti-

1840 4787 1963 4824 nunt
1990 4784 2086 4823 suo
2118 4766 2196 4819 vel
2230 4764 2390 4816 verbo
2424 4760 2500 4811 vel
2542 4755 2784 4823 exetuplu
2817 4752 3072 4806 venantur
3096 4752 3156 4801 ad
3192 4752 3372 4802 tuteti-

1914 4963 1933 4996 ι
1971 4961 2073 5020 AL,
2100 4954 2292 5007 Arlmd.

1923 5031 1933 5066 ¹
1973 5016 2080 5089 AL,
2111 5023 2272 5075 Nisibi
2301 5035 2314 5079 ,'
2346 5019 2439 5089 aL,
2475 5016 2716 5089 Nisibitts.

1917 5104 1951 5133 ιι
1973 5070 2089 5156 iii",
2111 5070 2346 5152 it'lsit‘o'u
2382 5070 2475 5147 ali,
2512 5083 2703 5149 Eﬁson.
2737 5083 2866 5149 Lege
2888 5088 2941 5132 ut
2964 5075 3093 5144 apud
3125 5070 3349 5140 Hierony

1847 5185 1986 5222 mum
2012 5162 2275 5228 κτησιγῦν.

1917 5247 1940 5270 ιι
1982 5225 2369 5291 ΙΙίρξτηριιωει.
2398 5228 2444 5274 in
2478 5225 2667 5277 (leues.

1919 5312 1941 5332 τ’
1977 5305 2079 5355 AL.
2109 5312 2224 5363 qua.

1923 5382 1944 5416 Γ
1977 5371 2078 5432 AL,
2109 5382 2247 5432 αμψδ.

1917 5444 1942 5478 α
1974 5430 2074 5493 Δις
2108 5430 2304 5484 illum.

1942 5518 1959 5544 ν
1994 5505 2084 5565 \l.,
2115 5511 2291 5569 potest.
