  <div class='ocr_page' id='page_1' title='image "/cluster/home/n/w/nwhite01/storage/ocr_20150623/90-91/uva.x000827075/693.png"; bbox 0 0 3866 6248; ppageno 0'>
   <div class='ocr_carea' id='block_1_1' title="bbox 1011 241 3224 310">
    <p class='ocr_par' dir='ltr' id='par_1_1' title="bbox 1011 241 3224 310">
     <span class='ocr_line' id='line_1_1' title="bbox 1011 241 3224 310; baseline 0.004 -12"><span class='ocrx_word' id='word_1_1' title='bbox 1011 244 1210 301; x_wconf 67' lang='lat' dir='ltr'><strong>BEDE</strong></span> <span class='ocrx_word' id='word_1_2' title='bbox 1253 247 1694 302; x_wconf 75' lang='lat' dir='ltr'><strong>VENERABILIS</strong></span> <span class='ocrx_word' id='word_1_3' title='bbox 1732 245 2003 304; x_wconf 75' lang='lat' dir='ltr'><strong>OPERUM</strong></span> <span class='ocrx_word' id='word_1_4' title='bbox 2043 241 2219 310; x_wconf 73' lang='lat' dir='ltr'><strong>PARS</strong></span> <span class='ocrx_word' id='word_1_5' title='bbox 2261 246 2319 299; x_wconf 87' lang='lat' dir='ltr'><strong>ll.</strong></span> <span class='ocrx_word' id='word_1_6' title='bbox 2363 274 2430 286; x_wconf 93' lang='lat'><strong>—-—</strong></span> <span class='ocrx_word' id='word_1_7' title='bbox 2473 247 2864 306; x_wconf 77' lang='lat' dir='ltr'><strong>EXEGETICA</strong></span> <span class='ocrx_word' id='word_1_8' title='bbox 2905 250 3224 308; x_wconf 77' lang='lat' dir='ltr'><strong>GENUINA.</strong></span> 
     </span>
    </p>
   </div>
   <div class='ocr_carea' id='block_1_2' title="bbox 3636 258 3722 312">
    <p class='ocr_par' dir='ltr' id='par_1_2' title="bbox 3636 258 3722 312">
     <span class='ocr_line' id='line_1_2' title="bbox 3636 258 3722 312; baseline 0.023 -2"><span class='ocrx_word' id='word_1_9' title='bbox 3636 258 3722 312; x_wconf 74' lang='grc'><strong>116</strong></span> 
     </span>
    </p>
   </div>
   <div class='ocr_carea' id='block_1_3' title="bbox 515 356 3714 430">
    <p class='ocr_par' dir='ltr' id='par_1_3' title="bbox 515 356 3714 430">
     <span class='ocr_line' id='line_1_3' title="bbox 515 356 3714 430; baseline 0.002 -24"><span class='ocrx_word' id='word_1_10' title='bbox 515 356 753 420; x_wconf 77' lang='lat' dir='ltr'><strong>spiritali,</strong></span> <span class='ocrx_word' id='word_1_11' title='bbox 787 370 880 424; x_wconf 86' lang='lat' dir='ltr'><strong>pro</strong></span> <span class='ocrx_word' id='word_1_12' title='bbox 908 368 1097 411; x_wconf 65' lang='lat' dir='ltr'><strong>interna</strong></span> <span class='ocrx_word' id='word_1_13' title='bbox 1128 357 1179 411; x_wconf 91' lang='lat' dir='ltr'><strong>in</strong></span> <span class='ocrx_word' id='word_1_14' title='bbox 1211 368 1235 394; x_wconf 79' lang='grc' dir='ltr'>ι</span> <span class='ocrx_word' id='word_1_15' title='bbox 1268 359 1414 412; x_wconf 62' lang='lat' dir='ltr'><strong>caelis</strong></span> <span class='ocrx_word' id='word_1_16' title='bbox 1440 358 1620 424; x_wconf 75' lang='lat' dir='ltr'><strong>requie</strong></span> <span class='ocrx_word' id='word_1_17' title='bbox 1666 357 1903 412; x_wconf 74' lang='lat' dir='ltr'><strong>laborare</strong></span> <span class='ocrx_word' id='word_1_18' title='bbox 1955 371 2055 409; x_wconf 90' lang='lat' dir='ltr'><strong>non</strong></span> <span class='ocrx_word' id='word_1_19' title='bbox 2088 360 2129 415; x_wconf 84' lang='lat' dir='ltr'><strong>A</strong></span> <span class='ocrx_word' id='word_1_20' title='bbox 2159 358 2244 424; x_wconf 86' lang='lat' dir='ltr'><strong>qui</strong></span> <span class='ocrx_word' id='word_1_21' title='bbox 2272 373 2477 410; x_wconf 86' lang='lat' dir='ltr'><strong>cursum</strong></span> <span class='ocrx_word' id='word_1_22' title='bbox 2521 360 2637 412; x_wconf 67' lang='lat' dir='ltr'><strong>vitae</strong></span> <span class='ocrx_word' id='word_1_23' title='bbox 2669 361 2935 427; x_wconf 66' lang='lat' dir='ltr'><strong>prmsentis</strong></span> <span class='ocrx_word' id='word_1_24' title='bbox 2989 361 3076 414; x_wconf 87' lang='lat' dir='ltr'><strong>tali</strong></span> <span class='ocrx_word' id='word_1_25' title='bbox 3127 360 3483 430; x_wconf 63' lang='lat' dir='ltr'><strong>pet-fectioiis</strong></span> <span class='ocrx_word' id='word_1_26' title='bbox 3529 378 3714 416; x_wconf 74' lang='lat' dir='ltr'><strong>summa</strong></span> 
     </span>
    </p>
   </div>
   <div class='ocr_carea' id='block_1_4' title="bbox 514 446 2057 514">
    <p class='ocr_par' dir='ltr' id='par_1_4' title="bbox 514 446 2057 514">
     <span class='ocr_line' id='line_1_4' title="bbox 514 446 2057 514; baseline 0.001 -15"><span class='ocrx_word' id='word_1_27' title='bbox 514 456 710 510; x_wconf 82' lang='lat' dir='ltr'><strong>cessat;</strong></span> <span class='ocrx_word' id='word_1_28' title='bbox 736 446 958 514; x_wconf 80' lang='lat' dir='ltr'><strong>felixque</strong></span> <span class='ocrx_word' id='word_1_29' title='bbox 987 457 1208 502; x_wconf 89' lang='lat' dir='ltr'><strong>mortem</strong></span> <span class='ocrx_word' id='word_1_30' title='bbox 1238 448 1433 500; x_wconf 78' lang='lat' dir='ltr'><strong>videbit</strong></span> <span class='ocrx_word' id='word_1_31' title='bbox 1461 449 1653 510; x_wconf 87' lang='lat' dir='ltr'><strong>carnis,</strong></span> <span class='ocrx_word' id='word_1_32' title='bbox 1674 449 1776 500; x_wconf 87' lang='lat' dir='ltr'><strong>itno</strong></span> <span class='ocrx_word' id='word_1_33' title='bbox 1798 447 1864 500; x_wconf 90' lang='lat' dir='ltr'><strong>de</strong></span> <span class='ocrx_word' id='word_1_34' title='bbox 1889 459 2057 500; x_wconf 89' lang='lat' dir='ltr'><strong>morte</strong></span> 
     </span>
    </p>
   </div>
   <div class='ocr_carea' id='block_1_5' title="bbox 516 536 2054 605">
    <p class='ocr_par' dir='ltr' id='par_1_5' title="bbox 516 536 2054 605">
     <span class='ocr_line' id='line_1_5' title="bbox 516 536 2054 605; baseline 0.001 -19"><span class='ocrx_word' id='word_1_35' title='bbox 516 536 734 591; x_wconf 84' lang='lat' dir='ltr'><strong>transiet</strong></span> <span class='ocrx_word' id='word_1_36' title='bbox 760 536 822 590; x_wconf 89' lang='lat' dir='ltr'><strong>ad</strong></span> <span class='ocrx_word' id='word_1_37' title='bbox 854 537 1031 601; x_wconf 83' lang='lat' dir='ltr'><strong>vitam,</strong></span> <span class='ocrx_word' id='word_1_38' title='bbox 1063 553 1180 605; x_wconf 76' lang='lat' dir='ltr'><strong>qua:</strong></span> <span class='ocrx_word' id='word_1_39' title='bbox 1209 538 1316 590; x_wconf 87' lang='lat' dir='ltr'><strong>sola</strong></span> <span class='ocrx_word' id='word_1_40' title='bbox 1371 551 1492 590; x_wconf 85' lang='lat' dir='ltr'><strong>vera</strong></span> <span class='ocrx_word' id='word_1_41' title='bbox 1534 547 1613 590; x_wconf 88' lang='lat' dir='ltr'><strong>est</strong></span> <span class='ocrx_word' id='word_1_42' title='bbox 1663 537 1763 590; x_wconf 85' lang='lat' dir='ltr'><strong>vita</strong></span> <span class='ocrx_word' id='word_1_43' title='bbox 1814 537 2054 600; x_wconf 83' lang='lat' dir='ltr'><strong>dicenda,</strong></span> 
     </span>
    </p>
   </div>
   <div class='ocr_carea' id='block_1_6' title="bbox 582 666 1028 732">
    <p class='ocr_par' dir='ltr' id='par_1_6' title="bbox 582 666 1028 732">
     <span class='ocr_line' id='line_1_6' title="bbox 582 666 1028 732; baseline 0.002 -13"><span class='ocrx_word' id='word_1_44' title='bbox 582 671 610 732; x_wconf 52' lang='grc' dir='ltr'>ὲ</span> <span class='ocrx_word' id='word_1_45' title='bbox 649 666 756 732; x_wconf 84' lang='grc' dir='ltr'><strong>ΑΙ.,</strong></span> <span class='ocrx_word' id='word_1_46' title='bbox 787 668 1028 720; x_wconf 81' lang='lat' dir='ltr'><strong>ecclesiis.</strong></span> 
     </span>
    </p>
   </div>
   <div class='ocr_carea' id='block_1_7' title="bbox 584 731 2052 804">
    <p class='ocr_par' dir='ltr' id='par_1_7' title="bbox 584 731 2052 804">
     <span class='ocr_line' id='line_1_7' title="bbox 584 731 2052 804; baseline 0.001 -17"><span class='ocrx_word' id='word_1_47' title='bbox 584 731 612 770; x_wconf 66' lang='grc' dir='ltr'>δ</span> <span class='ocrx_word' id='word_1_48' title='bbox 653 731 757 799; x_wconf 81' lang='lat' dir='ltr'><strong>AL,</strong></span> <span class='ocrx_word' id='word_1_49' title='bbox 797 735 1164 804; x_wconf 68' lang='lat' dir='ltr'><strong>lxplicitlibar</strong></span> <span class='ocrx_word' id='word_1_50' title='bbox 1189 738 1451 789; x_wconf 64' lang='lat' dir='ltr'><strong>secundus.</strong></span> <span class='ocrx_word' id='word_1_51' title='bbox 1518 735 1706 802; x_wconf 79' lang='lat' dir='ltr'><strong>Incipit</strong></span> <span class='ocrx_word' id='word_1_52' title='bbox 1729 737 1851 790; x_wconf 86' lang='lat' dir='ltr'><strong>liber</strong></span> <span class='ocrx_word' id='word_1_53' title='bbox 1880 738 2052 790; x_wconf 84' lang='lat' dir='ltr'><strong>tertius</strong></span> 
     </span>
    </p>
   </div>
   <div class='ocr_carea' id='block_1_8' title="bbox 2162 448 2742 513">
    <p class='ocr_par' dir='ltr' id='par_1_8' title="bbox 2162 448 2742 513">
     <span class='ocr_line' id='line_1_8' title="bbox 2162 448 2742 513; baseline 0.009 -15"><span class='ocrx_word' id='word_1_54' title='bbox 2162 448 2521 513; x_wconf 82' lang='lat' dir='ltr'><strong>compleverit.</strong></span> <span class='ocrx_word' id='word_1_55' title='bbox 2557 452 2742 502; x_wconf 85' lang='lat' dir='ltr'><strong>Amen.</strong></span> 
     </span>
    </p>
   </div>
   <div class='ocr_carea' id='block_1_9' title="bbox 2153 533 3714 619">
    <p class='ocr_par' dir='ltr' id='par_1_9' title="bbox 2153 533 3714 619">
     <span class='ocr_line' id='line_1_9' title="bbox 2153 533 3714 619; baseline 0.004 -32"><span class='ocrx_word' id='word_1_56' title='bbox 2153 533 2190 619; x_wconf 44' lang='grc' dir='ltr'><strong>,ιθ</strong></span> <span class='ocrx_word' id='word_1_57' title='bbox 2228 534 2447 604; x_wconf 72' lang='lat' dir='ltr'><strong>Explicit</strong></span> <span class='ocrx_word' id='word_1_58' title='bbox 2496 539 2618 590; x_wconf 69' lang='lat' dir='ltr'><strong>libtr</strong></span> <span class='ocrx_word' id='word_1_59' title='bbox 2661 541 2905 593; x_wconf 80' lang='lat' dir='ltr'><strong>secundus</strong></span> <span class='ocrx_word' id='word_1_60' title='bbox 2935 543 2984 592; x_wconf 78' lang='lat' dir='ltr'><strong>in</strong></span> <span class='ocrx_word' id='word_1_61' title='bbox 3013 537 3195 594; x_wconf 76' lang='lat' dir='ltr'><strong>Genesi</strong></span> <span class='ocrx_word' id='word_1_62' title='bbox 3238 539 3395 594; x_wconf 72' lang='lat' dir='ltr'><strong>Beda</strong></span> <span class='ocrx_word' id='word_1_63' title='bbox 3427 542 3714 608; x_wconf 64' lang='lat' dir='ltr'><strong>presbyteri.</strong></span> 
     </span>
    </p>
   </div>
   <div class='ocr_carea' id='block_1_10' title="bbox 2163 665 3714 788">
    <p class='ocr_par' dir='ltr' id='par_1_10' title="bbox 2163 665 3714 788">
     <span class='ocr_line' id='line_1_10' title="bbox 2163 665 3714 788; baseline 0.003 -70"><span class='ocrx_word' id='word_1_64' title='bbox 2163 665 2482 788; x_wconf 61' lang='lat' dir='ltr'><strong>&quot;letaliterou</strong></span> <span class='ocrx_word' id='word_1_65' title='bbox 2512 667 2661 722; x_wconf 67' lang='lat' dir='ltr'><strong>Beda:</strong></span> <span class='ocrx_word' id='word_1_66' title='bbox 2684 671 2971 738; x_wconf 77' lang='lat' dir='ltr'><strong>presbyteri.</strong></span> <span class='ocrx_word' id='word_1_67' title='bbox 3017 670 3070 724; x_wconf 88' lang='lat' dir='ltr'><strong>in</strong></span> <span class='ocrx_word' id='word_1_68' title='bbox 3094 671 3196 723; x_wconf 89' lang='lat' dir='ltr'><strong>alio</strong></span> <span class='ocrx_word' id='word_1_69' title='bbox 3231 673 3414 724; x_wconf 89' lang='lat' dir='ltr'><strong>nullus</strong></span> <span class='ocrx_word' id='word_1_70' title='bbox 3445 683 3628 725; x_wconf 87' lang='lat' dir='ltr'><strong>exstat</strong></span> <span class='ocrx_word' id='word_1_71' title='bbox 3651 675 3714 724; x_wconf 86' lang='lat' dir='ltr'><strong>ti-</strong></span> 
     </span>
     <span class='ocr_line' id='line_1_11' title="bbox 2163 745 2318 788; baseline 0 0"><span class='ocrx_word' id='word_1_72' title='bbox 2163 745 2212 788; x_wconf 90' lang='lat' dir='ltr'><strong>tu</strong></span> <span class='ocrx_word' id='word_1_73' title='bbox 2241 753 2318 788; x_wconf 85' lang='lat' dir='ltr'><strong>us.</strong></span> 
     </span>
    </p>
   </div>
   <div class='ocr_carea' id='block_1_11' title="bbox 2161 745 2318 790">
    <p class='ocr_par' dir='ltr' id='par_1_11' title="bbox 2161 745 2318 790">
     <span class='ocr_line' id='line_1_12' title="bbox 2161 745 2318 790; baseline 0.013 -2"><span class='ocrx_word' id='word_1_74' title='bbox 2161 745 2318 790; x_wconf 85' lang='lat' dir='ltr'><strong>tutus.</strong></span> 
     </span>
    </p>
   </div>
   <div class='ocr_carea' id='block_1_12' title="bbox 1700 1002 2509 1078">
    <p class='ocr_par' dir='ltr' id='par_1_12' title="bbox 1700 1002 2509 1078">
     <span class='ocr_line' id='line_1_13' title="bbox 1700 1002 2509 1078; baseline 0.001 -2"><span class='ocrx_word' id='word_1_75' title='bbox 1700 1003 1994 1077; x_wconf 83' lang='lat' dir='ltr'><strong>LIBER</strong></span> <span class='ocrx_word' id='word_1_76' title='bbox 2048 1002 2509 1078; x_wconf 82' lang='lat' dir='ltr'><strong>TERTIUS.</strong></span> 
     </span>
    </p>
   </div>
   <div class='ocr_carea' id='block_1_13' title="bbox 578 1196 2051 1269">
    <p class='ocr_par' dir='ltr' id='par_1_13' title="bbox 578 1196 2051 1269">
     <span class='ocr_line' id='line_1_14' title="bbox 578 1196 2051 1269; baseline -0.001 -17"><span class='ocrx_word' id='word_1_77' title='bbox 578 1196 676 1252; x_wconf 69' lang='lat' dir='ltr'><strong>Ha</strong></span> <span class='ocrx_word' id='word_1_78' title='bbox 716 1202 1056 1269; x_wconf 70' lang='lat' dir='ltr'><strong>generalianes</strong></span> <span class='ocrx_word' id='word_1_79' title='bbox 1106 1201 1130 1228; x_wconf 84' lang='grc'><em>⁸</em></span> <span class='ocrx_word' id='word_1_80' title='bbox 1178 1198 1396 1266; x_wconf 85' lang='lat' dir='ltr'><strong>ﬁliarum</strong></span> <span class='ocrx_word' id='word_1_81' title='bbox 1447 1200 1750 1268; x_wconf 82' lang='lat' dir='ltr'><strong>Noe..Sem,</strong></span> <span class='ocrx_word' id='word_1_82' title='bbox 1780 1201 1955 1262; x_wconf 85' lang='lat' dir='ltr'><strong>Cham,</strong></span> <span class='ocrx_word' id='word_1_83' title='bbox 2006 1208 2051 1252; x_wconf 90' lang='lat' dir='ltr'><strong>el</strong></span> 
     </span>
    </p>
   </div>
   <div class='ocr_carea' id='block_1_14' title="bbox 504 1287 2053 1358">
    <p class='ocr_par' dir='ltr' id='par_1_14' title="bbox 504 1287 2053 1358">
     <span class='ocr_line' id='line_1_15' title="bbox 504 1287 2053 1358; baseline -0.001 -15"><span class='ocrx_word' id='word_1_84' title='bbox 504 1287 761 1358; x_wconf 78' lang='lat' dir='ltr'><strong>Japheth;</strong></span> <span class='ocrx_word' id='word_1_85' title='bbox 783 1290 986 1358; x_wconf 82' lang='lat' dir='ltr'><strong>natique</strong></span> <span class='ocrx_word' id='word_1_86' title='bbox 1012 1299 1126 1341; x_wconf 86' lang='lat' dir='ltr'><strong>sunt</strong></span> <span class='ocrx_word' id='word_1_87' title='bbox 1155 1291 1220 1342; x_wconf 83' lang='lat' dir='ltr'><strong>eis</strong></span> <span class='ocrx_word' id='word_1_88' title='bbox 1243 1291 1337 1355; x_wconf 83' lang='lat' dir='ltr'><strong>ﬁlii</strong></span> <span class='ocrx_word' id='word_1_89' title='bbox 1361 1301 1468 1354; x_wconf 84' lang='lat' dir='ltr'><strong>post</strong></span> <span class='ocrx_word' id='word_1_90' title='bbox 1509 1293 1767 1345; x_wconf 79' lang='lat' dir='ltr'><strong>diluvium.</strong></span> <span class='ocrx_word' id='word_1_91' title='bbox 1813 1290 1935 1343; x_wconf 70' lang='lat' dir='ltr'><strong>Filii</strong></span> <span class='ocrx_word' id='word_1_92' title='bbox 1958 1289 2053 1342; x_wconf 80' lang='lat' dir='ltr'><strong>la-</strong></span> 
     </span>
    </p>
   </div>
   <div class='ocr_carea' id='block_1_15' title="bbox 506 1375 2052 1447">
    <p class='ocr_par' dir='ltr' id='par_1_15' title="bbox 506 1375 2052 1447">
     <span class='ocr_line' id='line_1_16' title="bbox 506 1375 2052 1447; baseline 0.001 -17"><span class='ocrx_word' id='word_1_93' title='bbox 506 1376 677 1447; x_wconf 74' lang='lat' dir='ltr'><strong>pheth,</strong></span> <span class='ocrx_word' id='word_1_94' title='bbox 701 1375 900 1442; x_wconf 55' lang='lat' dir='ltr'><strong>Gener,</strong></span> <span class='ocrx_word' id='word_1_95' title='bbox 925 1387 973 1429; x_wconf 85' lang='lat' dir='ltr'><strong>et</strong></span> <span class='ocrx_word' id='word_1_96' title='bbox 999 1376 1203 1447; x_wconf 80' lang='lat' dir='ltr'><strong>Magog,</strong></span> <span class='ocrx_word' id='word_1_97' title='bbox 1233 1390 1276 1431; x_wconf 89' lang='lat' dir='ltr'><strong>et</strong></span> <span class='ocrx_word' id='word_1_98' title='bbox 1319 1379 1509 1444; x_wconf 79' lang='lat' dir='ltr'><strong>Madai,</strong></span> <span class='ocrx_word' id='word_1_99' title='bbox 1532 1380 1716 1444; x_wconf 82' lang='lat' dir='ltr'><strong>lavan,</strong></span> <span class='ocrx_word' id='word_1_100' title='bbox 1764 1391 1810 1433; x_wconf 84' lang='lat' dir='ltr'><strong>et</strong></span> <span class='ocrx_word' id='word_1_101' title='bbox 1853 1380 2052 1432; x_wconf 84' lang='lat' dir='ltr'><strong>Tltubal</strong></span> 
     </span>
    </p>
   </div>
   <div class='ocr_carea' id='block_1_16' title="bbox 506 1465 2052 1535">
    <p class='ocr_par' dir='ltr' id='par_1_16' title="bbox 506 1465 2052 1535">
     <span class='ocr_line' id='line_1_17' title="bbox 506 1465 2052 1535; baseline 0.001 -15"><span class='ocrx_word' id='word_1_102' title='bbox 506 1474 552 1520; x_wconf 86' lang='lat' dir='ltr'><strong>et</strong></span> <span class='ocrx_word' id='word_1_103' title='bbox 575 1465 788 1522; x_wconf 72' lang='lat' dir='ltr'><strong>’Mosocli</strong></span> <span class='ocrx_word' id='word_1_104' title='bbox 810 1476 856 1520; x_wconf 86' lang='lat' dir='ltr'><strong>et</strong></span> <span class='ocrx_word' id='word_1_105' title='bbox 885 1466 909 1505; x_wconf 73' lang='grc' dir='ltr'>δ</span> <span class='ocrx_word' id='word_1_106' title='bbox 941 1468 1138 1520; x_wconf 74' lang='lat' dir='ltr'><strong>Titii-as.</strong></span> <span class='ocrx_word' id='word_1_107' title='bbox 1183 1467 1562 1535; x_wconf 80' lang='lat' dir='ltr'><strong>Series&#39;stirpis</strong></span> <span class='ocrx_word' id='word_1_108' title='bbox 1609 1471 1714 1522; x_wconf 80' lang='lat' dir='ltr'><strong>Noe</strong></span> <span class='ocrx_word' id='word_1_109' title='bbox 1757 1485 1783 1521; x_wconf 88' lang='lat' dir='ltr'><strong>a</strong></span> <span class='ocrx_word' id='word_1_110' title='bbox 1835 1467 2052 1521; x_wconf 89' lang='lat' dir='ltr'><strong>minimo</strong></span> 
     </span>
    </p>
   </div>
   <div class='ocr_carea' id='block_1_17' title="bbox 508 1555 2050 1624">
    <p class='ocr_par' dir='ltr' id='par_1_17' title="bbox 508 1555 2050 1624">
     <span class='ocr_line' id='line_1_18' title="bbox 508 1555 2050 1624; baseline 0.001 -17"><span class='ocrx_word' id='word_1_111' title='bbox 508 1556 622 1622; x_wconf 83' lang='lat' dir='ltr'><strong>ejus</strong></span> <span class='ocrx_word' id='word_1_112' title='bbox 654 1557 759 1609; x_wconf 81' lang='lat' dir='ltr'><strong>lilio</strong></span> <span class='ocrx_word' id='word_1_113' title='bbox 787 1555 991 1624; x_wconf 81' lang='lat' dir='ltr'><strong>incipit,</strong></span> <span class='ocrx_word' id='word_1_114' title='bbox 1021 1565 1073 1609; x_wconf 90' lang='lat' dir='ltr'><strong>et</strong></span> <span class='ocrx_word' id='word_1_115' title='bbox 1096 1557 1144 1608; x_wconf 94' lang='lat' dir='ltr'><strong>in</strong></span> <span class='ocrx_word' id='word_1_116' title='bbox 1177 1557 1406 1609; x_wconf 75' lang='lat' dir='ltr'><strong>maximo</strong></span> <span class='ocrx_word' id='word_1_117' title='bbox 1431 1557 1742 1622; x_wconf 81' lang='lat' dir='ltr'><strong>completur.</strong></span> <span class='ocrx_word' id='word_1_118' title='bbox 1780 1571 1892 1624; x_wconf 73' lang='lat' dir='ltr'><strong>qua:</strong></span> <span class='ocrx_word' id='word_1_119' title='bbox 1917 1557 2050 1609; x_wconf 84' lang='lat' dir='ltr'><strong>scri-</strong></span> 
     </span>
    </p>
   </div>
   <div class='ocr_carea' id='block_1_18' title="bbox 508 1645 2049 1715">
    <p class='ocr_par' dir='ltr' id='par_1_18' title="bbox 508 1645 2049 1715">
     <span class='ocr_line' id='line_1_19' title="bbox 508 1645 2049 1715; baseline 0.003 -21"><span class='ocrx_word' id='word_1_120' title='bbox 508 1647 672 1713; x_wconf 80' lang='lat' dir='ltr'><strong>pturis</strong></span> <span class='ocrx_word' id='word_1_121' title='bbox 698 1645 890 1699; x_wconf 84' lang='lat' dir='ltr'><strong>sanctis</strong></span> <span class='ocrx_word' id='word_1_122' title='bbox 921 1653 1002 1698; x_wconf 80' lang='lat' dir='ltr'><strong>est</strong></span> <span class='ocrx_word' id='word_1_123' title='bbox 1027 1646 1212 1698; x_wconf 88' lang='lat' dir='ltr'><strong>usitata</strong></span> <span class='ocrx_word' id='word_1_124' title='bbox 1258 1645 1470 1711; x_wconf 86' lang='lat' dir='ltr'><strong>locutio,</strong></span> <span class='ocrx_word' id='word_1_125' title='bbox 1505 1648 1722 1715; x_wconf 80' lang='lat' dir='ltr'><strong>mystice</strong></span> <span class='ocrx_word' id='word_1_126' title='bbox 1751 1645 2049 1712; x_wconf 79' lang='lat' dir='ltr'><strong>signiﬁcans</strong></span> 
     </span>
    </p>
   </div>
   <div class='ocr_carea' id='block_1_19' title="bbox 506 1734 2046 1802">
    <p class='ocr_par' dir='ltr' id='par_1_19' title="bbox 506 1734 2046 1802">
     <span class='ocr_line' id='line_1_20' title="bbox 506 1734 2046 1802; baseline 0.002 -17"><span class='ocrx_word' id='word_1_127' title='bbox 506 1735 644 1802; x_wconf 83' lang='lat' dir='ltr'><strong>quod</strong></span> <span class='ocrx_word' id='word_1_128' title='bbox 675 1735 844 1787; x_wconf 90' lang='lat' dir='ltr'><strong>minor</strong></span> <span class='ocrx_word' id='word_1_129' title='bbox 871 1735 1090 1802; x_wconf 87' lang='lat' dir='ltr'><strong>populus</strong></span> <span class='ocrx_word' id='word_1_130' title='bbox 1130 1735 1359 1802; x_wconf 77' lang='lat' dir='ltr'><strong>gentium</strong></span> <span class='ocrx_word' id='word_1_131' title='bbox 1408 1734 1617 1787; x_wconf 86' lang='lat' dir='ltr'><strong>Christo</strong></span> <span class='ocrx_word' id='word_1_132' title='bbox 1664 1735 1714 1788; x_wconf 91' lang='lat' dir='ltr'><strong>in</strong></span> <span class='ocrx_word' id='word_1_133' title='bbox 1757 1749 1917 1789; x_wconf 90' lang='lat' dir='ltr'><strong>carne</strong></span> <span class='ocrx_word' id='word_1_134' title='bbox 1959 1749 2046 1788; x_wconf 85' lang='lat' dir='ltr'><strong>ve-</strong></span> 
     </span>
    </p>
   </div>
   <div class='ocr_carea' id='block_1_20' title="bbox 2156 1198 3716 1266">
    <p class='ocr_par' dir='ltr' id='par_1_20' title="bbox 2156 1198 3716 1266">
     <span class='ocr_line' id='line_1_21' title="bbox 2156 1198 3716 1266; baseline 0.002 -15"><span class='ocrx_word' id='word_1_135' title='bbox 2156 1207 2448 1262; x_wconf 85' lang='lat' dir='ltr'><strong>corruptam</strong></span> <span class='ocrx_word' id='word_1_136' title='bbox 2473 1215 2487 1261; x_wconf 90' lang='lat'>;</span> <span class='ocrx_word' id='word_1_137' title='bbox 2530 1198 2666 1252; x_wconf 90' lang='lat' dir='ltr'><strong>unde</strong></span> <span class='ocrx_word' id='word_1_138' title='bbox 2690 1207 2743 1253; x_wconf 91' lang='lat' dir='ltr'><strong>et</strong></span> <span class='ocrx_word' id='word_1_139' title='bbox 2770 1199 3075 1266; x_wconf 84' lang='lat' dir='ltr'><strong>metropolis</strong></span> <span class='ocrx_word' id='word_1_140' title='bbox 3101 1213 3285 1254; x_wconf 91' lang='lat' dir='ltr'><strong>eorum</strong></span> <span class='ocrx_word' id='word_1_141' title='bbox 3313 1200 3510 1254; x_wconf 78' lang='lat' dir='ltr'><strong>civitas</strong></span> <span class='ocrx_word' id='word_1_142' title='bbox 3528 1198 3566 1266; x_wconf 72' lang='grc' dir='ltr'><strong>ς¹¹</strong></span> <span class='ocrx_word' id='word_1_143' title='bbox 3593 1199 3716 1256; x_wconf 84' lang='lat' dir='ltr'><strong>Tar-</strong></span> 
     </span>
    </p>
   </div>
   <div class='ocr_carea' id='block_1_21' title="bbox 2157 1285 3717 1359">
    <p class='ocr_par' dir='ltr' id='par_1_21' title="bbox 2157 1285 3717 1359">
     <span class='ocr_line' id='line_1_22' title="bbox 2157 1285 3717 1359; baseline 0.002 -20"><span class='ocrx_word' id='word_1_144' title='bbox 2157 1287 2228 1339; x_wconf 89' lang='lat' dir='ltr'><strong>sis</strong></span> <span class='ocrx_word' id='word_1_145' title='bbox 2259 1287 2557 1354; x_wconf 87' lang='lat' dir='ltr'><strong>appelatur,</strong></span> <span class='ocrx_word' id='word_1_146' title='bbox 2614 1287 2775 1341; x_wconf 83' lang='lat' dir='ltr'><strong>Paulo</strong></span> <span class='ocrx_word' id='word_1_147' title='bbox 2828 1287 3064 1354; x_wconf 80' lang='lat' dir='ltr'><strong>apostolo</strong></span> <span class='ocrx_word' id='word_1_148' title='bbox 3104 1289 3354 1358; x_wconf 75' lang='lat' dir='ltr'><strong>gloriosa.</strong></span> <span class='ocrx_word' id='word_1_149' title='bbox 3395 1285 3413 1327; x_wconf 75' lang='grc' dir='ltr'>ί</span> <span class='ocrx_word' id='word_1_150' title='bbox 3449 1290 3717 1359; x_wconf 74' lang='lat' dir='ltr'><strong>(Nonnulli</strong></span> 
     </span>
    </p>
   </div>
   <div class='ocr_carea' id='block_1_22' title="bbox 2159 1374 3716 1435">
    <p class='ocr_par' dir='ltr' id='par_1_22' title="bbox 2159 1374 3716 1435">
     <span class='ocr_line' id='line_1_23' title="bbox 2159 1374 3716 1435; baseline 0.004 -9"><span class='ocrx_word' id='word_1_151' title='bbox 2159 1374 2370 1428; x_wconf 75' lang='lat' dir='ltr'><strong>Tharsis</strong></span> <span class='ocrx_word' id='word_1_152' title='bbox 2426 1377 2564 1428; x_wconf 90' lang='lat' dir='ltr'><strong>unde</strong></span> <span class='ocrx_word' id='word_1_153' title='bbox 2611 1391 2794 1428; x_wconf 88' lang='lat' dir='ltr'><strong>aurum</strong></span> <span class='ocrx_word' id='word_1_154' title='bbox 2840 1377 3104 1431; x_wconf 84' lang='lat' dir='ltr'><strong>Salomoni</strong></span> <span class='ocrx_word' id='word_1_155' title='bbox 3159 1377 3498 1432; x_wconf 80' lang='lat' dir='ltr'><strong>deferebatur</strong></span> <span class='ocrx_word' id='word_1_156' title='bbox 3559 1379 3716 1435; x_wconf 69' lang='lat' dir='ltr'><strong>India</strong></span> 
     </span>
    </p>
   </div>
   <div class='ocr_carea' id='block_1_23' title="bbox 2158 1462 3717 1534">
    <p class='ocr_par' dir='ltr' id='par_1_23' title="bbox 2158 1462 3717 1534">
     <span class='ocr_line' id='line_1_24' title="bbox 2158 1462 3717 1534; baseline 0.004 -20"><span class='ocrx_word' id='word_1_157' title='bbox 2158 1467 2338 1530; x_wconf 87' lang='lat' dir='ltr'><strong>putant</strong></span> <span class='ocrx_word' id='word_1_158' title='bbox 2365 1476 2480 1515; x_wconf 61' lang='lat' dir='ltr'><strong>esse</strong></span> <span class='ocrx_word' id='word_1_159' title='bbox 2507 1463 2816 1532; x_wconf 83' lang='lat' dir='ltr'><strong>regionem.)</strong></span> <span class='ocrx_word' id='word_1_160' title='bbox 2848 1462 3034 1517; x_wconf 84' lang='lat' dir='ltr'><strong>Cetlu&#39;m</strong></span> <span class='ocrx_word' id='word_1_161' title='bbox 3066 1467 3080 1514; x_wconf 90' lang='lat' dir='ltr'><strong>l</strong></span> <span class='ocrx_word' id='word_1_162' title='bbox 3112 1463 3263 1518; x_wconf 90' lang='lat' dir='ltr'><strong>Cethi</strong></span> <span class='ocrx_word' id='word_1_163' title='bbox 3285 1481 3313 1517; x_wconf 85' lang='lat' dir='ltr'><strong>a</strong></span> <span class='ocrx_word' id='word_1_164' title='bbox 3337 1466 3533 1534; x_wconf 85' lang='lat' dir='ltr'><strong>quibus</strong></span> <span class='ocrx_word' id='word_1_165' title='bbox 3553 1479 3717 1534; x_wconf 80' lang='lat' dir='ltr'><strong>usqe</strong></span> 
     </span>
    </p>
   </div>
   <div class='ocr_carea' id='block_1_24' title="bbox 2157 1549 3718 1617">
    <p class='ocr_par' dir='ltr' id='par_1_24' title="bbox 2157 1549 3718 1617">
     <span class='ocr_line' id='line_1_25' title="bbox 2157 1549 3718 1617; baseline 0.003 -15"><span class='ocrx_word' id='word_1_166' title='bbox 2157 1549 2310 1603; x_wconf 81' lang='lat' dir='ltr'><strong>hodie</strong></span> <span class='ocrx_word' id='word_1_167' title='bbox 2335 1549 2459 1603; x_wconf 82' lang='lat' dir='ltr'><strong>urbs</strong></span> <span class='ocrx_word' id='word_1_168' title='bbox 2487 1549 2509 1584; x_wconf 76' lang='lat'><strong><em>&quot;</em></strong></span> <span class='ocrx_word' id='word_1_169' title='bbox 2541 1549 2836 1617; x_wconf 75' lang='lat' dir='ltr'><strong>Cyptotium</strong></span> <span class='ocrx_word' id='word_1_170' title='bbox 2870 1553 3191 1605; x_wconf 80' lang='lat' dir='ltr'><strong>nominatur.</strong></span> <span class='ocrx_word' id='word_1_171' title='bbox 3229 1549 3248 1588; x_wconf 76' lang='grc' dir='ltr'>ι</span> <span class='ocrx_word' id='word_1_172' title='bbox 3285 1551 3548 1606; x_wconf 66' lang='lat' dir='ltr'><strong>Dodoni»:</strong></span> <span class='ocrx_word' id='word_1_173' title='bbox 3577 1555 3718 1608; x_wconf 67' lang='lat' dir='ltr'><strong>Rho-</strong></span> 
     </span>
    </p>
   </div>
   <div class='ocr_carea' id='block_1_25' title="bbox 2154 1640 3717 1710">
    <p class='ocr_par' dir='ltr' id='par_1_25' title="bbox 2154 1640 3717 1710">
     <span class='ocr_line' id='line_1_26' title="bbox 2154 1640 3717 1710; baseline 0.003 -16"><span class='ocrx_word' id='word_1_174' title='bbox 2154 1640 2246 1705; x_wconf 91' lang='lat' dir='ltr'><strong>dii,</strong></span> <span class='ocrx_word' id='word_1_175' title='bbox 2278 1641 2463 1694; x_wconf 85' lang='lat' dir='ltr'><strong>melius</strong></span> <span class='ocrx_word' id='word_1_176' title='bbox 2490 1640 2627 1693; x_wconf 90' lang='lat' dir='ltr'><strong>enim</strong></span> <span class='ocrx_word' id='word_1_177' title='bbox 2675 1641 2862 1710; x_wconf 82' lang='lat' dir='ltr'><strong>legitur</strong></span> <span class='ocrx_word' id='word_1_178' title='bbox 2905 1640 3181 1707; x_wconf 78' lang='lat' dir='ltr'><strong>Rodanim,</strong></span> <span class='ocrx_word' id='word_1_179' title='bbox 3225 1641 3340 1696; x_wconf 86' lang='lat' dir='ltr'><strong>sive</strong></span> <span class='ocrx_word' id='word_1_180' title='bbox 3401 1643 3623 1710; x_wconf 81' lang='lat' dir='ltr'><strong>Rodim,</strong></span> <span class='ocrx_word' id='word_1_181' title='bbox 3663 1656 3717 1698; x_wconf 85' lang='lat' dir='ltr'><strong>at</strong></span> 
     </span>
    </p>
   </div>
   <div class='ocr_carea' id='block_1_26' title="bbox 2153 1730 3714 1800">
    <p class='ocr_par' dir='ltr' id='par_1_26' title="bbox 2153 1730 3714 1800">
     <span class='ocr_line' id='line_1_27' title="bbox 2153 1730 3714 1800; baseline 0.002 -16"><span class='ocrx_word' id='word_1_182' title='bbox 2153 1732 2474 1799; x_wconf 76' lang='lat' dir='ltr'><strong>septuaginta</strong></span> <span class='ocrx_word' id='word_1_183' title='bbox 2527 1730 2837 1800; x_wconf 84' lang='lat' dir='ltr'><strong>lnterpretes</strong></span> <span class='ocrx_word' id='word_1_184' title='bbox 2883 1733 3264 1787; x_wconf 88' lang='lat' dir='ltr'><strong>transtulerunt</strong></span> <span class='ocrx_word' id='word_1_185' title='bbox 3331 1741 3412 1797; x_wconf 72' lang='grc' dir='ltr'><strong>ει,</strong></span> <span class='ocrx_word' id='word_1_186' title='bbox 3479 1751 3500 1784; x_wconf 78' lang='lat' dir='ltr'><strong>s</strong></span> <span class='ocrx_word' id='word_1_187' title='bbox 3556 1743 3612 1787; x_wconf 88' lang='lat' dir='ltr'><strong>et</strong></span> <span class='ocrx_word' id='word_1_188' title='bbox 3663 1736 3714 1787; x_wconf 82' lang='lat' dir='ltr'><strong>ia</strong></span> 
     </span>
    </p>
   </div>
   <div class='ocr_carea' id='block_1_27' title="bbox 509 1805 3714 1893">
    <p class='ocr_par' dir='ltr' id='par_1_27' title="bbox 509 1805 3714 1893">
     <span class='ocr_line' id='line_1_28' title="bbox 509 1805 3714 1893; baseline 0.001 -19"><span class='ocrx_word' id='word_1_189' title='bbox 509 1823 684 1876; x_wconf 82' lang='lat' dir='ltr'><strong>niente</strong></span> <span class='ocrx_word' id='word_1_190' title='bbox 708 1823 1063 1888; x_wconf 59' lang='lat' dir='ltr'><strong>preferentlus</strong></span> <span class='ocrx_word' id='word_1_191' title='bbox 1080 1823 1285 1876; x_wconf 86' lang='lat' dir='ltr'><strong>essetin</strong></span> <span class='ocrx_word' id='word_1_192' title='bbox 1307 1822 1406 1874; x_wconf 84' lang='lat' dir='ltr'><strong>titlc</strong></span> <span class='ocrx_word' id='word_1_193' title='bbox 1425 1823 1612 1891; x_wconf 83' lang='lat' dir='ltr'><strong>majori</strong></span> <span class='ocrx_word' id='word_1_194' title='bbox 1636 1825 1824 1892; x_wconf 86' lang='lat' dir='ltr'><strong>p0pulo</strong></span> <span class='ocrx_word' id='word_1_195' title='bbox 1845 1823 2054 1877; x_wconf 70' lang='lat' dir='ltr'><strong>Judaeo-</strong></span> <span class='ocrx_word' id='word_1_196' title='bbox 2089 1805 2130 1862; x_wconf 73' lang='grc' dir='ltr'><strong>Β</strong></span> <span class='ocrx_word' id='word_1_197' title='bbox 2157 1823 2287 1876; x_wconf 92' lang='lat' dir='ltr'><strong>libro</strong></span> <span class='ocrx_word' id='word_1_198' title='bbox 2317 1812 2653 1876; x_wconf 67' lang='lat' dir='ltr'><strong>Hebraeorum</strong></span> <span class='ocrx_word' id='word_1_199' title='bbox 2705 1823 2969 1876; x_wconf 88' lang='lat' dir='ltr'><strong>nominum</strong></span> <span class='ocrx_word' id='word_1_200' title='bbox 3019 1822 3176 1876; x_wconf 84' lang='lat' dir='ltr'><strong>etiam</strong></span> <span class='ocrx_word' id='word_1_201' title='bbox 3227 1831 3413 1877; x_wconf 88' lang='lat' dir='ltr'><strong>noster</strong></span> <span class='ocrx_word' id='word_1_202' title='bbox 3455 1821 3714 1893; x_wconf 79' lang='lat' dir='ltr'><strong>interprés</strong></span> 
     </span>
    </p>
   </div>
   <div class='ocr_carea' id='block_1_28' title="bbox 503 1913 2052 1980">
    <p class='ocr_par' dir='ltr' id='par_1_28' title="bbox 503 1913 2052 1980">
     <span class='ocr_line' id='line_1_29' title="bbox 503 1913 2052 1980; baseline 0.001 -15"><span class='ocrx_word' id='word_1_203' title='bbox 503 1930 639 1967; x_wconf 90' lang='lat' dir='ltr'><strong>rum.</strong></span> <span class='ocrx_word' id='word_1_204' title='bbox 662 1915 777 1968; x_wconf 88' lang='lat' dir='ltr'><strong>Filii</strong></span> <span class='ocrx_word' id='word_1_205' title='bbox 793 1923 966 1966; x_wconf 75' lang='lat' dir='ltr'><strong>autom</strong></span> <span class='ocrx_word' id='word_1_206' title='bbox 985 1913 1207 1965; x_wconf 79' lang='lat' dir='ltr'><strong>ﬁliorum</strong></span> <span class='ocrx_word' id='word_1_207' title='bbox 1223 1913 1330 1966; x_wconf 83' lang='lat' dir='ltr'><strong>Noe</strong></span> <span class='ocrx_word' id='word_1_208' title='bbox 1343 1913 1429 1980; x_wconf 87' lang='lat' dir='ltr'><strong>qui</strong></span> <span class='ocrx_word' id='word_1_209' title='bbox 1449 1915 1927 1968; x_wconf 86' lang='lat' dir='ltr'><strong>commemorantur</strong></span> <span class='ocrx_word' id='word_1_210' title='bbox 1938 1928 2052 1966; x_wconf 87' lang='lat' dir='ltr'><strong>cre-</strong></span> 
     </span>
    </p>
   </div>
   <div class='ocr_carea' id='block_1_29' title="bbox 501 2000 2053 2073">
    <p class='ocr_par' dir='ltr' id='par_1_29' title="bbox 501 2000 2053 2073">
     <span class='ocr_line' id='line_1_30' title="bbox 501 2000 2053 2073; baseline -0.003 -16"><span class='ocrx_word' id='word_1_211' title='bbox 501 2004 697 2057; x_wconf 89' lang='lat' dir='ltr'><strong>dttntur</strong></span> <span class='ocrx_word' id='word_1_212' title='bbox 717 2001 1237 2073; x_wconf 86' lang='lat' dir='ltr'><strong>singulisingularnm</strong></span> <span class='ocrx_word' id='word_1_213' title='bbox 1260 2000 1492 2070; x_wconf 78' lang='lat' dir='ltr'><strong>gentium</strong></span> <span class='ocrx_word' id='word_1_214' title='bbox 1517 2003 1871 2070; x_wconf 78' lang='lat' dir='ltr'><strong>progenitores</strong></span> <span class='ocrx_word' id='word_1_215' title='bbox 1891 2001 2053 2056; x_wconf 76' lang='lat' dir='ltr'><strong>exsti-</strong></span> 
     </span>
    </p>
   </div>
   <div class='ocr_carea' id='block_1_30' title="bbox 504 2090 2053 2160">
    <p class='ocr_par' dir='ltr' id='par_1_30' title="bbox 504 2090 2053 2160">
     <span class='ocr_line' id='line_1_31' title="bbox 504 2090 2053 2160; baseline 0 -17"><span class='ocrx_word' id='word_1_216' title='bbox 504 2095 654 2154; x_wconf 77' lang='lat' dir='ltr'><strong>tisse,</strong></span> <span class='ocrx_word' id='word_1_217' title='bbox 687 2094 773 2160; x_wconf 88' lang='lat' dir='ltr'><strong>qui</strong></span> <span class='ocrx_word' id='word_1_218' title='bbox 797 2093 863 2142; x_wconf 88' lang='lat' dir='ltr'><strong>ita</strong></span> <span class='ocrx_word' id='word_1_219' title='bbox 883 2092 1017 2143; x_wconf 89' lang='lat' dir='ltr'><strong>inter</strong></span> <span class='ocrx_word' id='word_1_220' title='bbox 1037 2105 1094 2144; x_wconf 89' lang='lat' dir='ltr'><strong>se</strong></span> <span class='ocrx_word' id='word_1_221' title='bbox 1114 2091 1294 2144; x_wconf 91' lang='lat' dir='ltr'><strong>orbem</strong></span> <span class='ocrx_word' id='word_1_222' title='bbox 1313 2091 1622 2153; x_wconf 86' lang='lat' dir='ltr'><strong>diviserunt,</strong></span> <span class='ocrx_word' id='word_1_223' title='bbox 1637 2100 1693 2144; x_wconf 93' lang='lat' dir='ltr'><strong>ut</strong></span> <span class='ocrx_word' id='word_1_224' title='bbox 1712 2091 1833 2145; x_wconf 89' lang='lat' dir='ltr'><strong>Sem</strong></span> <span class='ocrx_word' id='word_1_225' title='bbox 1858 2090 2053 2159; x_wconf 86' lang='lat' dir='ltr'><strong>primo-</strong></span> 
     </span>
    </p>
   </div>
   <div class='ocr_carea' id='block_1_31' title="bbox 504 2163 2052 2250">
    <p class='ocr_par' dir='ltr' id='par_1_31' title="bbox 504 2163 2052 2250">
     <span class='ocr_line' id='line_1_32' title="bbox 504 2163 2052 2250; baseline 0.001 -19"><span class='ocrx_word' id='word_1_226' title='bbox 504 2182 710 2250; x_wconf 70' lang='lat' dir='ltr'><strong>genitus</strong></span> <span class='ocrx_word' id='word_1_227' title='bbox 745 2163 1217 2242; x_wconf 82' lang='lat' dir='ltr'><strong>Asiamobtineret,</strong></span> <span class='ocrx_word' id='word_1_228' title='bbox 1252 2189 1304 2232; x_wconf 89' lang='lat' dir='ltr'><strong>et</strong></span> <span class='ocrx_word' id='word_1_229' title='bbox 1331 2179 1494 2232; x_wconf 84' lang='lat' dir='ltr'><strong>Citam</strong></span> <span class='ocrx_word' id='word_1_230' title='bbox 1521 2179 1778 2234; x_wconf 87' lang='lat' dir='ltr'><strong>secundus</strong></span> <span class='ocrx_word' id='word_1_231' title='bbox 1802 2179 2052 2243; x_wconf 78' lang='lat' dir='ltr'><strong>Africam,</strong></span> 
     </span>
    </p>
   </div>
   <div class='ocr_carea' id='block_1_32' title="bbox 505 2270 2052 2339">
    <p class='ocr_par' dir='ltr' id='par_1_32' title="bbox 505 2270 2052 2339">
     <span class='ocr_line' id='line_1_33' title="bbox 505 2270 2052 2339; baseline -0.001 -15"><span class='ocrx_word' id='word_1_232' title='bbox 505 2271 731 2339; x_wconf 85' lang='lat' dir='ltr'><strong>Japheth</strong></span> <span class='ocrx_word' id='word_1_233' title='bbox 761 2271 974 2324; x_wconf 89' lang='lat' dir='ltr'><strong>ultimus</strong></span> <span class='ocrx_word' id='word_1_234' title='bbox 1003 2271 1261 2337; x_wconf 86' lang='lat' dir='ltr'><strong>Europam</strong></span> <span class='ocrx_word' id='word_1_235' title='bbox 1290 2285 1303 2332; x_wconf 88' lang='lat'><strong>;</strong></span> <span class='ocrx_word' id='word_1_236' title='bbox 1331 2271 1399 2322; x_wconf 87' lang='lat' dir='ltr'><strong>ita</strong></span> <span class='ocrx_word' id='word_1_237' title='bbox 1432 2270 1682 2324; x_wconf 77' lang='lat' dir='ltr'><strong>duntaxat</strong></span> <span class='ocrx_word' id='word_1_238' title='bbox 1706 2272 1916 2338; x_wconf 83' lang='lat' dir='ltr'><strong>ut,quia</strong></span> <span class='ocrx_word' id='word_1_239' title='bbox 1941 2286 2052 2324; x_wconf 86' lang='lat' dir='ltr'><strong>ma-</strong></span> 
     </span>
    </p>
   </div>
   <div class='ocr_carea' id='block_1_33' title="bbox 501 2359 2052 2428">
    <p class='ocr_par' dir='ltr' id='par_1_33' title="bbox 501 2359 2052 2428">
     <span class='ocr_line' id='line_1_34' title="bbox 501 2359 2052 2428; baseline 0.001 -16"><span class='ocrx_word' id='word_1_240' title='bbox 501 2361 586 2427; x_wconf 88' lang='lat' dir='ltr'><strong>jor</strong></span> <span class='ocrx_word' id='word_1_241' title='bbox 615 2368 696 2414; x_wconf 87' lang='lat' dir='ltr'><strong>est</strong></span> <span class='ocrx_word' id='word_1_242' title='bbox 724 2361 885 2414; x_wconf 91' lang='lat' dir='ltr'><strong>multo</strong></span> <span class='ocrx_word' id='word_1_243' title='bbox 911 2360 1030 2413; x_wconf 86' lang='lat' dir='ltr'><strong>Asia</strong></span> <span class='ocrx_word' id='word_1_244' title='bbox 1060 2371 1341 2414; x_wconf 78' lang='lat' dir='ltr'><strong>terrrarnnt</strong></span> <span class='ocrx_word' id='word_1_245' title='bbox 1371 2361 1473 2414; x_wconf 72' lang='lat' dir='ltr'><strong>situ</strong></span> <span class='ocrx_word' id='word_1_246' title='bbox 1519 2375 1674 2428; x_wconf 89' lang='lat' dir='ltr'><strong>quam</strong></span> <span class='ocrx_word' id='word_1_247' title='bbox 1718 2361 1922 2427; x_wconf 84' lang='lat' dir='ltr'><strong>Europa</strong></span> <span class='ocrx_word' id='word_1_248' title='bbox 1974 2359 2052 2414; x_wconf 92' lang='lat' dir='ltr'><strong>vel</strong></span> 
     </span>
    </p>
   </div>
   <div class='ocr_carea' id='block_1_34' title="bbox 503 2449 2050 2521">
    <p class='ocr_par' dir='ltr' id='par_1_34' title="bbox 503 2449 2050 2521">
     <span class='ocr_line' id='line_1_35' title="bbox 503 2449 2050 2521; baseline -0.002 -16"><span class='ocrx_word' id='word_1_249' title='bbox 503 2452 573 2521; x_wconf 70' lang='lat' dir='ltr'><strong>Ly</strong></span> <span class='ocrx_word' id='word_1_250' title='bbox 587 2452 692 2515; x_wconf 90' lang='lat' dir='ltr'><strong>bia,</strong></span> <span class='ocrx_word' id='word_1_251' title='bbox 731 2453 1007 2518; x_wconf 76' lang='lat' dir='ltr'><strong>progenies</strong></span> <span class='ocrx_word' id='word_1_252' title='bbox 1033 2449 1193 2504; x_wconf 82' lang='lat' dir='ltr'><strong>Citam</strong></span> <span class='ocrx_word' id='word_1_253' title='bbox 1225 2461 1275 2504; x_wconf 90' lang='lat' dir='ltr'><strong>et</strong></span> <span class='ocrx_word' id='word_1_254' title='bbox 1296 2450 1519 2518; x_wconf 76' lang='lat' dir='ltr'><strong>Jupiteth</strong></span> <span class='ocrx_word' id='word_1_255' title='bbox 1551 2453 1706 2503; x_wconf 88' lang='lat' dir='ltr'><strong>etiam</strong></span> <span class='ocrx_word' id='word_1_256' title='bbox 1753 2451 2050 2503; x_wconf 88' lang='lat' dir='ltr'><strong>nonnullam</strong></span> 
     </span>
    </p>
   </div>
   <div class='ocr_carea' id='block_1_35' title="bbox 503 2541 2050 2610">
    <p class='ocr_par' dir='ltr' id='par_1_35' title="bbox 503 2541 2050 2610">
     <span class='ocr_line' id='line_1_36' title="bbox 503 2541 2050 2610; baseline -0.003 -12"><span class='ocrx_word' id='word_1_257' title='bbox 503 2543 558 2598; x_wconf 85' lang='lat' dir='ltr'><strong>in</strong></span> <span class='ocrx_word' id='word_1_258' title='bbox 587 2543 706 2596; x_wconf 85' lang='lat' dir='ltr'><strong>Asia</strong></span> <span class='ocrx_word' id='word_1_259' title='bbox 731 2542 1020 2610; x_wconf 81' lang='lat' dir='ltr'><strong>portionem</strong></span> <span class='ocrx_word' id='word_1_260' title='bbox 1046 2551 1262 2595; x_wconf 83' lang='lat' dir='ltr'><strong>teneret.</strong></span> <span class='ocrx_word' id='word_1_261' title='bbox 1319 2543 1421 2594; x_wconf 69' lang='lat' dir='ltr'><strong>«De</strong></span> <span class='ocrx_word' id='word_1_262' title='bbox 1445 2541 1668 2608; x_wconf 84' lang='lat' dir='ltr'><strong>Japheth</strong></span> <span class='ocrx_word' id='word_1_263' title='bbox 1698 2557 1824 2610; x_wconf 91' lang='lat' dir='ltr'><strong>ergo</strong></span> <span class='ocrx_word' id='word_1_264' title='bbox 1853 2552 2050 2610; x_wconf 85' lang='lat' dir='ltr'><strong>septem</strong></span> 
     </span>
    </p>
   </div>
   <div class='ocr_carea' id='block_1_36' title="bbox 504 2630 2052 2699">
    <p class='ocr_par' dir='ltr' id='par_1_36' title="bbox 504 2630 2052 2699">
     <span class='ocr_line' id='line_1_37' title="bbox 504 2630 2052 2699; baseline -0.002 -13"><span class='ocrx_word' id='word_1_265' title='bbox 504 2632 598 2686; x_wconf 80' lang='lat' dir='ltr'><strong>lilii</strong></span> <span class='ocrx_word' id='word_1_266' title='bbox 629 2632 732 2685; x_wconf 90' lang='lat' dir='ltr'><strong>nati</strong></span> <span class='ocrx_word' id='word_1_267' title='bbox 761 2640 884 2685; x_wconf 90' lang='lat' dir='ltr'><strong>sunt</strong></span> <span class='ocrx_word' id='word_1_268' title='bbox 912 2631 1000 2699; x_wconf 89' lang='lat' dir='ltr'><strong>qui</strong></span> <span class='ocrx_word' id='word_1_269' title='bbox 1033 2632 1376 2696; x_wconf 85' lang='lat' dir='ltr'><strong>possederunt</strong></span> <span class='ocrx_word' id='word_1_270' title='bbox 1404 2640 1596 2684; x_wconf 88' lang='lat' dir='ltr'><strong>terram</strong></span> <span class='ocrx_word' id='word_1_271' title='bbox 1645 2632 1695 2683; x_wconf 92' lang='lat' dir='ltr'><strong>in</strong></span> <span class='ocrx_word' id='word_1_272' title='bbox 1745 2630 1865 2684; x_wconf 84' lang='lat' dir='ltr'><strong>Asia</strong></span> <span class='ocrx_word' id='word_1_273' title='bbox 1919 2640 1941 2668; x_wconf 76' lang='grc' dir='ltr'><strong>ο</strong></span> <span class='ocrx_word' id='word_1_274' title='bbox 1986 2632 2052 2684; x_wconf 91' lang='lat' dir='ltr'><strong>ab</strong></span> 
     </span>
    </p>
   </div>
   <div class='ocr_carea' id='block_1_37' title="bbox 503 2717 2043 2790">
    <p class='ocr_par' dir='ltr' id='par_1_37' title="bbox 503 2717 2043 2790">
     <span class='ocr_line' id='line_1_38' title="bbox 503 2717 2043 2790; baseline -0.001 -17"><span class='ocrx_word' id='word_1_275' title='bbox 503 2720 705 2774; x_wconf 80' lang='lat' dir='ltr'><strong>Amano</strong></span> <span class='ocrx_word' id='word_1_276' title='bbox 741 2728 794 2774; x_wconf 90' lang='lat' dir='ltr'><strong>et</strong></span> <span class='ocrx_word' id='word_1_277' title='bbox 820 2720 989 2773; x_wconf 83' lang='lat' dir='ltr'><strong>Tauro</strong></span> <span class='ocrx_word' id='word_1_278' title='bbox 1025 2719 1190 2790; x_wconf 78' lang='lat' dir='ltr'><strong>Syria:</strong></span> <span class='ocrx_word' id='word_1_279' title='bbox 1246 2717 1270 2755; x_wconf 73' lang='grc' dir='ltr'><strong><em>ἀ</em></strong></span> <span class='ocrx_word' id='word_1_280' title='bbox 1323 2720 1484 2773; x_wconf 63' lang='lat' dir='ltr'><strong>Casiis</strong></span> <span class='ocrx_word' id='word_1_281' title='bbox 1534 2727 1587 2773; x_wconf 92' lang='lat' dir='ltr'><strong>et</strong></span> <span class='ocrx_word' id='word_1_282' title='bbox 1629 2719 1840 2788; x_wconf 69' lang='lat' dir='ltr'><strong>Cylicize</strong></span> <span class='ocrx_word' id='word_1_283' title='bbox 1892 2734 2043 2772; x_wconf 86' lang='lat' dir='ltr'><strong>mon-</strong></span> 
     </span>
    </p>
   </div>
   <div class='ocr_carea' id='block_1_38' title="bbox 501 2808 2046 2878">
    <p class='ocr_par' dir='ltr' id='par_1_38' title="bbox 501 2808 2046 2878">
     <span class='ocr_line' id='line_1_39' title="bbox 501 2808 2046 2878; baseline -0.001 -17"><span class='ocrx_word' id='word_1_284' title='bbox 501 2809 640 2862; x_wconf 86' lang='lat' dir='ltr'><strong>tibus</strong></span> <span class='ocrx_word' id='word_1_285' title='bbox 677 2848 694 2872; x_wconf 90' lang='lat'><strong>,</strong></span> <span class='ocrx_word' id='word_1_286' title='bbox 750 2816 913 2878; x_wconf 84' lang='lat' dir='ltr'><strong>usque</strong></span> <span class='ocrx_word' id='word_1_287' title='bbox 962 2810 1026 2862; x_wconf 90' lang='lat' dir='ltr'><strong>ad</strong></span> <span class='ocrx_word' id='word_1_288' title='bbox 1075 2809 1287 2861; x_wconf 83' lang='lat' dir='ltr'><strong>ﬂuvium</strong></span> <span class='ocrx_word' id='word_1_289' title='bbox 1353 2817 1376 2845; x_wconf 71' lang='grc' dir='ltr'><strong>ε</strong></span> <span class='ocrx_word' id='word_1_290' title='bbox 1430 2808 1670 2863; x_wconf 84' lang='lat' dir='ltr'><strong>Tanaim.</strong></span> <span class='ocrx_word' id='word_1_291' title='bbox 1728 2809 1781 2861; x_wconf 92' lang='lat' dir='ltr'><strong>ln</strong></span> <span class='ocrx_word' id='word_1_292' title='bbox 1842 2808 2046 2874; x_wconf 87' lang='lat' dir='ltr'><strong>Eur0pa</strong></span> 
     </span>
    </p>
   </div>
   <div class='ocr_carea' id='block_1_39' title="bbox 502 2899 2047 2972">
    <p class='ocr_par' dir='ltr' id='par_1_39' title="bbox 502 2899 2047 2972">
     <span class='ocr_line' id='line_1_40' title="bbox 502 2899 2047 2972; baseline 0.001 -20"><span class='ocrx_word' id='word_1_293' title='bbox 502 2915 627 2954; x_wconf 89' lang='lat' dir='ltr'><strong>vero</strong></span> <span class='ocrx_word' id='word_1_294' title='bbox 667 2915 831 2972; x_wconf 84' lang='lat' dir='ltr'><strong>usque</strong></span> <span class='ocrx_word' id='word_1_295' title='bbox 882 2901 946 2952; x_wconf 88' lang='lat' dir='ltr'><strong>ad</strong></span> <span class='ocrx_word' id='word_1_296' title='bbox 1000 2899 1187 2955; x_wconf 88' lang='lat' dir='ltr'><strong>Gadira</strong></span> <span class='ocrx_word' id='word_1_297' title='bbox 1221 2941 1235 2962; x_wconf 91' lang='lat'><strong>,</strong></span> <span class='ocrx_word' id='word_1_298' title='bbox 1283 2900 1491 2954; x_wconf 88' lang='lat' dir='ltr'><strong>nomina</strong></span> <span class='ocrx_word' id='word_1_299' title='bbox 1542 2900 1670 2954; x_wconf 81' lang='lat' dir='ltr'><strong>locis</strong></span> <span class='ocrx_word' id='word_1_300' title='bbox 1715 2908 1768 2955; x_wconf 88' lang='lat' dir='ltr'><strong>et</strong></span> <span class='ocrx_word' id='word_1_301' title='bbox 1805 2901 2047 2968; x_wconf 74' lang='lat' dir='ltr'><strong>gentibus</strong></span> 
     </span>
    </p>
   </div>
   <div class='ocr_carea' id='block_1_40' title="bbox 502 2987 2044 3055">
    <p class='ocr_par' dir='ltr' id='par_1_40' title="bbox 502 2987 2044 3055">
     <span class='ocr_line' id='line_1_41' title="bbox 502 2987 2044 3055; baseline -0.001 -15"><span class='ocrx_word' id='word_1_302' title='bbox 502 2987 869 3055; x_wconf 78' lang='lat' dir='ltr'><strong>relinquentes,</strong></span> <span class='ocrx_word' id='word_1_303' title='bbox 900 3001 966 3040; x_wconf 88' lang='lat' dir='ltr'><strong>ex</strong></span> <span class='ocrx_word' id='word_1_304' title='bbox 1018 2987 1204 3055; x_wconf 84' lang='lat' dir='ltr'><strong>quibus</strong></span> <span class='ocrx_word' id='word_1_305' title='bbox 1253 2999 1430 3054; x_wconf 74' lang='lat' dir='ltr'><strong>postea</strong></span> <span class='ocrx_word' id='word_1_306' title='bbox 1481 2988 1751 3041; x_wconf 85' lang='lat' dir='ltr'><strong>immutata</strong></span> <span class='ocrx_word' id='word_1_307' title='bbox 1796 2996 1917 3041; x_wconf 86' lang='lat' dir='ltr'><strong>sunt</strong></span> <span class='ocrx_word' id='word_1_308' title='bbox 1953 3002 2044 3040; x_wconf 80' lang='lat' dir='ltr'><strong>no-</strong></span> 
     </span>
    </p>
   </div>
   <div class='ocr_carea' id='block_1_41' title="bbox 502 3074 2042 3143">
    <p class='ocr_par' dir='ltr' id='par_1_41' title="bbox 502 3074 2042 3143">
     <span class='ocr_line' id='line_1_42' title="bbox 502 3074 2042 3143; baseline 0.001 -17"><span class='ocrx_word' id='word_1_309' title='bbox 502 3075 640 3126; x_wconf 87' lang='lat' dir='ltr'><strong>mina</strong></span> <span class='ocrx_word' id='word_1_310' title='bbox 710 3074 971 3143; x_wconf 88' lang='lat' dir='ltr'><strong>plurima,</strong></span> <span class='ocrx_word' id='word_1_311' title='bbox 1018 3081 1072 3126; x_wconf 92' lang='lat' dir='ltr'><strong>et</strong></span> <span class='ocrx_word' id='word_1_312' title='bbox 1115 3081 1304 3126; x_wconf 69' lang='lat' dir='ltr'><strong>castera</strong></span> <span class='ocrx_word' id='word_1_313' title='bbox 1356 3083 1661 3140; x_wconf 86' lang='lat' dir='ltr'><strong>permanent</strong></span> <span class='ocrx_word' id='word_1_314' title='bbox 1715 3083 1767 3127; x_wconf 92' lang='lat' dir='ltr'><strong>ut</strong></span> <span class='ocrx_word' id='word_1_315' title='bbox 1817 3074 2042 3128; x_wconf 82' lang='lat' dir='ltr'><strong>fuerunt.</strong></span> 
     </span>
    </p>
   </div>
   <div class='ocr_carea' id='block_1_42' title="bbox 501 3161 2043 3232">
    <p class='ocr_par' dir='ltr' id='par_1_42' title="bbox 501 3161 2043 3232">
     <span class='ocr_line' id='line_1_43' title="bbox 501 3161 2043 3232; baseline -0.003 -12"><span class='ocrx_word' id='word_1_316' title='bbox 501 3166 824 3220; x_wconf 84' lang='lat' dir='ltr'><strong>Suntautem</strong></span> <span class='ocrx_word' id='word_1_317' title='bbox 854 3161 1038 3216; x_wconf 80' lang='lat' dir='ltr'><strong>Camer</strong></span> <span class='ocrx_word' id='word_1_318' title='bbox 1064 3163 1283 3224; x_wconf 58' lang='lat' dir='ltr'><strong>Galatas,</strong></span> <span class='ocrx_word' id='word_1_319' title='bbox 1333 3161 1521 3232; x_wconf 73' lang='lat' dir='ltr'><strong>Magog</strong></span> <span class='ocrx_word' id='word_1_320' title='bbox 1572 3163 1820 3230; x_wconf 63' lang='lat' dir='ltr'><strong>Scythae,</strong></span> <span class='ocrx_word' id='word_1_321' title='bbox 1869 3163 2043 3216; x_wconf 72' lang='grc' dir='ltr'><em>Μαείσὶ</em></span> 
     </span>
    </p>
   </div>
   <div class='ocr_carea' id='block_1_43' title="bbox 497 3247 2045 3321">
    <p class='ocr_par' dir='ltr' id='par_1_43' title="bbox 497 3247 2045 3321">
     <span class='ocr_line' id='line_1_44' title="bbox 497 3247 2045 3321; baseline -0.002 -11"><span class='ocrx_word' id='word_1_322' title='bbox 497 3254 652 3319; x_wconf 71' lang='lat' dir='ltr'><strong>Medi,</strong></span> <span class='ocrx_word' id='word_1_323' title='bbox 682 3247 868 3318; x_wconf 80' lang='lat' dir='ltr'><strong>Jaran,</strong></span> <span class='ocrx_word' id='word_1_324' title='bbox 903 3253 1073 3319; x_wconf 89' lang='lat' dir='ltr'><strong>lones,</strong></span> <span class='ocrx_word' id='word_1_325' title='bbox 1102 3252 1190 3321; x_wconf 90' lang='lat' dir='ltr'><strong>qui</strong></span> <span class='ocrx_word' id='word_1_326' title='bbox 1220 3261 1273 3308; x_wconf 88' lang='lat' dir='ltr'><strong>et</strong></span> <span class='ocrx_word' id='word_1_327' title='bbox 1299 3252 1487 3316; x_wconf 65' lang='lat' dir='ltr'><strong>Graeci,</strong></span> <span class='ocrx_word' id='word_1_328' title='bbox 1537 3253 1674 3306; x_wconf 87' lang='lat' dir='ltr'><strong>unde</strong></span> <span class='ocrx_word' id='word_1_329' title='bbox 1701 3261 1754 3307; x_wconf 90' lang='lat' dir='ltr'><strong>et</strong></span> <span class='ocrx_word' id='word_1_330' title='bbox 1798 3269 1938 3307; x_wconf 90' lang='lat' dir='ltr'><strong>mare</strong></span> <span class='ocrx_word' id='word_1_331' title='bbox 1966 3253 2045 3307; x_wconf 92' lang='lat' dir='ltr'><strong>lo-</strong></span> 
     </span>
    </p>
   </div>
   <div class='ocr_carea' id='block_1_44' title="bbox 499 3341 2044 3411">
    <p class='ocr_par' dir='ltr' id='par_1_44' title="bbox 499 3341 2044 3411">
     <span class='ocr_line' id='line_1_45' title="bbox 499 3341 2044 3411; baseline 0.001 -16"><span class='ocrx_word' id='word_1_332' title='bbox 499 3346 659 3408; x_wconf 89' lang='lat' dir='ltr'><strong>ninm,</strong></span> <span class='ocrx_word' id='word_1_333' title='bbox 687 3341 882 3396; x_wconf 77' lang='lat' dir='ltr'><strong>Thubal</strong></span> <span class='ocrx_word' id='word_1_334' title='bbox 913 3343 1105 3407; x_wconf 85' lang='lat' dir='ltr'><strong>Hiberi,</strong></span> <span class='ocrx_word' id='word_1_335' title='bbox 1135 3344 1220 3411; x_wconf 89' lang='lat' dir='ltr'><strong>qui</strong></span> <span class='ocrx_word' id='word_1_336' title='bbox 1249 3354 1301 3396; x_wconf 92' lang='lat' dir='ltr'><strong>et</strong></span> <span class='ocrx_word' id='word_1_337' title='bbox 1332 3343 1541 3410; x_wconf 84' lang='lat' dir='ltr'><strong>llispani</strong></span> <span class='ocrx_word' id='word_1_338' title='bbox 1588 3343 1655 3395; x_wconf 87' lang='lat' dir='ltr'><strong>ab</strong></span> <span class='ocrx_word' id='word_1_339' title='bbox 1709 3343 1900 3396; x_wconf 83' lang='lat' dir='ltr'><strong>Hibero</strong></span> <span class='ocrx_word' id='word_1_340' title='bbox 1947 3342 2044 3396; x_wconf 84' lang='lat' dir='ltr'><strong>ilu-</strong></span> 
     </span>
    </p>
   </div>
   <div class='ocr_carea' id='block_1_45' title="bbox 500 3428 2039 3498">
    <p class='ocr_par' dir='ltr' id='par_1_45' title="bbox 500 3428 2039 3498">
     <span class='ocr_line' id='line_1_46' title="bbox 500 3428 2039 3498; baseline 0.001 -17"><span class='ocrx_word' id='word_1_341' title='bbox 500 3430 638 3482; x_wconf 79' lang='lat' dir='ltr'><strong>mine</strong></span> <span class='ocrx_word' id='word_1_342' title='bbox 683 3428 784 3482; x_wconf 81' lang='lat' dir='ltr'><strong>hoc</strong></span> <span class='ocrx_word' id='word_1_343' title='bbox 830 3429 1084 3483; x_wconf 77' lang='lat' dir='ltr'><strong>vocabulo</strong></span> <span class='ocrx_word' id='word_1_344' title='bbox 1139 3431 1440 3497; x_wconf 88' lang='lat' dir='ltr'><strong>nuncupati,</strong></span> <span class='ocrx_word' id='word_1_345' title='bbox 1471 3446 1501 3485; x_wconf 92' lang='lat' dir='ltr'><strong>e</strong></span> <span class='ocrx_word' id='word_1_346' title='bbox 1529 3431 1718 3498; x_wconf 88' lang='lat' dir='ltr'><strong>quibus</strong></span> <span class='ocrx_word' id='word_1_347' title='bbox 1771 3431 2039 3496; x_wconf 85' lang='lat' dir='ltr'><strong>Celtiberi,</strong></span> 
     </span>
    </p>
   </div>
   <div class='ocr_carea' id='block_1_46' title="bbox 500 3519 2037 3588">
    <p class='ocr_par' dir='ltr' id='par_1_46' title="bbox 500 3519 2037 3588">
     <span class='ocr_line' id='line_1_47' title="bbox 500 3519 2037 3588; baseline 0.002 -15"><span class='ocrx_word' id='word_1_348' title='bbox 500 3521 616 3576; x_wconf 87' lang='lat' dir='ltr'><strong>licet</strong></span> <span class='ocrx_word' id='word_1_349' title='bbox 642 3519 848 3588; x_wconf 87' lang='lat' dir='ltr'><strong>quidam</strong></span> <span class='ocrx_word' id='word_1_350' title='bbox 878 3519 1031 3572; x_wconf 86' lang='lat' dir='ltr'><strong>italos</strong></span> <span class='ocrx_word' id='word_1_351' title='bbox 1059 3521 1421 3587; x_wconf 88' lang='lat' dir='ltr'><strong>suspicentur;</strong></span> <span class='ocrx_word' id='word_1_352' title='bbox 1453 3519 1658 3572; x_wconf 79' lang='lat' dir='ltr'><strong>Masoch</strong></span> <span class='ocrx_word' id='word_1_353' title='bbox 1684 3523 2037 3587; x_wconf 71' lang='lat' dir='ltr'><strong>(lappadoce&lt;,</strong></span> 
     </span>
    </p>
   </div>
   <div class='ocr_carea' id='block_1_47' title="bbox 499 3607 2037 3677">
    <p class='ocr_par' dir='ltr' id='par_1_47' title="bbox 499 3607 2037 3677">
     <span class='ocr_line' id='line_1_48' title="bbox 499 3607 2037 3677; baseline 0.003 -20"><span class='ocrx_word' id='word_1_354' title='bbox 499 3609 634 3663; x_wconf 82' lang='lat' dir='ltr'><strong>unde</strong></span> <span class='ocrx_word' id='word_1_355' title='bbox 658 3607 858 3663; x_wconf 84' lang='lat' dir='ltr'><strong>eturbs</strong></span> <span class='ocrx_word' id='word_1_356' title='bbox 877 3609 1010 3677; x_wconf 89' lang='lat' dir='ltr'><strong>apud</strong></span> <span class='ocrx_word' id='word_1_357' title='bbox 1039 3623 1132 3664; x_wconf 80' lang='lat' dir='ltr'><strong>eos</strong></span> <span class='ocrx_word' id='word_1_358' title='bbox 1156 3623 1319 3676; x_wconf 88' lang='lat' dir='ltr'><strong>usque</strong></span> <span class='ocrx_word' id='word_1_359' title='bbox 1342 3608 1494 3662; x_wconf 77' lang='lat' dir='ltr'><strong>hodie</strong></span> <span class='ocrx_word' id='word_1_360' title='bbox 1519 3607 1536 3646; x_wconf 74' lang='grc' dir='ltr'>ί</span> <span class='ocrx_word' id='word_1_361' title='bbox 1563 3607 1804 3662; x_wconf 80' lang='lat' dir='ltr'><strong>Mazecha</strong></span> <span class='ocrx_word' id='word_1_362' title='bbox 1833 3609 2037 3673; x_wconf 87' lang='lat' dir='ltr'><strong>dicitur,</strong></span> 
     </span>
    </p>
   </div>
   <div class='ocr_carea' id='block_1_48' title="bbox 498 3697 2042 3768">
    <p class='ocr_par' dir='ltr' id='par_1_48' title="bbox 498 3697 2042 3768">
     <span class='ocr_line' id='line_1_49' title="bbox 498 3697 2042 3768; baseline 0.005 -22"><span class='ocrx_word' id='word_1_363' title='bbox 498 3716 610 3764; x_wconf 72' lang='lat' dir='ltr'><strong>qna:</strong></span> <span class='ocrx_word' id='word_1_364' title='bbox 639 3709 693 3754; x_wconf 91' lang='lat' dir='ltr'><strong>et</strong></span> <span class='ocrx_word' id='word_1_365' title='bbox 720 3697 964 3754; x_wconf 64' lang='lat' dir='ltr'><strong>Casarea</strong></span> <span class='ocrx_word' id='word_1_366' title='bbox 989 3701 1055 3753; x_wconf 87' lang='lat' dir='ltr'><strong>ab</strong></span> <span class='ocrx_word' id='word_1_367' title='bbox 1082 3699 1314 3768; x_wconf 55' lang='lat' dir='ltr'><strong>Augusto</strong></span> <span class='ocrx_word' id='word_1_368' title='bbox 1336 3698 1542 3754; x_wconf 73' lang='lat' dir='ltr'><strong>Caesare</strong></span> <span class='ocrx_word' id='word_1_369' title='bbox 1568 3700 1704 3752; x_wconf 87' lang='lat' dir='ltr'><strong>dicta</strong></span> <span class='ocrx_word' id='word_1_370' title='bbox 1726 3707 1830 3753; x_wconf 75' lang='lat' dir='ltr'><strong>est.</strong></span> <span class='ocrx_word' id='word_1_371' title='bbox 1877 3699 2042 3754; x_wconf 89' lang='lat' dir='ltr'><strong>Porro</strong></span> 
     </span>
    </p>
   </div>
   <div class='ocr_carea' id='block_1_49' title="bbox 497 3785 2039 3859">
    <p class='ocr_par' dir='ltr' id='par_1_49' title="bbox 497 3785 2039 3859">
     <span class='ocr_line' id='line_1_50' title="bbox 497 3785 2039 3859; baseline -0.002 -15"><span class='ocrx_word' id='word_1_372' title='bbox 497 3787 822 3859; x_wconf 73' lang='lat' dir='ltr'><strong>septuaginta</strong></span> <span class='ocrx_word' id='word_1_373' title='bbox 852 3785 1168 3856; x_wconf 80' lang='lat' dir='ltr'><strong>interpretes</strong></span> <span class='ocrx_word' id='word_1_374' title='bbox 1215 3786 1471 3856; x_wconf 84' lang='lat' dir='ltr'><strong>Capturim</strong></span> <span class='ocrx_word' id='word_1_375' title='bbox 1509 3787 1849 3856; x_wconf 84' lang='lat' dir='ltr'><strong>Cappadoces</strong></span> <span class='ocrx_word' id='word_1_376' title='bbox 1895 3790 2039 3843; x_wconf 86' lang='lat' dir='ltr'><strong>arbi-</strong></span> 
     </span>
    </p>
   </div>
   <div class='ocr_carea' id='block_1_50' title="bbox 496 3876 2037 3948">
    <p class='ocr_par' dir='ltr' id='par_1_50' title="bbox 496 3876 2037 3948">
     <span class='ocr_line' id='line_1_51' title="bbox 496 3876 2037 3948; baseline 0.003 -18"><span class='ocrx_word' id='word_1_377' title='bbox 496 3888 716 3942; x_wconf 73' lang='lat' dir='ltr'><strong>trantur,</strong></span> <span class='ocrx_word' id='word_1_378' title='bbox 745 3876 928 3931; x_wconf 80' lang='lat' dir='ltr'><strong>Tltiras</strong></span> <span class='ocrx_word' id='word_1_379' title='bbox 955 3877 1211 3944; x_wconf 86' lang='lat' dir='ltr'><strong>Thraces,</strong></span> <span class='ocrx_word' id='word_1_380' title='bbox 1235 3893 1457 3948; x_wconf 88' lang='lat' dir='ltr'><strong>quorum</strong></span> <span class='ocrx_word' id='word_1_381' title='bbox 1489 3894 1590 3933; x_wconf 91' lang='lat' dir='ltr'><strong>non</strong></span> <span class='ocrx_word' id='word_1_382' title='bbox 1616 3878 1745 3933; x_wconf 84' lang='lat' dir='ltr'><strong>satis</strong></span> <span class='ocrx_word' id='word_1_383' title='bbox 1793 3880 2037 3934; x_wconf 82' lang='lat' dir='ltr'><strong>immuta-</strong></span> 
     </span>
    </p>
   </div>
   <div class='ocr_carea' id='block_1_51' title="bbox 496 3968 1061 4024">
    <p class='ocr_par' dir='ltr' id='par_1_51' title="bbox 496 3968 1061 4024">
     <span class='ocr_line' id='line_1_52' title="bbox 496 3968 1061 4024; baseline 0 -2"><span class='ocrx_word' id='word_1_384' title='bbox 496 3979 604 4022; x_wconf 84' lang='lat' dir='ltr'><strong>ttnn</strong></span> <span class='ocrx_word' id='word_1_385' title='bbox 627 3968 933 4024; x_wconf 81' lang='lat' dir='ltr'><strong>vocabulum</strong></span> <span class='ocrx_word' id='word_1_386' title='bbox 963 3977 1061 4024; x_wconf 88' lang='lat' dir='ltr'><strong>est.</strong></span> 
     </span>
    </p>
   </div>
   <div class='ocr_carea' id='block_1_52' title="bbox 566 4056 2037 4132">
    <p class='ocr_par' dir='ltr' id='par_1_52' title="bbox 566 4056 2037 4132">
     <span class='ocr_line' id='line_1_53' title="bbox 566 4056 2037 4132; baseline 0.003 -22"><span class='ocrx_word' id='word_1_387' title='bbox 566 4056 725 4112; x_wconf 85' lang='lat' dir='ltr'><strong>Porro</strong></span> <span class='ocrx_word' id='word_1_388' title='bbox 754 4059 850 4126; x_wconf 80' lang='lat' dir='ltr'><strong>ﬁlii</strong></span> <span class='ocrx_word' id='word_1_389' title='bbox 878 4057 1061 4113; x_wconf 80' lang='lat' dir='ltr'><strong>Camer</strong></span> <span class='ocrx_word' id='word_1_390' title='bbox 1088 4059 1341 4112; x_wconf 74' lang='lat' dir='ltr'><strong>Aschenez</strong></span> <span class='ocrx_word' id='word_1_391' title='bbox 1365 4070 1411 4112; x_wconf 87' lang='lat' dir='ltr'><strong>et</strong></span> <span class='ocrx_word' id='word_1_392' title='bbox 1433 4069 1458 4107; x_wconf 75' lang='grc' dir='ltr'>ι</span> <span class='ocrx_word' id='word_1_393' title='bbox 1492 4060 1708 4129; x_wconf 77' lang='lat' dir='ltr'><strong>liipltatlt</strong></span> <span class='ocrx_word' id='word_1_394' title='bbox 1737 4072 1781 4114; x_wconf 84' lang='lat' dir='ltr'><strong>et</strong></span> <span class='ocrx_word' id='word_1_395' title='bbox 1807 4061 2037 4132; x_wconf 79' lang='lat' dir='ltr'><strong>TIIOgor—</strong></span> 
     </span>
    </p>
   </div>
   <div class='ocr_carea' id='block_1_53' title="bbox 494 4147 2035 4220">
    <p class='ocr_par' dir='ltr' id='par_1_53' title="bbox 494 4147 2035 4220">
     <span class='ocr_line' id='line_1_54' title="bbox 494 4147 2035 4220; baseline 0.005 -22"><span class='ocrx_word' id='word_1_396' title='bbox 494 4162 595 4198; x_wconf 79' lang='lat' dir='ltr'><strong>ma.</strong></span> <span class='ocrx_word' id='word_1_397' title='bbox 624 4147 878 4199; x_wconf 78' lang='lat' dir='ltr'><strong>Ascbenez</strong></span> <span class='ocrx_word' id='word_1_398' title='bbox 905 4149 1157 4204; x_wconf 65' lang='lat' dir='ltr'><strong>Sarmatae</strong></span> <span class='ocrx_word' id='word_1_399' title='bbox 1186 4165 1315 4217; x_wconf 84' lang='lat' dir='ltr'><strong>quos</strong></span> <span class='ocrx_word' id='word_1_400' title='bbox 1345 4149 1516 4204; x_wconf 69' lang='lat' dir='ltr'><strong>Gnaei</strong></span> <span class='ocrx_word' id='word_1_401' title='bbox 1567 4152 1781 4220; x_wconf 70' lang='lat' dir='ltr'><strong>Bigis-os</strong></span> <span class='ocrx_word' id='word_1_402' title='bbox 1829 4163 2035 4207; x_wconf 84' lang='lat' dir='ltr'><strong>vocant.</strong></span> 
     </span>
    </p>
   </div>
   <div class='ocr_carea' id='block_1_54' title="bbox 495 4236 1618 4309">
    <p class='ocr_par' dir='ltr' id='par_1_54' title="bbox 495 4236 1618 4309">
     <span class='ocr_line' id='line_1_55' title="bbox 495 4236 1618 4309; baseline 0.004 -19"><span class='ocrx_word' id='word_1_403' title='bbox 495 4237 670 4304; x_wconf 76' lang='lat' dir='ltr'><strong>Iiifath</strong></span> <span class='ocrx_word' id='word_1_404' title='bbox 701 4236 1026 4306; x_wconf 72' lang='lat' dir='ltr'><strong>Pallagones,</strong></span> <span class='ocrx_word' id='word_1_405' title='bbox 1053 4237 1337 4308; x_wconf 76' lang='lat' dir='ltr'><strong>Thogorma</strong></span> <span class='ocrx_word' id='word_1_406' title='bbox 1368 4239 1618 4309; x_wconf 81' lang='lat' dir='ltr'><strong>Phryges.</strong></span> 
     </span>
    </p>
   </div>
   <div class='ocr_carea' id='block_1_55' title="bbox 569 4323 2038 4389">
    <p class='ocr_par' dir='ltr' id='par_1_55' title="bbox 569 4323 2038 4389">
     <span class='ocr_line' id='line_1_56' title="bbox 569 4323 2038 4389; baseline 0.004 -12"><span class='ocrx_word' id='word_1_407' title='bbox 569 4342 592 4376; x_wconf 71' lang='grc' dir='ltr'>α</span> <span class='ocrx_word' id='word_1_408' title='bbox 638 4323 763 4378; x_wconf 81' lang='lat' dir='ltr'><strong>Filii</strong></span> <span class='ocrx_word' id='word_1_409' title='bbox 783 4337 946 4378; x_wconf 84' lang='lat' dir='ltr'><strong>autem</strong></span> <span class='ocrx_word' id='word_1_410' title='bbox 974 4323 1137 4379; x_wconf 78' lang='lat' dir='ltr'><strong>Javau</strong></span> <span class='ocrx_word' id='word_1_411' title='bbox 1171 4326 1310 4381; x_wconf 81' lang='lat' dir='ltr'><strong>Elisa</strong></span> <span class='ocrx_word' id='word_1_412' title='bbox 1340 4338 1384 4380; x_wconf 84' lang='lat' dir='ltr'><strong>et</strong></span> <span class='ocrx_word' id='word_1_413' title='bbox 1415 4327 1612 4389; x_wconf 79' lang='lat' dir='ltr'><strong>Turcis,</strong></span> <span class='ocrx_word' id='word_1_414' title='bbox 1641 4327 1832 4381; x_wconf 82' lang='lat' dir='ltr'><strong>Cetltim</strong></span> <span class='ocrx_word' id='word_1_415' title='bbox 1854 4340 1900 4381; x_wconf 86' lang='lat' dir='ltr'><strong>et</strong></span> <span class='ocrx_word' id='word_1_416' title='bbox 1933 4329 2038 4383; x_wconf 86' lang='lat' dir='ltr'><strong>Do-</strong></span> 
     </span>
    </p>
   </div>
   <div class='ocr_carea' id='block_1_56' title="bbox 2149 1910 3714 1979">
    <p class='ocr_par' dir='ltr' id='par_1_56' title="bbox 2149 1910 3714 1979">
     <span class='ocr_line' id='line_1_57' title="bbox 2149 1910 3714 1979; baseline 0.003 -17"><span class='ocrx_word' id='word_1_417' title='bbox 2149 1910 2343 1979; x_wconf 47' lang='lat' dir='ltr'><strong>poanit.</strong></span> <span class='ocrx_word' id='word_1_418' title='bbox 2366 1910 2664 1964; x_wconf 87' lang='lat' dir='ltr'><strong>Similitudo</strong></span> <span class='ocrx_word' id='word_1_419' title='bbox 2687 1910 2823 1964; x_wconf 92' lang='lat' dir='ltr'><strong>enim</strong></span> <span class='ocrx_word' id='word_1_420' title='bbox 2843 1911 3128 1965; x_wconf 86' lang='lat' dir='ltr'><strong>litterarum</strong></span> <span class='ocrx_word' id='word_1_421' title='bbox 3162 1910 3343 1963; x_wconf 78' lang='lat' dir='ltr'><strong>Daleth</strong></span> <span class='ocrx_word' id='word_1_422' title='bbox 3370 1922 3426 1965; x_wconf 85' lang='lat' dir='ltr'><strong>et</strong></span> <span class='ocrx_word' id='word_1_423' title='bbox 3454 1911 3556 1965; x_wconf 82' lang='lat' dir='ltr'><strong>Res</strong></span> <span class='ocrx_word' id='word_1_424' title='bbox 3579 1914 3714 1967; x_wconf 83' lang='lat' dir='ltr'><strong>hunc</strong></span> 
     </span>
    </p>
   </div>
   <div class='ocr_carea' id='block_1_57' title="bbox 2149 1999 3716 2071">
    <p class='ocr_par' dir='ltr' id='par_1_57' title="bbox 2149 1999 3716 2071">
     <span class='ocr_line' id='line_1_58' title="bbox 2149 1999 3716 2071; baseline 0.002 -19"><span class='ocrx_word' id='word_1_425' title='bbox 2149 1999 2282 2066; x_wconf 87' lang='lat' dir='ltr'><strong>apud</strong></span> <span class='ocrx_word' id='word_1_426' title='bbox 2318 1999 2564 2052; x_wconf 69' lang='lat' dir='ltr'><strong>llebrmos</strong></span> <span class='ocrx_word' id='word_1_427' title='bbox 2593 2014 2734 2067; x_wconf 71' lang='lat' dir='ltr'><strong>83!th</strong></span> <span class='ocrx_word' id='word_1_428' title='bbox 2784 1999 2906 2054; x_wconf 80' lang='lat' dir='ltr'><strong>facit</strong></span> <span class='ocrx_word' id='word_1_429' title='bbox 2949 2016 3207 2066; x_wconf 89' lang='lat' dir='ltr'><strong>errorem,</strong></span> <span class='ocrx_word' id='word_1_430' title='bbox 3240 2013 3298 2054; x_wconf 89' lang='lat' dir='ltr'><strong>ttt</strong></span> <span class='ocrx_word' id='word_1_431' title='bbox 3348 2001 3456 2054; x_wconf 88' lang='lat' dir='ltr'><strong>alia</strong></span> <span class='ocrx_word' id='word_1_432' title='bbox 3512 2003 3716 2071; x_wconf 77' lang='lat' dir='ltr'><strong>legatur</strong></span> 
     </span>
    </p>
   </div>
   <div class='ocr_carea' id='block_1_58' title="bbox 2154 2087 3712 2159">
    <p class='ocr_par' dir='ltr' id='par_1_58' title="bbox 2154 2087 3712 2159">
     <span class='ocr_line' id='line_1_59' title="bbox 2154 2087 3712 2159; baseline 0.001 -18"><span class='ocrx_word' id='word_1_433' title='bbox 2154 2101 2246 2154; x_wconf 81' lang='lat' dir='ltr'><strong>pro</strong></span> <span class='ocrx_word' id='word_1_434' title='bbox 2271 2088 2390 2141; x_wconf 87' lang='lat' dir='ltr'><strong>alia.</strong></span> <span class='ocrx_word' id='word_1_435' title='bbox 2416 2088 2504 2141; x_wconf 84' lang='lat' dir='ltr'><strong>Est</strong></span> <span class='ocrx_word' id='word_1_436' title='bbox 2533 2097 2706 2142; x_wconf 87' lang='lat' dir='ltr'><strong>autem</strong></span> <span class='ocrx_word' id='word_1_437' title='bbox 2744 2089 2956 2143; x_wconf 78' lang='lat' dir='ltr'><strong>Rhodus</strong></span> <span class='ocrx_word' id='word_1_438' title='bbox 2976 2087 3320 2156; x_wconf 79' lang='lat' dir='ltr'><strong>Cycladarum</strong></span> <span class='ocrx_word' id='word_1_439' title='bbox 3370 2091 3628 2159; x_wconf 83' lang='lat' dir='ltr'><strong>maxima,</strong></span> <span class='ocrx_word' id='word_1_440' title='bbox 3657 2101 3712 2144; x_wconf 87' lang='lat' dir='ltr'><strong>et</strong></span> 
     </span>
    </p>
   </div>
   <div class='ocr_carea' id='block_1_59' title="bbox 2153 2178 3708 2248">
    <p class='ocr_par' dir='ltr' id='par_1_59' title="bbox 2153 2178 3708 2248">
     <span class='ocr_line' id='line_1_60' title="bbox 2153 2178 3708 2248; baseline 0.001 -16"><span class='ocrx_word' id='word_1_441' title='bbox 2153 2178 2202 2232; x_wconf 92' lang='lat' dir='ltr'><strong>in</strong></span> <span class='ocrx_word' id='word_1_442' title='bbox 2233 2178 2376 2232; x_wconf 91' lang='lat' dir='ltr'><strong>Ionio</strong></span> <span class='ocrx_word' id='word_1_443' title='bbox 2410 2178 2538 2231; x_wconf 90' lang='lat' dir='ltr'><strong>mari</strong></span> <span class='ocrx_word' id='word_1_444' title='bbox 2568 2179 2826 2245; x_wconf 88' lang='lat' dir='ltr'><strong>quondam</strong></span> <span class='ocrx_word' id='word_1_445' title='bbox 2857 2178 2981 2231; x_wconf 82' lang='lat' dir='ltr'><strong>urbs</strong></span> <span class='ocrx_word' id='word_1_446' title='bbox 3009 2180 3708 2248; x_wconf 70' lang='lat' dir='ltr'><strong>potentissima,navalique</strong></span> 
     </span>
    </p>
   </div>
   <div class='ocr_carea' id='block_1_60' title="bbox 2150 2264 3710 2334">
    <p class='ocr_par' dir='ltr' id='par_1_60' title="bbox 2150 2264 3710 2334">
     <span class='ocr_line' id='line_1_61' title="bbox 2150 2264 3710 2334; baseline 0.003 -17"><span class='ocrx_word' id='word_1_447' title='bbox 2150 2264 2435 2318; x_wconf 85' lang='lat' dir='ltr'><strong>certamine</strong></span> <span class='ocrx_word' id='word_1_448' title='bbox 2485 2265 2733 2333; x_wconf 88' lang='lat' dir='ltr'><strong>gloriosa,</strong></span> <span class='ocrx_word' id='word_1_449' title='bbox 2764 2274 2816 2318; x_wconf 90' lang='lat' dir='ltr'><strong>et</strong></span> <span class='ocrx_word' id='word_1_450' title='bbox 2863 2275 3076 2333; x_wconf 87' lang='lat' dir='ltr'><strong>propter</strong></span> <span class='ocrx_word' id='word_1_451' title='bbox 3123 2267 3447 2320; x_wconf 86' lang='lat' dir='ltr'><strong>tutissimum</strong></span> <span class='ocrx_word' id='word_1_452' title='bbox 3503 2277 3710 2334; x_wconf 85' lang='lat' dir='ltr'><strong>portum</strong></span> 
     </span>
    </p>
   </div>
   <div class='ocr_carea' id='block_1_61' title="bbox 2152 2352 3182 2416">
    <p class='ocr_par' dir='ltr' id='par_1_61' title="bbox 2152 2352 3182 2416">
     <span class='ocr_line' id='line_1_62' title="bbox 2152 2352 3182 2416; baseline -0.001 -10"><span class='ocrx_word' id='word_1_453' title='bbox 2152 2362 2500 2406; x_wconf 88' lang='lat' dir='ltr'><strong>mercatorum</strong></span> <span class='ocrx_word' id='word_1_454' title='bbox 2529 2353 2760 2406; x_wconf 90' lang='lat' dir='ltr'><strong>omnium</strong></span> <span class='ocrx_word' id='word_1_455' title='bbox 2798 2352 3182 2416; x_wconf 85' lang='lat' dir='ltr'><strong>receptaculum</strong></span> 
     </span>
    </p>
   </div>
   <div class='ocr_carea' id='block_1_62' title="bbox 2219 2441 3711 2511">
    <p class='ocr_par' dir='ltr' id='par_1_62' title="bbox 2219 2441 3711 2511">
     <span class='ocr_line' id='line_1_63' title="bbox 2219 2441 3711 2511; baseline 0.001 -18"><span class='ocrx_word' id='word_1_456' title='bbox 2219 2442 2294 2493; x_wconf 79' lang='lat' dir='ltr'><strong>Ab</strong></span> <span class='ocrx_word' id='word_1_457' title='bbox 2321 2441 2397 2493; x_wconf 79' lang='lat' dir='ltr'><strong>Itis</strong></span> <span class='ocrx_word' id='word_1_458' title='bbox 2419 2442 2590 2494; x_wconf 73' lang='lat' dir='ltr'><strong>divisa:</strong></span> <span class='ocrx_word' id='word_1_459' title='bbox 2619 2449 2734 2493; x_wconf 76' lang='lat' dir='ltr'><strong>sunt</strong></span> <span class='ocrx_word' id='word_1_460' title='bbox 2762 2441 2940 2494; x_wconf 81' lang='lat' dir='ltr'><strong>insulse</strong></span> <span class='ocrx_word' id='word_1_461' title='bbox 2966 2442 3187 2511; x_wconf 82' lang='lat' dir='ltr'><strong>gentium</strong></span> <span class='ocrx_word' id='word_1_462' title='bbox 3213 2457 3266 2494; x_wconf 83' lang='lat' dir='ltr'><strong>tn</strong></span> <span class='ocrx_word' id='word_1_463' title='bbox 3289 2443 3585 2510; x_wconf 73' lang='lat' dir='ltr'><strong>regionibus</strong></span> <span class='ocrx_word' id='word_1_464' title='bbox 3607 2442 3711 2496; x_wconf 80' lang='lat' dir='ltr'><strong>suis</strong></span> 
     </span>
    </p>
   </div>
   <div class='ocr_carea' id='block_1_63' title="bbox 2150 2532 3710 2601">
    <p class='ocr_par' dir='ltr' id='par_1_63' title="bbox 2150 2532 3710 2601">
     <span class='ocr_line' id='line_1_64' title="bbox 2150 2532 3710 2601; baseline 0.001 -17"><span class='ocrx_word' id='word_1_465' title='bbox 2150 2533 2485 2601; x_wconf 80' lang='lat' dir='ltr'><strong>unusquisque</strong></span> <span class='ocrx_word' id='word_1_466' title='bbox 2508 2533 2779 2585; x_wconf 83' lang='lat' dir='ltr'><strong>secundum</strong></span> <span class='ocrx_word' id='word_1_467' title='bbox 2811 2532 3034 2601; x_wconf 75' lang='lat' dir='ltr'><strong>linguam</strong></span> <span class='ocrx_word' id='word_1_468' title='bbox 3061 2541 3087 2568; x_wconf 79' lang='grc' dir='ltr'><strong>υ</strong></span> <span class='ocrx_word' id='word_1_469' title='bbox 3120 2548 3263 2586; x_wconf 73' lang='lat' dir='ltr'><strong>suam</strong></span> <span class='ocrx_word' id='word_1_470' title='bbox 3289 2544 3334 2586; x_wconf 89' lang='lat' dir='ltr'><strong>et</strong></span> <span class='ocrx_word' id='word_1_471' title='bbox 3380 2535 3633 2601; x_wconf 77' lang='lat' dir='ltr'><strong>familiaris</strong></span> <span class='ocrx_word' id='word_1_472' title='bbox 3660 2538 3710 2586; x_wconf 71' lang='lat' dir='ltr'><strong>in</strong></span> 
     </span>
    </p>
   </div>
   <div class='ocr_carea' id='block_1_64' title="bbox 2151 2620 3709 2692">
    <p class='ocr_par' dir='ltr' id='par_1_64' title="bbox 2151 2620 3709 2692">
     <span class='ocr_line' id='line_1_65' title="bbox 2151 2620 3709 2692; baseline 0.003 -20"><span class='ocrx_word' id='word_1_473' title='bbox 2151 2620 2430 2674; x_wconf 79' lang='lat' dir='ltr'><strong>nationibus</strong></span> <span class='ocrx_word' id='word_1_474' title='bbox 2454 2623 2579 2674; x_wconf 77' lang='lat' dir='ltr'><strong>suis.</strong></span> <span class='ocrx_word' id='word_1_475' title='bbox 2616 2637 2635 2672; x_wconf 86' lang='lat' dir='ltr'><strong>t</strong></span> <span class='ocrx_word' id='word_1_476' title='bbox 2673 2620 2927 2690; x_wconf 75' lang='lat' dir='ltr'><strong>Legamus</strong></span> <span class='ocrx_word' id='word_1_477' title='bbox 2983 2631 3006 2657; x_wconf 90' lang='lat'>°</span> <span class='ocrx_word' id='word_1_478' title='bbox 3054 2623 3390 2692; x_wconf 87' lang='lat' dir='ltr'><strong>antiquorum</strong></span> <span class='ocrx_word' id='word_1_479' title='bbox 3436 2624 3709 2690; x_wconf 86' lang='lat' dir='ltr'><strong>historias,</strong></span> 
     </span>
    </p>
   </div>
   <div class='ocr_carea' id='block_1_65' title="bbox 2148 2713 3708 2783">
    <p class='ocr_par' dir='ltr' id='par_1_65' title="bbox 2148 2713 3708 2783">
     <span class='ocr_line' id='line_1_66' title="bbox 2148 2713 3708 2783; baseline 0.001 -16"><span class='ocrx_word' id='word_1_480' title='bbox 2148 2722 2202 2774; x_wconf 80' lang='lat' dir='ltr'><strong>et</strong></span> <span class='ocrx_word' id='word_1_481' title='bbox 2231 2713 2519 2767; x_wconf 87' lang='lat' dir='ltr'><strong>videbimus</strong></span> <span class='ocrx_word' id='word_1_482' title='bbox 2547 2728 2729 2768; x_wconf 90' lang='lat' dir='ltr'><strong>omnes</strong></span> <span class='ocrx_word' id='word_1_483' title='bbox 2753 2729 2882 2783; x_wconf 88' lang='lat' dir='ltr'><strong>pene</strong></span> <span class='ocrx_word' id='word_1_484' title='bbox 2905 2715 3123 2778; x_wconf 88' lang='lat' dir='ltr'><strong>insulas,</strong></span> <span class='ocrx_word' id='word_1_485' title='bbox 3153 2724 3208 2769; x_wconf 92' lang='lat' dir='ltr'><strong>et</strong></span> <span class='ocrx_word' id='word_1_486' title='bbox 3235 2716 3395 2769; x_wconf 87' lang='lat' dir='ltr'><strong>totius</strong></span> <span class='ocrx_word' id='word_1_487' title='bbox 3429 2717 3577 2770; x_wconf 86' lang='lat' dir='ltr'><strong>orbis</strong></span> <span class='ocrx_word' id='word_1_488' title='bbox 3622 2719 3708 2769; x_wconf 85' lang='lat' dir='ltr'><strong>lit-</strong></span> 
     </span>
    </p>
   </div>
   <div class='ocr_carea' id='block_1_66' title="bbox 2149 2803 3708 2870">
    <p class='ocr_par' dir='ltr' id='par_1_66' title="bbox 2149 2803 3708 2870">
     <span class='ocr_line' id='line_1_67' title="bbox 2149 2803 3708 2870; baseline 0.004 -17"><span class='ocrx_word' id='word_1_489' title='bbox 2149 2811 2284 2867; x_wconf 88' lang='lat' dir='ltr'><strong>tora,</strong></span> <span class='ocrx_word' id='word_1_490' title='bbox 2311 2811 2579 2870; x_wconf 88' lang='lat' dir='ltr'><strong>terrasque</strong></span> <span class='ocrx_word' id='word_1_491' title='bbox 2603 2804 2732 2856; x_wconf 88' lang='lat' dir='ltr'><strong>mari</strong></span> <span class='ocrx_word' id='word_1_492' title='bbox 2761 2804 2982 2868; x_wconf 87' lang='lat' dir='ltr'><strong>vicinas,</strong></span> <span class='ocrx_word' id='word_1_493' title='bbox 3016 2814 3043 2853; x_wconf 82' lang='grc' dir='ltr'><strong>ι·</strong></span> <span class='ocrx_word' id='word_1_494' title='bbox 3071 2818 3101 2856; x_wconf 90' lang='lat' dir='ltr'><strong>a</strong></span> <span class='ocrx_word' id='word_1_495' title='bbox 3122 2803 3321 2858; x_wconf 65' lang='lat' dir='ltr'><strong>Graecis</strong></span> <span class='ocrx_word' id='word_1_496' title='bbox 3367 2807 3569 2859; x_wconf 68' lang='lat' dir='ltr'><strong>accolis</strong></span> <span class='ocrx_word' id='word_1_497' title='bbox 3615 2820 3708 2860; x_wconf 87' lang='lat' dir='ltr'><strong>oe-</strong></span> 
     </span>
    </p>
   </div>
   <div class='ocr_carea' id='block_1_67' title="bbox 2146 2889 3709 2958">
    <p class='ocr_par' dir='ltr' id='par_1_67' title="bbox 2146 2889 3709 2958">
     <span class='ocr_line' id='line_1_68' title="bbox 2146 2889 3709 2958; baseline 0.004 -17"><span class='ocrx_word' id='word_1_498' title='bbox 2146 2898 2382 2955; x_wconf 88' lang='lat' dir='ltr'><strong>cupatas,</strong></span> <span class='ocrx_word' id='word_1_499' title='bbox 2416 2889 2522 2956; x_wconf 90' lang='lat' dir='ltr'><strong>qni,</strong></span> <span class='ocrx_word' id='word_1_500' title='bbox 2554 2900 2611 2943; x_wconf 90' lang='lat' dir='ltr'><strong>ut</strong></span> <span class='ocrx_word' id='word_1_501' title='bbox 2640 2905 2795 2958; x_wconf 90' lang='lat' dir='ltr'><strong>supra</strong></span> <span class='ocrx_word' id='word_1_502' title='bbox 2834 2892 3084 2953; x_wconf 82' lang='lat' dir='ltr'><strong>diximus,</strong></span> <span class='ocrx_word' id='word_1_503' title='bbox 3115 2891 3182 2944; x_wconf 90' lang='lat' dir='ltr'><strong>ab</strong></span> <span class='ocrx_word' id='word_1_504' title='bbox 3210 2894 3418 2946; x_wconf 88' lang='lat' dir='ltr'><strong>Amano</strong></span> <span class='ocrx_word' id='word_1_505' title='bbox 3445 2902 3502 2947; x_wconf 86' lang='lat' dir='ltr'><strong>et</strong></span> <span class='ocrx_word' id='word_1_506' title='bbox 3525 2894 3709 2948; x_wconf 76' lang='lat' dir='ltr'><strong>Tauno</strong></span> 
     </span>
    </p>
   </div>
   <div class='ocr_carea' id='block_1_68' title="bbox 2146 2977 3703 3047">
    <p class='ocr_par' dir='ltr' id='par_1_68' title="bbox 2146 2977 3703 3047">
     <span class='ocr_line' id='line_1_69' title="bbox 2146 2977 3703 3047; baseline 0.005 -18"><span class='ocrx_word' id='word_1_507' title='bbox 2146 2977 2409 3030; x_wconf 88' lang='lat' dir='ltr'><strong>montibus</strong></span> <span class='ocrx_word' id='word_1_508' title='bbox 2433 2978 2606 3030; x_wconf 89' lang='lat' dir='ltr'><strong>omnia</strong></span> <span class='ocrx_word' id='word_1_509' title='bbox 2636 2981 2896 3032; x_wconf 87' lang='lat' dir='ltr'><strong>maritima</strong></span> <span class='ocrx_word' id='word_1_510' title='bbox 2945 2980 3057 3033; x_wconf 89' lang='lat' dir='ltr'><strong>loca</strong></span> <span class='ocrx_word' id='word_1_511' title='bbox 3113 2994 3279 3047; x_wconf 87' lang='lat' dir='ltr'><strong>usque</strong></span> <span class='ocrx_word' id='word_1_512' title='bbox 3327 2981 3395 3033; x_wconf 88' lang='lat' dir='ltr'><strong>ad</strong></span> <span class='ocrx_word' id='word_1_513' title='bbox 3446 2997 3703 3036; x_wconf 77' lang='lat' dir='ltr'><strong>oceanum</strong></span> 
     </span>
    </p>
   </div>
   <div class='ocr_carea' id='block_1_69' title="bbox 2147 3067 3708 3139">
    <p class='ocr_par' dir='ltr' id='par_1_69' title="bbox 2147 3067 3708 3139">
     <span class='ocr_line' id='line_1_70' title="bbox 2147 3067 3708 3139; baseline 0.005 -19"><span class='ocrx_word' id='word_1_514' title='bbox 2147 3067 2416 3135; x_wconf 87' lang='lat' dir='ltr'><strong>possidere</strong></span> <span class='ocrx_word' id='word_1_515' title='bbox 2432 3067 2784 3122; x_wconf 86' lang='lat' dir='ltr'><strong>Britannicum</strong></span> <span class='ocrx_word' id='word_1_516' title='bbox 2809 3080 2854 3122; x_wconf 75' lang='grc' dir='ltr'><strong>ιι.</strong></span> <span class='ocrx_word' id='word_1_517' title='bbox 2870 3087 2888 3119; x_wconf 78' lang='lat' dir='ltr'><strong>s</strong></span> <span class='ocrx_word' id='word_1_518' title='bbox 2922 3069 3052 3123; x_wconf 83' lang='lat' dir='ltr'><strong>Dum</strong></span> <span class='ocrx_word' id='word_1_519' title='bbox 3072 3084 3196 3126; x_wconf 86' lang='lat' dir='ltr'><strong>vero</strong></span> <span class='ocrx_word' id='word_1_520' title='bbox 3221 3070 3415 3125; x_wconf 87' lang='lat' dir='ltr'><strong>dicitur</strong></span> <span class='ocrx_word' id='word_1_521' title='bbox 3435 3074 3708 3139; x_wconf 66' lang='lat' dir='ltr'><strong>unusquis-</strong></span> 
     </span>
    </p>
   </div>
   <div class='ocr_carea' id='block_1_70' title="bbox 2147 3159 3704 3228">
    <p class='ocr_par' dir='ltr' id='par_1_70' title="bbox 2147 3159 3704 3228">
     <span class='ocr_line' id='line_1_71' title="bbox 2147 3159 3704 3228; baseline 0.004 -19"><span class='ocrx_word' id='word_1_522' title='bbox 2147 3175 2244 3226; x_wconf 83' lang='lat' dir='ltr'><strong>que</strong></span> <span class='ocrx_word' id='word_1_523' title='bbox 2270 3159 2541 3211; x_wconf 81' lang='lat' dir='ltr'><strong>secundum</strong></span> <span class='ocrx_word' id='word_1_524' title='bbox 2570 3159 2791 3228; x_wconf 81' lang='lat' dir='ltr'><strong>linguam</strong></span> <span class='ocrx_word' id='word_1_525' title='bbox 2818 3169 2862 3212; x_wconf 86' lang='lat' dir='ltr'><strong>et</strong></span> <span class='ocrx_word' id='word_1_526' title='bbox 2891 3159 3134 3228; x_wconf 77' lang='lat' dir='ltr'><strong>fantiliam</strong></span> <span class='ocrx_word' id='word_1_527' title='bbox 3159 3161 3210 3214; x_wconf 85' lang='lat' dir='ltr'><strong>in</strong></span> <span class='ocrx_word' id='word_1_528' title='bbox 3240 3161 3533 3215; x_wconf 74' lang='lat' dir='ltr'><strong>nationibus</strong></span> <span class='ocrx_word' id='word_1_529' title='bbox 3581 3166 3704 3225; x_wconf 69' lang='lat' dir='ltr'><strong>suis,</strong></span> 
     </span>
    </p>
   </div>
   <div class='ocr_carea' id='block_1_71' title="bbox 2146 3250 3706 3324">
    <p class='ocr_par' dir='ltr' id='par_1_71' title="bbox 2146 3250 3706 3324">
     <span class='ocr_line' id='line_1_72' title="bbox 2146 3250 3706 3324; baseline 0.004 -23"><span class='ocrx_word' id='word_1_530' title='bbox 2146 3250 2350 3317; x_wconf 84' lang='lat' dir='ltr'><strong>liquido</strong></span> <span class='ocrx_word' id='word_1_531' title='bbox 2404 3250 2694 3303; x_wconf 89' lang='lat' dir='ltr'><strong>ostenditur</strong></span> <span class='ocrx_word' id='word_1_532' title='bbox 2736 3252 2855 3319; x_wconf 90' lang='lat' dir='ltr'><strong>quia</strong></span> <span class='ocrx_word' id='word_1_533' title='bbox 2894 3251 3040 3318; x_wconf 90' lang='lat' dir='ltr'><strong>juxta</strong></span> <span class='ocrx_word' id='word_1_534' title='bbox 3088 3252 3387 3319; x_wconf 71' lang='lat' dir='ltr'><strong>Opinionem</strong></span> <span class='ocrx_word' id='word_1_535' title='bbox 3443 3255 3706 3324; x_wconf 78' lang='lat' dir='ltr'><strong>vulgatam</strong></span> 
     </span>
    </p>
   </div>
   <div class='ocr_carea' id='block_1_72' title="bbox 2143 3337 3707 3411">
    <p class='ocr_par' dir='ltr' id='par_1_72' title="bbox 2143 3337 3707 3411">
     <span class='ocr_line' id='line_1_73' title="bbox 2143 3337 3707 3411; baseline 0.006 -22"><span class='ocrx_word' id='word_1_536' title='bbox 2143 3337 2331 3403; x_wconf 78' lang='lat' dir='ltr'><strong>singuli</strong></span> <span class='ocrx_word' id='word_1_537' title='bbox 2359 3338 2444 3406; x_wconf 92' lang='lat' dir='ltr'><strong>qui</strong></span> <span class='ocrx_word' id='word_1_538' title='bbox 2471 3338 2555 3392; x_wconf 89' lang='lat' dir='ltr'><strong>hic</strong></span> <span class='ocrx_word' id='word_1_539' title='bbox 2581 3349 3056 3393; x_wconf 88' lang='lat' dir='ltr'><strong>commemorantur</strong></span> <span class='ocrx_word' id='word_1_540' title='bbox 3088 3341 3177 3395; x_wconf 81' lang='lat' dir='ltr'><strong>lilii</strong></span> <span class='ocrx_word' id='word_1_541' title='bbox 3201 3341 3330 3406; x_wconf 81' lang='lat' dir='ltr'><strong>Noe,</strong></span> <span class='ocrx_word' id='word_1_542' title='bbox 3363 3344 3447 3396; x_wconf 90' lang='lat' dir='ltr'><strong>vel</strong></span> <span class='ocrx_word' id='word_1_543' title='bbox 3478 3354 3707 3411; x_wconf 86' lang='lat' dir='ltr'><strong>nepotes</strong></span> 
     </span>
    </p>
   </div>
   <div class='ocr_carea' id='block_1_73' title="bbox 2144 3428 3694 3502">
    <p class='ocr_par' dir='ltr' id='par_1_73' title="bbox 2144 3428 3694 3502">
     <span class='ocr_line' id='line_1_74' title="bbox 2144 3428 3694 3502; baseline 0.005 -20"><span class='ocrx_word' id='word_1_544' title='bbox 2144 3428 2366 3483; x_wconf 81' lang='lat' dir='ltr'><strong>ﬁliorum</strong></span> <span class='ocrx_word' id='word_1_545' title='bbox 2394 3430 2522 3495; x_wconf 80' lang='lat' dir='ltr'><strong>Noe,</strong></span> <span class='ocrx_word' id='word_1_546' title='bbox 2547 3430 2777 3500; x_wconf 84' lang='lat' dir='ltr'><strong>singulas</strong></span> <span class='ocrx_word' id='word_1_547' title='bbox 2799 3442 2981 3500; x_wconf 87' lang='lat' dir='ltr'><strong>gentes</strong></span> <span class='ocrx_word' id='word_1_548' title='bbox 3009 3432 3119 3486; x_wconf 77' lang='lat' dir='ltr'><strong>sive</strong></span> <span class='ocrx_word' id='word_1_549' title='bbox 3147 3434 3484 3502; x_wconf 74' lang='lat' dir='ltr'><strong>cognationes</strong></span> <span class='ocrx_word' id='word_1_550' title='bbox 3517 3433 3694 3489; x_wconf 68' lang='lat' dir='ltr'><strong>direr-</strong></span> 
     </span>
    </p>
   </div>
   <div class='ocr_carea' id='block_1_74' title="bbox 2140 3509 3703 3589">
    <p class='ocr_par' dir='ltr' id='par_1_74' title="bbox 2140 3509 3703 3589">
     <span class='ocr_line' id='line_1_75' title="bbox 2140 3509 3703 3589; baseline 0.003 -16"><span class='ocrx_word' id='word_1_551' title='bbox 2140 3533 2317 3573; x_wconf 88' lang='lat' dir='ltr'><strong>sarutn</strong></span> <span class='ocrx_word' id='word_1_552' title='bbox 2349 3519 2520 3574; x_wconf 80' lang='lat' dir='ltr'><strong>fecere</strong></span> <span class='ocrx_word' id='word_1_553' title='bbox 2548 3509 2860 3589; x_wconf 75' lang='lat' dir='ltr'><strong>linguarum.</strong></span> <span class='ocrx_word' id='word_1_554' title='bbox 2889 3519 3016 3574; x_wconf 84' lang='lat' dir='ltr'><strong>Nam</strong></span> <span class='ocrx_word' id='word_1_555' title='bbox 3044 3521 3225 3575; x_wconf 86' lang='lat' dir='ltr'><strong>eadem</strong></span> <span class='ocrx_word' id='word_1_556' title='bbox 3255 3523 3544 3585; x_wconf 83' lang='lat' dir='ltr'><strong>sententia.</strong></span> <span class='ocrx_word' id='word_1_557' title='bbox 3577 3538 3703 3578; x_wconf 83' lang='lat' dir='ltr'><strong>enu-</strong></span> 
     </span>
    </p>
   </div>
   <div class='ocr_carea' id='block_1_75' title="bbox 2144 3612 3708 3680">
    <p class='ocr_par' dir='ltr' id='par_1_75' title="bbox 2144 3612 3708 3680">
     <span class='ocr_line' id='line_1_76' title="bbox 2144 3612 3708 3680; baseline 0.004 -19"><span class='ocrx_word' id='word_1_558' title='bbox 2144 3617 2342 3662; x_wconf 88' lang='lat' dir='ltr'><strong>merata</strong></span> <span class='ocrx_word' id='word_1_559' title='bbox 2386 3623 2593 3678; x_wconf 85' lang='lat' dir='ltr'><strong>quoque</strong></span> <span class='ocrx_word' id='word_1_560' title='bbox 2619 3614 2783 3680; x_wconf 86' lang='lat' dir='ltr'><strong>stirpe</strong></span> <span class='ocrx_word' id='word_1_561' title='bbox 2809 3612 2972 3666; x_wconf 78' lang='lat' dir='ltr'><strong>Citam</strong></span> <span class='ocrx_word' id='word_1_562' title='bbox 3001 3615 3112 3666; x_wconf 83' lang='lat' dir='ltr'><strong>sive</strong></span> <span class='ocrx_word' id='word_1_563' title='bbox 3159 3613 3304 3678; x_wconf 90' lang='lat' dir='ltr'><strong>Sem,</strong></span> <span class='ocrx_word' id='word_1_564' title='bbox 3337 3613 3405 3669; x_wconf 86' lang='lat' dir='ltr'><strong>de</strong></span> <span class='ocrx_word' id='word_1_565' title='bbox 3452 3615 3708 3671; x_wconf 69' lang='lat' dir='ltr'><strong>varietate</strong></span> 
     </span>
    </p>
   </div>
   <div class='ocr_carea' id='block_1_76' title="bbox 2142 3699 3338 3768">
    <p class='ocr_par' dir='ltr' id='par_1_76' title="bbox 2142 3699 3338 3768">
     <span class='ocr_line' id='line_1_77' title="bbox 2142 3699 3338 3768; baseline 0.005 -18"><span class='ocrx_word' id='word_1_566' title='bbox 2142 3699 2532 3765; x_wconf 85' lang='lat' dir='ltr'><strong>generationum</strong></span> <span class='ocrx_word' id='word_1_567' title='bbox 2575 3700 2968 3768; x_wconf 88' lang='lat' dir='ltr'><strong>linguarumque</strong></span> <span class='ocrx_word' id='word_1_568' title='bbox 2997 3703 3338 3757; x_wconf 76' lang='lat' dir='ltr'><strong>subinl’ertur.</strong></span> 
     </span>
    </p>
   </div>
   <div class='ocr_carea' id='block_1_77' title="bbox 2211 3783 3698 3855">
    <p class='ocr_par' dir='ltr' id='par_1_77' title="bbox 2211 3783 3698 3855">
     <span class='ocr_line' id='line_1_78' title="bbox 2211 3783 3698 3855; baseline 0.008 -19"><span class='ocrx_word' id='word_1_569' title='bbox 2211 3783 2333 3838; x_wconf 80' lang='lat' dir='ltr'><strong>Filii</strong></span> <span class='ocrx_word' id='word_1_570' title='bbox 2357 3794 2520 3839; x_wconf 83' lang='lat' dir='ltr'><strong>autent</strong></span> <span class='ocrx_word' id='word_1_571' title='bbox 2552 3785 2708 3838; x_wconf 63' lang='lat' dir='ltr'><strong>(Iliam</strong></span> <span class='ocrx_word' id='word_1_572' title='bbox 2744 3804 2762 3841; x_wconf 91' lang='lat'><strong><em>:</em></strong></span> <span class='ocrx_word' id='word_1_573' title='bbox 2806 3789 2962 3851; x_wconf 75' lang='lat' dir='ltr'><strong>Clitis,</strong></span> <span class='ocrx_word' id='word_1_574' title='bbox 2992 3801 3036 3842; x_wconf 86' lang='lat' dir='ltr'><strong>et</strong></span> <span class='ocrx_word' id='word_1_575' title='bbox 3071 3789 3332 3855; x_wconf 72' lang='lat' dir='ltr'><strong>Hesraim,</strong></span> <span class='ocrx_word' id='word_1_576' title='bbox 3362 3802 3408 3844; x_wconf 83' lang='lat' dir='ltr'><strong>et</strong></span> <span class='ocrx_word' id='word_1_577' title='bbox 3442 3791 3621 3845; x_wconf 70' lang='lat' dir='ltr'><strong>Pirum</strong></span> <span class='ocrx_word' id='word_1_578' title='bbox 3651 3805 3698 3848; x_wconf 82' lang='lat' dir='ltr'><strong>et</strong></span> 
     </span>
    </p>
   </div>
   <div class='ocr_carea' id='block_1_78' title="bbox 2141 3871 3702 3952">
    <p class='ocr_par' dir='ltr' id='par_1_78' title="bbox 2141 3871 3702 3952">
     <span class='ocr_line' id='line_1_79' title="bbox 2141 3871 3702 3952; baseline 0.004 -23"><span class='ocrx_word' id='word_1_579' title='bbox 2141 3875 2416 3930; x_wconf 80' lang='lat' dir='ltr'><strong>Chanaam.</strong></span> <span class='ocrx_word' id='word_1_580' title='bbox 2481 3894 2499 3926; x_wconf 84' lang='lat' dir='ltr'><strong>t</strong></span> <span class='ocrx_word' id='word_1_581' title='bbox 2538 3876 2672 3931; x_wconf 84' lang='lat' dir='ltr'><strong>Chus</strong></span> <span class='ocrx_word' id='word_1_582' title='bbox 2721 3871 2977 3946; x_wconf 79' lang='lat' dir='ltr'><strong>hodieque</strong></span> <span class='ocrx_word' id='word_1_583' title='bbox 3024 3879 3090 3931; x_wconf 86' lang='lat' dir='ltr'><strong>ab</strong></span> <span class='ocrx_word' id='word_1_584' title='bbox 3137 3879 3374 3934; x_wconf 74' lang='lat' dir='ltr'><strong>Hebraeis</strong></span> <span class='ocrx_word' id='word_1_585' title='bbox 3430 3881 3702 3952; x_wconf 64' lang='lat' dir='ltr'><strong>Ethinpia</strong></span> 
     </span>
    </p>
   </div>
   <div class='ocr_carea' id='block_1_79' title="bbox 2141 3964 3706 4039">
    <p class='ocr_par' dir='ltr' id='par_1_79' title="bbox 2141 3964 3706 4039">
     <span class='ocr_line' id='line_1_80' title="bbox 2141 3964 3706 4039; baseline 0.005 -21"><span class='ocrx_word' id='word_1_586' title='bbox 2141 3976 2483 4034; x_wconf 63' lang='lat' dir='ltr'><strong>nuncupatur,</strong></span> <span class='ocrx_word' id='word_1_587' title='bbox 2520 3964 2760 4019; x_wconf 78' lang='lat' dir='ltr'><strong>Mesraim</strong></span> <span class='ocrx_word' id='word_1_588' title='bbox 2786 3965 3063 4037; x_wconf 66' lang='lat' dir='ltr'><strong>IEgyptus,</strong></span> <span class='ocrx_word' id='word_1_589' title='bbox 3094 3966 3266 4019; x_wconf 82' lang='lat' dir='ltr'><strong>Phutlt</strong></span> <span class='ocrx_word' id='word_1_590' title='bbox 3299 3969 3508 4038; x_wconf 75' lang='lat' dir='ltr'><strong>Lybies.</strong></span> <span class='ocrx_word' id='word_1_591' title='bbox 3541 3985 3574 4023; x_wconf 91' lang='lat' dir='ltr'><strong>a</strong></span> <span class='ocrx_word' id='word_1_592' title='bbox 3603 3988 3706 4039; x_wconf 85' lang='lat' dir='ltr'><strong>quo</strong></span> 
     </span>
    </p>
   </div>
   <div class='ocr_carea' id='block_1_80' title="bbox 2139 4054 3704 4127">
    <p class='ocr_par' dir='ltr' id='par_1_80' title="bbox 2139 4054 3704 4127">
     <span class='ocr_line' id='line_1_81' title="bbox 2139 4054 3704 4127; baseline 0.004 -19"><span class='ocrx_word' id='word_1_593' title='bbox 2139 4064 2192 4108; x_wconf 90' lang='lat' dir='ltr'><strong>et</strong></span> <span class='ocrx_word' id='word_1_594' title='bbox 2216 4054 2532 4108; x_wconf 64' lang='lat' dir='ltr'><strong>Mauritania:</strong></span> <span class='ocrx_word' id='word_1_595' title='bbox 2565 4054 2748 4108; x_wconf 83' lang='lat' dir='ltr'><strong>ﬂuvius</strong></span> <span class='ocrx_word' id='word_1_596' title='bbox 2779 4070 2945 4127; x_wconf 86' lang='lat' dir='ltr'><strong>usque</strong></span> <span class='ocrx_word' id='word_1_597' title='bbox 2983 4055 3032 4108; x_wconf 89' lang='lat' dir='ltr'><strong>itt</strong></span> <span class='ocrx_word' id='word_1_598' title='bbox 3082 4070 3314 4123; x_wconf 66' lang='lat' dir='ltr'><strong>praesens</strong></span> <span class='ocrx_word' id='word_1_599' title='bbox 3360 4057 3533 4111; x_wconf 86' lang='lat' dir='ltr'><strong>Phuth</strong></span> <span class='ocrx_word' id='word_1_600' title='bbox 3570 4061 3704 4114; x_wconf 85' lang='lat' dir='ltr'><strong>dici-</strong></span> 
     </span>
    </p>
   </div>
   <div class='ocr_carea' id='block_1_81' title="bbox 2140 4145 3705 4216">
    <p class='ocr_par' dir='ltr' id='par_1_81' title="bbox 2140 4145 3705 4216">
     <span class='ocr_line' id='line_1_82' title="bbox 2140 4145 3705 4216; baseline 0.002 -16"><span class='ocrx_word' id='word_1_601' title='bbox 2140 4156 2244 4213; x_wconf 87' lang='lat' dir='ltr'><strong>tur,</strong></span> <span class='ocrx_word' id='word_1_602' title='bbox 2257 4146 2529 4215; x_wconf 87' lang='lat' dir='ltr'><strong>omnisque</strong></span> <span class='ocrx_word' id='word_1_603' title='bbox 2548 4145 2689 4199; x_wconf 87' lang='lat' dir='ltr'><strong>circa</strong></span> <span class='ocrx_word' id='word_1_604' title='bbox 2710 4161 2827 4200; x_wconf 89' lang='lat' dir='ltr'><strong>eunt</strong></span> <span class='ocrx_word' id='word_1_605' title='bbox 2851 4148 2994 4216; x_wconf 90' lang='lat' dir='ltr'><strong>regio</strong></span> <span class='ocrx_word' id='word_1_606' title='bbox 3015 4145 3351 4201; x_wconf 81' lang='lat' dir='ltr'><strong>Pituthensis.</strong></span> <span class='ocrx_word' id='word_1_607' title='bbox 3375 4147 3539 4202; x_wconf 78' lang='lat' dir='ltr'><strong>P&#39;orm</strong></span> <span class='ocrx_word' id='word_1_608' title='bbox 3566 4149 3705 4203; x_wconf 50' lang='lat' dir='ltr'><strong>Cha.</strong></span> 
     </span>
    </p>
   </div>
   <div class='ocr_carea' id='block_1_82' title="bbox 2129 4238 3700 4310">
    <p class='ocr_par' dir='ltr' id='par_1_82' title="bbox 2129 4238 3700 4310">
     <span class='ocr_line' id='line_1_83' title="bbox 2129 4238 3700 4310; baseline 0.003 -17"><span class='ocrx_word' id='word_1_609' title='bbox 2129 4255 2293 4304; x_wconf 24' lang='lat' dir='ltr'><strong>,naam</strong></span> <span class='ocrx_word' id='word_1_610' title='bbox 2327 4239 2548 4294; x_wconf 88' lang='lat' dir='ltr'><strong>obtinuit</strong></span> <span class='ocrx_word' id='word_1_611' title='bbox 2572 4248 2764 4294; x_wconf 86' lang='lat' dir='ltr'><strong>terram</strong></span> <span class='ocrx_word' id='word_1_612' title='bbox 2791 4239 2946 4308; x_wconf 85' lang='lat' dir='ltr'><strong>quam</strong></span> <span class='ocrx_word' id='word_1_613' title='bbox 2975 4238 3141 4294; x_wconf 70' lang='lat' dir='ltr'><strong>Judaei</strong></span> <span class='ocrx_word' id='word_1_614' title='bbox 3166 4240 3419 4310; x_wconf 86' lang='lat' dir='ltr'><strong>deinceps</strong></span> <span class='ocrx_word' id='word_1_615' title='bbox 3442 4243 3700 4309; x_wconf 82' lang='lat' dir='ltr'><strong>possede-</strong></span> 
     </span>
    </p>
   </div>
   <div class='ocr_carea' id='block_1_83' title="bbox 2143 4317 3342 4394">
    <p class='ocr_par' dir='ltr' id='par_1_83' title="bbox 2143 4317 3342 4394">
     <span class='ocr_line' id='line_1_84' title="bbox 2143 4317 3342 4394; baseline -0.002 -14"><span class='ocrx_word' id='word_1_616' title='bbox 2143 4336 2258 4380; x_wconf 86' lang='lat' dir='ltr'><strong>runt</strong></span> <span class='ocrx_word' id='word_1_617' title='bbox 2284 4327 2475 4394; x_wconf 83' lang='lat' dir='ltr'><strong>ejectis</strong></span> <span class='ocrx_word' id='word_1_618' title='bbox 2503 4328 2834 4381; x_wconf 64' lang='lat' dir='ltr'><strong>Chauanris.</strong></span> <span class='ocrx_word' id='word_1_619' title='bbox 2948 4357 2950 4359; x_wconf 53' lang='grc'>&gt;</span> <span class='ocrx_word' id='word_1_620' title='bbox 3326 4317 3342 4326; x_wconf 63' lang='grc'><em>’</em></span> 
     </span>
    </p>
   </div>
   <div class='ocr_carea' id='block_1_84' title="bbox 493 4413 3699 4492">
    <p class='ocr_par' dir='ltr' id='par_1_84' title="bbox 493 4413 3699 4492">
     <span class='ocr_line' id='line_1_85' title="bbox 493 4413 3699 4492; baseline 0.001 -22"><span class='ocrx_word' id='word_1_621' title='bbox 493 4416 679 4470; x_wconf 79' lang='lat' dir='ltr'><strong>danim.</strong></span> <span class='ocrx_word' id='word_1_622' title='bbox 713 4415 787 4471; x_wconf 80' lang='lat' dir='ltr'><strong>De</strong></span> <span class='ocrx_word' id='word_1_623' title='bbox 819 4415 1046 4481; x_wconf 79' lang='lat' dir='ltr'><strong>lonibus,</strong></span> <span class='ocrx_word' id='word_1_624' title='bbox 1077 4415 1126 4470; x_wconf 90' lang='lat' dir='ltr'><strong>id</strong></span> <span class='ocrx_word' id='word_1_625' title='bbox 1157 4424 1263 4480; x_wconf 88' lang='lat' dir='ltr'><strong>est,</strong></span> <span class='ocrx_word' id='word_1_626' title='bbox 1290 4416 1485 4472; x_wconf 72' lang='lat' dir='ltr'><strong>Graecis</strong></span> <span class='ocrx_word' id='word_1_627' title='bbox 1515 4427 1799 4472; x_wconf 86' lang='lat' dir='ltr'><strong>nascuntur</strong></span> <span class='ocrx_word' id='word_1_628' title='bbox 1845 4418 1998 4472; x_wconf 71' lang='lat' dir='ltr'><strong>Elism</strong></span> <span class='ocrx_word' id='word_1_629' title='bbox 2019 4458 2037 4481; x_wconf 90' lang='lat'><strong>,</strong></span> <span class='ocrx_word' id='word_1_630' title='bbox 2073 4435 2118 4492; x_wconf 80' lang='grc' dir='ltr'>ο</span> <span class='ocrx_word' id='word_1_631' title='bbox 2214 4433 2232 4464; x_wconf 77' lang='lat' dir='ltr'><strong>t</strong></span> <span class='ocrx_word' id='word_1_632' title='bbox 2277 4413 2400 4469; x_wconf 78' lang='lat' dir='ltr'><strong>Filii</strong></span> <span class='ocrx_word' id='word_1_633' title='bbox 2425 4415 2564 4468; x_wconf 69' lang='lat' dir='ltr'><strong>Clu“</strong></span> <span class='ocrx_word' id='word_1_634' title='bbox 2593 4429 2612 4467; x_wconf 72' lang='grc' dir='ltr'><em>ε</em></span> <span class='ocrx_word' id='word_1_635' title='bbox 2645 4415 2810 4481; x_wconf 75' lang='lat' dir='ltr'><strong>Saba.</strong></span> <span class='ocrx_word' id='word_1_636' title='bbox 2852 4423 2897 4468; x_wconf 74' lang='lat' dir='ltr'><strong>et</strong></span> <span class='ocrx_word' id='word_1_637' title='bbox 2927 4414 3139 4479; x_wconf 76' lang='lat' dir='ltr'><strong>Herila,</strong></span> <span class='ocrx_word' id='word_1_638' title='bbox 3183 4426 3230 4470; x_wconf 81' lang='lat' dir='ltr'><strong>et</strong></span> <span class='ocrx_word' id='word_1_639' title='bbox 3276 4417 3526 4482; x_wconf 77' lang='lat' dir='ltr'><strong>Sabatba.</strong></span> <span class='ocrx_word' id='word_1_640' title='bbox 3578 4433 3631 4472; x_wconf 83' lang='lat' dir='ltr'><strong>es</strong></span> <span class='ocrx_word' id='word_1_641' title='bbox 3679 4429 3699 4458; x_wconf 70' lang='grc' dir='ltr'><strong>τ</strong></span> 
     </span>
    </p>
   </div>
   <div class='ocr_carea' id='block_1_85' title="bbox 490 4504 2039 4575">
    <p class='ocr_par' dir='ltr' id='par_1_85' title="bbox 490 4504 2039 4575">
     <span class='ocr_line' id='line_1_86' title="bbox 490 4504 2039 4575; baseline 0.005 -21"><span class='ocrx_word' id='word_1_642' title='bbox 490 4504 581 4570; x_wconf 80' lang='lat' dir='ltr'><strong>qui</strong></span> <span class='ocrx_word' id='word_1_643' title='bbox 601 4515 851 4559; x_wconf 86' lang='lat' dir='ltr'><strong>vocantur</strong></span> <span class='ocrx_word' id='word_1_644' title='bbox 884 4505 1084 4572; x_wconf 83' lang='lat' dir='ltr'><strong>Elides,</strong></span> <span class='ocrx_word' id='word_1_645' title='bbox 1114 4505 1255 4560; x_wconf 92' lang='lat' dir='ltr'><strong>uude</strong></span> <span class='ocrx_word' id='word_1_646' title='bbox 1281 4515 1334 4561; x_wconf 89' lang='lat' dir='ltr'><strong>et</strong></span> <span class='ocrx_word' id='word_1_647' title='bbox 1376 4505 1554 4575; x_wconf 88' lang='lat' dir='ltr'><strong>quinta</strong></span> <span class='ocrx_word' id='word_1_648' title='bbox 1604 4507 1778 4575; x_wconf 86' lang='lat' dir='ltr'><strong>lingua</strong></span> <span class='ocrx_word' id='word_1_649' title='bbox 1823 4504 2039 4561; x_wconf 68' lang='lat' dir='ltr'><strong>Graecia</strong></span> 
     </span>
    </p>
   </div>
   <div class='ocr_carea' id='block_1_86' title="bbox 494 4590 2036 4664">
    <p class='ocr_par' dir='ltr' id='par_1_86' title="bbox 494 4590 2036 4664">
     <span class='ocr_line' id='line_1_87' title="bbox 494 4590 2036 4664; baseline 0.006 -21"><span class='ocrx_word' id='word_1_650' title='bbox 494 4590 976 4659; x_wconf 37' lang='lat' dir='ltr'><strong>Eoiisappellatur,‘</strong></span> <span class='ocrx_word' id='word_1_651' title='bbox 991 4609 1144 4663; x_wconf 89' lang='lat' dir='ltr'><strong>quam</strong></span> <span class='ocrx_word' id='word_1_652' title='bbox 1173 4595 1243 4649; x_wconf 91' lang='lat' dir='ltr'><strong>illi</strong></span> <span class='ocrx_word' id='word_1_653' title='bbox 1277 4591 1503 4664; x_wconf 54' lang='lat' dir='ltr'><strong>peluem</strong></span> <span class='ocrx_word' id='word_1_654' title='bbox 1518 4595 1778 4649; x_wconf 86' lang='lat' dir='ltr'><strong>dialecton</strong></span> <span class='ocrx_word' id='word_1_655' title='bbox 1830 4604 2036 4652; x_wconf 67' lang='lat' dir='ltr'><strong>vocant.</strong></span> 
     </span>
    </p>
   </div>
   <div class='ocr_carea' id='block_1_87' title="bbox 495 4679 2037 4752">
    <p class='ocr_par' dir='ltr' id='par_1_87' title="bbox 495 4679 2037 4752">
     <span class='ocr_line' id='line_1_88' title="bbox 495 4679 2037 4752; baseline 0.001 -18"><span class='ocrx_word' id='word_1_656' title='bbox 495 4679 714 4735; x_wconf 67' lang='lat' dir='ltr'><strong>Therses</strong></span> <span class='ocrx_word' id='word_1_657' title='bbox 732 4679 988 4750; x_wconf 66' lang='lat' dir='ltr'><strong>Iosephus</strong></span> <span class='ocrx_word' id='word_1_658' title='bbox 1024 4684 1213 4738; x_wconf 85' lang='lat' dir='ltr'><strong>Cilicas</strong></span> <span class='ocrx_word' id='word_1_659' title='bbox 1252 4683 1551 4746; x_wconf 75' lang='lat' dir='ltr'><strong>arbitratur,</strong></span> <span class='ocrx_word' id='word_1_660' title='bbox 1587 4683 1722 4736; x_wconf 74' lang='lat' dir='ltr'><strong>Timr</strong></span> <span class='ocrx_word' id='word_1_661' title='bbox 1762 4684 2037 4752; x_wconf 83' lang='lat' dir='ltr'><strong>aspiratio-</strong></span> 
     </span>
    </p>
   </div>
   <div class='ocr_carea' id='block_1_88' title="bbox 492 4771 2037 4840">
    <p class='ocr_par' dir='ltr' id='par_1_88' title="bbox 492 4771 2037 4840">
     <span class='ocr_line' id='line_1_89' title="bbox 492 4771 2037 4840; baseline 0.003 -16"><span class='ocrx_word' id='word_1_662' title='bbox 492 4787 569 4824; x_wconf 80' lang='lat' dir='ltr'><strong>ns</strong></span> <span class='ocrx_word' id='word_1_663' title='bbox 601 4771 823 4824; x_wconf 87' lang='lat' dir='ltr'><strong>litteram</strong></span> <span class='ocrx_word' id='word_1_664' title='bbox 853 4772 1036 4825; x_wconf 87' lang='lat' dir='ltr'><strong>vitiose</strong></span> <span class='ocrx_word' id='word_1_665' title='bbox 1061 4787 1088 4824; x_wconf 90' lang='lat' dir='ltr'><strong>a</strong></span> <span class='ocrx_word' id='word_1_666' title='bbox 1135 4773 1360 4840; x_wconf 84' lang='lat' dir='ltr'><strong>posteris</strong></span> <span class='ocrx_word' id='word_1_667' title='bbox 1403 4773 1455 4827; x_wconf 91' lang='lat' dir='ltr'><strong>in</strong></span> <span class='ocrx_word' id='word_1_668' title='bbox 1503 4772 1607 4826; x_wconf 83' lang='lat' dir='ltr'><strong>Tar</strong></span> <span class='ocrx_word' id='word_1_669' title='bbox 1649 4773 1830 4828; x_wconf 87' lang='lat' dir='ltr'><strong>dicens</strong></span> <span class='ocrx_word' id='word_1_670' title='bbox 1879 4771 2037 4828; x_wconf 79' lang='lat' dir='ltr'><strong>fuisse</strong></span> 
     </span>
    </p>
   </div>
   <div class='ocr_carea' id='block_1_89' title="bbox 557 4880 1173 4948">
    <p class='ocr_par' dir='ltr' id='par_1_89' title="bbox 557 4880 1173 4948">
     <span class='ocr_line' id='line_1_90' title="bbox 557 4880 1173 4948; baseline 0 -13"><span class='ocrx_word' id='word_1_671' title='bbox 557 4902 579 4926; x_wconf 74' lang='grc' dir='ltr'><strong>ιι</strong></span> <span class='ocrx_word' id='word_1_672' title='bbox 623 4880 731 4944; x_wconf 88' lang='lat' dir='ltr'><strong>AL,</strong></span> <span class='ocrx_word' id='word_1_673' title='bbox 761 4881 906 4935; x_wconf 88' lang='lat' dir='ltr'><strong>deest</strong></span> <span class='ocrx_word' id='word_1_674' title='bbox 935 4881 1173 4948; x_wconf 75' lang='lat' dir='ltr'><strong>ﬁliorum.</strong></span> 
     </span>
    </p>
   </div>
   <div class='ocr_carea' id='block_1_90' title="bbox 557 4949 956 5014">
    <p class='ocr_par' dir='ltr' id='par_1_90' title="bbox 557 4949 956 5014">
     <span class='ocr_line' id='line_1_91' title="bbox 557 4949 956 5014; baseline -0.005 -11"><span class='ocrx_word' id='word_1_675' title='bbox 557 4961 583 4997; x_wconf 68' lang='grc' dir='ltr'><strong>ι</strong></span> <span class='ocrx_word' id='word_1_676' title='bbox 624 4951 728 5014; x_wconf 94' lang='lat' dir='ltr'><strong>AL,</strong></span> <span class='ocrx_word' id='word_1_677' title='bbox 762 4949 956 5004; x_wconf 69' lang='lat' dir='ltr'><strong>Cltf&#39;rtts.</strong></span> 
     </span>
    </p>
   </div>
   <div class='ocr_carea' id='block_1_91' title="bbox 558 5019 1027 5084">
    <p class='ocr_par' dir='ltr' id='par_1_91' title="bbox 558 5019 1027 5084">
     <span class='ocr_line' id='line_1_92' title="bbox 558 5019 1027 5084; baseline 0.009 -16"><span class='ocrx_word' id='word_1_678' title='bbox 558 5043 578 5068; x_wconf 71' lang='grc' dir='ltr'><strong>σε</strong></span> <span class='ocrx_word' id='word_1_679' title='bbox 620 5019 728 5084; x_wconf 88' lang='lat' dir='ltr'><strong>AL,</strong></span> <span class='ocrx_word' id='word_1_680' title='bbox 757 5023 830 5072; x_wconf 80' lang='lat' dir='ltr'><strong>Ab</strong></span> <span class='ocrx_word' id='word_1_681' title='bbox 857 5023 1027 5072; x_wconf 86' lang='lat' dir='ltr'><strong>Amar.</strong></span> 
     </span>
    </p>
   </div>
   <div class='ocr_carea' id='block_1_92' title="bbox 555 5089 1006 5153">
    <p class='ocr_par' dir='ltr' id='par_1_92' title="bbox 555 5089 1006 5153">
     <span class='ocr_line' id='line_1_93' title="bbox 555 5089 1006 5153; baseline -0.002 -11"><span class='ocrx_word' id='word_1_682' title='bbox 555 5100 580 5135; x_wconf 71' lang='grc' dir='ltr'><em>ἀ</em></span> <span class='ocrx_word' id='word_1_683' title='bbox 623 5089 729 5153; x_wconf 84' lang='grc' dir='ltr'><strong>ΑΙ.,</strong></span> <span class='ocrx_word' id='word_1_684' title='bbox 761 5091 936 5142; x_wconf 71' lang='lat' dir='ltr'><strong>Cales.</strong></span> <span class='ocrx_word' id='word_1_685' title='bbox 1003 5147 1006 5151; x_wconf 23' lang='grc' dir='ltr'><em>ν</em></span> 
     </span>
    </p>
   </div>
   <div class='ocr_carea' id='block_1_93' title="bbox 559 5158 1375 5224">
    <p class='ocr_par' dir='ltr' id='par_1_93' title="bbox 559 5158 1375 5224">
     <span class='ocr_line' id='line_1_94' title="bbox 559 5158 1375 5224; baseline 0.002 -13"><span class='ocrx_word' id='word_1_686' title='bbox 559 5177 580 5203; x_wconf 80' lang='grc' dir='ltr'><strong>ο</strong></span> <span class='ocrx_word' id='word_1_687' title='bbox 621 5159 730 5220; x_wconf 88' lang='lat' dir='ltr'><strong>AL,</strong></span> <span class='ocrx_word' id='word_1_688' title='bbox 763 5158 1014 5210; x_wconf 73' lang='lat' dir='ltr'><strong>Faunum.</strong></span> <span class='ocrx_word' id='word_1_689' title='bbox 1040 5158 1143 5224; x_wconf 81' lang='lat' dir='ltr'><strong>AL,</strong></span> <span class='ocrx_word' id='word_1_690' title='bbox 1180 5160 1375 5214; x_wconf 83' lang='lat' dir='ltr'><strong>Tanau.</strong></span> 
     </span>
    </p>
   </div>
   <div class='ocr_carea' id='block_1_94' title="bbox 557 5226 986 5292">
    <p class='ocr_par' dir='ltr' id='par_1_94' title="bbox 557 5226 986 5292">
     <span class='ocr_line' id='line_1_95' title="bbox 557 5226 986 5292; baseline 0.002 -13"><span class='ocrx_word' id='word_1_691' title='bbox 557 5237 574 5273; x_wconf 77' lang='grc' dir='ltr'>ί</span> <span class='ocrx_word' id='word_1_692' title='bbox 624 5227 730 5291; x_wconf 84' lang='lat' dir='ltr'><strong>AL,</strong></span> <span class='ocrx_word' id='word_1_693' title='bbox 767 5226 986 5292; x_wconf 82' lang='lat' dir='ltr'><strong>Magica.</strong></span> 
     </span>
    </p>
   </div>
   <div class='ocr_carea' id='block_1_95' title="bbox 551 5294 1014 5360">
    <p class='ocr_par' dir='ltr' id='par_1_95' title="bbox 551 5294 1014 5360">
     <span class='ocr_line' id='line_1_96' title="bbox 551 5294 1014 5360; baseline 0.002 -17"><span class='ocrx_word' id='word_1_694' title='bbox 551 5308 579 5343; x_wconf 72' lang='grc' dir='ltr'><strong><em>ε</em></strong></span> <span class='ocrx_word' id='word_1_695' title='bbox 620 5297 724 5356; x_wconf 81' lang='lat' dir='ltr'><strong>AL,</strong></span> <span class='ocrx_word' id='word_1_696' title='bbox 761 5294 1014 5360; x_wconf 71' lang='lat' dir='ltr'><strong>Nip/tath.</strong></span> 
     </span>
    </p>
   </div>
   <div class='ocr_carea' id='block_1_96' title="bbox 551 5361 956 5422">
    <p class='ocr_par' dir='ltr' id='par_1_96' title="bbox 551 5361 956 5422">
     <span class='ocr_line' id='line_1_97' title="bbox 551 5361 956 5422; baseline -0.002 -9"><span class='ocrx_word' id='word_1_697' title='bbox 551 5364 574 5399; x_wconf 67' lang='grc' dir='ltr'><strong><em>ιι</em></strong></span> <span class='ocrx_word' id='word_1_698' title='bbox 617 5363 726 5422; x_wconf 85' lang='grc' dir='ltr'><strong>ΑΙ.,</strong></span> <span class='ocrx_word' id='word_1_699' title='bbox 751 5361 956 5412; x_wconf 75' lang='lat' dir='ltr'><strong>Tarsus.</strong></span> 
     </span>
    </p>
   </div>
   <div class='ocr_carea' id='block_1_97' title="bbox 475 5427 2031 5555">
    <p class='ocr_par' dir='ltr' id='par_1_97' title="bbox 475 5427 2031 5555">
     <span class='ocr_line' id='line_1_98' title="bbox 555 5427 2031 5504; baseline 0.006 -25"><span class='ocrx_word' id='word_1_700' title='bbox 555 5434 568 5468; x_wconf 67' lang='grc' dir='ltr'>ί</span> <span class='ocrx_word' id='word_1_701' title='bbox 608 5432 812 5482; x_wconf 86' lang='lat' dir='ltr'><strong>Inclusa</strong></span> <span class='ocrx_word' id='word_1_702' title='bbox 843 5427 1150 5487; x_wconf 64' lang='lat' dir='ltr'><strong>parenthesi</strong></span> <span class='ocrx_word' id='word_1_703' title='bbox 1195 5436 1555 5492; x_wconf 80' lang='lat' dir='ltr'><strong>desiderantur</strong></span> <span class='ocrx_word' id='word_1_704' title='bbox 1611 5433 1744 5504; x_wconf 85' lang='lat' dir='ltr'><strong>apud</strong></span> <span class='ocrx_word' id='word_1_705' title='bbox 1796 5447 2031 5490; x_wconf 78' lang='lat' dir='ltr'><strong>santtutn</strong></span> 
     </span>
     <span class='ocr_line' id='line_1_99' title="bbox 475 5483 1012 5555; baseline 0.004 -2"><span class='ocrx_word' id='word_1_706' title='bbox 475 5502 717 5555; x_wconf 61' lang='lat' dir='ltr'><strong>Hieron&quot;</strong></span> <span class='ocrx_word' id='word_1_707' title='bbox 893 5483 1012 5555; x_wconf 44' lang='grc' dir='ltr'><strong>Ἃ</strong></span> 
     </span>
    </p>
   </div>
   <div class='ocr_carea' id='block_1_98' title="bbox 525 5507 717 5554">
    <p class='ocr_par' dir='ltr' id='par_1_98' title="bbox 525 5507 717 5554">
     <span class='ocr_line' id='line_1_100' title="bbox 525 5507 717 5554; baseline -0.031 0"><span class='ocrx_word' id='word_1_708' title='bbox 525 5507 717 5554; x_wconf 67' lang='grc' dir='ltr'><strong>ὑεδτωιΤ</strong></span> 
     </span>
    </p>
   </div>
   <div class='ocr_carea' id='block_1_99' title="bbox 543 5582 558 5620">
    <p class='ocr_par' dir='ltr' id='par_1_99' title="bbox 543 5582 558 5620">
     <span class='ocr_line' id='line_1_101' title="bbox 543 5582 558 5620; baseline 0 0"><span class='ocrx_word' id='word_1_709' title='bbox 543 5582 558 5620; x_wconf 86' lang='lat' dir='ltr'><strong>l</strong></span> 
     </span>
    </p>
   </div>
   <div class='ocr_carea' id='block_1_100' title="bbox 2117 4501 3698 4574">
    <p class='ocr_par' dir='ltr' id='par_1_100' title="bbox 2117 4501 3698 4574">
     <span class='ocr_line' id='line_1_102' title="bbox 2117 4501 3698 4574; baseline 0.004 -20"><span class='ocrx_word' id='word_1_710' title='bbox 2117 4534 2120 4537; x_wconf 98' lang='lat'><strong><em>-</em></strong></span> <span class='ocrx_word' id='word_1_711' title='bbox 2148 4501 2330 4555; x_wconf 80' lang='lat' dir='ltr'><strong>Recma</strong></span> <span class='ocrx_word' id='word_1_712' title='bbox 2366 4513 2410 4557; x_wconf 86' lang='lat' dir='ltr'><strong>et</strong></span> <span class='ocrx_word' id='word_1_713' title='bbox 2443 4502 2753 4558; x_wconf 81' lang='lat' dir='ltr'><strong>Sabataelta.</strong></span> <span class='ocrx_word' id='word_1_714' title='bbox 2802 4502 2940 4557; x_wconf 79' lang='lat' dir='ltr'><strong>Saba</strong></span> <span class='ocrx_word' id='word_1_715' title='bbox 2979 4520 3004 4554; x_wconf 82' lang='lat' dir='ltr'><strong>a</strong></span> <span class='ocrx_word' id='word_1_716' title='bbox 3036 4520 3141 4573; x_wconf 90' lang='lat' dir='ltr'><strong>quo</strong></span> <span class='ocrx_word' id='word_1_717' title='bbox 3170 4506 3365 4561; x_wconf 70' lang='lat' dir='ltr'><strong>Sabaei.</strong></span> <span class='ocrx_word' id='word_1_718' title='bbox 3394 4507 3654 4574; x_wconf 80' lang='lat' dir='ltr'><strong>Virgilius</strong></span> <span class='ocrx_word' id='word_1_719' title='bbox 3684 4525 3698 4559; x_wconf 88' lang='lat'><strong>:</strong></span> 
     </span>
    </p>
   </div>
   <div class='ocr_carea' id='block_1_101' title="bbox 2144 4592 3704 4666">
    <p class='ocr_par' dir='ltr' id='par_1_101' title="bbox 2144 4592 3704 4666">
     <span class='ocr_line' id='line_1_103' title="bbox 2144 4592 3704 4666; baseline 0.001 -19"><span class='ocrx_word' id='word_1_720' title='bbox 2144 4593 2279 4647; x_wconf 87' lang='lat' dir='ltr'><strong>Solis</strong></span> <span class='ocrx_word' id='word_1_721' title='bbox 2308 4603 2412 4657; x_wconf 90' lang='lat' dir='ltr'><strong>est,</strong></span> <span class='ocrx_word' id='word_1_722' title='bbox 2443 4592 2646 4660; x_wconf 84' lang='lat' dir='ltr'><strong>inquit,</strong></span> <span class='ocrx_word' id='word_1_723' title='bbox 2675 4593 2850 4647; x_wconf 67' lang='lat' dir='ltr'><strong>(Aurea</strong></span> <span class='ocrx_word' id='word_1_724' title='bbox 2897 4595 3039 4664; x_wconf 82' lang='lat' dir='ltr'><strong>virga</strong></span> <span class='ocrx_word' id='word_1_725' title='bbox 3085 4596 3299 4651; x_wconf 67' lang='lat' dir='ltr'><strong>Sabwis.</strong></span> <span class='ocrx_word' id='word_1_726' title='bbox 3333 4605 3358 4639; x_wconf 67' lang='grc' dir='ltr'>ι</span> <span class='ocrx_word' id='word_1_727' title='bbox 3389 4595 3704 4666; x_wconf 68' lang='lat' dir='ltr'><strong>Cat-inqu</strong></span> 
     </span>
    </p>
   </div>
   <div class='ocr_carea' id='block_1_102' title="bbox 2144 4681 3703 4754">
    <p class='ocr_par' dir='ltr' id='par_1_102' title="bbox 2144 4681 3703 4754">
     <span class='ocr_line' id='line_1_104' title="bbox 2144 4681 3703 4754; baseline 0.003 -18"><span class='ocrx_word' id='word_1_728' title='bbox 2144 4682 2324 4736; x_wconf 69' lang='grc' dir='ltr'><strong>διιόωο</strong></span> <span class='ocrx_word' id='word_1_729' title='bbox 2347 4682 2493 4734; x_wconf 83' lang='lat' dir='ltr'><strong>tltttre</strong></span> <span class='ocrx_word' id='word_1_730' title='bbox 2513 4681 2675 4734; x_wconf 84' lang='lat' dir='ltr'><strong>calent</strong></span> <span class='ocrx_word' id='word_1_731' title='bbox 2703 4697 2838 4737; x_wconf 74' lang='lat' dir='ltr'><strong>ante.</strong></span> <span class='ocrx_word' id='word_1_732' title='bbox 2873 4683 3054 4738; x_wconf 82' lang='lat' dir='ltr'><strong>Heuila</strong></span> <span class='ocrx_word' id='word_1_733' title='bbox 3079 4700 3109 4737; x_wconf 88' lang='lat' dir='ltr'><strong>a</strong></span> <span class='ocrx_word' id='word_1_734' title='bbox 3138 4700 3243 4754; x_wconf 89' lang='lat' dir='ltr'><strong>quo</strong></span> <span class='ocrx_word' id='word_1_735' title='bbox 3271 4684 3444 4738; x_wconf 85' lang='lat' dir='ltr'><strong>Geluli</strong></span> <span class='ocrx_word' id='word_1_736' title='bbox 3468 4685 3517 4736; x_wconf 90' lang='lat' dir='ltr'><strong>in</strong></span> <span class='ocrx_word' id='word_1_737' title='bbox 3551 4698 3703 4752; x_wconf 81' lang='lat' dir='ltr'><strong>parte</strong></span> 
     </span>
    </p>
   </div>
   <div class='ocr_carea' id='block_1_103' title="bbox 2140 4770 3703 4845">
    <p class='ocr_par' dir='ltr' id='par_1_103' title="bbox 2140 4770 3703 4845">
     <span class='ocr_line' id='line_1_105' title="bbox 2140 4770 3703 4845; baseline 0.003 -20"><span class='ocrx_word' id='word_1_738' title='bbox 2140 4771 2434 4825; x_wconf 90' lang='lat' dir='ltr'><strong>remotioris</strong></span> <span class='ocrx_word' id='word_1_739' title='bbox 2453 4770 2641 4826; x_wconf 71' lang='lat' dir='ltr'><strong>Africae</strong></span> <span class='ocrx_word' id='word_1_740' title='bbox 2661 4787 2839 4827; x_wconf 88' lang='lat' dir='ltr'><strong>eremo</strong></span> <span class='ocrx_word' id='word_1_741' title='bbox 2866 4773 3211 4827; x_wconf 59' lang='lat' dir='ltr'><strong>coherentes.</strong></span> <span class='ocrx_word' id='word_1_742' title='bbox 3260 4771 3492 4824; x_wconf 78' lang='lat' dir='ltr'><strong>SubatIta</strong></span> <span class='ocrx_word' id='word_1_743' title='bbox 3531 4787 3568 4826; x_wconf 84' lang='lat' dir='ltr'><strong>a</strong></span> <span class='ocrx_word' id='word_1_744' title='bbox 3599 4790 3703 4845; x_wconf 79' lang='lat' dir='ltr'><strong>quo</strong></span> 
     </span>
    </p>
   </div>
   <div class='ocr_carea' id='block_1_104' title="bbox 2210 4879 3352 4953">
    <p class='ocr_par' dir='ltr' id='par_1_104' title="bbox 2210 4879 3352 4953">
     <span class='ocr_line' id='line_1_106' title="bbox 2210 4879 3352 4953; baseline -0.001 -16"><span class='ocrx_word' id='word_1_745' title='bbox 2210 4884 2233 4953; x_wconf 49' lang='grc' dir='ltr'>ξ</span> <span class='ocrx_word' id='word_1_746' title='bbox 2275 4885 2380 4948; x_wconf 85' lang='lat' dir='ltr'><strong>AL,</strong></span> <span class='ocrx_word' id='word_1_747' title='bbox 2413 4881 2773 4953; x_wconf 71' lang='lat' dir='ltr'><strong>(Iyprocitium.</strong></span> <span class='ocrx_word' id='word_1_748' title='bbox 2805 4884 2910 4949; x_wconf 87' lang='lat' dir='ltr'><strong>AL,</strong></span> <span class='ocrx_word' id='word_1_749' title='bbox 2934 4893 2980 4937; x_wconf 88' lang='lat' dir='ltr'><strong>et</strong></span> <span class='ocrx_word' id='word_1_750' title='bbox 3009 4879 3134 4944; x_wconf 78' lang='lat' dir='ltr'><strong>Ipso</strong></span> <span class='ocrx_word' id='word_1_751' title='bbox 3160 4881 3352 4936; x_wconf 82' lang='lat' dir='ltr'><strong>citium.</strong></span> 
     </span>
    </p>
   </div>
   <div class='ocr_carea' id='block_1_105' title="bbox 2214 4951 2688 5016">
    <p class='ocr_par' dir='ltr' id='par_1_105' title="bbox 2214 4951 2688 5016">
     <span class='ocr_line' id='line_1_107' title="bbox 2214 4951 2688 5016; baseline -0.002 -9"><span class='ocrx_word' id='word_1_752' title='bbox 2214 4951 2230 4990; x_wconf 76' lang='grc' dir='ltr'>ι</span> <span class='ocrx_word' id='word_1_753' title='bbox 2273 4953 2380 5016; x_wconf 84' lang='grc' dir='ltr'><strong>ΑΙ..</strong></span> <span class='ocrx_word' id='word_1_754' title='bbox 2414 4951 2688 5006; x_wconf 74' lang='grc' dir='ltr'><strong>Πόηαηὶηι.</strong></span> 
     </span>
    </p>
   </div>
   <div class='ocr_carea' id='block_1_106' title="bbox 2208 5021 2962 5089">
    <p class='ocr_par' dir='ltr' id='par_1_106' title="bbox 2208 5021 2962 5089">
     <span class='ocr_line' id='line_1_108' title="bbox 2208 5021 2962 5089; baseline -0.009 -11"><span class='ocrx_word' id='word_1_755' title='bbox 2208 5034 2245 5060; x_wconf 76' lang='grc' dir='ltr'>π’</span> <span class='ocrx_word' id='word_1_756' title='bbox 2287 5024 2449 5084; x_wconf 83' lang='lat' dir='ltr'><strong>Hier.,</strong></span> <span class='ocrx_word' id='word_1_757' title='bbox 2476 5023 2654 5089; x_wconf 61' lang='lat' dir='ltr'><strong>Quaest</strong></span> <span class='ocrx_word' id='word_1_758' title='bbox 2693 5024 2744 5075; x_wconf 89' lang='lat' dir='ltr'><strong>iu</strong></span> <span class='ocrx_word' id='word_1_759' title='bbox 2770 5021 2962 5076; x_wconf 86' lang='lat' dir='ltr'><strong>Genes.</strong></span> 
     </span>
    </p>
   </div>
   <div class='ocr_carea' id='block_1_107' title="bbox 2211 5093 2722 5145">
    <p class='ocr_par' dir='ltr' id='par_1_107' title="bbox 2211 5093 2722 5145">
     <span class='ocr_line' id='line_1_109' title="bbox 2211 5093 2722 5145; baseline 0 -3"><span class='ocrx_word' id='word_1_760' title='bbox 2211 5102 2234 5128; x_wconf 81' lang='grc' dir='ltr'>η</span> <span class='ocrx_word' id='word_1_761' title='bbox 2278 5095 2354 5145; x_wconf 77' lang='lat' dir='ltr'><strong>Al.</strong></span> <span class='ocrx_word' id='word_1_762' title='bbox 2381 5093 2530 5145; x_wconf 83' lang='lat' dir='ltr'><strong>deest</strong></span> <span class='ocrx_word' id='word_1_763' title='bbox 2557 5106 2722 5143; x_wconf 84' lang='lat' dir='ltr'><strong>suam.</strong></span> 
     </span>
    </p>
   </div>
   <div class='ocr_carea' id='block_1_108' title="bbox 2211 5157 3699 5224">
    <p class='ocr_par' dir='ltr' id='par_1_108' title="bbox 2211 5157 3699 5224">
     <span class='ocr_line' id='line_1_110' title="bbox 2211 5157 3699 5224; baseline -0.003 -8"><span class='ocrx_word' id='word_1_764' title='bbox 2211 5171 2234 5197; x_wconf 90' lang='grc'>⁰</span> <span class='ocrx_word' id='word_1_765' title='bbox 2274 5163 2485 5216; x_wconf 86' lang='lat' dir='ltr'><strong>Scilicet</strong></span> <span class='ocrx_word' id='word_1_766' title='bbox 2526 5158 2768 5211; x_wconf 79' lang='lat' dir='ltr'><strong>Varronis</strong></span> <span class='ocrx_word' id='word_1_767' title='bbox 2794 5158 2854 5208; x_wconf 76' lang='lat' dir='ltr'><strong>de</strong></span> <span class='ocrx_word' id='word_1_768' title='bbox 2881 5157 3259 5222; x_wconf 73' lang='lat' dir='ltr'><strong>antiquitatibus</strong></span> <span class='ocrx_word' id='word_1_769' title='bbox 3280 5161 3457 5224; x_wconf 79' lang='lat' dir='ltr'><strong>liores,</strong></span> <span class='ocrx_word' id='word_1_770' title='bbox 3483 5173 3529 5214; x_wconf 78' lang='lat' dir='ltr'><strong>et</strong></span> <span class='ocrx_word' id='word_1_771' title='bbox 3562 5161 3699 5215; x_wconf 79' lang='lat' dir='ltr'><strong>Sinii</strong></span> 
     </span>
    </p>
   </div>
   <div class='ocr_carea' id='block_1_109' title="bbox 2142 5225 3697 5299">
    <p class='ocr_par' dir='ltr' id='par_1_109' title="bbox 2142 5225 3697 5299">
     <span class='ocr_line' id='line_1_111' title="bbox 2142 5225 3697 5299; baseline -0.001 -13"><span class='ocrx_word' id='word_1_772' title='bbox 2142 5232 2416 5297; x_wconf 75' lang='lat' dir='ltr'><strong>Capitonis.</strong></span> <span class='ocrx_word' id='word_1_773' title='bbox 2447 5239 2493 5282; x_wconf 85' lang='lat' dir='ltr'><strong>et</strong></span> <span class='ocrx_word' id='word_1_774' title='bbox 2525 5227 2752 5299; x_wconf 57' lang='lat' dir='ltr'><strong>Gregorius</strong></span> <span class='ocrx_word' id='word_1_775' title='bbox 2781 5225 3082 5295; x_wconf 76' lang='lat' dir='ltr'><strong>Phlegonta.</strong></span> <span class='ocrx_word' id='word_1_776' title='bbox 3116 5239 3417 5299; x_wconf 69' lang='lat' dir='ltr'><strong>(ceterosque</strong></span> <span class='ocrx_word' id='word_1_777' title='bbox 3467 5232 3697 5284; x_wconf 70' lang='lat' dir='ltr'><strong>eruditos</strong></span> 
     </span>
    </p>
   </div>
   <div class='ocr_carea' id='block_1_110' title="bbox 2140 5294 2950 5362">
    <p class='ocr_par' dir='ltr' id='par_1_110' title="bbox 2140 5294 2950 5362">
     <span class='ocr_line' id='line_1_112' title="bbox 2140 5294 2950 5362; baseline -0.004 -10"><span class='ocrx_word' id='word_1_778' title='bbox 2140 5294 2287 5360; x_wconf 68' lang='lat' dir='ltr'><strong>vros,</strong></span> <span class='ocrx_word' id='word_1_779' title='bbox 2320 5310 2375 5350; x_wconf 91' lang='lat' dir='ltr'><strong>ut</strong></span> <span class='ocrx_word' id='word_1_780' title='bbox 2407 5299 2559 5362; x_wconf 81' lang='lat' dir='ltr'><strong>habet</strong></span> <span class='ocrx_word' id='word_1_781' title='bbox 2589 5294 2950 5362; x_wconf 82' lang='lat' dir='ltr'><strong>Hieronymus.</strong></span> 
     </span>
    </p>
   </div>
   <div class='ocr_carea' id='block_1_111' title="bbox 2208 5357 2625 5425">
    <p class='ocr_par' dir='ltr' id='par_1_111' title="bbox 2208 5357 2625 5425">
     <span class='ocr_line' id='line_1_113' title="bbox 2208 5357 2625 5425; baseline -0.01 -9"><span class='ocrx_word' id='word_1_782' title='bbox 2208 5380 2233 5416; x_wconf 80' lang='grc' dir='ltr'>ρ</span> <span class='ocrx_word' id='word_1_783' title='bbox 2272 5357 2378 5425; x_wconf 79' lang='lat' dir='ltr'><strong>AL.</strong></span> <span class='ocrx_word' id='word_1_784' title='bbox 2412 5357 2625 5418; x_wconf 64' lang='lat' dir='ltr'><strong>Graecis.</strong></span> 
     </span>
    </p>
   </div>
   <div class='ocr_carea' id='block_1_112' title="bbox 2209 5432 2956 5496">
    <p class='ocr_par' dir='ltr' id='par_1_112' title="bbox 2209 5432 2956 5496">
     <span class='ocr_line' id='line_1_114' title="bbox 2209 5432 2956 5496; baseline 0.005 -12"><span class='ocrx_word' id='word_1_785' title='bbox 2209 5448 2232 5484; x_wconf 75' lang='grc' dir='ltr'><strong>τι</strong></span> <span class='ocrx_word' id='word_1_786' title='bbox 2277 5435 2440 5494; x_wconf 88' lang='lat' dir='ltr'><strong>llier.,</strong></span> <span class='ocrx_word' id='word_1_787' title='bbox 2469 5439 2664 5496; x_wconf 70' lang='lat' dir='ltr'><strong>Quaest.</strong></span> <span class='ocrx_word' id='word_1_788' title='bbox 2690 5432 2741 5485; x_wconf 91' lang='lat' dir='ltr'><strong>in</strong></span> <span class='ocrx_word' id='word_1_789' title='bbox 2767 5432 2956 5488; x_wconf 84' lang='lat' dir='ltr'><strong>Genes.</strong></span> 
     </span>
    </p>
   </div>
   <div class='ocr_carea' id='block_1_113' title="bbox 2214 5502 2622 5556">
    <p class='ocr_par' dir='ltr' id='par_1_113' title="bbox 2214 5502 2622 5556">
     <span class='ocr_line' id='line_1_115' title="bbox 2214 5502 2622 5556; baseline -0.01 -1"><span class='ocrx_word' id='word_1_790' title='bbox 2214 5515 2230 5542; x_wconf 74' lang='grc' dir='ltr'><strong><em>τ</em></strong></span> <span class='ocrx_word' id='word_1_791' title='bbox 2275 5506 2375 5556; x_wconf 82' lang='lat' dir='ltr'><strong>AL.</strong></span> <span class='ocrx_word' id='word_1_792' title='bbox 2416 5502 2622 5554; x_wconf 79' lang='lat' dir='ltr'><strong>liecina.</strong></span> 
     </span>
    </p>
   </div>
   <div class='ocr_carea' id='block_1_114' title="bbox 2213 5571 3330 5642">
    <p class='ocr_par' dir='ltr' id='par_1_114' title="bbox 2213 5571 3330 5642">
     <span class='ocr_line' id='line_1_116' title="bbox 2213 5571 3330 5642; baseline -0.004 -17"><span class='ocrx_word' id='word_1_793' title='bbox 2213 5582 2231 5609; x_wconf 73' lang='grc'><strong><em>⁸</em></strong></span> <span class='ocrx_word' id='word_1_794' title='bbox 2272 5573 2414 5624; x_wconf 74' lang='lat' dir='ltr'><strong>Atltle</strong></span> <span class='ocrx_word' id='word_1_795' title='bbox 2442 5583 2485 5623; x_wconf 87' lang='lat' dir='ltr'><strong>et</strong></span> <span class='ocrx_word' id='word_1_796' title='bbox 2518 5571 2656 5638; x_wconf 84' lang='lat' dir='ltr'><strong>alibi,</strong></span> <span class='ocrx_word' id='word_1_797' title='bbox 2684 5580 2738 5624; x_wconf 81' lang='grc' dir='ltr'><strong>ιιι</strong></span> <span class='ocrx_word' id='word_1_798' title='bbox 2768 5573 2898 5642; x_wconf 84' lang='lat' dir='ltr'><strong>apud</strong></span> <span class='ocrx_word' id='word_1_799' title='bbox 2932 5573 3330 5641; x_wconf 69' lang='lat' dir='ltr'><strong>Hieronymum.</strong></span> 
     </span>
    </p>
   </div>
  </div>
