3866 6248
123 5600 139 5702 11

199 261 299 316 117

1421 258 1884 315 ΗΕΧᾹΕΜΕΒΟΝ
1928 263 2050 318 LIB.
2096 265 2179 318 111.

3302 274 3406 331 ll!

194 356 617 438 Sabatbani,qui
657 384 796 425 nunc
841 368 1076 424 Astabari
1125 378 1506 437 nuncupantur.
1564 369 1747 423 Ilerma
1780 375 1822 431 Α
1854 374 2009 428 homo
2040 386 2256 444 potens;
2286 379 2376 433 sed
2433 380 2457 417 ιι
2504 381 2620 449 φη,
2669 383 2825 436 homo
2877 382 3068 451 impius
3097 396 3278 441 conm
3308 403 3402 441 τα,

196 475 325 516 vero
352 470 407 517 et
438 460 729 517 Sabatacha
758 460 1002 530 paulatim
1036 460 1247 530 antiqua
1280 460 1533 514 vocabula
1581 460 1753 529 perdi-

193 556 359 620 dere;
386 565 439 611 et
464 570 583 626 quae
611 544 749 615 nunc
779 568 872 621 pro
900 554 1170 607 veteribus
1208 552 1433 607 habeant
1465 562 1490 589 α
1514 554 1753 620 ignoran-

196 653 283 699 tur
303 644 384 699 δ.»
413 644 656 699 Attamen
689 657 751 698 es
779 658 845 697 eo
871 641 1006 709 quod
1039 642 1089 695 in
1115 642 1314 696 visione
1336 641 1457 711 Tyri
1474 640 1602 693 dicit
1627 641 1754 694 Eze-

193 736 333 791 chiel
361 735 658 789 venditores
686 731 818 785 Saba
848 742 901 785 et
933 730 1146 793 Recma,
1178 732 1289 785 sive
1339 739 1391 783 ut
1428 729 1566 784 LXX
1588 730 1752 784 inter-

192 834 370 895 pretes
390 825 654 887 dixerunt,
686 820 903 888 llegma,
924 818 1022 887 ipsi
1050 820 1401 893 negotiatores
1425 819 1525 885 tui,
1547 817 1752 871 Vidrlnt‘

190 914 353 970 etiam
378 913 464 967 ille
484 926 630 966 suam
652 919 860 978 gentem
890 907 1097 970 fecisse,
1121 916 1175 961 et
1196 907 1313 975 quia
1332 906 1572 975 jungitur
1591 906 1749 971 Saba,

189 1003 417 1059 vicinam
443 999 727 1067 provinciae
758 999 880 1052 huic
908 996 1024 1065 ejus
1052 1010 1170 1052 esse
1193 997 1481 1067 regionem.

262 1090 390 1144 Filii
411 1089 550 1145 Saba
578 1088 758 1143 Ilecma
778 1095 825 1141 et
852 1097 874 1124 ο
912 1085 1117 1138 Dadan.
1156 1104 1175 1137 ι
1213 1086 1305 1139 llic
1347 1083 1479 1139 Saba
1510 1101 1602 1154 per
1656 1086 1748 1141 Sin

189 1184 420 1238 litteram
446 1182 715 1245 scribitur,
750 1192 905 1246 supra
941 1192 1066 1231 vero
1122 1192 1215 1245 per
1263 1177 1502 1241 Samech,
1558 1192 1585 1229 a
1642 1192 1749 1245 quo

185 1275 420 1330 diximus
458 1271 762 1340 appellatos
792 1270 1027 1324 Sabaitis.
1061 1267 1437 1337 Interpretatur
1460 1284 1584 1337 ergo
1612 1282 1747 1322 nunc

185 1364 327 1421 Saba
351 1362 566 1416 Aralia.
595 1361 724 1414 Nam
751 1360 802 1413 in
830 1357 1221 1428 septuagesimo
1268 1358 1491 1425 psalmo,
1518 1357 1601 1409 ubi
1652 1372 1746 1410 nos

182 1451 444 1504 ltabcmus
496 1449 654 1518 Reges
702 1448 921 1501 Arabum
979 1456 1025 1499 et
1087 1445 1223 1501 Saba
1279 1462 1486 1499 munera
1538 1446 1746 1511 offerent

181 1538 361 1608 (Psnl.
393 1538 662 1605 unum),
692 1538 744 1591 in
774 1537 998 1592 Hebraeo
1029 1537 1279 1605 scriptum
1309 1545 1389 1589 est
1419 1534 1579 1604 [leges
1609 1535 1747 1589 Saba

181 1640 232 1684 et
265 1628 421 1694 Saba,
444 1629 668 1698 primum
699 1643 891 1681 nomen
922 1637 1012 1694 p‘er
1037 1626 1154 1692 Sin,
1184 1625 1473 1680 secundum
1501 1641 1590 1691 per
1646 1626 1746 1678 Sa-

1855 461 2105 531 luntatetn
2133 464 2429 523 Conditoris
2456 470 2616 523 vitam
2651 470 2857 525 duxerit
2886 474 3187 540 superbam.

1928 546 1970 606 Ρ
1974 554 2043 606 uit
2068 566 2230 608 autem
2252 558 2551 627 principium
2579 561 2717 629 regni
2736 562 2846 630 ejus
2866 558 3113 629 Babylon,
3134 572 3181 615 et
3210 562 3400 629 Aruelt,

1854 652 1899 695 et
1937 641 1949 680 ί
1982 644 2203 711 Archad,
2226 654 2273 698 et
2302 648 2560 701 Chulanne
2590 651 2638 701 in
2668 658 2798 703 terra
2828 650 3075 704 Sennaar.
3103 653 3155 705 In
3181 668 3402 720 sequen-

1857 733 1989 787 tibus
2021 738 2284 803 quomodo
2313 737 2380 790 sit
2410 737 2541 791 facta
2576 740 2804 810 Babylon
2855 742 3054 809 plenius
3099 742 3398 807 intimatur;

1853 822 1945 873 sed
1979 822 2061 875 hic
2094 824 2424 890 prmmittitur
2446 827 2583 890 quod
2627 828 2698 881 ibi
2747 830 3013 895 rcticetur,
3044 832 3165 899 quia
3213 831 3396 885 civitas

1853 911 1990 965 illius
2010 922 2062 965 et
2085 915 2239 967 turris
2260 916 2648 983 superbissimae
2672 918 2899 972 Nemrod
2922 920 3393 974 auctorexstiterit.

1853 1000 2169 1068 Principium
2198 1012 2369 1058 autem
2400 1005 2545 1073 regni
2576 1005 2690 1073 ejus
2720 1005 2817 1059 t'uit
2859 1007 3086 1078 Babylon
3112 1052 3127 1075 ,
3169 1010 3286 1077 quia
3318 1011 3397 1064 vel

1853 1090 2014 1157 prima
2044 1089 2310 1145 civitatum
2358 1092 2472 1161 ejus
2514 1094 2720 1147 condita
2772 1097 2848 1148 vel
2896 1100 3200 1164 metrOpolis
3253 1102 3398 1168 regni

1852 1176 2133 1251 iliius_pro
2185 1182 2263 1233 sui
2315 1184 2668 1250 magnitudine
2722 1200 2780 1237 ac
2830 1184 3023 1241 decore
3073 1199 3153 1240 est
3201 1188 3393 1243 habita.

1856 1285 1874 1317 ι
1906 1268 1922 1316 1
1958 1271 2127 1323 Arnch
2160 1287 2283 1324 vero
2314 1273 2421 1337 ipsa
2452 1281 2532 1327 est
2558 1289 2670 1340 qua:
2700 1290 2834 1328 nunc
2882 1274 3087 1339 Edissa,
3116 1274 3139 1313 ¹ι
3186 1277 3392 1332 Archad

1849 1372 1963 1423 qua:
1988 1372 2123 1412 nunc
2155 1357 2169 1396 ι
2206 1362 2422 1423 Nsibis,
2452 1363 2633 1416 civitas
2678 1364 3084 1432 hlcsopotatnim.
3127 1366 3394 1421 Chalanno

1852 1461 2125 1514 quaenunc
2153 1449 2408 1515 Seleucia,
2439 1466 2466 1502 a
2494 1453 2716 1505 Seleuco
2762 1469 2903 1521 rege,
2954 1455 3031 1507 vel
3088 1463 3231 1509 certe
3276 1471 3394 1523 qua:

1850 1550 1984 1588 nunc
2015 1546 2068 1589 et
2098 1546 2135 1572 τη
2165 1538 2342 1592 Esifou
2373 1540 2664 1607 appellatur
2688 1548 2734 1595 η.
2760 1558 2777 1590 ι
2814 1542 2959 1607 Quod
2986 1551 3159 1597 autem
3189 1544 3403 1598 additur

1850 1630 1901 1681 in
1927 1642 2059 1686 terra
2094 1632 2344 1698 Seunuar,
2370 1633 2431 1686 ad
2458 1649 2637 1687 omnes
2657 1633 2867 1687 easdem
2922 1646 3143 1703 quatuor
3191 1638 3404 1691 videtur

180 1722 328 1776 υκαι
351 1717 376 1757 ⁸
410 1722 550 1790 (fillin
574 1728 767 1775 ηοεῑΐέῑ
795 1719 986 1773 linem“
1020 1719 1210 1771 Similis
1238 1728 1319 1772 εει
1340 1717 1379 1786 )-
1414 1716 1589 1771 θῖεάθη
1619 1731 1749 1785 gens
1784 1697 1823 1753 Β
1854 1728 2118 1791 pertinere
2145 1726 2409 1779 civitates.
2446 1725 2678 1780 Sennaar
2704 1727 2895 1795 quippe
2919 1697 3073 1781 tantm
3105 1727 3394 1783 latitudinis

177 1824 268 1869 est
294 1812 579 1879 EthiOpim
615 1812 666 1864 in
696 1807 1007 1864 occidentali
1042 1809 1189 1876 plaga
1225 1815 1269 1858 ε.
1312 1825 1328 1856 ι

256 1901 420 1956 Porro
447 1901 581 1956 Chus
605 1901 773 1969 genuit
804 1898 1051 1950 Nemnd.
1101 1895 1220 1964 Ipse
1258 1897 1403 1965 coepit
1445 1912 1548 1947 esse
1572 1904 1747 1963 potens

177 1996 234 2047 in
265 2003 424 2057 terra,
448 2000 496 2045 et
526 2001 628 2043 erat
656 1989 886 2041 robustus
911 1996 1114 2040 venator
1140 2002 1307 2039 eorum
1346 1984 1581 2038 Domino.
1615 1985 1743 2038 l’ro-

176 2085 341 2150 gen’e
360 2082 481 2136 Sent
508 2089 562 2134 et
587 2076 813 2145 Japheth
840 2078 889 2129 in
924 2076 1043 2128 vita:
1069 2074 1421 2142 simplicitatis
1446 2074 1741 2127 innocentia

182 2170 205 2209 ί
243 2179 604 2241 permanente,
632 2168 866 2221 nascitur
887 2166 952 2218 de
978 2165 1139 2231 stirpe
1167 2165 1327 2219 (Ibam
1360 2172 1383 2210 8
1412 2164 1741 2229 maledictus,

176 2262 272 2331 qui
299 2270 487 2314 statum
523 2260 764 2311 humana:
792 2252 1208 2309 conversationis
1232 2270 1365 2308 novo
1409 2254 1614 2308 vivendi
1654 2269 1741 2323 ge-

178 2367 314 2407 nere
341 2359 686 2420 perverteret,
715 2349 835 2401 dum
868 2347 1116 2413 singulari
1146 2346 1372 2413 potentia
1396 2345 1563 2399 elatus
1582 2388 1595 2409 ,
1632 2346 1739 2413 pri-

177 2456 329 2495 munt
356 2448 544 2495 venatu
575 2438 803 2501 viveret;
836 2437 979 2501 dein,
1006 2436 1229 2489 collecto
1257 2436 1512 2498 exercitu,
1564 2432 1739 2487 insoli-

176 2541 292 2586 tam
322 2530 371 2584 in
405 2530 626 2599 populos
652 2528 981 2598 tyrannidem
1012 2527 1213 2580 studuit
1257 2540 1544 2584 exercere;
1592 2524 1739 2578 deni-

177 2637 292 2691 que
340 2621 392 2674 in
446 2620 787 2687 sequentibus
840 2633 1057 2685 regnum
1109 2617 1354 2669 habuisse
1398 2626 1450 2670 et
1502 2614 1740 2669 civitates

176 2710 441 2765 maximas
467 2707 758 2761 aediﬁcasse
788 2705 979 2775 legitur
1020 2724 1031 2757 :
1076 2706 1213 2773 quod
1244 2706 1363 2772 quia
1398 2704 1597 2771 primus
1628 2706 1737 2772 ipse

178 2799 373 2855 fecerit.
402 2806 620 2851 testatur
646 2796 935 2862 Scriptura,
967 2808 1083 2862 quae
1113 2793 1185 2846 ait
1220 2811 1231 2844 :
1264 2792 1384 2853 Ipse
1431 2793 1576 2860 carpit
1632 2807 1739 2845 esse

178 2899 379 2963 potens.
406 2886 581 2957 Carpit
608 2885 771 2950 enim,
800 2886 918 2953 quia
948 2886 1146 2952 primus
1176 2882 1317 2938 fecit.
1352 2883 1542 2938 Potens
1562 2891 1735 2936 autem

177 2989 297 3037 erat
324 2981 374 3034 in
397 2988 559 3041 terra,
583 2977 723 3046 quia,
750 2975 1002 3045 neglectis
1028 2974 1328 3029 ctelestibus
1348 3015 1362 3039 ,
1391 2974 1443 3029 in
1473 2987 1574 3043 quo
1612 2972 1737 3042 justi

177 3077 308 3126 sunt
328 3034 789 3138 potentem-intima
815 3034 1070 3135 qttzerere,
1104 3074 1156 3119 et
1182 3066 1231 3119 in
1258 3034 1514 3134 his-Spem
1540 3034 1736 3132 ponere
1767 3034 1814 3097 δ

176 3161 382 3215 didicit.

249 3250 326 3302 Ab
349 3250 442 3305 hac
462 3249 610 3302 exivit
653 3247 966 3316 proverbium
986 3263 1007 3302 :
1035 3247 1193 3313 Quasi
1240 3245 1467 3299 Nemrod
1510 3246 1740 3299 robustus

176 3352 385 3396 renator
413 3357 581 3393 eorum
608 3340 846 3393 Domino.
903 3339 1023 3393 Ideo
1072 3340 1122 3392 itt
1182 3338 1514 3406 proverbium
1567 3352 1736 3400 versa,

176 3434 306 3503 quia
337 3432 548 3486 insolita
573 3432 785 3487 steculis
835 3433 949 3499 ejus
994 3428 1129 3483 facta
1186 3429 1368 3490 luere;
1426 3428 1561 3495 quod
1615 3443 1740 3481 vero

176 3525 398 3580 additur
424 3535 593 3575 coram
623 3518 862 3583 Domino,
894 3520 1244 3588 exaggerandl
1298 3518 1541 3570 facinoris
1584 3529 1736 3569 causa

176 3624 286 3676 est,
321 3612 441 3681 quia
470 3607 712 3663 videlicet
759 3607 886 3661 satis
909 3606 1246 3660 temerarium
1289 3601 1444 3657 fuerit
1470 3611 1523 3655 et
1549 3617 1735 3670 super-

176 3712 333 3771 bum,
365 3714 421 3757 ut
444 3716 621 3758 coram
661 3700 901 3763 Domino,
932 3698 1019 3768 qui
1046 3699 1110 3753 de
1138 3697 1273 3752 cmlo
1303 3696 1552 3765 prospicit
1580 3710 1738 3763 super

176 3796 322 3851 tilias
348 3793 644 3858 hominum,
677 3790 851 3844 taliter
882 3790 1056 3843 vivere
1097 3787 1253 3842 homo
1296 3788 1347 3840 in
1376 3795 1512 3841 terra
1544 3800 1739 3854 praesu-

178 3894 390 3951 meret;
420 3899 488 3939 ex
516 3898 621 3953 quo
644 3880 890 3936 nimirum
918 3878 1198 3950 proverbio
1236 3886 1376 3946 patet
1421 3876 1539 3944 quia
1591 3878 1737 3931 multi

177 3989 425 4045 tempore
474 3961 563 4028 illo
621 3974 768 4025 luere
813 3970 900 4038 qui
950 3968 1072 4021 talia
1122 3966 1295 4021 facere
1341 3974 1479 4019 metu
1528 3964 1737 4032 superni

179 4075 455 4139 respectus
482 4063 739 4127 vitabant,
759 4057 999 4128 quamvis
1042 4057 1144 4109 alta
1190 4055 1362 4109 Editio
1413 4053 1571 4107 habet
1620 4053 1737 4119 quia

180 4153 418 4212 Nemrod
454 4154 631 4223 gigans
666 4156 868 4203 venator
913 4153 1086 4199 contra
1126 4143 1413 4196 Dominum.
1446 4141 1525 4193 Ex
1569 4139 1736 4192 ambi-

178 4264 286 4319 guo
305 4247 498 4315 quippe
523 4240 707 4295 Grzeco
729 4280 744 4302 ,
766 4235 901 4305 quod
931 4242 1011 4290 est
1036 4234 1292 4295 enantion,
1322 4240 1603 4297 utrumque
1631 4242 1735 4295 po-

1848 1828 1965 1866 esse
1993 1827 2205 1881 campus
2230 1813 2552 1881 perhibetur,
2578 1822 2601 1848 °
2636 1828 2751 1883 qua:
2777 1826 2827 1867 et
2857 1814 3020 1884 ipsam
3054 1816 3387 1886 Babylonem,

1847 1913 1899 1960 (ιι
1929 1903 2056 1956 alias
2100 1903 2254 1956 urbes
2301 1919 2404 1955 non
2456 1917 2649 1970 paucas
2698 1904 2941 1957 lacillitne
2987 1913 3218 1971 caperet.
3264 1907 3391 1970 Quia
3473 1888 3475 1891 1

1848 2004 1971 2041 vero
2026 1988 2256 2056 Babylon
2308 2002 2426 2042 cum
2476 1982 2771 2043 civitatibus
2822 2005 3041 2057 quarum
3088 2001 3244 2057 caput
3289 2003 3388 2054 est,

1844 2077 2122 2144 superbam
2159 2076 2311 2144 hujus
2342 2076 2519 2129 mundi
2545 2076 2784 2144 gloriam,
2818 2091 2932 2145 quae
2976 2077 3266 2131 confusioni
3296 2078 3388 2130 ob-

1849 2168 2001 2221 nuxia
2034 2176 2133 2231 est,
2183 2166 2453 2235 designat;
2484 2166 2640 2220 Βεὼρί
2694 2168 2832 2219 enim
2892 2168 3129 2220 confusio
3176 2168 3390 2232 dicitur,

1845 2272 1985 2315 recte
2007 2262 2241 2315 conditor
2269 2263 2381 2328 ejus
2430 2262 2599 2328 ipsutn
2645 2261 2895 2312 maturum
2950 2262 3181 2314 omnium
3234 2274 3387 2328 caput

1842 2349 2104 2402 diabolum
2135 2349 2349 2416 ﬁgurate
2366 2348 2665 2411 denuntiat;
2700 2347 2780 2400 cui
2812 2351 2965 2422 etiam
2988 2344 3210 2401 Ni-mrnd
3240 2364 3385 2401 vora-

1842 2438 2041 2503 bulum,
2071 2439 2209 2506 quod
2235 2448 2531 2508 tyrannum,
2557 2439 2636 2490 vel
2672 2438 2963 2505 profugum,
2987 2438 3063 2491 vel
3089 2449 3381 2508 transgres-

1840 2541 2036 2593 sorem,
2062 2536 2232 2593 sonat,
2258 2539 2376 2596 apte
2404 2528 2659 2595 congruit.
2691 2528 2965 2595 Tyrannus
2990 2536 3070 2580 est
3099 2528 3236 2580 enim
3265 2530 3382 2596 quia

1809 2612 2022 2671 contra
2074 2616 2399 2672 conditorem
2456 2616 2715 2669 rebellans
2769 2629 2942 2669 arcem
2994 2616 3278 2668 divinitatis
3325 2631 3388 2669 ac

1840 2721 2057 2774 regnum
2092 2706 2235 2759 orbis
2263 2705 2500 2759 obtinere
2525 2705 2813 2757 contendit.
2844 2704 3095 2771 plOillgllS
3125 2714 3225 2768 est,
3267 2706 3388 2771 quia

1840 2797 1906 2849 de
1933 2796 2067 2850 caelo
2095 2797 2292 2861 lapsus,
2321 2805 2375 2849 et
2402 2810 2430 2847 a
2460 2794 2847 2861 persistentintn
2874 2795 2922 2845 in
2945 2809 3041 2846 suo
3068 2804 3202 2846 statu
3227 2809 3385 2863 ange-

1842 2889 2007 2942 lormn
2030 2888 2278 2941 societate
2306 2886 2559 2954 dejectns,
2581 2886 2737 2936 miser
2761 2882 2912 2935 nimis
2933 2882 3176 2935 exsultat.
3193 2882 3385 2935 Trans-

1841 2991 2069 3046 gressor,
2102 2978 2219 3045 quia
2252 2974 2499 3029 voluntati
2528 2973 2756 3027 auctoris
2783 2971 2997 3025 obedire
3045 2971 3380 3038 contempsit,

1843 3069 1927 3122 cui
1959 3080 2180 3134 persona
2206 3079 2413 3134 quoque
2438 3063 2703 3119 venatoris
2730 3077 2832 3116 non
2864 3062 3122 3115 immerito
3143 3071 3377 3129 aptatur;

1843 3157 1987 3226 ponit
2016 3171 2240 3225 namque
2266 3154 2316 3207 in
2347 3155 2477 3209 silva
2508 3153 2662 3221 hujus
2691 3150 2866 3206 mundi
2915 3165 3124 3204 suarum
3176 3152 3386 3216 pedicas

1843 3246 2172 3313 insidiarum,
2202 3253 2359 3311 atque
2408 3244 2647 3297 homines
2697 3256 2789 3294 sita
2841 3249 3019 3292 natura
3074 3250 3125 3291 et
3174 3239 3381 3304 ingenio

1843 3336 2065 3389 mundos
2089 3345 2114 3383 Ρ
2137 3334 2286 3401 quasi
2315 3347 2502 3388 cervos
2526 3342 2573 3382 et
2602 3342 2816 3395 capreas
2836 3326 3140 3392 decipienda
3164 3336 3379 3377 venatur

1838 3424 1901 3477 ad
1963 3431 2181 3476 mortem
2214 3438 2225 3471 :
2259 3419 2550 3472 contrarius
2597 3415 2842 3469 nimirqu
2892 3414 2988 3467 illis
3029 3414 3378 3471 venatoribus.

1838 3514 1924 3581 qui
1954 3514 2158 3565 animas
2183 3510 2451 3563 hominum
2478 3508 2545 3560 ob
2572 3506 2621 3561 id
2652 3522 2742 3560 sua
2769 3507 3004 3560 doctrina
3028 3521 3215 3572 capere
3240 3522 3381 3572 qua!-

1838 3610 1978 3667 runt,
2004 3609 2060 3653 ut
2084 3601 2145 3652 ad
2181 3600 2337 3652 vitatu
2364 3607 2611 3651 mteruatu
2662 3599 2967 3664 pertrattaut
3001 3612 3011 3645 :
3044 3595 3230 3661 quibus
3282 3594 3381 3644 llu-

1836 3694 2008 3746 minus
2038 3692 2263 3760 loquitur
2289 3708 2299 3741 :
2342 3688 2530 3750 Venite,
2565 3686 2832 3755 inquiens,
2862 3696 2967 3751 post
2996 3699 3088 3744 me,
3118 3694 3161 3734 et
3200 3684 3383 3747 [nciam

1838 3798 1919 3836 vos
1944 3783 2055 3849 ﬁeri
2075 3782 2348 3849 piscatores
2376 3778 2631 3829 hominum
2663 3774 2871 3843 (Matth.
2903 3788 2970 3836 tv,
3000 3771 3126 3839 59);
3157 3786 3376 3839 quorum

1837 3876 1904 3930 ob
1935 3875 1980 3928 id
2006 3876 2166 3942 patria
2193 3867 2553 3934 Bethsaida,id
2584 3876 2663 3921 est
2695 3866 2883 3918 Domus
2916 3871 3213 3939 venatorum
3240 3866 3375 3915 dia-ta

1836 3972 1939 4028 est,
1967 3963 2211 4031 quoniam
2234 3960 2474 4013 homines
2502 3963 2651 4010 erant
2672 3954 2910 4007 venaturi
2955 3952 3017 4003 ad
3050 3953 3228 4003 vitam.
3287 3950 3382 4002 Est

1836 4064 2010 4108 autem
2065 4051 2291 4106 Netnrod
2348 4049 2483 4100 ﬁlius
2548 4045 2732 4107 Chns,
2799 4044 2935 4111 quzul
3006 4042 3379 4106 interpretatur

1838 4155 1863 4193 ιι
1896 4141 2157 4207 [Ειὺίοιιςη
2186 4138 2303 4205 quia
2335 4138 2583 4189 nimirum
2607 4136 2852 4199 antiquus
2874 4131 3037 4182 hostis
3064 4142 3271 4193 semper
3314 4128 3380 4180 de

1836 4233 2057 4286 obscuro
2089 4228 2400 4298 perﬁdorum
2429 4224 2615 4293 populo
2640 4238 2730 4290 per
2756 4222 3143 4273 exsecutionem
3174 4217 3372 4270 doctri-

182 4307 289 4394 i'est
323 4307 686 4402 interpretari.
717 4326 955 4395 Denique
1008 4325 1061 4377 in
1114 4321 1316 4391 psalmo
1364 4319 1451 4372 ubi
1495 4319 1733 4373 canimus

1846 4339 1923 4379 nte
1948 4327 2060 4379 sive
2083 4320 2400 4390 operationis
2427 4330 2644 4383 nequam
2671 4311 2815 4379 qua~i
2846 4323 3025 4378 recens
3055 4307 3302 4360 nascitur.

179 4433 440 4503 ploremus
463 4437 634 4503 coram
664 4418 878 4473 Domino
905 4416 991 4485 qui
1020 4415 1136 4484 fecit
1175 4428 1263 4466 nos
1291 4411 1309 4480 (
1335 4410 1476 4476 Psal.
1502 4409 1666 4503 θεὴ-6
1688 4407 1731 4476 ),

183 4494 287 4574 hoc
315 4494 545 4572 verbum]
553 4519 634 4566 est
655 4508 889 4563 enaution
919 4503 1147 4573 Cyrium.
1173 4501 1281 4555 lloc
1302 4507 1355 4555 et
1381 4499 1431 4551 in
1456 4498 1588 4553 libro
1614 4496 1733 4558 Job,

104 4638 111 4641 -
184 4608 273 4662 ubi
297 4604 551 4673 scriptum
579 4597 748 4663 est,in
771 4597 993 4664 furorem
1017 4591 1226 4659 erupisti
1246 4598 1420 4641 contra
1447 4585 1733 4639 Dominum.

184 4699 382 4755 Facilis
405 4708 529 4765 ergo
559 4697 702 4761 patet
743 4686 1041 4740 intellectus
1088 4681 1154 4735 de
1197 4682 1439 4749 gigante,
1487 4678 1604 4746 quia
1654 4692 1737 4729 r0-

186 4794 377 4846 hustus
422 4784 581 4841 fuerit
626 4787 845 4835 venator
892 4776 1164 4829 brutorum
1215 4770 1551 4833 animalium,
1592 4767 1734 4834 quasi

261 4986 286 5014 α
329 4975 436 5038 AL,
463 4975 748 5044 ign_oratur.

262 5043 289 5082 δ
333 5036 505 5111 ilict;
530 5042 727 5106 anst.
761 5036 1031 5111 in_Ge‘nes_.
1088 5101 1098 5111 ν

266 5128 288 5151 c
331 5112 438 5171 AL,
473 5105 735 5162 Datianus.
769 5107 873 5170 ΑΙ..
904 5105 1167 5157 υοάαηίηιο
1390 5163 1399 5171 .

265 5181 291 5218 ά
332 5163 532 5233 inclusa
560 5163 1242 5244 parenthesidesiderantur
1268 5163 1400 5229 apud
1428 5163 1730 5227 ll'cronym.

270 5260 295 5286 θ
336 5250 500 5309 llier.,
524 5242 722 5309 Quaest.
756 5246 805 5294 in
830 5242 1021 5295 Cenes.

272 5319 290 5353 τ
339 5319 442 5380 AL,
472 5312 891 5382 permanentibus.

272 5398 298 5431 κ
343 5389 443 5450 AL,
478 5384 757 5434 maledicta.

271 5460 297 5495 ιι
340 5462 444 5518 AL,
466 5453 627 5519 quasi.

279 5526 295 5565 ί
343 5526 445 5589 ΑΙ..
475 5521 660 5573 Achati.

278 5594 297 5647 1
338 5594 443 5662 AL,
470 5593 614 5644 Art‘al
636 5626 650 5640 .

1910 4416 1949 4468 Α
1970 4430 2066 4482 quo
2093 4424 2141 4465 et
2161 4426 2314 4479 usque
2339 4408 2486 4460 hodie
2514 4415 2674 4457 ntanet
2697 4402 3030 4471 proverbium,
3064 4407 3115 4448 ut
3139 4398 3330 4447 dicatur
3357 4409 3380 4445 :

1839 4480 1995 4571 Quasi
2025 4499 2249 4554 Neutrod
2276 4496 2504 4549 robustus
2544 4501 2747 4545 venator
2770 4503 2937 4539 coram
2980 4484 3211 4535 Domino.
3244 4480 3375 4531 Cum

1838 4593 2158 4649 imitantibus
2199 4588 2463 4641 diabolum
2507 4584 2588 4635 his
2638 4581 2723 4648 qui
2765 4587 2884 4633 sunt
2931 4591 2991 4627 ex
3046 4583 3188 4640 parte
3237 4574 3372 4625 illius

1837 4685 1938 4740 diei
1970 4695 1991 4722 ι’
2022 4682 2187 4750 possit
2219 4676 2509 4735 verissime,
2538 4669 2656 4739 quia
2681 4671 2806 4722 tales
2834 4682 2950 4720 cum
2982 4667 3179 4717 animas
3210 4664 3372 4716 homi-

1838 4790 1961 4826 num
1988 4786 2084 4825 suo
2118 4768 2194 4821 vel
2229 4766 2388 4818 verbo
2422 4762 2499 4813 vr-l
2540 4758 2783 4825 exemplo
2815 4754 3071 4808 venantur
3094 4755 3155 4803 ad
3190 4755 3370 4804 tuteti-

1912 4966 1931 4998 υ
1969 4956 2290 5022 Α1.,Α‹Ἰιπά.

1922 5033 1931 5069 ⁸
1972 5019 2078 5091 AL,
2110 5026 2270 5077 Nisibi
2299 5037 2313 5081 ,'
2345 5022 2437 5091 aL,
2473 5019 2713 5091 Nisibiua.

1916 5106 1949 5135 ευ
1972 5073 2087 5158 ’ᾹΪΖ
2110 5073 2344 5155 aliud”
2380 5073 2473 5149 aL,
2510 5085 2701 5151 E/isan.
2736 5084 2863 5150 Lege
2886 5090 2939 5133 ut
2962 5077 3092 5145 apud
3124 5073 3347 5141 Hierony

1845 5187 1985 5223 mum
2010 5166 2273 5230 κτησιφῖιν.

1915 5249 1939 5271 ιι
1981 5226 2367 5293 Hiera-Quint.
2396 5230 2443 5275 in
2476 5226 2666 5277 (lenes.

1918 5314 1939 5333 ε’
1976 5306 2077 5355 AL.
2107 5314 2222 5364 quo.

1922 5384 1943 5417 l'
1976 5371 2077 5433 AL,
2108 5384 2245 5433 t/tttls.

1916 5445 1941 5479 α
1972 5438 2045 5487 ΛΙ.
2062 5476 2072 5495 ,
2107 5432 2302 5486 Etim.

1940 5519 1958 5544 τ
1992 5505 2083 5566 \l.,
2114 5512 2289 5570 potest.
