3866 6248
474 253 574 308 ΗΞ

956 253 1154 310 ΒεοΕ
1198 256 1638 311 VENERABILlS
1677 255 1948 314 OPERUM
1987 251 2164 340 PARS
2206 256 2264 308 ll.
2307 283 2375 296 —-
2417 257 2808 316 EXEGETICA
2851 260 3167 318 GENUINA.

461 364 699 430 spiritali,
732 379 826 433 pro
853 377 1043 420 aeterna
1073 366 1124 420 in
1155 377 1180 403 ε
1213 369 1359 421 caelis
1385 367 1565 432 requie
1610 367 1847 421 laborare
1899 381 1999 419 non
2033 370 2073 425 Α
2104 367 2189 433 qui
2216 383 2421 420 cursum
2465 370 2582 422 vita:
2614 371 2881 437 prrcsentis
2935 370 3022 423 tali
3073 370 3415 439 perlectimis
3461 388 3661 426 summa

459 465 654 519 cessat;
681 455 904 523 felixque
931 465 1152 510 mortem
1183 457 1378 510 videbit
1406 458 1598 519 carnis,
1619 458 1721 509 imo
1742 457 1809 509 de
1834 468 2002 510 morte

461 545 679 600 transiet
705 545 767 599 ad
798 545 976 610 vitam,
1009 561 1124 615 qua:
1153 547 1260 600 sola
1316 561 1437 600 vera
1478 555 1557 599 est
1607 547 1707 599 vita
1759 546 1999 609 dicenda,

526 680 556 741 ἒ
595 675 701 741 AL,
731 677 973 729 ecclesiis.

529 740 556 779 δ
598 740 702 808 AL,
742 743 1108 813 Explicitliber
1133 748 1396 799 secundus.
1463 744 1650 812 Incipit
1674 747 1796 799 liber
1825 746 1997 800 tertius

2107 471 2220 508 cum
2230 458 2465 523 pleverit.
2501 462 2687 512 Amen.

2098 544 2134 629 ,ἢ
2173 545 2392 614 Explicit
2441 549 2563 600 liber
2607 551 2851 602 secundus
2880 553 2930 602 in
2959 547 3141 603 Genesi
3182 548 3332 603 Beda
3362 551 3660 618 presbyteri.

2106 675 2427 798 Hilrxamerou
2457 677 2606 732 Redit
2629 681 2917 748 presbyteri.
2963 680 3016 733 In
3040 681 3140 733 alio
3174 682 3351 734 nullus
3379 693 3562 735 exstat
3586 685 3660 736 ti-

2106 754 2156 797 ιιι
2185 763 2263 798 us.

2106 754 2263 800 tulus.

1644 1012 1938 1087 LIBER
1993 1012 2453 1088 TERTIUS.

524 1205 620 1260 Ila:
661 1210 1000 1278 generationes
1050 1210 1075 1238 “
1122 1207 1340 1276 ﬁliorum
1391 1210 1693 1278 Noe.Sem,
1725 1211 1899 1272 Cham,
1950 1219 1996 1262 et

448 1295 706 1368 lup/teut;
729 1299 930 1367 nalique
956 1308 1070 1350 sunt
1099 1300 1166 1351 eis
1188 1301 1282 1364 ﬁlii
1305 1311 1412 1365 post
1453 1302 1712 1354 diluvium.
1757 1299 1880 1353 Filii
1902 1299 1997 1352 Ja-

450 1385 621 1456 phcth,
645 1383 844 1450 Gomir,
870 1396 917 1439 et
944 1386 1148 1457 Magog,
1178 1400 1221 1440 et
1263 1389 1454 1454 Madai,
1477 1389 1661 1454 lauan,
1709 1401 1754 1443 et
1797 1390 1996 1443 T/mbal

450 1474 733 1531 cl‘Mosoclt
755 1485 800 1529 et
828 1475 854 1514 δ
885 1476 1082 1529 Thiras.
1127 1477 1506 1545 Series'stirpis
1553 1480 1660 1532 Noe
1702 1495 1728 1531 a
1779 1475 1997 1531 minimo

451 1565 566 1632 ejus
598 1566 703 1618 ﬁlio
731 1565 935 1633 incipit,
965 1567 1088 1618 etin
1121 1566 1350 1618 maximo
1376 1566 1687 1632 completur.
1725 1581 1837 1634 qua:
1861 1567 1994 1619 scri-

453 1656 616 1722 pturis
642 1655 835 1709 sanctis
865 1663 946 1707 est
971 1655 1156 1706 usitata
1202 1655 1414 1720 locutio,
1449 1657 1667 1724 mystice
1696 1655 1999 1721 signiﬁcans-

450 1745 587 1812 quod
619 1745 788 1796 minor
815 1744 1033 1812 populus
1074 1744 1303 1811 gentium
1352 1743 1562 1797 Christo
1609 1745 1660 1798 in
1701 1759 1861 1799 carne
1904 1759 1990 1798 ve-

2099 1217 2393 1272 corruptam
2417 1225 2431 1271 ;
2475 1208 2610 1262 unde
2635 1216 2688 1262 et
2715 1208 3020 1276 metropolis
3045 1222 3227 1263 eorum
3255 1209 3442 1263 civitas
3460 1207 3498 1277 P
3525 1208 3658 1266 Taro

2101 1297 2172 1349 sis
2204 1297 2501 1364 appetatur,
2559 1298 2720 1351 Paulo
2773 1298 3009 1364 apostolo
3049 1298 3294 1367 gloriosa.
3332 1294 3350 1336 ί
3383 1299 3658 1368 (Nonnulli

2103 1383 2314 1438 Tharsis
2371 1387 2507 1439 unde
2555 1401 2739 1439 aurum
2785 1386 3050 1441 Salomoni
3103 1387 3432 1442 deferebatur
3492 1389 3657 1445 Indis

2102 1477 2284 1540 putant
2310 1486 2424 1526 esse
2451 1473 2761 1542 regionem.)
2794 1473 2980 1527 Cetlu'nt
3012 1477 3026 1524 l
3057 1474 3205 1528 Cethi
3227 1491 3256 1528 a
3279 1475 3466 1544 quibus
3486 1489 3658 1545 usque

2101 1559 2254 1613 hodie
2279 1559 2403 1613 urbs
2431 1559 2452 1594 ¹ι
2485 1560 2781 1627 Cyptotium
2815 1563 3135 1615 nominatur.
3174 1559 3191 1598 ι
3228 1561 3481 1616 Dodonitn
3510 1564 3659 1618 Itho-

2097 1650 2190 1715 dii,
2222 1650 2407 1704 melius
2435 1650 2571 1703 enim
2619 1651 2807 1720 legitur
2851 1651 3126 1718 Rodanim,
3169 1652 3282 1706 sive
3341 1653 3558 1719 Rodiut,
3601 1665 3656 1708 ut

2097 1742 2418 1809 septuaginta
2471 1739 2782 1809 lnterpretes
2828 1743 3208 1797 transtulerunt
3273 1751 3352 1807 ω,
3415 1761 3434 1795 ι
3487 1753 3546 1797 et
3601 1746 3654 1797 in

453 1833 627 1886 niente
651 1832 1006 1898 praeferendus
1023 1832 1229 1885 essetin
1251 1832 1350 1884 [ide
1370 1832 1556 1901 majori
1581 1835 1769 1902 populo
1789 1832 1997 1887 Judato-
2033 1815 2074 1872 Β
2101 1833 2231 1886 libro
2261 1823 2597 1886 Ilebrazorum
2649 1833 2914 1886 nominum
2964 1833 3119 1887 etiam
3172 1842 3352 1887 noster
3393 1831 3653 1903 interprés

447 1923 583 1976 rum.
605 1924 720 1976 Filii
736 1933 909 1976 autem
929 1922 1150 1975 ﬁliorum
1167 1922 1274 1975 Noe
1288 1923 1373 1990 qui
1393 1925 1997 1978 corttmemorantttrcre-

445 2013 640 2066 duntur
660 2011 1181 2082 singulisingnlarum
1204 2009 1436 2079 gentium
1461 2013 1815 2080 progenitores
1836 2010 1997 2065 exsti-

448 2103 597 2163 lisse,
631 2103 717 2169 qui
740 2102 806 2152 ita
827 2101 961 2153 inter
980 2114 1037 2153 se
1057 2101 1238 2154 orbem
1257 2101 1566 2163 diviserunt,
1581 2109 1637 2153 ut
1656 2101 1777 2154 Sem
1801 2100 1997 2168 primo-

447 2191 653 2259 genitus
688 2190 862 2243 Asiam
881 2172 1160 2252 obtineret,
1195 2198 1247 2242 et
1275 2188 1438 2241 Cham
1465 2188 1721 2243 secundus
1746 2189 1996 2252 Africam,

447 2279 675 2347 Japhelh
705 2281 917 2333 ultimus
945 2280 1204 2347 Ettmpam
1233 2295 1246 2341 ;
1274 2280 1342 2332 ita
1375 2279 1626 2333 duntaxat
1650 2281 1860 2348 ut,quia
1884 2295 1996 2333 ma-

445 2370 530 2435 jor
559 2376 640 2423 est
668 2369 828 2423 multo
855 2370 973 2421 Asia
1003 2379 1285 2422 terrrarum
1315 2371 1417 2423 situ
1463 2384 1617 2437 quam
1663 2369 1866 2436 Europa
1918 2369 1995 2424 vel

446 2460 635 2529 Lybia,
674 2461 950 2527 progenies
977 2458 1136 2513 Cham
1167 2470 1219 2513 et
1239 2460 1463 2526 Japheth
1495 2462 1649 2512 etiam
1697 2461 1994 2513 nonnullam

447 2552 501 2606 in
531 2551 649 2604 Asia
675 2551 963 2618 portionem
989 2560 1206 2604 teneret.
1261 2552 1365 2603 «De
1388 2550 1611 2617 .lapheth
1641 2566 1768 2619 ergo
1797 2561 1994 2619 septem

447 2641 542 2694 lilii
572 2641 676 2694 nati
705 2641 943 2708 suntqui
977 2641 1319 2706 possederunt
1348 2649 1540 2692 terram
1588 2641 1638 2692 in
1687 2639 1809 2692 Asia
1862 2649 1884 2677 ε
1929 2642 1995 2692 ab

445 2729 648 2783 Amano
684 2737 737 2783 et
763 2729 932 2782 Tauro
969 2729 1134 2799 Syria:
1189 2726 1213 2765 ά
1267 2729 1428 2783 ϐωΙίε
1477 2737 1530 2782 et
1572 2728 1784 2797 Cyliciae
1837 2743 1986 2781 mon-

444 2817 583 2872 tibus
620 2857 636 2882 ,
693 2825 856 2887 usque
905 2819 969 2870 ad
1018 2818 1230 2870 ﬂuvium
1297 2827 1320 2853 ε
1374 2818 1612 2873 Tanaim.
1671 2817 1724 2870 ln
1785 2816 1990 2884 Eumpa

445 2924 570 2963 vero
610 2923 774 2982 usque
825 2911 889 2962 ad
943 2908 1129 2964 Gadira
1164 2949 1177 2972 ,
1227 2909 1434 2963 nomina
1485 2909 1612 2963 locis
1659 2918 1711 2964 et
1749 2910 1990 2977 gentibus

444 2997 812 3064 relinquentes,
843 3011 909 3049 ex
961 2996 1148 3064 quibus
1195 3007 1374 3063 postea
1424 2997 1694 3049 immutata
1739 3005 1861 3050 sunt
1897 3012 1988 3049 no-

445 3084 582 3136 mina
653 3083 912 3152 plurima,
960 3091 1015 3136 et
1058 3091 1248 3135 cetera
1299 3093 1604 3149 permanent
1658 3093 1710 3136 ut
1760 3084 1985 3138 luerunt.

444 3175 576 3229 Sunt
596 3184 766 3228 autem
797 3171 980 3226 Canter
1007 3171 1226 3234 Galate.
1277 3171 1464 3241 Magog
1516 3172 1763 3239 Scythae,
1812 3173 1987 3226 Μαέαί

439 3263 595 3328 Medi,
624 3255 810 3327 lat-an,
846 3262 1015 3327 Iones,
1045 3261 1132 3330 qui
1163 3270 1216 3316 et
1241 3261 1430 3325 Grarci,
1480 3262 1618 3315 unde
1644 3271 1697 3316 et
1741 3278 1881 3316 mare
1909 3263 1988 3316 lo-

442 3355 602 3417 nium,
630 3350 824 3405 Thubal
854 3353 1048 3416 Hiberi,
1078 3353 1163 3420 qui
1192 3363 1244 3406 et
1275 3353 1485 3420 llispani
1532 3352 1598 3404 ab
1652 3352 1842 3406 Hibero
1891 3352 1986 3406 llu-

442 3439 582 3491 mine
626 3437 727 3491 hoc
773 3439 1026 3492 vocabulo
1082 3440 1384 3507 nuncupali,
1413 3455 1444 3494 e
1473 3440 1661 3507 quibus
1713 3441 1982 3505 Celtiberi,

442 3531 559 3584 licet
585 3527 790 3597 quidam
820 3527 973 3581 Italos
1001 3530 1364 3596 suspicentur;
1397 3528 1601 3581 Mosoch
1627 3531 1980 3596 Cappadoces,

441 3618 577 3672 unde
601 3627 654 3671 ot
676 3616 800 3672 urbs
819 3618 952 3686 apud
981 3632 1075 3672 eos
1099 3633 1262 3686 usque
1285 3617 1438 3671 hodie
1461 3616 1479 3655 ί
1507 3616 1747 3672 Mazecha
1776 3619 1980 3683 dicitur,

440 3725 552 3774 quae
580 3718 635 3763 et
662 3707 906 3763 Casarea
931 3710 997 3762 ab
1024 3707 1256 3777 Augusto
1279 3707 1485 3763 Ciesare
1511 3709 1648 3762 dicta
1669 3717 1772 3762 est.
1819 3709 1985 3763 Porro

439 3796 764 3868 septuaginta
794 3795 1111 3865 lntcrpretes
1157 3795 1414 3865 Capturim
1452 3796 1792 3865 Cappadoces
1837 3800 1981 3853 arbi-

439 3898 658 3951 trantur,
686 3886 870 3941 Thiras
897 3887 1154 3954 Thraces,
1177 3901 1400 3956 quorum
1432 3903 1532 3942 non
1560 3887 1688 3942 satis
1736 3889 1979 3944 immuta-

439 3988 546 4031 tum
569 3977 874 4033 vocabulum
906 3986 1003 4032 est.

509 4065 668 4120 Porro
695 4069 792 4135 ﬁlii
820 4066 1004 4122 Gomer
1030 4068 1284 4121 Ascbenez
1308 4078 1354 4121 et
1377 4077 1401 4116 ι
1436 4068 1652 4137 llipltatlt
1681 4081 1723 4124 et
1750 4070 1979 4142 legor-

436 4171 537 4206 tua.
566 4156 819 4208 Aschenes
847 4157 1100 4213 Sarmatas
1129 4173 1258 4225 quos
1288 4159 1458 4212 Graeci
1511 4161 1723 4229 BiginS
1771 4174 1978 4216 vocant.

437 4245 612 4313 Rifatlt
643 4245 968 4314 Paﬂagones,
995 4246 1281 4317 Thogornta
1312 4248 1562 4317 Phryges.

512 4351 533 4384 s
579 4332 704 4387 Filii
725 4346 889 4386 autem
917 4332 1079 4387 lutum
1114 4335 1254 4389 Eliso
1283 4346 1327 4388 et
1358 4335 1556 4398 Turcis,
1584 4336 1775 4390 Cethim
1797 4350 1843 4390 et
1876 4323 1992 4392 Do-l

2094 1920 2288 1988 pontii.
2311 1920 2608 1974 Similitudo
2630 1920 2768 1974 enim
2788 1921 3073 1975 litterarum
3106 1921 3285 1974 Daletlt
3311 1931 3365 1975 et
3391 1921 3486 1974 Res
3509 1924 3652 1977 hunc

2093 2009 2227 2076 apud
2262 2009 2507 2062 Hebraeos
2537 2023 2678 2076 stupe
2729 2009 2851 2064 facit
2893 2026 3152 2077 errorem,
3184 2023 3242 2064 ttt
3290 2012 3393 2064 alia
3446 2011 3653 2080 legatur

2098 2111 2190 2164 pro
2215 2097 2334 2150 alia.
2360 2097 2448 2150 Est
2477 2106 2650 2151 autem
2688 2099 2900 2153 Rhodus
2921 2097 3264 2166 Cycladarum
3311 2101 3563 2168 maxima,
3595 2111 3650 2153 et

2097 2187 2146 2241 in
2176 2187 2319 2241 Ionio
2353 2188 2481 2240 mari
2511 2189 2772 2254 quondam
2801 2188 2926 2242 urbs
2954 2190 3646 2258 potentissima,navslique

2094 2273 2379 2328 certamine
2429 2274 2677 2343 gloriosa,
2709 2284 2761 2328 et
2807 2285 3021 2342 propter
3069 2276 3387 2329 tutissimum
3437 2285 3649 2343 portum

2095 2371 2443 2416 mercatorum
2473 2362 2704 2416 omnium
2742 2362 3127 2426 receptaculum

2162 2451 2237 2503 Ab
2264 2451 2340 2504 Itis
2363 2452 2534 2504 divisa:
2563 2459 2678 2504 sunt
2706 2450 2885 2505 insula
2911 2451 3132 2520 gentium
3159 2468 3210 2504 tn
3232 2451 3518 2520 regionibus
3543 2451 3650 2505 suis

2094 2542 2428 2610 unusquisque
2452 2543 2723 2594 secundum
2754 2543 2979 2611 linguam
3006 2551 3031 2578 ιι
3065 2558 3207 2595 suam
3233 2553 3276 2595 et
3321 2543 3570 2612 familiam
3599 2547 3650 2596 in

2094 2630 2374 2684 nationibus
2398 2632 2524 2684 suis.
2560 2647 2579 2682 ι
2617 2630 2871 2701 Legamus
2927 2641 2951 2667 ο
2999 2633 3331 2701 antiquorum
3375 2633 3644 2699 historias,

2092 2731 2145 2784 et
2174 2723 2462 2777 videbimus
2491 2739 2673 2778 omnes
2696 2739 2826 2792 pene
2849 2725 3067 2788 insulas,
3097 2733 3153 2780 et
3179 2726 3337 2779 totius
3369 2726 3510 2780 orbis
3559 2726 3642 2778 lit-

2092 2821 2227 2877 tora,
2254 2821 2522 2879 terrasque
2547 2814 2675 2866 mari
2705 2814 2925 2878 vicinas,
2960 2824 2987 2863 r
3014 2828 3044 2866 a
3066 2813 3264 2869 Graecis
3309 2815 3504 2868 accolis
3551 2829 3643 2868 oe-

2089 2907 2326 2965 cupatas,
2360 2899 2466 2966 qui,
2498 2910 2556 2952 ut
2583 2915 2739 2968 supra
2778 2903 3028 2964 diximus,
3058 2901 3126 2954 ab
3154 2904 3359 2956 Amano
3385 2911 3441 2956 et
3463 2903 3643 2956 Tauro

2089 2987 2353 3040 montibus
2376 2987 2550 3040 omnia
2580 2991 2840 3042 maritima
2889 2991 3000 3043 loca
3056 3005 3223 3058 usque
3269 2991 3336 3043 ad
3387 3007 3637 3045 oceanum

2090 3077 2359 3144 possidere
2376 3077 2728 3132 Britannicum
2753 3090 2798 3132 ιι.
2813 3097 2831 3130 ι
2864 3079 2995 3133 Dum
3015 3094 3140 3136 vero
3164 3080 3357 3135 dicitur
3376 3082 3642 3148 unusquis-

2091 3184 2187 3236 que
2213 3169 2484 3221 secundum
2513 3169 2734 3239 linguam
2761 3179 2805 3222 et
2834 3169 3076 3239 familiam
3104 3172 3153 3223 in
3184 3170 3470 3224 nationibus
3513 3173 3637 3234 satis,

2089 3259 2293 3326 liquido
2347 3260 2638 3313 ostenditur
2679 3262 2798 3329 quia
2838 3261 2984 3329 juxta
3030 3262 3330 3329 opinionem
3385 3263 3638 3332 vulgatam

2086 3347 2274 3413 singuli
2301 3348 2388 3415 qui
2415 3348 2498 3402 hic
2523 3359 2999 3404 commemorantur
3030 3351 3119 3405 lilii
3143 3351 3273 3416 Noe,
3306 3353 3388 3407 vel
3421 3363 3640 3420 nepotes

2087 3438 2309 3493 ﬁliorum
2337 3441 2466 3505 Noe,
2491 3440 2720 3510 singulas
2742 3452 2924 3510 gentes
2951 3443 3061 3496 sive
3090 3444 3430 3511 cognationes
3458 3442 3626 3497 diver-

2083 3543 2260 3582 sarum
2293 3529 2464 3583 iecere
2490 3528 2803 3598 linguarum.
2832 3529 2959 3583 Nam
2987 3531 3167 3584 eadem
3199 3533 3483 3595 sententia,
3512 3547 3635 3586 eou-

2087 3627 2285 3672 merata
2329 3633 2536 3688 quoque
2561 3624 2726 3689 stirpe
2752 3622 2915 3675 Cham
2944 3624 3054 3675 sive
3102 3623 3246 3688 Sem,
3279 3623 3347 3678 de
3394 3624 3640 3678 varietate

2083 3709 2474 3775 generationum
2517 3711 2911 3778 linguarumque
2939 3712 3282 3766 subinlertur.

2153 3793 2276 3848 Filii
2301 3805 2464 3848 autem
2496 3795 2650 3849 Citam
2686 3814 2704 3851 :
2749 3799 2905 3861 Char,
2934 3810 2978 3852 et
3014 3799 3275 3864 Mesraim,
3304 3811 3351 3854 et
3384 3800 3553 3854 Pbulh
3583 3812 3630 3856 et

2084 3884 2358 3939 Chaunum.
2425 3903 2442 3936 ‹
2481 3886 2615 3940 Chus
2664 3882 2919 3956 hodieque
2967 3889 3033 3941 ab
3080 3889 3318 3944 Hebreis
3373 3891 3632 3958 EthiOpia

2083 3986 2426 4044 nuncupatur,
2463 3974 2702 4029 Alesraim
2728 3975 3006 4047 Egyptus,
3036 3975 3210 4029 Phutlt
3243 3979 3451 4047 Lyhies,
3480 3994 3508 4031 a
3535 3995 3636 4046 quo

2081 4074 2134 4118 et
2158 4063 2475 4118 Mauritania
2508 4064 2692 4118 ﬂuvius
2722 4080 2887 4136 usque
2925 4065 2975 4118 iu
3025 4080 3256 4134 przesens
3303 4067 3473 4120 Phuth
3505 4068 3633 4120 dici-

2083 4156 2472 4224 tur,omuisque
2491 4155 2631 4210 circa
2653 4170 2770 4210 eum
2794 4158 2936 4225 regio
2958 4155 3293 4210 Phuthensis.
3317 4156 3479 4211 P’orro
3502 4156 3636 4210 Cha-

2070 4264 2235 4312 ,naam
2269 4249 2492 4303 obtinuit
2515 4258 2707 4304 terram
2734 4248 2888 4318 quam
2917 4248 3082 4304 εἶυάτεί
3108 4249 3361 4334 deinceps
3383 4248 3630 4318 possede-

2084 4345 2200 4390 runt
2226 4337 2418 4404 ejectis
2446 4338 2777 4391 Cltauanzris.

434 4426 620 4479 danint.
656 4423 729 4479 De
761 4423 988 4489 louibus,
1019 4424 1069 4478 id
1099 4433 1206 4489 est,
1234 4424 1428 4479 Graecis
1459 4435 1742 4481 nascuntur
1788 4427 1980 4490 Elissa,
2015 4444 2060 4501 ο
2156 4443 2174 4474 r
2217 4423 2342 4478 Filii
2368 4425 2507 4478 Chus
2536 4439 2555 4476 :
2588 4424 2752 4490 Saba,
2794 4433 2839 4477 et
2869 4424 3081 4489 Hes-ila,
3125 4435 3172 4479 et
3219 4426 3468 4491 Sabatini,
3512 4437 3560 4480 es
3608 4435 3629 4464 τ

432 4513 523 4579 qui
543 4524 793 4568 vocantur
825 4513 1026 4580 Elides,
1056 4514 1198 4568 unde
1225 4523 1278 4569 et
1320 4513 1497 4584 quinta
1547 4515 1721 4583 lingua
1766 4513 1982 4570 Graecia

437 4598 1087 4671 Eniisappellatunquam
1117 4603 1186 4657 illi
1220 4599 1446 4672 pontem
1461 4604 1721 4658 dialecton
1772 4613 1978 4660 vocant.

437 4688 656 4742 Tharsos
674 4687 931 4758 Just-phus
967 4691 1156 4746 Cilicas
1195 4692 1494 4755 arbitratur,
1529 4692 1665 4745 Timr
1705 4693 1979 4761 aspiratio-

434 4794 511 4832 ns
543 4779 766 4832 litteram
795 4780 1031 4832 vitiosea
1078 4781 1303 4848 posteris
1347 4781 1398 4835 in
1445 4781 1550 4835 Tar
1591 4782 1773 4837 dicens
1821 4781 1980 4838 fuisse

499 4910 521 4935 ι
565 4889 674 4953 AL,
703 4890 849 4943 deest
878 4889 1116 4956 filiorum.

499 4969 526 5006 ι
566 4959 671 5023 ΑΙ.,
704 4957 899 5013 ΕΙιῗηιε.

501 5053 522 5076 c
563 5027 671 5092 AL,
700 5031 772 5080 Ab
799 5031 969 5080 Amar.

499 5109 523 5143 ἀ
567 5097 673 5163 AL,
703 5099 879 5151 Cales.
945 5157 948 5160 ,

504 5186 524 5211 ο
565 5168 674 5228 AL,
707 5166 956 5220 Faunum.
983 5167 1085 5234 AL,
1123 5168 1316 5223 Tanau.

502 5245 519 5282 t
569 5235 674 5300 AL,
711 5234 929 5302 Magica.

499 5317 526 5351 ις
568 5306 670 5366 AL,
707 5303 957 5370 Nipltatlt.

500 5371 524 5407 ιι
568 5372 672 5433 AL,
697 5371 903 5425 Tarsus.

508 5443 521 5477 ί
562 5441 760 5492 Inclusa
794 5442 1093 5507 parenthesi
1138 5445 1498 5501 desiderantur
1553 5442 1686 5513 apud
1739 5456 1973 5500 sant-lunt

430 5511 822 5578 Hieronymum.

505 5591 518 5628 ι
566 5577 672 5646 AL,
697 5577 874 5634 Cet/iii.

2061 4543 2063 4545 ι
2090 4511 2272 4564 Resina
2309 4523 2353 4566 et
2386 4512 2696 4568 Sabalaclta.
2745 4512 2882 4567 Saba
2920 4529 2945 4563 a
2978 4529 3083 4583 quo
3112 4515 3307 4570 Sabai.
3337 4515 3584 4584 Virgilius
3613 4530 3626 4564 :

2087 4601 2222 4656 Solis
2250 4611 2320 4658 est
2339 4643 2355 4667 ,
2385 4602 2589 4670 inquit,
2618 4603 2792 4657 υκαι-θα
2839 4605 2982 4674 virga
3026 4605 3242 4660 Saba-is.
3275 4614 3300 4643 ⁸
3332 4604 3634 4676 Cant-inque

2086 4691 2267 4746 Subura
2290 4691 2436 4744 tqu-e
2457 4691 2618 4744 calent
2645 4708 2780 4747 aeta.
2814 4693 2994 4747 (levita
3020 4709 3050 4747 a
3079 4709 3185 4763 quo
3215 4694 3384 4747 Geluli
3409 4694 3460 4745 in
3489 4705 3632 4761 parte

2082 4781 2377 4834 remotioris
2396 4780 2584 4836 Africa
2603 4797 2780 4837 eremo
2809 4782 3154 4836 cobatrentes.
3203 4781 3434 4834 Subatlsa
3473 4796 3502 4835 a
3529 4797 3634 4852 quo

2153 4894 2175 4962 Ρ
2217 4895 2324 4958 AL,
2355 4891 2716 4962 Cyprocitiunt.
2748 4895 2852 4958 AL,
2876 4903 2921 4946 et
2950 4889 3075 4954 Ipso
3101 4891 3293 4945 citium.

2157 4961 2172 5000 ι
2215 4962 2296 5016 Al.
2310 5005 2323 5026 ,
2357 4961 2630 5015 Donanint.

2150 5043 2187 5069 τη
2229 5033 2391 5093 llier.,
2419 5033 2597 5098 Qumst
2635 5033 2686 5084 iu
2712 5029 2904 5084 Geues.

2153 5111 2177 5137 η
2220 5105 2296 5155 ΑΙ.
2323 5102 2472 5154 deest
2499 5115 2664 5152 suam.

2153 5180 2176 5205 ⁰
2217 5172 2427 5224 Scilicet
2468 5166 2710 5220 Varronis
2736 5167 2797 5216 de
2823 5165 3200 5231 antiquitatibus
3223 5169 3399 5233 ltoros,
3425 5181 3472 5223 et
3502 5167 3637 5220 δὺνίὲ

2084 5239 2358 5304 Capitonis.
2389 5248 2435 5290 et
2467 5236 2694 5306 Grgcum
2723 5233 3023 5303 Pltlrgonla,
3058 5247 3361 5306 ca'lerosque
3411 5239 3636 5291 eruditos

2082 5303 2228 5368 viras,
2263 5318 2317 5359 ut
2349 5307 2501 5371 habet
2531 5303 2892 5371 Hieronymus.

2149 5388 2175 5424 ρ
2214 5366 2320 5433 AL.
2354 5366 2567 5428 Grecis.

2151 5456 2174 5492 ιι
2219 5444 2382 5504 llier.,
2411 5448 2606 5504 Qumst.
2632 5441 2682 5493 in
2709 5441 2899 5497 ches.

2156 5524 2173 5550 τ
2217 5515 2316 5565 AL.
2357 5510 2564 5563 llerina.

2156 5591 2173 5617 ο
2213 5582 2355 5633 ΛιιιΙε
2383 5592 2427 5632 et
2460 5580 2598 5648 alibi,
2627 5589 2680 5634 ttt
2709 5582 2840 5651 apud
2873 5582 3273 5651 llicronyutum.
