3866 6248
124 5582 132 5655 ι

215 258 312 313 117

1434 257 1613 312 ΗΕΧΑ
1626 257 1898 314 ΕΜΕΒΟΝ
1941 262 2064 317 LIB.
2110 264 2192 317 Ill.

211 354 629 436 Sabatbani,qui
670 382 809 423 nunc
854 366 1089 422 Astabari
1138 376 1520 435 nuncupantur.
1577 368 1760 421 "arma
1793 373 1835 430 Α
1867 373 2023 427 homo
2054 384 2269 443 potens;
2299 378 2389 432 sed
2447 380 2470 417 ιι
2518 381 2633 449 quia
2682 382 2839 436 homo
2890 383 3081 451 impius
3110 396 3292 442 contio
3321 403 3415 441 vo-

211 473 339 513 vcro
366 467 421 514 et
450 458 743 513 Sabatacha
770 458 1015 527 paulatim
1049 458 1260 528 antiqua
1292 459 1547 512 vocabula
1595 460 1765 527 perdi-

209 553 372 617 dere;
400 562 452 609 et
477 568 596 623 quae
624 542 762 606 nunc
792 566 885 619 pro
913 552 1183 605 veteribus
1221 550 1445 605 habeant
1478 561 1503 587 ι
1527 552 1767 618 ignoran-

211 650 295 697 tur
316 641 396 696 ιι.»
426 641 669 696 Attamen
702 655 763 695 ex
792 656 858 695 eo
883 639 1018 707 quod
1052 640 1102 693 in
1128 640 1327 695 visione
1349 638 1615 710 Tyridicit
1640 639 1767 693 Eze-

208 733 345 789 chiel
374 732 670 787 venditores
700 729 831 783 Saba
861 739 914 783 et
945 728 1158 791 Recma,
1190 730 1303 783 sive
1352 738 1404 781 ut
1441 728 1578 783 LXX
1601 728 1765 783 inter-

208 831 383 892 pretes
402 822 667 885 dixerunt,
699 818 916 886 Begma,
936 816 1034 884 ipsi
1062 818 1414 891 negotiatores
1439 817 1537 884 tui,
1560 816 1765 869 videtur

204 910 365 967 etiam
390 910 477 965 ille
496 923 643 964 suam
665 917 873 975 gentem
902 905 1109 969 fecisse,
1133 914 1187 960 et
1208 906 1326 973 quia
1345 905 1584 973 jungitur
1604 905 1762 968 Saba,

204 1000 430 1056 vicinam
456 997 740 1065 provinciae
771 997 892 1050 huic
920 994 1037 1063 ejus
1066 1008 1183 1050 esse
1206 995 1493 1065 regionem.

275 1087 403 1141 Filii
424 1087 562 1142 Saba
590 1085 771 1140 llecma
790 1093 838 1139 et
865 1094 887 1122 ο
924 1083 1130 1137 Dadan.
1169 1102 1187 1135 ι
1225 1084 1318 1137 llic
1360 1082 1492 1137 Saba
1523 1099 1615 1153 per
1668 1085 1761 1139 Sin

204 1182 433 1235 litteram
457 1179 727 1242 scribitur,
763 1190 918 1244 supra
953 1190 1079 1229 vero
1134 1190 1227 1244 per
1275 1175 1515 1239 Sameclt,
1571 1191 1597 1227 a
1655 1192 1761 1244 quo

200 1272 432 1327 diximus
482 1269 775 1338 appellatos
804 1268 1039 1323 Sabaeos.
1074 1266 1450 1335 Interpretatur
1473 1283 1596 1336 ergo
1624 1282 1760 1321 nunc

201 1361 339 1418 Saba
363 1359 577 1414 Aralia.
607 1358 737 1412 Nam
764 1358 815 1411 in
843 1356 1234 1426 septuagesimo
1280 1357 1503 1423 psalmo,
1530 1356 1613 1408 ubi
1664 1371 1759 1408 nos

198 1448 455 1502 habemus
507 1447 666 1516 Reges
715 1445 933 1499 Arabum
992 1454 1037 1498 et
1099 1443 1236 1500 Saba
1292 1460 1498 1497 munera
1550 1444 1758 1510 o/j‘erent

197 1535 372 1606 (Ρωι.
405 1536 674 1603 unum),
706 1536 756 1589 in
787 1535 1010 1589 Hebraeo
1041 1535 1291 1603 scriptum
1322 1544 1401 1588 est
1431 1532 1591 1602 [teges
1620 1533 1760 1588 Saba

197 1637 244 1681 et
275 1626 433 1692 Saba,
455 1626 680 1695 primum
712 1640 903 1679 nomen
934 1635 1024 1692 p‘er
1050 1624 1166 1690 Sin,
1196 1623 1484 1679 secundum
1513 1639 1602 1690 per
1658 1624 1758 1677 Sa-

1869 461 2118 529 luntatetn
2147 463 2442 522 Conditoris
2470 469 2629 523 vitam
2665 470 2869 525 duxerit
2899 474 3200 541 superbam.

1941 550 2056 605 Fuit
2081 566 2243 607 autem
2265 557 2564 626 principium
2592 561 2730 629 regni
2749 562 2859 630 ejus
2879 558 3126 629 Babylon,
3146 572 3193 615 et
3221 561 3413 629 Arach,

1867 651 1912 693 et
1950 640 1962 679 ί
1996 643 2217 709 Archad,
2240 653 2286 697 et
2315 648 2573 701 Cltalmme
2602 651 2651 701 in
2682 658 2812 703 terra
2840 650 3087 704 Senuaar.
3115 653 3168 705 In
3193 668 3415 721 sequen-

1870 732 2003 786 tibus
2033 737 2297 802 quomodo
2325 737 2393 789 sit
2423 737 2554 791 facta
2590 740 2817 810 Babylon
2868 741 3067 809 plenius
3112 742 3411 807 intimatur;

1866 820 1957 872 sed
1992 821 2075 874 hic
2107 824 2437 889 prmmittitur
2459 827 2595 889 quod
2640 828 2713 881 ibi
2759 829 3026 893 rcticetur,
3056 832 3177 898 quia
3226 831 3408 885 civitas

1866 910 2003 963 illius
2023 921 2075 964 et
2098 915 2251 966 turris
2273 916 2661 982 superbissimae
2686 918 2912 971 Nemrod
2935 921 3406 973 auctorexstiturit.

1866 999 2182 1067 Principium
2210 1012 2382 1057 autem
2414 1004 2558 1073 regni
2589 1005 2703 1073 ejus
2732 1005 2829 1059 fuit
2872 1006 3099 1078 Babylon
3125 1052 3139 1076 ,
3180 1010 3299 1077 quia
3330 1010 3410 1064 \‘el

1866 1089 2027 1155 prima
2056 1088 2323 1145 civitatum
2372 1091 2484 1160 ejus
2526 1094 2733 1146 condita
2785 1096 2861 1147 vel
2908 1100 3211 1163 mctr0polis
3265 1102 3410 1168 regni

1864 1175 2146 1250 iliius‘pro
2198 1181 2275 1232 sui
2328 1183 2680 1250 magnitudine
2734 1201 2792 1237 ac
2842 1184 3035 1241 decore
3085 1199 3165 1241 est
3213 1188 3405 1243 habita.

1868 1283 1887 1316 ο
1919 1267 1934 1315 ι
1970 1270 2140 1322 Araclt
2172 1286 2296 1323 vero
2326 1273 2434 1337 ipsa
2464 1280 2545 1326 est
2570 1288 2682 1339 qua:
2712 1290 2847 1328 nunc
2895 1274 3099 1339 Edissa,
3127 1275 3151 1313 ¹ι
3199 1277 3405 1332 Arcbad

1861 1370 1975 1421 qua:
2000 1372 2135 1411 nunc
2166 1357 2183 1395 ι
2218 1360 2433 1423 Nsibis,
2464 1364 2646 1415 civitas
2691 1364 3097 1432 Mesopotamia.
3138 1366 3406 1421 Citalanne

1864 1460 1976 1513 qua:
2002 1462 2138 1501 nunc
2165 1448 2421 1514 Seleucia,
2452 1465 2478 1501 a
2507 1452 2728 1505 Seleuco
2774 1468 2915 1521 rege,
2965 1455 3044 1507 vel
3099 1463 3243 1509 certe
3288 1472 3406 1523 qua:
3437 1512 3439 1515 ,

1862 1549 1996 1587 nunc
2027 1546 2081 1589 et
2110 1546 2147 1571 ω
2176 1537 2354 1591 Esifon
2385 1540 2676 1606 appellatur
2700 1547 2746 1593 η.
2772 1558 2789 1590 ι
2826 1542 2972 1606 Quod
2998 1551 3171 1597 autem
3201 1544 3415 1598 additur

1863 1629 1913 1681 in
1939 1640 2071 1685 terra
2105 1631 2356 1697 Setinuar,
2382 1633 2443 1685 ad
2469 1648 2649 1686 omnes
2670 1633 2878 1687 easdem
2934 1646 3155 1703 quatuor
3203 1638 3415 1691 videtur

197 1720 340 1774 πιεεᾶ
363 1714 388 1754 ’³
421 1720 562 1788 (quae
586 1726 779 1773 nomne
808 1717 998 1772 littera!
1032 1717 1221 1769 similis
1250 1727 1330 1770 est
1352 1715 1391 1784 ).
1426 1716 1601 1769 Dadan
1631 1730 1761 1785 gens
1796 1695 1834 1751 Β
1866 1726 2129 1790 pertinere
2158 1695 2421 1779 civitates.
2457 1724 2690 1779 Settnaar
2715 1726 2907 1794 quippe
2931 1695 3085 1780 tanta?
3117 1727 3407 1783 latitudinis

194 1820 277 1867 est
304 1809 591 1877 EthiOpiae
627 1809 678 1861 in
708 1805 1019 1861 occidentali
1054 1807 1200 1874 plaga
1237 1813 1280 1856 ε.
1324 1823 1340 1854 ι

266 1900 432 1954 Porro
458 1899 593 1953 Cbus
617 1899 785 1966 genuit
816 1896 1063 1949 Nemrcd.
1112 1894 1232 1963 Ipse
1270 1896 1415 1963 carpit
1457 1910 1561 1946 esse
1584 1903 1758 1963 potens

194 1992 246 2043 in
273 2001 435 2056 terra,
460 1998 508 2042 et
537 1998 639 2041 erat
668 1987 897 2039 robustus
922 1994 1126 2038 venator
1152 2000 1319 2037 coram
1357 1982 1592 2037 Domino.
1626 1984 1755 2036 l’rn-

192 2082 352 2148 gen’e
372 2079 493 2133 Sem
520 2086 575 2132 et
598 2074 825 2143 Japhetlt
852 2076 901 2127 in
935 2074 1055 2126 vita:
1081 2072 1432 2140 simplicitatis
1458 2072 1753 2126 innocentia

198 2167 219 2207 ί
254 2176 615 2238 permanente,
644 2165 878 2219 nascitur
898 2163 963 2216 de
990 2164 1150 2229 stirpe
1178 2163 1338 2216 Cbam
1372 2171 1395 2208 ε
1423 2162 1753 2227 maledictus,

192 2260 279 2328 qui
308 2267 498 2311 statum
535 2258 775 2309 humana:
803 2250 1221 2307 conversationis
1243 2268 1376 2306 novo
1420 2253 1625 2307 vivendi
1665 2268 1752 2321 ge-

193 2364 323 2404 nere
352 2356 698 2418 perverteret,
726 2347 847 2399 dum
879 2344 1127 2411 singulari
1157 2344 1383 2411 potentia
1407 2343 1574 2398 elatus
1594 2386 1607 2407 ,
1643 2344 1751 2411 pri-

194 2453 338 2492 mum
366 2446 555 2492 venatu
587 2435 815 2499 viveret;
847 2435 990 2499 dein,
1017 2434 1240 2487 collecto
1268 2435 1522 2497 exercitu,
1574 2433 1751 2485 insoli-

192 2538 299 2583 tam
331 2528 383 2581 in
416 2527 637 2596 populos
663 2527 993 2595 tyrannidem
1024 2525 1224 2578 studuit
1269 2538 1555 2582 exercere:
1603 2523 1750 2576 deni-

193 2634 299 2688 que
350 2619 403 2671 in
457 2618 798 2684 sequentibus
851 2631 1069 2682 regnum
1120 2614 1365 2667 habuisse
1408 2624 1461 2668 et
1512 2612 1751 2668 civitale

192 2707 453 2762 maximas
479 2705 768 2759 aedificasse
799 2703 989 2773 legitur
1031 2722 1042 2755 :
1086 2703 1223 2771 quod
1255 2705 1374 2770 quia
1409 2703 1607 2769 primus
1639 2705 1748 2771 ipse

193 2795 385 2852 fecerit
413 2803 630 2849 testatur
657 2793 946 2859 Scriptura,
978 2806 1095 2859 qua:
1124 2791 1195 2844 ait
1231 2809 1242 2843 :
1275 2790 1395 2851 Ipse
1442 2792 1587 2859 εωρίι
1644 2805 1750 2843 me

192 2896 390 2959 potens.
417 2884 592 2954 Coepit
619 2883 781 2947 enim,
810 2883 929 2951 quia
959 2884 1157 2950 primus
1186 2880 1327 2936 fecit.
1362 2881 1553 2935 Potens
1572 2889 1746 2934 autem

192 2987 304 3033 erat
332 2978 386 3031 in
409 2986 569 3039 terra,
594 2974 733 3043 quia,
761 2973 1012 3043 neglectis
1038 2972 1338 3027 coelestibus
1359 3013 1373 3037 ,
1402 2972 1453 3026 in
1483 2986 1586 3041 quo
1623 2970 1748 3039 justi

190 3074 315 3122 sunt
336 3032 799 3135 potentes-intima
825 3032 1081 3132 quaerere,
1114 3072 1167 3117 et
1192 3063 1241 3118 in
1268 3062 1348 3117 his
1378 3032 1524 3132 spem
1551 3032 1747 3130 ponere
1777 3032 1823 3095 Ο

190 3157 393 3211 didicit.

258 3248 333 3300 Ab
358 3248 452 3302 hac
473 3246 619 3299 exivit
664 3245 976 3313 proverbium
996 3260 1017 3299 :
1046 3245 1204 3311 Quasi
1251 3242 1477 3297 Nemrod
1520 3244 1751 3297 robustus

190 3350 396 3392 renator
423 3354 591 3390 coram
618 3338 857 3391 Domino.
913 3337 1033 3391 Ideo
1081 3338 1133 3390 in
1191 3335 1523 3403 proverbium
1576 3350 1747 3398 versa,

188 3432 311 3499 quia
345 3429 558 3484 insolita
583 3429 795 3484 stcculis
845 3430 958 3496 ejus
1005 3426 1139 3481 facta
1196 3427 1377 3488 fuere;
1435 3426 1571 3493 quod
1624 3441 1750 3479 vero

188 3523 409 3576 additur
434 3532 603 3572 coram
634 3516 872 3580 Domino,
903 3518 1254 3586 exaggerandi
1307 3516 1551 3568 facinoris
1595 3527 1746 3567 causa

188 3620 288 3673 est,
326 3610 452 3678 quia
480 3605 721 3660 videlicet
768 3605 895 3658 satis
919 3605 1255 3657 temerarium
1298 3600 1454 3655 fuerit
1481 3610 1532 3654 et
1559 3615 1745 3669 super-

187 3708 337 3768 Iunn,
372 3711 431 3755 ut
454 3714 631 3755 coram
670 3698 910 3761 Domino,
941 3696 1028 3766 qui
1055 3697 1120 3751 de
1148 3695 1284 3751 coelo
1312 3694 1562 3763 prospicit
1590 3708 1748 3762 super

186 3793 324 3848 lilios
352 3791 654 3855 hominum,
686 3788 860 3843 taliter
891 3787 1065 3841 vivere
1107 3786 1263 3841 homo
1306 3786 1356 3839 in
1385 3794 1522 3839 terra
1553 3798 1748 3853 praesu-

188 3891 399 3949 meret;
429 3897 497 3936 ex
526 3896 631 3951 quo
654 3878 900 3935 nimirum
927 3877 1207 3948 proverbio
1246 3885 1386 3945 patet
1431 3875 1549 3943 quia
1601 3876 1747 3930 multi

187 3985 434 4043 tempore
485 3960 573 4026 illo
631 3971 778 4024 luere
823 3968 910 4036 qui
959 3966 1081 4020 talia
1132 3965 1305 4021 facere
1350 3974 1488 4019 metu
1537 3963 1747 4031 superni

187 4073 465 4136 respectus
492 4061 749 4125 vitabant,
769 4056 1009 4126 quamvis
1051 4056 1154 4108 alta
1200 4054 1371 4109 Editio
1422 4053 1580 4107 habet
1629 4052 1746 4119 quia

188 4151 426 4209 Nemrod
464 4152 641 4221 gigans
676 4154 878 4200 venator
922 4152 1096 4197 contra
1136 4142 1422 4195 Dominum.
1456 4141 1533 4193 Ex
1578 4138 1745 4192 ambi-

185 4262 289 4315 guo
310 4245 508 4313 quippe
532 4238 717 4292 Graeco
738 4278 754 4300 ,
775 4234 911 4303 quod
941 4242 1021 4289 est
1046 4232 1301 4294 euantion,
1331 4239 1611 4297 utrumque
1639 4242 1743 4295 po-

1860 1827 1977 1865 esse
2004 1825 2217 1880 campus
2242 1812 2563 1881 perhibetur,
2590 1822 2612 1847 °
2647 1828 2763 1883 quae
2789 1825 2838 1867 et
2868 1814 3032 1884 ipsam
3066 1815 3399 1885 Babylonem,

1858 1912 1911 1958 et
1941 1902 2068 1955 alias
2112 1902 2265 1955 urbes
2313 1918 2415 1955 non
2468 1916 2660 1970 paucas
2709 1904 2951 1957 facillime
2998 1912 3229 1971 caperet.
3276 1906 3403 1969 Quia
3483 1888 3485 1891 V

1859 2002 1983 2041 vero
2037 1988 2267 2054 Babylon
2319 2002 2437 2041 cum
2487 1980 2783 2042 civitatibus
2833 2004 3052 2056 quarum
3099 2001 3255 2056 caput
3300 2003 3399 2054 est,

1855 2076 2134 2143 superbam
2170 2075 2323 2143 hujus
2354 2075 2531 2128 mundi
2556 2075 2795 2144 gloriam,
2829 2090 2943 2144 quae
2987 2076 3277 2131 confusioni
3308 2079 3400 2130 ub-

1860 2168 2012 2220 nuxia
2045 2176 2145 2229 cst,
2195 2165 2464 2234 designat;
2495 2166 2651 2219 Babel
2706 2168 2842 2218 enim
2903 2168 3140 2221 conlusio
3188 2168 3401 2232 dicitur,

1856 2271 1995 2313 recte
2018 2261 2252 2314 cunditor
2280 2262 2392 2326 ejus
2442 2261 2609 2327 ipsum
2656 2260 2906 2312 malorum
2961 2263 3192 2313 omnium
3245 2274 3398 2328 caput

1853 2348 2115 2401 diabolum
2146 2348 2360 2415 ﬁgurate
2377 2347 2676 2411 denuntiat;
2710 2347 2791 2399 cui
2823 2350 2976 2422 etiam
3000 2348 3222 2400 Nt-mrod
3252 2364 3396 2401 vet-a-

1853 2437 2053 2501 bulum,
2082 2438 2219 2505 quod
2246 2447 2542 2506 tyrannum,
2568 2438 2646 2489 vel
2682 2437 2974 2505 profugum,
2998 2438 3074 2490 vel
3100 2449 3392 2508 transgres-

1852 2540 2046 2592 sorem,
2073 2534 2242 2592 sonat,
2268 2538 2387 2594 apte
2415 2527 2670 2594 congruit.
2701 2527 2975 2595 Tyrannus
3001 2536 3081 2580 est
3110 2528 3247 2581 enim
3276 2530 3393 2595 quia

1820 2611 2033 2670 'contra
2085 2615 2409 2671 conditorem
2467 2616 2725 2669 rebellans
2780 2630 2953 2668 arcem
3005 2615 3288 2669 divinitatis
3335 2631 3398 2669 ac

1850 2719 2068 2772 regnum
2103 2705 2245 2758 orbis
2274 2704 2510 2758 obtinere
2536 2704 2823 2757 contendit.
2855 2704 3106 2771 Ptolugns
3136 2714 3236 2768 est,
3278 2706 3399 2771 quia

1851 2795 1917 2848 de
1944 2794 2078 2849 caalo
2106 2795 2303 2861 lapsus,
2332 2804 2385 2848 et
2413 2809 2440 2847 a
2471 2794 2858 2860 persistentinm
2884 2794 2933 2844 iu
2956 2808 3052 2845 suo
3078 2803 3212 2845 statu
3237 2809 3395 2862 auge—

1852 2887 2018 2941 Iorum
2041 2887 2289 2940 societate
2317 2885 2569 2953 dejectus,
2592 2885 2748 2936 miser
2771 2882 2923 2935 nimis
2943 2881 3186 2935 exsultat.
3204 2881 3396 2935 Trans-

1852 2990 2079 3045 gressor,
2113 2976 2230 3043 quia
2262 2973 2509 3028 voluntati
2539 2973 2766 3027 auctoris
2794 2970 3007 3024 obedire
3055 2971 3391 3038 contempsit,

1854 3067 1938 3120 cui
1970 3079 2190 3132 persona
2217 3078 2423 3134 quoque
2448 3062 2713 3119 venatoris
2741 3077 2843 3116 non
2874 3062 3132 3115 immerito
3152 3070 3387 3129 aptatur;

1852 3156 1997 3224 pOnit
2026 3170 2250 3223 namque
2277 3153 2326 3206 in
2357 3154 2486 3207 silva
2518 3152 2673 3221 hujus
2701 3150 2876 3206 mundi
2925 3165 3134 3203 suarum
3186 3151 3396 3216 pedicas

1854 3244 2183 3312 insidiarum,
2212 3252 2369 3310 atque
2419 3243 2658 3296 homines
2707 3256 2800 3294 sua
2851 3250 3029 3292 natura
3084 3250 3135 3292 et
3184 3239 3391 3305 ingenio

1853 3335 2075 3388 mundos
2098 3344 2124 3382 Ρ
2147 3333 2297 3400 quasi
2325 3346 2513 3387 cervos
2536 3342 2584 3382 et
2613 3342 2827 3395 capreas
2846 3326 3149 3393 decipienda
3174 3336 3390 3377 venatur

1848 3423 1911 3475 ad
1973 3431 2235 3474 mortem:
2270 3418 2560 3471 contrarius
2608 3415 2851 3469 nimirum
2901 3415 2997 3467 illis
3038 3415 3388 3472 venatoribus.

1848 3513 1934 3581 qui
1964 3512 2168 3564 animas
2193 3509 2462 3562 hominum
2488 3508 2556 3560 ob
2583 3506 2632 3561 id
2663 3522 2753 3559 sua
2779 3508 3014 3559 doctrina
3038 3521 3224 3573 capere
3250 3524 3391 3573 qum-

1848 3610 1988 3665 rnnt,
2015 3608 2071 3652 ut
2094 3600 2155 3651 ad
2191 3599 2347 3651 vitam
2375 3606 2620 3651 aeternam
2672 3598 2977 3663 pertrahunt
3010 3612 3019 3645 :
3053 3596 3240 3661 quibus
3291 3595 3391 3645 lto-

1847 3694 2018 3745 miuus
2047 3691 2274 3759 loquitur
2300 3707 2310 3741 :
2353 3688 2541 3749 Venite,
2575 3686 2842 3754 inquiens,
2871 3695 2977 3750 post
3006 3699 3098 3743 me,
3128 3695 3171 3735 et
3209 3685 3393 3748 [arium

1847 3796 1929 3835 vos
1954 3781 2064 3848 [icti
2086 3781 2358 3848 piscatores
2387 3777 2641 3829 hominum
2673 3773 2881 3843 (.iIatt/t.
2912 3788 2979 3835 tv,
3010 3770 3136 3839 59);
3166 3786 3385 3839 quurtun

1847 3875 1914 3929 ob
1944 3873 1991 3927 id
2016 3874 2176 3940 patria
2203 3866 2564 3934 Belltsaida,itl
2594 3876 2673 3920 est
2704 3866 2893 3917 Domus
2925 3872 3223 3942 venatorum
3250 3866 3384 3916 dirta

1846 3972 1949 4027 est,
1976 3961 2220 4030 quoniant
2244 3959 2484 4011 homines
2512 3963 2661 4009 erant
2681 3954 2919 4007 venaturi
2964 3951 3027 4003 ad
3061 3953 3238 4003 vitam.
3296 3951 3392 4003 Est

1845 4063 2020 4107 autem
2074 4050 2301 4104 Netnrod
2358 4048 2493 4099 ﬁlius
2557 4044 2741 4106 (Ibus,
2808 4043 2944 4111 quul
3017 4042 3389 4106 interpretatur

1846 4154 1871 4192 ει
1905 4140 2167 4206 (Ειιιίοιιε,
2196 4138 2313 4204 quia
2345 4137 2593 4189 nimirum
2617 4135 2861 4199 antiquus
2884 4130 3047 4182 hostis
3074 4142 3281 4194 semper
3323 4128 3389 4181 de

1845 4233 2066 4285 obscuro
2098 4227 2410 4297 perﬁdorum
2438 4223 2625 4292 pepqu
2650 4237 2739 4290 per
2766 4222 3153 4273 exsecutionem
3183 4218 3381 4271 doctri-

190 4308 292 4391 iest
328 4308 696 4399 interpretari.
727 4325 965 4394 Denique
1018 4324 1070 4375 in
1124 4319 1325 4389 psalmo
1374 4318 1460 4372 ubi
1504 4319 1741 4373 canimus
1768 4352 1825 4415 υ
1852 4339 1931 4379 me
1957 4327 2069 4378 sive
2093 4318 2410 4389 Operationis
2437 4329 2654 4383 nequam
2680 4311 2824 4379 qua~i
2855 4324 3035 4379 recens
3065 4308 3311 4362 nascitur.

186 4430 449 4500 ploremus
473 4434 643 4500 coram
674 4416 888 4472 Domino
915 4415 1001 4483 qui
1030 4414 1145 4482 fecit
1184 4428 1273 4465 nos
1301 4411 1318 4479 (
1344 4410 1486 4475 Psal.
1511 4409 1675 4500 ειη-6
1696 4407 1739 4476 ),

189 4491 290 4571 hoc
319 4491 557 4569 verbum
563 4517 644 4564 est
665 4506 899 4561 enantion
929 4502 1156 4572 Cyrium.
1182 4500 1290 4555 lloe
1311 4506 1364 4553 et
1390 4498 1440 4551 in
1465 4498 1596 4551 libro
1623 4495 1741 4558 Job,

112 4634 115 4635 ν
190 4606 277 4659 ubi
299 4602 562 4671 scriptum
589 4595 758 4660 est,in
780 4595 1002 4663 furorem
1027 4589 1235 4657 erupisti
1255 4596 1428 4640 contra
1456 4584 1742 4637 Demittunt.

189 4697 389 4752 Facilis
413 4706 540 4762 ergo
569 4695 712 4759 patet
753 4685 1050 4739 intellectus
1096 4680 1163 4734 de
1205 4680 1411 4748 gigante
1436 4720 1448 4739 ,
1496 4677 1613 4745 quia
1662 4692 1746 4729 ro-

192 4792 382 4844 bustus
432 4782 590 4838 fuerit
636 4785 869 4833 venatori
904 4775 1172 4828 brutorunt
1223 4769 1560 4833 animalium,
1601 4767 1743 4834 quasi

263 4984 287 5012 ³
330 4973 446 5035 AL,
474 4973 759 5042 ignoratur.

260 5042 290 5081 δ
334 5035 514 5102 Hier;
540 5040 738 5104 Quzst.
772 5039 820 5090 in
850 5035 1039 5088 Genes.

268 5127 288 5151 ιτ
333 5111 447 5169 AL,
484 5100 746 5161 DaHanus.
779 5105 883 5168 AL,
914 5100 1175 5155 Dodttnim.

266 5180 292 5217 ἀ
333 5162 543 5231 inclusa
570 5162 879 5241 parenthesi
892 5171 1249 5223 desiderantur
1276 5162 1408 5228 apud
1437 5163 1474 5214 ll
1500 5177 1738 5228 eroaym.

272 5259 296 5285 σο
337 5249 510 5307 llier.,
534 5240 731 5307 Quaest.
765 5244 815 5292 in
840 5240 1030 5293 (lenes.

274 5317 291 5351 '
338 5318 451 5377 AL,
483 5310 900 5378 pertitmtentibus.

273 5397 298 5431 κ
343 5388 452 5447 AL,
488 5380 766 5431 maledicta.

272 5458 297 5495 ιι
340 5461 378 5509 Α
392 5462 427 5507 l.
440 5495 453 5516 ,
476 5450 637 5517 quasi.

278 5526 297 5567 ί
343 5524 454 5589 AL,
485 5518 670 5572 Aclwl.

278 5596 298 5650 ί
339 5595 451 5662 AL,
479 5592 623 5644 Art'al
646 5626 660 5640 .

1918 4416 1957 4469 Α
1979 4429 2075 4482 quo
2102 4423 2149 4464 et
2170 4425 2324 4479 usque
2348 4407 2496 4459 hodie
2524 4416 2683 4457 manet
2707 4402 3039 4471 proverbium,
3074 4409 3125 4449 ut
3148 4399 3339 4447 dicatur
3366 4410 3388 4446 :

1847 4480 2004 4571 Quasi
2033 4500 2085 4554 Ν
2090 4498 2258 4553 emrod
2285 4496 2513 4548 robustus
2552 4502 2758 4545 venator
2780 4504 2947 4541 coram
2990 4484 3220 4535 Domino.
3252 4480 3384 4531 Cum

1845 4593 2167 4649 imitantibus
2208 4588 2472 4641 diabolum
2517 4584 2598 4635 his
2649 4581 2733 4648 qui
2775 4588 2894 4633 sunt
2940 4592 3001 4627 ex
3055 4584 3197 4640 parte
3245 4573 3380 4625 illius

1845 4685 1946 4740 dici
1979 4695 1999 4723 τ
2030 4682 2194 4751 possit
2226 4677 2518 4736 verissime,
2548 4671 2666 4739 quia
2691 4671 2815 4723 tales-
2843 4682 2959 4720 cum
2991 4668 3188 4717 animas
3219 4664 3381 4716 homi-

1847 4790 1969 4827 num
1997 4787 2093 4826 suo
2125 4769 2201 4822 rei
2236 4767 2396 4820 verbo
2430 4763 2508 4813 vel
2549 4758 2792 4825 exemplo
2824 4765 3079 4809 venantur
3103 4754 3163 4803 ad
3199 4754 3378 4804 tuteti-

1920 4964 1939 4998 ν
1977 4963 2079 5021 AL,
2106 4956 2298 5009 At‘ltad.

1929 5032 1939 5068 ¹
1980 5020 2086 5090 AL,
2117 5024 2279 5077 Nisibi
2307 5037 2321 5081 ,'
2353 5022 2445 5079 aL,
2482 5020 2722 5090 Nisibitts.

1923 5105 1957 5135 in
1980 5074 2095 5158 ΧΓ,
2118 5074 2162 5146 et
2197 5074 2353 5155 [sitan
2388 5074 2481 5148 aL,
2519 5086 2709 5152 Eﬁsatt.
2744 5085 2872 5151 Lege
2894 5090 2948 5134 ut
2971 5078 3100 5147 apud
3132 5074 3355 5143 Hierony

1853 5186 1992 5223 mum
2017 5165 2282 5230 “nuptm

1922 5249 1946 5271 ι·
1989 5227 2375 5293 Ιιὶοξτηριιωςι.
2404 5230 2450 5275 in
2483 5227 2673 5277 Cenes.

1925 5314 1946 5333 ι’
1982 5306 2085 5355 ΔΙ..
2115 5314 2230 5363 qua.

1929 5384 1950 5417 Γ
1982 5371 2085 5433 AL,
2116 5383 2253 5433 quos.

1922 5446 1948 5479 α
1980 5438 2079 5496 Al,
2114 5433 2310 5486 Afr/tas.

1948 5520 1965 5545 τ
2000 5506 2090 5565 \L,
2122 5513 2297 5571 potest.
