3866 6248
198 274 296 363 ω’

1407 304 1879 363 ΙΙΕΧΑΕΜΕΒΟΝ
1920 308 2043 364 LIB.
2086 310 2164 367 ΙΙΙ.

193 417 303 469 lies
341 429 437 484 pro
477 429 580 484 quo
616 415 952 484 Septuaginta
1003 417 1314 486 interpretes
1342 415 1548 471 Iosach
1583 416 1729 471 dise-
1763 417 1813 475 Δ
1837 416 2020 473 dicens
2051 438 2064 472 :
2097 420 2159 474 Si
2200 421 2582 476 censurrezistis
2620 438 2731 476 eum
2760 423 2964 480 Christo
2989 466 3006 491 ,
3051 442 3161 491 qua
3187 443 3385 482 sursum

193 515 332 568 runt,
358 505 448 575 qui
477 514 728 560 vocantur
752 505 964 562 leones
993 515 1041 560 ⁸.
1078 525 1098 559 s

264 597 328 649 At
371 611 487 650 vero
528 597 806 664 Arpltaxad
833 597 1003 667 genuit
1035 594 1062 632 δ
1096 594 1255 662 Sele,
1287 599 1346 649 de
1371 613 1469 666 quo
1511 606 1652 650 ortus
1675 607 1749 650 est

201 685 389 740 ﬂeber.
423 687 505 741 Ab
533 687 634 741 hoc
667 686 839 741 lteber
865 697 920 740 et
949 687 1214 740 Abraham
1243 698 1295 742 et
1335 689 1556 756 populus
1584 703 1647 742 ex
1680 704 1746 741 eo

197 788 387 846 natus,
420 789 478 834 ut
507 779 707 848 praefati
738 759 939 844 sumus,
971 779 1224 834 Hebraeus
1253 781 1671 848 cognominatur.

270 870 491 937 Natique
518 880 633 926 sunt
674 870 842 924 Πιθεῖ
872 872 967 937 ﬁlii
993 872 1094 924 duo
1122 884 1140 924 :
1170 886 1348 924 nomen
1398 872 1485 923 uni
1517 868 1709 941 Pnateg
1727 911 1742 934 ,

191 976 250 1013 eo
278 961 414 1028 quod
449 960 502 1012 in
531 960 706 1013 diebus
735 961 846 1026 ejus
873 961 1033 1012 divisa
1060 961 1126 1013 sit
1168 969 1324 1024 terra,
1351 969 1397 1013 et
1428 975 1606 1013 nomen
1640 962 1745 1029 [ra-

192 1050 284 1100 tris
309 1050 422 1118 ejus
447 1045 645 1101 Jectsn.
681 1047 999 1103 DivisiOnem
1032 1059 1189 1103 terra:
1215 1063 1332 1108 ιιιι
1363 1049 1510 1112 dicit,
1542 1063 1662 1120 qua
1693 1049 1743 1102 in

189 1137 501 1192 confusione
549 1138 843 1208 linguarum
893 1137 1031 1192 facta
1088 1148 1190 1192 est.
1249 1135 1468 1192 Vocavit
1513 1148 1536 1177 ε
1581 1138 1743 1192 tilium

190 1227 411 1301 Phaleg,
458 1228 509 1282 id
551 1237 652 1292 est,
696 1227 1037 1289 Divisionem,
1085 1236 1144 1280 ut
1198 1237 1497 1295 perpetuam
1548 1227 1600 1280 in
1643 1226 1745 1281 hoc

188 1313 417 1392 posteris
443 1323 552 1375 suis
577 1319 883 1375 memoriam
910 1334 1018 1373 sua:
1063 1319 1357 1372 devotionis
1387 1319 1708 1384 relinqueret
1727 1357 1743 1382 ,

187 1417 311 1485 quia
340 1414 586 1468 nimirum
607 1456 619 1474 .
649 1412 833 1467 divisis
860 1413 929 1466 ob
954 1411 1253 1480 superbiam
1284 1410 1473 1478 linguis
1513 1409 1742 1479 perﬁdo-

187 1521 336 1570 rum,
373 1503 485 1573 ipse
527 1505 718 1558 merito
755 1503 874 1557 lidei
921 1503 1239 1572 primitivam
1278 1500 1486 1571 generis
1527 1499 1738 1554 humani

185 1595 449 1666 loqmlam
479 1592 787 1647 servaverit.
1056 1582 1062 1593 ’

254 1684 284 1723 ⁸
318 1687 418 1754 Qui
440 1684 618 1739 lectan
647 1686 818 1756 genuit
852 1681 1155 1746 flelntodad,
1185 1692 1231 1736 et
1266 1681 1478 1747 Saleplt,
1507 1691 1553 1734 et
1585 1679 1740 1734 Atar-

184 1739 357 1841 πεοιἡῖ
374 1739 503 1830 dare
541 1784 586 1829 et
632 1739 805 1827 idum
831 1782 880 1826 et
916 1771 1045 1825 υκαι
1077 1739 1266 1833 Decius,
1293 1780 1338 1822 et
1372 1739 1519 1834 ὲιέι,
1546 1778 1590 1822 ει
1619 1769 1739 1822 Αιε-
1774 1739 1823 1801 Β
1845 1771 1926 1817 est
1950 1803 1966 1827 ,
2021 1763 2257 1818 ElatiOne
2281 1739 2303 1829 ,—
2351 1773 2376 1801 °

183 1866 316 1920 suae!
339 1907 356 1928 ,
389 1866 530 1920 Saba
554 1875 601 1918 et
631 1862 814 1931 Ophir,
843 1873 891 1915 et
932 1859 1108 1924 Erila,
1141 1871 1186 1913 et
1210 1859 1394 1913 Jobab.
1422 1861 1615 1912 Omnes
1657 1859 1742 1911 isti

185 1955 279 2010 lilii
308 1954 514 2010 lectan.
547 1953 739 2006 Harum
779 1953 1012 2019 gentium
1047 1950 1339 2016 posteriora
1371 1949 1584 1999 nomina
1618 1946 1742 2000 Hie-

191 2058 447 2114 ronymus
489 2057 546 2097 se
586 2041 825 2096 invenire
870 2053 976 2093 non
1022 2038 1261 2108 potuisse
1297 2046 1537 2091 testatur.
1576 2054 1593 2087 ι
1636 2035 1740 2090 Sed

192 2147 362 2201 usque
387 2133 443 2186 in
474 2145 726 2200 prrsum,
770 2123 954 2197 inquit,
985 2129 1106 2196 quia
1139 2127 1315 2192 procul
1352 2141 1382 2180 a
1411 2126 1559 2178 nobis
1597 2133 1739 2190 sunt,

195 2224 279 2278 vel
311 2223 380 2277 ita
409 2231 662 2276 vocantur
691 2230 748 2274 ut
779 2221 1002 2288 primum
1025 2261 1040 2283 ,
1070 2219 1150 2273 vel
1176 2234 1293 2288 quae
1323 2219 1595 2273 immutata
1623 2227 1744 2271 sunt

193 2314 505 2383 ignorantur
524 2321 573 2364 ο.
604 2329 623 2362 ι
679 2311 922 2379 Legimus
950 2320 1123 2362 autem
1174 2324 1330 2376 supra
1377 2309 1494 2377 quia
1551 2307 1744 2362 Phison

190 2414 332 2453 unus
370 2399 435 2452 de
461 2408 687 2466 quatuor
731 2399 955 2467 paradisi
1003 2399 1331 2463 numinibus,
1375 2413 1532 2467 quem
1579 2398 1744 2451 nostri

185 2487 404 2557 Gangen
417 2495 628 2550 vocant,
649 2495 705 2541 et
718 2501 836 2541 esse
858 2487 910 2540 in
925 2486 1066 2540 ludia
1091 2501 1195 2541 non
1210 2486 1499 2552 dubitatur,
1519 2488 1744 2542 circum-

183 2586 274 2632 eat
321 2592 530 2632 omnem
562 2587 755 2633 terram
788 2576 1026 2642 Evilath;
1067 2592 1183 2646 qua:
1212 2577 1456 2636 videlicet
1491 2586 1630 2631 terra
1675 2578 1745 2632 ab

1843 517 1960 561 sunt
1979 509 2186 573 quierite
2206 550 2220 572 ,
2252 509 2334 562 ubi
2360 509 2586 564 Christus
2611 521 2710 575 est,
2743 521 2782 549 ’³
2809 516 2877 567 e'd
2906 515 3159 569 dexteram
3194 516 3286 570 Dei
3311 533 3388 571 se-

1845 597 1994 660 dens;
2025 613 2138 667 qua
2158 615 2358 651 sursum
2391 609 2510 652 sunt
2539 602 2719 665 sapite,
2751 619 2848 656 non
2875 620 2987 673 quc
3029 621 3181 676 super
3207 616 3389 659 terrain

1849 685 2052 752 (ϐοτη.
2089 701 2166 750 ttt,
2198 689 2219 742 l
2247 688 2286 757 ).
2324 688 2471 744 Mons
2507 706 2634 746 vero
2661 693 2929 749 orientalis
2957 695 3110 764 quis.
3158 696 3260 750 nisi
3307 697 3393 751 ille

1844 784 1922 827 est
1950 775 2015 828 de
2045 793 2149 845 quo
2173 777 2332 833 Isaias
2355 779 2483 844 dicit
2516 822 2528 834 .
2564 782 2761 849 Venite,
2787 787 3116 840 asceudatnus
3147 787 3216 840 ed
3243 803 3394 839 nion-

1845 875 1942 918 tetn
1975 864 2201 931 Domini,
2227 877 2273 920 et
2295 871 2362 922 ad
2391 871 2595 924 domum
2637 872 2729 926 Dei
2757 871 2916 928 Iacob
2941 873 3072 944 (Issi
3101 891 3155 931 tt.
3187 877 3279 946 3)?
3303 876 3392 944 qui

1845 965 1988 1008 recte
2017 971 2168 1010 mons
2207 969 2444 1024 vocatur,
2473 964 2594 1028 quia
2639 977 2822 1018 omnes
2863 966 2928 1020 ad
2957 981 3018 1022 se
3045 968 3391 1023 ascendentes

1845 1043 1912 1097 ab
1953 1043 2250 1099 infimorum
2298 1053 2530 1116 appetitu
2579 1051 2645 1105 ad
2693 1053 2926 1108 cmlcstia
2972 1064 3000 1091 ι
3041 1057 3389 1111 desideranda

1845 1135 2088 1188 sustollit.
2134 1137 2295 1191 Recte
2335 1141 2616 1195 Orientalis
2647 1159 2797 1197 mons
2817 1185 2834 1208 ,
2862 1144 2982 1215 quia
3008 1148 3213 1201 cunctis
3240 1147 3305 1201 ad
3332 1163 3392 1202 se

1842 1222 2228 1278 continentibus
2277 1237 2522 1280 exortum
2579 1245 2719 1284 verte
2783 1231 2917 1286 lucis
2983 1236 3173 1300 aperit.
3228 1235 3393 1292 llecte

1824 1310 2002 1365 etiam
2027 1311 2251 1381 Sephar,
2297 1316 2348 1369 id
2393 1328 2495 1380 est,
2531 1320 2682 1372 Liber
2712 1322 3138 1390 cognominatur.
3171 1325 3285 1393 Ipse
3312 1335 3392 1380 est

1841 1401 1982 1454 enim
2015 1403 2146 1458 liber
2171 1403 2311 1471 vita,
2345 1407 2394 1459 in
2422 1422 2526 1474 quo
2553 1419 2676 1462 sunt
2695 1425 2879 1465 omnes
2909 1411 3142 1467 thesauri
3173 1416 3383 1482 sapien-

1845 1491 1927 1543 tia:
1953 1500 2007 1544 et
2031 1494 2264 1547 scientia:
2293 1496 2604 1561 absconditi,
2633 1498 2682 1549 in
2709 1513 2814 1566 quo
2834 1500 3119 1555 electorum
3145 1503 3380 1556 omnium

1845 1581 2055 1633 nomina
2085 1587 2381 1650 conscripta
2411 1595 2552 1638 sunt.
2587 1585 2740 1639 Facta
2771 1599 2854 1641 est
2895 1603 3023 1656 ergo
3048 1591 3296 1645 habitatio
3323 1592 3388 1644 li-

1845 1671 2034 1726 liornm
2050 1672 2228 1726 iectan
2245 1713 2260 1738 ,
2273 1676 2363 1742 qui
2386 1678 3045 1745 interpretaturParvulus,
3061 1681 3125 1736 de
3139 1682 3323 1743 Messa,
3338 1683 3389 1737 id

2431 1767 2768 1835 pergentibus
2820 1783 2988 1838 usque
3041 1772 3105 1824 ad
3161 1782 3390 1826 montem

1846 1861 1874 1901 ιι
1895 1853 2206 1907 orientalem
2235 1855 2324 1923 qui
2372 1868 2586 1910 vocatur
2629 1857 2802 1920 Liber,
2834 1861 2953 1928 quia
3006 1863 3172 1914 sancti
3201 1862 3393 1929 quique

1846 1941 2080 2008 priorum
2107 1943 2376 2010 justornm
2406 1947 2755 2000 humilitatem
2787 1961 3090 2014 sequentes,
3119 1951 3186 2004 de
3207 1952 3395 2017 quibus

1843 2031 2033 2086 dicitur
2061 2050 2073 2084 :
2105 2034 2404 2088 Custodiens
2434 2039 2668 2104 parvulos
2697 2036 2941 2091 Dominus
2971 2037 3103 2108 (Ps.
3132 2054 3272 2106 cstv,
3299 2039 3390 2108 6),

1848 2122 1899 2176 in
1932 2122 2189 2190 principio
2231 2115 2489 2193 religiosae
2519 2126 2935 2180 conversationis
2971 2138 3204 2182 mentem
3231 2142 3260 2181 a
3290 2139 3398 2183 ter-

1845 2213 1988 2267 renis
2033 2215 2286 2282 contagiis
2336 2216 2631 2279 sublevant,
2674 2225 2730 2268 ut
2765 2218 2829 2270 ad
2878 2217 3157 2271 videndam
3201 2219 3388 2272 sterni

1845 2306 1983 2360 Solis
2032 2307 2324 2360 claritatem
2373 2307 2658 2362 ascendere
2699 2318 3028 2373 mereantur,
3061 2317 3118 2363 et
3159 2309 3226 2362 de
3274 2309 3390 2376 ipso

1848 2395 1984 2450 libro
2013 2397 2154 2458 vitm,
2184 2406 2211 2445 (ι
2246 2397 2332 2464 qui
2363 2404 2447 2450 est
2490 2395 2740 2451 Dominus
2784 2398 3026 2451 Christus
3047 2439 3064 2462 ,
3117 2398 3394 2465 patefactis

1843 2493 2057 2538 eterna
2086 2483 2356 2551 sapientia:
2383 2483 2582 2552 paginis
2602 2522 2620 2545 ,
2648 2485 2856 2538 instrui.
2888 2483 3143 2540 Similiter
3171 2486 3239 2540 de
3270 2488 3393 2541 liliis

1845 2573 2072 2644 Japhetlt
2100 2571 2242 2643 quod
2263 2571 2474 2639 dicitur,
2504 2574 2567 2626 ab
2591 2573 2667 2626 Itis
2697 2573 2870 2628 divisa
2903 2582 3021 2628 sunt
3060 2575 3241 2629 insula
3274 2590 3397 2645 geu-

181 2667 286 2720 hoc
328 2665 475 2720 Evila
525 2681 718 2722 nomen
769 2667 1038 2735 accepisse
1084 2665 1306 2722 videtur.
1351 2666 1548 2722 Narrat
1597 2671 1740 2721 enim
1846 2668 1972 2720 (iniu
1999 2667 2053 2721 in
2081 2667 2369 2736 regionibus
2409 2666 2535 2727 suis,
2563 2680 2739 2719 nonne
2779 2665 3208 2720 manifestissime
3233 2666 3393 2718 etiam

182 2774 309 2812 eum
336 2757 598 2825 Josephus
624 2772 745 2811 cum
765 2756 1018 2812 fratribus
1043 2756 1155 2812 suis
1179 2773 1209 2810 a
1235 2757 1398 2812 ﬂuvio
1428 2755 1446 2794 τ
1479 2756 1742 2827 ϐωριιενε
1844 2755 1962 2822 ipso
1988 2757 2198 2810 nomine
2227 2755 2461 2824 gentium
2502 2769 2597 2822 per
2636 2755 2817 2809 orbem
2871 2754 3133 2810 Ecclesias
3177 2752 3392 2816 indicat,

183 2862 403 2902 omnem
431 2847 589 2901 ludia
616 2847 888 2916 regionem
909 2862 1029 2916 qua
1053 2855 1272 2901 vocatur
1299 2855 1324 2893 ε
1355 2845 1529 2900 [lieira
1561 2862 1742 2910 posse-
1842 2861 1960 2914 qua:
1990 2847 2126 2900 sicut
2173 2846 2357 2900 insula:
2401 2845 2647 2901 ﬂuctibus
2677 2846 2842 2900 maris
2862 2888 2877 2911 ,
2905 2846 3222 2900 ita-tumidis
3251 2860 3395 2898 ama-

179 2936 351 3001 disse,
379 2936 471 2990 sed
497 2946 552 2990 et
577 2935 745 2990 Verba
774 2935 978 2990 dierum
1025 2945 1239 2990 narrant
1277 2937 1399 3005 quia
1427 2937 1566 2990 servi
1589 2935 1743 2990 Salo-
1845 2935 2020 3000 risque
2063 2934 2244 2988 saeculi
2293 2933 2540 3002 procellis
2574 2934 2823 2988 continue
2864 2935 3152 3002 pulsantur,
3194 2950 3292 2989 nec
3316 2945 3393 2988 ta-

182 3027 362 3080 ntonis
400 3040 492 3095 per
541 3041 687 3083 mare
728 3025 963 3081 Rubrum
1003 3022 1031 3062 ⁸·
1059 3025 1303 3081 abierunt
1348 3027 1401 3081 in
1448 3025 1632 3094 Opbir,
1685 3034 1737 3080 et
1766 3075 1809 3095 Α
1843 3039 1963 3078 men
1992 3033 2341 3094 superantur;
2370 3032 2425 3078 et
2465 3040 2602 3078 nunc
2625 3025 2837 3092 quidem
2863 3026 3165 3080 blandiente
3199 3029 3394 3080 mundo

1764 3075 1811 3139 C

181 3118 476 3170 attulerunt
521 3116 642 3171 inde
679 3131 889 3184 aurum,
930 3127 984 3173 et
1031 3116 1170 3186 ligna
1217 3117 1378 3181 tbina,
1411 3125 1465 3170 et
1505 3129 1739 3185 gemmas
1765 3114 1811 3139 “
1843 3116 1991 3185 quasi
2019 3114 2224 3169 lenibus
2256 3125 2274 3152 τ
2308 3116 2554 3169 labuntur
2579 3115 2732 3170 undis
2757 3159 2771 3184 ,
2803 3131 2942 3171 nunc
2967 3118 3219 3172 scviente
3248 3119 3393 3173 velut

181 3207 613 3274 pretiosissimas,
645 3222 764 3275 qua
805 3223 922 3262 esse
971 3207 1132 3262 ludia
1177 3209 1344 3277 regio,
1374 3217 1426 3263 et
1470 3209 1537 3263 ab
1576 3208 1743 3277 Opbir
1843 3209 1894 3262 in
1924 3209 2086 3263 altum
2111 3209 2268 3264 elatis
2300 3210 2683 3266 adversitatum
2707 3205 2952 3264 ﬂuctibus
2979 3207 3265 3275 feriuntur;
3298 3209 3390 3264 sed

180 3296 298 3348 ﬁlio
323 3294 505 3350 let-tan
532 3295 845 3350 vocabulum
875 3299 1126 3361 traxisse,
1154 3299 1408 3351 credibile
1437 3306 1540 3352 est.

251 3385 441 3450 Unities
467 3387 550 3439 isti
578 3384 888 3452 ﬁliilectan.
915 3384 978 3438 Et
1009 3391 1145 3456 facta
1170 3397 1242 3440 est
1272 3387 1538 3442 Habitatio
1566 3405 1740 3442 eorum

177 3477 245 3528 de
275 3474 442 3528 lessa
475 3472 492 3512 ι
525 3477 840 3546 pergentibus
864 3494 1020 3547 usque
1045 3479 1244 3546 Sepnar
1272 3490 1490 3533 montem
1517 3481 1738 3534 orienta-

176 3570 301 3621 lem.
358 3569 597 3624 Diximus
648 3585 806 3639 Supra
853 3575 974 3639 quia
1027 3573 1152 3627 Setn
1200 3575 1576 3642 primogenitae
1627 3574 1736 3626 Noe

176 3656 462 3712 credentes
491 3673 554 3711 es
587 3658 800 3725 antiquo
830 3659 923 3713 Dei
962 3662 1156 3728 popqu
1178 3698 1196 3723 ,
1241 3660 1432 3729 Japhet
1458 3662 1734 3716 credentes

177 3763 245 3802 ex
294 3749 537 3817 gentibus
588 3749 892 3817 signiticet;
941 3749 1106 3804 Citam
1155 3753 1525 3806 verecundiam
1570 3754 1736 3822 patris

179 3839 194 3886 ι
231 3838 505 3903 deridens,
549 3846 605 3892 et
653 3837 723 3892 ob
769 3839 870 3893 hoc
920 3838 1263 3908 maledictus,
1316 3841 1455 3895 illam
1494 3842 1732 3911 ejusdem

175 3928 358 3996 populi
385 3938 582 3997 partem
612 3925 638 3966 ¹ι
663 3929 917 3995 insinuet,
946 3944 1086 3998 quae,
1104 3932 1250 3985 .velut
1277 3933 1328 3984 in
1352 3931 1529 3986 medio
1557 3948 1737 3988 rema-

173 4032 335 4082 nens,
361 4031 468 4087 nec.
484 4019 626 4085 prius
651 4033 771 4072 cum
800 4018 911 4072 suis
937 4018 1346 4082 contribulibus,
1376 4034 1473 4073 nec
1500 4031 1733 4088 postmo-

172 4108 304 4161 dum
324 4105 488 4159 voluit
507 4121 626 4160 cum
652 4109 896 4176 gentibus
919 4105 1040 4161 lidei
1060 4107 1239 4162 socius
1259 4109 1507 4163 existere.
1534 4109 1729 4166 Horum

179 4209 317 4265 ergo
368 4192 551 4262 ﬁguris
595 4204 650 4247 et
695 4185 808 4248 loca'
856 4193 1234 4250 habitationum
1285 4197 1556 4264 aptissime
1598 4213 1728 4252 con-

171 4283 540 4358 gruunt;lilii
585 4284 778 4351 quippe
817 4284 1009 4349 lleber,
1039 4285 1127 4358 qui
1177 4288 1731 4354 pra-eminentissimus

1841 3302 1894 3356 in
1937 3316 2047 3354 sua
2087 3309 2228 3354 Statu
2279 3301 2398 3354 lidei
2453 3301 2790 3355 nihilominus
2839 3301 3165 3354 invincibiles
3195 3301 3388 3366 perdu-

1841 3391 1992 3445 rant?
2020 3391 2088 3444 At
2116 3399 2300 3444 contra
2344 3389 2435 3441 filii
2460 3388 2624 3440 Citam
2670 3387 2984 3456 principium
3018 3389 3164 3456 regni
3195 3388 3387 3442 habent

1837 3479 1889 3532 in
1939 3479 2226 3546 Babylone,
2259 3478 2308 3530 id
2357 3487 2458 3542 est,
2499 3479 2844 3542 Confusione,
2884 3493 3004 3548 qua
3049 3490 3129 3534 est
3162 3480 3212 3532 in
3246 3490 3386 3534 terra

1839 3567 2094 3630 Scnnaar,
2125 3566 2175 3620 id
2217 3576 2330 3631 est,
2364 3566 2548 3620 [eloris
2577 3582 2796 3632 eorum;
2835 3578 2889 3622 et
2939 3569 3038 3623 hoc
3082 3571 3132 3624 in
3178 3586 3385 3634 campo,

1836 3660 1958 3726 quia
2006 3673 2174 3726 neque
2211 3669 2442 3712 montem
2489 3659 2969 3727 contemplationis,
3015 3675 3115 3726 qua
3157 3675 3385 3726 superna

1839 3750 2124 3818 inquirant,
2155 3749 2449 3802 ascendunt
2476 3747 2924 3815 reprobi;,neque
2955 3749 3382 3813 tranquillitatem

1837 3838 2276 3893 intellectualium
2304 3837 2502 3890 adeunt
2524 3836 2835 3897 insularum,
2861 3850 2956 3903 per
2979 3850 3138 3906 quam
3160 3836 3383 3891 labentis

1835 3929 2018 3983 saeculi
2062 3942 2216 3982 curas
2263 3927 2437 3980 altiori
2486 3926 2645 3980 animi
2692 3927 2934 3981 libertate
2972 3928 3383 3992 transcendant;

1834 4022 1928 4074 sed
1978 4021 2031 4074 in
2079 4018 2519 4085 concupiscentiis
2561 4027 2762 4071 tantum
2806 4018 3146 4071 terrestribus
3172 4024 3195 4052 ³
3223 4017 3382 4071 etfre-

1835 4118 1957 4162 nata
1995 4109 2228 4176 gaudent
2277 4107 2561 4173 petulantia
2608 4106 2963 4168 circumferri;
2991 4119 3097 4170 quo
3137 4107 3381 4158 nimirum

1833 4199 2090 4269 principio
2111 4199 2399 4263 condignas
2426 4196 2665 4263 sequitur
2692 4196 2831 4257 linis,
2859 4196 2984 4247 dum
3015 4195 3221 4248 dicitur.
3257 4199 3378 4262 quia

1835 4291 1958 4360 [acti
1984 4299 2103 4343 sunt
2132 4287 2330 4341 termini
2352 4286 2594 4341 Chanaan
2621 4285 2926 4338 venientibus
2951 4303 2984 4338 e
3004 4285 3195 4339 Sidon
3222 4285 3380 4339 Gera-

173 4385 511 4441 posterorum
543 4372 666 4427 Sem
696 4371 1012 4440 ostenditur,
1047 4377 1425 4433 habitationem
1454 4379 1522 4434 de
1560 4381 1726 4435 Messa
1754 4404 1809 4466 υ
1834 4397 1943 4432 ram
1983 4395 2136 4447 unus
2162 4377 2353 4433 Gazam
2379 4378 2534 4430 donec
2559 4377 2856 4446 ingrediaris
2886 4375 3160 4430 Sodansaan
3187 4387 3234 4429 rt
3274 4376 3374 4430 Go-

171 4479 345 4528 usque
385 4465 450 4518 ad
496 4477 726 4519 montem
775 4465 1086 4520 orientalem
1127 4468 1216 4536 qui
1263 4471 1480 4522 vocatur
1529 4471 1732 4539 Sephar
1758 4465 1784 4466 ί
1833 4473 2089 4525 morrltani
2114 4485 2158 4524 et
2191 4475 2205 4508 ι
2243 4472 2487 4523 Adamarn
2530 4481 2575 4523 et
2617 4468 2818 4523 Seboitn
2855 4484 3009 4534 usque
3038 4468 3183 4520 Lesa.
3215 4469 3377 4522 Sidon

171 4553 486 4609 extendisse
517 4556 878 4622 perhibentur.
913 4554 1076 4609 Messe
1101 4568 1184 4611 est
1207 4567 1381 4610 autem
1403 4559 1560 4614 India
1587 4565 1730 4632 regio

153 4661 298 4716 qua
326 4646 664 4713 interpretata
697 4648 893 4703 dicitur
926 4649 1117 4714 Elatio,
1146 4666 1264 4718 qua:
1285 4665 1388 4704 non
1413 4651 1728 4720 vituperabi-

167 4740 276 4793 lem
327 4751 390 4792 ac
433 4741 735 4806 superbam,
775 4742 870 4795 sed
916 4742 1059 4798 illam
1108 4745 1274 4814 magis
1308 4743 1326 4784 ι
1361 4747 1724 4803 estollentiam

168 4831 370 4886 mentis
412 4829 676 4906 significat
723 4831 787 4884 ad
831 4846 988 4902 quam
1029 4849 1127 4890 nos
1175 4839 1415 4892 hortatur
1441 4838 1723 4908 Apostolus

239 5046 268 5072 ι
299 5036 469 5099 Εἶεν..
495 5036 693 5103 Quasi.
725 5032 777 5087 in
803 5032 995 5088 Genes.

238 5105 269 5143 ιι
301 5106 407 5168 AL,
436 5105 577 5160 Sale.

242 5183 268 5242 ξ
312 5173 421 5234 ΑΙ..
452 5190 562 5242 eunt
592 5177 776 5242 ﬁlium.

235 5240 265 5280 ⁸
301 5242 446 5312 linus
470 5240 628 5297 Corb.
660 5243 864 5312 Sceleps
887 5243 970 5310 qui
990 5242 1157 5310 genuit
1179 5243 1377 5299 Jermn.

241 5321 266 5350 ο
301 5311 470 5373 llier.,
497 5313 692 5374 Quaest.
735 5317 785 5366 in
815 5314 1006 5367 Cenes.

243 5383 263 5418 τ
294 5383 401 5439 AL,
432 5377 673 5444 Caphere.

239 5461 267 5498 ι
297 5451 404 5512 AL,
433 5445 588 5500 Ehira
613 5466 630 5512 ,'
668 5451 756 5516 al.,
794 5452 985 5504 Ilieric.

239 5519 266 5556 ⁸·
296 5520 407 5584 AL,
431 5519 708 5572 abicitur...
739 5531 784 5572 et
812 5522 1087 5574 attulerint.

238 5585 259 5666 ξ
295 5591 401 5666 AL,
425 5591 752 5666 pergentium.

237 5659 255 5708 ι
289 5658 369 5712 AL
377 5700 398 5728 ,
423 5658 704 5728 designans.

1829 4564 2020 4632 quippe
2051 4561 2270 4616 Venatio
2317 4563 2560 4617 mmroris
2585 4561 2803 4622 dicitur,
2833 4561 2953 4626 quia
2995 4573 3098 4611 non
3128 4559 3230 4612 alia
3274 4561 3375 4615 hoc

1829 4654 1879 4708 in
1904 4654 2020 4707 loco
2045 4651 2201 4706 debet
2226 4652 2443 4719 intelligi
2467 4663 2712 4744 quam-ea
2738 4663 2830 4744 per
2855 4663 3010 4719 quam
3043 4649 3210 4744 hostis
3239 4653 3375 4703 anti-

1826 4759 1958 4816 quas
2003 4743 2204 4795 animas
2257 4750 2480 4793 venatur
2524 4738 2588 4791 ad
2638 4738 2947 4803 interitum;
2994 4741 3134 4796 unde
3185 4738 3372 4794 merito

1825 4833 2047 4892 Venatio
2074 4831 2325 4884 maeroris
2350 4838 2587 4894 vocatur,
2619 4831 2740 4899 quia
2767 4845 2953 4886 omnes
2967 4845 3106 4902 quos
3139 4833 3372 4901 ceperit,

1897 5033 1918 5071 ι
1946 5032 2025 5087 AI.
2037 5072 2052 5092 ,
2079 5029 2323 5081 insinuat.

1897 5101 1912 5140 ι
1952 5103 2028 5155 AI.
2040 5140 2054 5160 ,
2077 5099 2477 5154 “tolerantiam.

1890 5183 1927 5209 αι
1957 5172 2065 5235 AL,
2085 5169 2138 5220 in
2166 5170 2441 5221 dexteram.

1888 5253 1913 5278 υ
1945 5241 2048 5302 Ν..
2075 5237 2342 5291 desideria.

1889 5325 1912 5348 υ
1937 5312 2041 5372 AL,
2058 5309 2383 5376 pergentium.

1891 5393 1914 5431 P
1941 5381 2016 5431 Al.
2029 5421 2044 5442 ,
2076 5380 2223 5430 deest
2248 5376 2559 5430 orientalem.

1887 5461 1912 5500 οι
1940 5450 2040 5511 AL,
2069 5463 2199 5512 qum.
2415 5479 2420 5484 ι

1886 5529 1906 5556 ν
1936 5518 2044 5579 AL,
2073 5517 2378 5569 lambunt".

1883 5596 1904 5621 ⁸
1941 5588 2046 5649 AL,
2077 5583 2303 5648 elo-enati
2325 5605 2338 5648 ;
2361 5587 2454 5655 al.,
2477 5585 2741 5653 emanare.

1887 5659 1902 5692 ‘
1937 5657 2042 5722 AL,
2072 5655 2281 5709 Atlanta.
