  <div class='ocr_page' id='page_1' title='image "/cluster/home/n/w/nwhite01/storage/ocr_20150623/90-91/uva.x000827075/699.png"; bbox 0 0 3866 6248; ppageno 0'>
   <div class='ocr_carea' id='block_1_1' title="bbox 493 252 595 308">
    <p class='ocr_par' dir='ltr' id='par_1_1' title="bbox 493 252 595 308">
     <span class='ocr_line' id='line_1_1' title="bbox 493 252 595 308; baseline -0.049 0"><span class='ocrx_word' id='word_1_1' title='bbox 493 252 595 308; x_wconf 67' lang='grc'><strong>123</strong></span> 
     </span>
    </p>
   </div>
   <div class='ocr_carea' id='block_1_2' title="bbox 984 212 3201 307">
    <p class='ocr_par' dir='ltr' id='par_1_2' title="bbox 984 212 3201 307">
     <span class='ocr_line' id='line_1_2' title="bbox 984 212 3201 307; baseline -0.005 -2"><span class='ocrx_word' id='word_1_2' title='bbox 984 217 1180 307; x_wconf 68' lang='grc' dir='ltr'>ΒΕΟΕ</span> <span class='ocrx_word' id='word_1_3' title='bbox 1225 247 1681 307; x_wconf 73' lang='lat' dir='ltr'><strong>VENERABILIS</strong></span> <span class='ocrx_word' id='word_1_4' title='bbox 1724 238 2002 299; x_wconf 79' lang='lat' dir='ltr'><strong>OPERUM</strong></span> <span class='ocrx_word' id='word_1_5' title='bbox 2046 234 2214 292; x_wconf 74' lang='lat' dir='ltr'><strong>PARS</strong></span> <span class='ocrx_word' id='word_1_6' title='bbox 2255 237 2318 290; x_wconf 88' lang='lat' dir='ltr'><strong>H.</strong></span> <span class='ocrx_word' id='word_1_7' title='bbox 2351 267 2411 277; x_wconf 92' lang='lat'><strong>—</strong></span> <span class='ocrx_word' id='word_1_8' title='bbox 2445 237 2832 295; x_wconf 73' lang='lat' dir='ltr'><strong>EXEGETICA</strong></span> <span class='ocrx_word' id='word_1_9' title='bbox 2874 212 3201 296; x_wconf 43' lang='lat' dir='ltr'><strong>GENUINK.</strong></span> 
     </span>
    </p>
   </div>
   <div class='ocr_carea' id='block_1_3' title="bbox 3605 244 3696 300">
    <p class='ocr_par' dir='ltr' id='par_1_3' title="bbox 3605 244 3696 300">
     <span class='ocr_line' id='line_1_3' title="bbox 3605 244 3696 300; baseline 0.011 -1"><span class='ocrx_word' id='word_1_10' title='bbox 3605 244 3696 300; x_wconf 64' lang='grc' dir='ltr'>ω</span> 
     </span>
    </p>
   </div>
   <div class='ocr_carea' id='block_1_4' title="bbox 490 348 3695 435">
    <p class='ocr_par' dir='ltr' id='par_1_4' title="bbox 490 348 3695 435">
     <span class='ocr_line' id='line_1_4' title="bbox 490 348 3695 435; baseline 0.006 -46"><span class='ocrx_word' id='word_1_11' title='bbox 490 360 701 413; x_wconf 51' lang='lat' dir='ltr'><strong>“emis</strong></span> <span class='ocrx_word' id='word_1_12' title='bbox 737 359 1001 411; x_wconf 62' lang='lat' dir='ltr'><strong>domum</strong></span> <span class='ocrx_word' id='word_1_13' title='bbox 1030 360 1242 428; x_wconf 51' lang='lat' dir='ltr'><strong>subjici,</strong></span> <span class='ocrx_word' id='word_1_14' title='bbox 1272 379 1282 412; x_wconf 62' lang='grc' dir='ltr'>ε</span> <span class='ocrx_word' id='word_1_15' title='bbox 1314 359 1521 435; x_wconf 35' lang='lat' dir='ltr'><strong>(mallem</strong></span> <span class='ocrx_word' id='word_1_16' title='bbox 1554 366 1578 393; x_wconf 87' lang='lat' dir='ltr'><strong>a</strong></span> <span class='ocrx_word' id='word_1_17' title='bbox 1607 354 1832 409; x_wconf 66' lang='grc' dir='ltr'><strong>Νεωτοά</strong></span> <span class='ocrx_word' id='word_1_18' title='bbox 1860 351 2039 416; x_wconf 81' lang='lat' dir='ltr'><strong>ulique</strong></span> <span class='ocrx_word' id='word_1_19' title='bbox 2071 348 2114 404; x_wconf 78' lang='grc' dir='ltr'>Α</span> <span class='ocrx_word' id='word_1_20' title='bbox 2143 361 2259 412; x_wconf 81' lang='lat' dir='ltr'><strong>gam</strong></span> <span class='ocrx_word' id='word_1_21' title='bbox 2290 349 2516 402; x_wconf 78' lang='lat' dir='ltr'><strong>Orientis</strong></span> <span class='ocrx_word' id='word_1_22' title='bbox 2547 359 2859 417; x_wconf 85' lang='lat' dir='ltr'><strong>tenuerunt;</strong></span> <span class='ocrx_word' id='word_1_23' title='bbox 2893 353 3115 422; x_wconf 85' lang='lat' dir='ltr'><strong>ideoque</strong></span> <span class='ocrx_word' id='word_1_24' title='bbox 3145 354 3277 407; x_wconf 89' lang='lat' dir='ltr'><strong>hanc</strong></span> <span class='ocrx_word' id='word_1_25' title='bbox 3305 363 3464 421; x_wconf 81' lang='lat' dir='ltr'><strong>caput</strong></span> <span class='ocrx_word' id='word_1_26' title='bbox 3493 368 3695 410; x_wconf 85' lang='lat' dir='ltr'><strong>esseor-</strong></span> 
     </span>
    </p>
   </div>
   <div class='ocr_carea' id='block_1_5' title="bbox 492 442 2043 514">
    <p class='ocr_par' dir='ltr' id='par_1_5' title="bbox 492 442 2043 514">
     <span class='ocr_line' id='line_1_5' title="bbox 492 442 2043 514; baseline -0.003 -18"><span class='ocrx_word' id='word_1_27' title='bbox 492 449 697 514; x_wconf 85' lang='lat' dir='ltr'><strong>gigans,</strong></span> <span class='ocrx_word' id='word_1_28' title='bbox 741 447 826 514; x_wconf 90' lang='lat' dir='ltr'><strong>qui</strong></span> <span class='ocrx_word' id='word_1_29' title='bbox 873 445 1134 498; x_wconf 76' lang='lat' dir='ltr'><strong>ltuhustus</strong></span> <span class='ocrx_word' id='word_1_30' title='bbox 1163 457 1381 500; x_wconf 88' lang='lat' dir='ltr'><strong>venator</strong></span> <span class='ocrx_word' id='word_1_31' title='bbox 1417 454 1600 499; x_wconf 84' lang='lat' dir='ltr'><strong>contra</strong></span> <span class='ocrx_word' id='word_1_32' title='bbox 1633 442 1907 496; x_wconf 77' lang='lat' dir='ltr'><strong>Dominum</strong></span> <span class='ocrx_word' id='word_1_33' title='bbox 1952 455 2043 509; x_wconf 84' lang='lat' dir='ltr'><strong>ap-</strong></span> 
     </span>
    </p>
   </div>
   <div class='ocr_carea' id='block_1_6' title="bbox 494 531 2046 603">
    <p class='ocr_par' dir='ltr' id='par_1_6' title="bbox 494 531 2046 603">
     <span class='ocr_line' id='line_1_6' title="bbox 494 531 2046 603; baseline -0.003 -15"><span class='ocrx_word' id='word_1_34' title='bbox 494 537 737 603; x_wconf 76' lang='lat' dir='ltr'><strong>pellatur,</strong></span> <span class='ocrx_word' id='word_1_35' title='bbox 768 534 1041 602; x_wconf 89' lang='lat' dir='ltr'><strong>signillcat.</strong></span> <span class='ocrx_word' id='word_1_36' title='bbox 1080 536 1149 587; x_wconf 77' lang='lat' dir='ltr'><strong>lie</strong></span> <span class='ocrx_word' id='word_1_37' title='bbox 1180 534 1407 588; x_wconf 79' lang='lat' dir='ltr'><strong>Sodowa</strong></span> <span class='ocrx_word' id='word_1_38' title='bbox 1432 542 1484 587; x_wconf 91' lang='lat' dir='ltr'><strong>et</strong></span> <span class='ocrx_word' id='word_1_39' title='bbox 1516 532 1808 586; x_wconf 83' lang='lat' dir='ltr'><strong>Gomorrha</strong></span> <span class='ocrx_word' id='word_1_40' title='bbox 1840 541 1893 584; x_wconf 90' lang='lat' dir='ltr'><strong>ct</strong></span> <span class='ocrx_word' id='word_1_41' title='bbox 1919 531 2046 584; x_wconf 87' lang='lat' dir='ltr'><strong>lini-</strong></span> 
     </span>
    </p>
   </div>
   <div class='ocr_carea' id='block_1_7' title="bbox 497 624 2043 695">
    <p class='ocr_par' dir='ltr' id='par_1_7' title="bbox 497 624 2043 695">
     <span class='ocr_line' id='line_1_7' title="bbox 497 624 2043 695; baseline -0.003 -13"><span class='ocrx_word' id='word_1_42' title='bbox 497 629 638 682; x_wconf 87' lang='lat' dir='ltr'><strong>timis</strong></span> <span class='ocrx_word' id='word_1_43' title='bbox 682 628 983 681; x_wconf 71' lang='lat' dir='ltr'><strong>civitatibus</strong></span> <span class='ocrx_word' id='word_1_44' title='bbox 1027 629 1151 679; x_wconf 85' lang='lat' dir='ltr'><strong>nulli</strong></span> <span class='ocrx_word' id='word_1_45' title='bbox 1181 627 1396 680; x_wconf 86' lang='lat' dir='ltr'><strong>dubium</strong></span> <span class='ocrx_word' id='word_1_46' title='bbox 1427 626 1554 695; x_wconf 90' lang='lat' dir='ltr'><strong>quin</strong></span> <span class='ocrx_word' id='word_1_47' title='bbox 1598 627 1915 694; x_wconf 87' lang='lat' dir='ltr'><strong>sempiterna</strong></span> <span class='ocrx_word' id='word_1_48' title='bbox 1946 624 2043 678; x_wconf 91' lang='lat' dir='ltr'><strong>im-</strong></span> 
     </span>
    </p>
   </div>
   <div class='ocr_carea' id='block_1_8' title="bbox 493 717 1352 786">
    <p class='ocr_par' dir='ltr' id='par_1_8' title="bbox 493 717 1352 786">
     <span class='ocr_line' id='line_1_8' title="bbox 493 717 1352 786; baseline 0.001 -19"><span class='ocrx_word' id='word_1_49' title='bbox 493 721 696 786; x_wconf 86' lang='lat' dir='ltr'><strong>piorum</strong></span> <span class='ocrx_word' id='word_1_50' title='bbox 727 725 984 769; x_wconf 88' lang='lat' dir='ltr'><strong>tormenta</strong></span> <span class='ocrx_word' id='word_1_51' title='bbox 1019 717 1352 784; x_wconf 80' lang='lat' dir='ltr'><strong>portendant.</strong></span> 
     </span>
    </p>
   </div>
   <div class='ocr_carea' id='block_1_9' title="bbox 560 804 2042 875">
    <p class='ocr_par' dir='ltr' id='par_1_9' title="bbox 560 804 2042 875">
     <span class='ocr_line' id='line_1_9' title="bbox 560 804 2042 875; baseline -0.001 -17"><span class='ocrx_word' id='word_1_52' title='bbox 560 805 661 859; x_wconf 72' lang='lat' dir='ltr'><strong>Ila:</strong></span> <span class='ocrx_word' id='word_1_53' title='bbox 681 806 890 873; x_wconf 76' lang='lat' dir='ltr'><strong>familiar</strong></span> <span class='ocrx_word' id='word_1_54' title='bbox 914 805 1188 875; x_wconf 70' lang='lat' dir='ltr'><strong>Noejuzta</strong></span> <span class='ocrx_word' id='word_1_55' title='bbox 1219 806 1431 873; x_wconf 82' lang='lat' dir='ltr'><strong>populos</strong></span> <span class='ocrx_word' id='word_1_56' title='bbox 1467 815 1512 859; x_wconf 89' lang='lat' dir='ltr'><strong>et</strong></span> <span class='ocrx_word' id='word_1_57' title='bbox 1544 807 1768 859; x_wconf 84' lang='lat' dir='ltr'><strong>nationes</strong></span> <span class='ocrx_word' id='word_1_58' title='bbox 1796 821 1933 859; x_wconf 89' lang='lat' dir='ltr'><strong>suas.</strong></span> <span class='ocrx_word' id='word_1_59' title='bbox 1966 804 2042 857; x_wconf 78' lang='lat' dir='ltr'><strong>Ab</strong></span> 
     </span>
    </p>
   </div>
   <div class='ocr_carea' id='block_1_10' title="bbox 489 891 2043 963">
    <p class='ocr_par' dir='ltr' id='par_1_10' title="bbox 489 891 2043 963">
     <span class='ocr_line' id='line_1_10' title="bbox 489 891 2043 963; baseline 0.002 -20"><span class='ocrx_word' id='word_1_60' title='bbox 489 891 567 945; x_wconf 81' lang='lat' dir='ltr'><strong>Itis</strong></span> <span class='ocrx_word' id='word_1_61' title='bbox 587 892 760 946; x_wconf 67' lang='lat' dir='ltr'><strong>diuisa</strong></span> <span class='ocrx_word' id='word_1_62' title='bbox 780 903 895 946; x_wconf 84' lang='lat' dir='ltr'><strong>sunt</strong></span> <span class='ocrx_word' id='word_1_63' title='bbox 923 901 1090 961; x_wconf 85' lang='lat' dir='ltr'><strong>gentes</strong></span> <span class='ocrx_word' id='word_1_64' title='bbox 1110 895 1161 945; x_wconf 89' lang='lat' dir='ltr'><strong>in</strong></span> <span class='ocrx_word' id='word_1_65' title='bbox 1184 904 1316 946; x_wconf 85' lang='lat' dir='ltr'><strong>terra</strong></span> <span class='ocrx_word' id='word_1_66' title='bbox 1331 903 1439 963; x_wconf 83' lang='lat' dir='ltr'><strong>post</strong></span> <span class='ocrx_word' id='word_1_67' title='bbox 1462 895 1729 947; x_wconf 80' lang='lat' dir='ltr'><strong>diluvium.</strong></span> <span class='ocrx_word' id='word_1_68' title='bbox 1753 894 2043 949; x_wconf 78' lang='lat' dir='ltr'><strong>Recenseat</strong></span> 
     </span>
    </p>
   </div>
   <div class='ocr_carea' id='block_1_11' title="bbox 489 983 2042 1051">
    <p class='ocr_par' dir='ltr' id='par_1_11' title="bbox 489 983 2042 1051">
     <span class='ocr_line' id='line_1_11' title="bbox 489 983 2042 1051; baseline 0.001 -15"><span class='ocrx_word' id='word_1_69' title='bbox 489 983 714 1051; x_wconf 75' lang='lat' dir='ltr'><strong>diligens</strong></span> <span class='ocrx_word' id='word_1_70' title='bbox 764 985 928 1037; x_wconf 90' lang='lat' dir='ltr'><strong>lector</strong></span> <span class='ocrx_word' id='word_1_71' title='bbox 953 999 1018 1037; x_wconf 85' lang='lat' dir='ltr'><strong>ex</strong></span> <span class='ocrx_word' id='word_1_72' title='bbox 1060 984 1244 1037; x_wconf 88' lang='lat' dir='ltr'><strong>ordine</strong></span> <span class='ocrx_word' id='word_1_73' title='bbox 1271 985 1478 1038; x_wconf 90' lang='lat' dir='ltr'><strong>nomina</strong></span> <span class='ocrx_word' id='word_1_74' title='bbox 1511 985 1780 1039; x_wconf 79' lang='lat' dir='ltr'><strong>hominum</strong></span> <span class='ocrx_word' id='word_1_75' title='bbox 1809 984 1918 1039; x_wconf 90' lang='lat' dir='ltr'><strong>sive</strong></span> <span class='ocrx_word' id='word_1_76' title='bbox 1953 998 2042 1051; x_wconf 82' lang='lat' dir='ltr'><strong>po-</strong></span> 
     </span>
    </p>
   </div>
   <div class='ocr_carea' id='block_1_12' title="bbox 495 1075 2042 1146">
    <p class='ocr_par' dir='ltr' id='par_1_12' title="bbox 495 1075 2042 1146">
     <span class='ocr_line' id='line_1_12' title="bbox 495 1075 2042 1146; baseline 0.001 -20"><span class='ocrx_word' id='word_1_77' title='bbox 495 1075 740 1141; x_wconf 79' lang='lat' dir='ltr'><strong>pulcrum</strong></span> <span class='ocrx_word' id='word_1_78' title='bbox 764 1076 852 1143; x_wconf 85' lang='lat' dir='ltr'><strong>qui</strong></span> <span class='ocrx_word' id='word_1_79' title='bbox 881 1089 946 1128; x_wconf 89' lang='lat' dir='ltr'><strong>ex</strong></span> <span class='ocrx_word' id='word_1_80' title='bbox 973 1075 1138 1129; x_wconf 90' lang='lat' dir='ltr'><strong>tribus</strong></span> <span class='ocrx_word' id='word_1_81' title='bbox 1165 1077 1283 1131; x_wconf 86' lang='lat' dir='ltr'><strong>llliis</strong></span> <span class='ocrx_word' id='word_1_82' title='bbox 1312 1079 1416 1130; x_wconf 89' lang='lat' dir='ltr'><strong>nati</strong></span> <span class='ocrx_word' id='word_1_83' title='bbox 1443 1093 1559 1132; x_wconf 90' lang='lat' dir='ltr'><strong>esse</strong></span> <span class='ocrx_word' id='word_1_84' title='bbox 1586 1079 1946 1146; x_wconf 87' lang='lat' dir='ltr'><strong>perhibentur,</strong></span> <span class='ocrx_word' id='word_1_85' title='bbox 1992 1085 2042 1129; x_wconf 91' lang='lat' dir='ltr'><strong>et</strong></span> 
     </span>
    </p>
   </div>
   <div class='ocr_carea' id='block_1_13' title="bbox 491 1161 2043 1220">
    <p class='ocr_par' dir='ltr' id='par_1_13' title="bbox 491 1161 2043 1220">
     <span class='ocr_line' id='line_1_13' title="bbox 491 1161 2043 1220; baseline 0.001 -4"><span class='ocrx_word' id='word_1_86' title='bbox 491 1161 519 1202; x_wconf 66' lang='grc' dir='ltr'>δ</span> <span class='ocrx_word' id='word_1_87' title='bbox 549 1161 881 1217; x_wconf 83' lang='lat' dir='ltr'><strong>invenientur</strong></span> <span class='ocrx_word' id='word_1_88' title='bbox 901 1179 1121 1219; x_wconf 88' lang='lat' dir='ltr'><strong>numero</strong></span> <span class='ocrx_word' id='word_1_89' title='bbox 1144 1180 1246 1218; x_wconf 79' lang='lat' dir='ltr'><strong>Lxx</strong></span> <span class='ocrx_word' id='word_1_90' title='bbox 1269 1178 1319 1220; x_wconf 90' lang='lat' dir='ltr'><strong>et</strong></span> <span class='ocrx_word' id='word_1_91' title='bbox 1343 1182 1535 1220; x_wconf 91' lang='lat' dir='ltr'><strong>unum:</strong></span> <span class='ocrx_word' id='word_1_92' title='bbox 1567 1181 1665 1220; x_wconf 87' lang='lat' dir='ltr'><strong>xm</strong></span> <span class='ocrx_word' id='word_1_93' title='bbox 1696 1162 1940 1219; x_wconf 76' lang='lat' dir='ltr'><strong>videlicet</strong></span> <span class='ocrx_word' id='word_1_94' title='bbox 1977 1163 2043 1218; x_wconf 91' lang='lat' dir='ltr'><strong>de</strong></span> 
     </span>
    </p>
   </div>
   <div class='ocr_carea' id='block_1_14' title="bbox 491 1251 2043 1323">
    <p class='ocr_par' dir='ltr' id='par_1_14' title="bbox 491 1251 2043 1323">
     <span class='ocr_line' id='line_1_14' title="bbox 491 1251 2043 1323; baseline 0.002 -18"><span class='ocrx_word' id='word_1_95' title='bbox 491 1251 738 1319; x_wconf 75' lang='lat' dir='ltr'><strong>Japheth,</strong></span> <span class='ocrx_word' id='word_1_96' title='bbox 761 1269 883 1308; x_wconf 82' lang='lat' dir='ltr'><strong>xxxi</strong></span> <span class='ocrx_word' id='word_1_97' title='bbox 907 1253 974 1309; x_wconf 89' lang='lat' dir='ltr'><strong>de</strong></span> <span class='ocrx_word' id='word_1_98' title='bbox 1000 1255 1186 1320; x_wconf 86' lang='lat' dir='ltr'><strong>Cham,</strong></span> <span class='ocrx_word' id='word_1_99' title='bbox 1219 1271 1337 1309; x_wconf 82' lang='lat' dir='ltr'><strong>xxvi</strong></span> <span class='ocrx_word' id='word_1_100' title='bbox 1367 1255 1434 1310; x_wconf 91' lang='lat' dir='ltr'><strong>de</strong></span> <span class='ocrx_word' id='word_1_101' title='bbox 1464 1256 1606 1321; x_wconf 89' lang='lat' dir='ltr'><strong>Sem,</strong></span> <span class='ocrx_word' id='word_1_102' title='bbox 1635 1270 1699 1309; x_wconf 87' lang='lat' dir='ltr'><strong>ex</strong></span> <span class='ocrx_word' id='word_1_103' title='bbox 1736 1254 1924 1323; x_wconf 85' lang='lat' dir='ltr'><strong>quibus</strong></span> <span class='ocrx_word' id='word_1_104' title='bbox 1965 1263 2043 1308; x_wconf 81' lang='lat' dir='ltr'><strong>to-</strong></span> 
     </span>
    </p>
   </div>
   <div class='ocr_carea' id='block_1_15' title="bbox 489 1342 2040 1413">
    <p class='ocr_par' dir='ltr' id='par_1_15' title="bbox 489 1342 2040 1413">
     <span class='ocr_line' id='line_1_15' title="bbox 489 1342 2040 1413; baseline 0.003 -20"><span class='ocrx_word' id='word_1_105' title='bbox 489 1342 650 1394; x_wconf 87' lang='lat' dir='ltr'><strong>tidem</strong></span> <span class='ocrx_word' id='word_1_106' title='bbox 673 1344 901 1410; x_wconf 86' lang='lat' dir='ltr'><strong>gentium</strong></span> <span class='ocrx_word' id='word_1_107' title='bbox 932 1344 1134 1413; x_wconf 75' lang='lat' dir='ltr'><strong>linguas</strong></span> <span class='ocrx_word' id='word_1_108' title='bbox 1161 1353 1215 1397; x_wconf 90' lang='lat' dir='ltr'><strong>et</strong></span> <span class='ocrx_word' id='word_1_109' title='bbox 1241 1345 1481 1398; x_wconf 87' lang='lat' dir='ltr'><strong>nationes</strong></span> <span class='ocrx_word' id='word_1_110' title='bbox 1518 1345 1768 1397; x_wconf 90' lang='lat' dir='ltr'><strong>mundum</strong></span> <span class='ocrx_word' id='word_1_111' title='bbox 1797 1345 2040 1413; x_wconf 86' lang='lat' dir='ltr'><strong>implesse</strong></span> 
     </span>
    </p>
   </div>
   <div class='ocr_carea' id='block_1_16' title="bbox 490 1431 2035 1500">
    <p class='ocr_par' dir='ltr' id='par_1_16' title="bbox 490 1431 2035 1500">
     <span class='ocr_line' id='line_1_16' title="bbox 490 1431 2035 1500; baseline 0.001 -16"><span class='ocrx_word' id='word_1_112' title='bbox 490 1440 514 1469; x_wconf 74' lang='lat'><strong>¢</strong></span> <span class='ocrx_word' id='word_1_113' title='bbox 544 1431 846 1497; x_wconf 87' lang='lat' dir='ltr'><strong>creduntur,</strong></span> <span class='ocrx_word' id='word_1_114' title='bbox 879 1434 957 1487; x_wconf 89' lang='lat' dir='ltr'><strong>vel</strong></span> <span class='ocrx_word' id='word_1_115' title='bbox 991 1436 1163 1498; x_wconf 86' lang='lat' dir='ltr'><strong>potius</strong></span> <span class='ocrx_word' id='word_1_116' title='bbox 1193 1448 1355 1500; x_wconf 81' lang='lat' dir='ltr'><strong>Lxxn,</strong></span> <span class='ocrx_word' id='word_1_117' title='bbox 1403 1442 1468 1487; x_wconf 84' lang='lat' dir='ltr'><strong>ut</strong></span> <span class='ocrx_word' id='word_1_118' title='bbox 1489 1433 1679 1487; x_wconf 92' lang='lat' dir='ltr'><strong>clarior</strong></span> <span class='ocrx_word' id='word_1_119' title='bbox 1701 1435 1834 1487; x_wconf 73' lang='lat' dir='ltr'><strong>fama</strong></span> <span class='ocrx_word' id='word_1_120' title='bbox 1860 1434 2035 1496; x_wconf 82' lang='lat' dir='ltr'><strong>habet,</strong></span> 
     </span>
    </p>
   </div>
   <div class='ocr_carea' id='block_1_17' title="bbox 485 1521 2038 1592">
    <p class='ocr_par' dir='ltr' id='par_1_17' title="bbox 485 1521 2038 1592">
     <span class='ocr_line' id='line_1_17' title="bbox 485 1521 2038 1592; baseline 0.003 -20"><span class='ocrx_word' id='word_1_121' title='bbox 485 1536 606 1573; x_wconf 87' lang='lat' dir='ltr'><strong>cum</strong></span> <span class='ocrx_word' id='word_1_122' title='bbox 629 1521 813 1589; x_wconf 79' lang='lat' dir='ltr'><strong>aliquis</strong></span> <span class='ocrx_word' id='word_1_123' title='bbox 843 1523 996 1576; x_wconf 82' lang='lat' dir='ltr'><strong>fuerit</strong></span> <span class='ocrx_word' id='word_1_124' title='bbox 1014 1538 1199 1578; x_wconf 92' lang='lat' dir='ltr'><strong>eorum</strong></span> <span class='ocrx_word' id='word_1_125' title='bbox 1225 1523 1290 1577; x_wconf 89' lang='lat' dir='ltr'><strong>de</strong></span> <span class='ocrx_word' id='word_1_126' title='bbox 1317 1538 1422 1592; x_wconf 91' lang='lat' dir='ltr'><strong>quo</strong></span> <span class='ocrx_word' id='word_1_127' title='bbox 1452 1524 1786 1592; x_wconf 76' lang='lat' dir='ltr'><strong>poetmodum</strong></span> <span class='ocrx_word' id='word_1_128' title='bbox 1813 1523 1930 1577; x_wconf 65' lang='lat' dir='ltr'><strong>duae</strong></span> <span class='ocrx_word' id='word_1_129' title='bbox 1948 1537 2038 1577; x_wconf 89' lang='lat' dir='ltr'><strong>na-</strong></span> 
     </span>
    </p>
   </div>
   <div class='ocr_carea' id='block_1_18' title="bbox 486 1613 2036 1680">
    <p class='ocr_par' dir='ltr' id='par_1_18' title="bbox 486 1613 2036 1680">
     <span class='ocr_line' id='line_1_18' title="bbox 486 1613 2036 1680; baseline 0.002 -17"><span class='ocrx_word' id='word_1_130' title='bbox 486 1613 655 1664; x_wconf 85' lang='lat' dir='ltr'><strong>tiones</strong></span> <span class='ocrx_word' id='word_1_131' title='bbox 680 1622 732 1665; x_wconf 93' lang='lat' dir='ltr'><strong>et</strong></span> <span class='ocrx_word' id='word_1_132' title='bbox 755 1613 930 1680; x_wconf 88' lang='lat' dir='ltr'><strong>populi</strong></span> <span class='ocrx_word' id='word_1_133' title='bbox 960 1622 1328 1678; x_wconf 86' lang='lat' dir='ltr'><strong>nascerentur;</strong></span> <span class='ocrx_word' id='word_1_134' title='bbox 1362 1615 1463 1667; x_wconf 85' lang='lat' dir='ltr'><strong>nisi</strong></span> <span class='ocrx_word' id='word_1_135' title='bbox 1489 1613 1624 1668; x_wconf 79' lang='lat' dir='ltr'><strong>forte</strong></span> <span class='ocrx_word' id='word_1_136' title='bbox 1658 1614 1762 1668; x_wconf 92' lang='lat' dir='ltr'><strong>duo</strong></span> <span class='ocrx_word' id='word_1_137' title='bbox 1789 1629 1909 1668; x_wconf 88' lang='lat' dir='ltr'><strong>esse</strong></span> <span class='ocrx_word' id='word_1_138' title='bbox 1933 1616 2036 1666; x_wconf 85' lang='lat' dir='ltr'><strong>As-</strong></span> 
     </span>
    </p>
   </div>
   <div class='ocr_carea' id='block_1_19' title="bbox 483 1705 2037 1778">
    <p class='ocr_par' dir='ltr' id='par_1_19' title="bbox 483 1705 2037 1778">
     <span class='ocr_line' id='line_1_19' title="bbox 483 1705 2037 1778; baseline 0.002 -24"><span class='ocrx_word' id='word_1_139' title='bbox 483 1715 594 1767; x_wconf 84' lang='lat' dir='ltr'><strong>sur,</strong></span> <span class='ocrx_word' id='word_1_140' title='bbox 624 1712 674 1757; x_wconf 90' lang='lat' dir='ltr'><strong>et</strong></span> <span class='ocrx_word' id='word_1_141' title='bbox 698 1705 827 1758; x_wconf 90' lang='lat' dir='ltr'><strong>duos</strong></span> <span class='ocrx_word' id='word_1_142' title='bbox 872 1719 1083 1778; x_wconf 86' lang='lat' dir='ltr'><strong>creasse</strong></span> <span class='ocrx_word' id='word_1_143' title='bbox 1124 1705 1342 1772; x_wconf 89' lang='lat' dir='ltr'><strong>p0pulos</strong></span> <span class='ocrx_word' id='word_1_144' title='bbox 1371 1705 1691 1774; x_wconf 78' lang='lat' dir='ltr'><strong>intelligendi</strong></span> <span class='ocrx_word' id='word_1_145' title='bbox 1722 1714 1872 1758; x_wconf 88' lang='lat' dir='ltr'><strong>snnt:</strong></span> <span class='ocrx_word' id='word_1_146' title='bbox 1904 1719 2037 1757; x_wconf 89' lang='lat' dir='ltr'><strong>unus</strong></span> 
     </span>
    </p>
   </div>
   <div class='ocr_carea' id='block_1_20' title="bbox 433 1789 2038 1858">
    <p class='ocr_par' dir='ltr' id='par_1_20' title="bbox 433 1789 2038 1858">
     <span class='ocr_line' id='line_1_20' title="bbox 433 1789 2038 1858; baseline 0.003 -17"><span class='ocrx_word' id='word_1_147' title='bbox 433 1854 435 1856; x_wconf 22' lang='grc' dir='ltr'><strong>η</strong></span> <span class='ocrx_word' id='word_1_148' title='bbox 485 1791 571 1858; x_wconf 88' lang='lat' dir='ltr'><strong>qui</strong></span> <span class='ocrx_word' id='word_1_149' title='bbox 597 1789 665 1843; x_wconf 92' lang='lat' dir='ltr'><strong>de</strong></span> <span class='ocrx_word' id='word_1_150' title='bbox 695 1799 832 1844; x_wconf 89' lang='lat' dir='ltr'><strong>terra</strong></span> <span class='ocrx_word' id='word_1_151' title='bbox 860 1792 1097 1850; x_wconf 86' lang='lat' dir='ltr'><strong>Sennaar</strong></span> <span class='ocrx_word' id='word_1_152' title='bbox 1127 1806 1370 1858; x_wconf 82' lang='lat' dir='ltr'><strong>egressus</strong></span> <span class='ocrx_word' id='word_1_153' title='bbox 1401 1791 1637 1847; x_wconf 81' lang='lat' dir='ltr'><strong>Ninivem</strong></span> <span class='ocrx_word' id='word_1_154' title='bbox 1658 1793 1956 1855; x_wconf 81' lang='lat' dir='ltr'><strong>:edilicavit,</strong></span> <span class='ocrx_word' id='word_1_155' title='bbox 1985 1801 2038 1846; x_wconf 89' lang='lat' dir='ltr'><strong>et</strong></span> 
     </span>
    </p>
   </div>
   <div class='ocr_carea' id='block_1_21' title="bbox 484 1879 2035 1944">
    <p class='ocr_par' dir='ltr' id='par_1_21' title="bbox 484 1879 2035 1944">
     <span class='ocr_line' id='line_1_21' title="bbox 484 1879 2035 1944; baseline 0.001 -12"><span class='ocrx_word' id='word_1_156' title='bbox 484 1880 618 1933; x_wconf 85' lang='lat' dir='ltr'><strong>alter</strong></span> <span class='ocrx_word' id='word_1_157' title='bbox 643 1879 778 1932; x_wconf 88' lang='lat' dir='ltr'><strong>lilius</strong></span> <span class='ocrx_word' id='word_1_158' title='bbox 804 1881 924 1932; x_wconf 84' lang='lat' dir='ltr'><strong>Sem</strong></span> <span class='ocrx_word' id='word_1_159' title='bbox 946 1895 960 1944; x_wconf 91' lang='lat'><strong>;</strong></span> <span class='ocrx_word' id='word_1_160' title='bbox 984 1890 1038 1934; x_wconf 91' lang='lat' dir='ltr'><strong>et</strong></span> <span class='ocrx_word' id='word_1_161' title='bbox 1082 1881 1160 1932; x_wconf 92' lang='lat' dir='ltr'><strong>sic</strong></span> <span class='ocrx_word' id='word_1_162' title='bbox 1187 1896 1435 1935; x_wconf 87' lang='lat' dir='ltr'><strong>numerus</strong></span> <span class='ocrx_word' id='word_1_163' title='bbox 1469 1897 1568 1934; x_wconf 68' lang='grc' dir='ltr'><strong>ιιι</strong></span> <span class='ocrx_word' id='word_1_164' title='bbox 1595 1881 1811 1934; x_wconf 88' lang='lat' dir='ltr'><strong>duarum</strong></span> <span class='ocrx_word' id='word_1_165' title='bbox 1864 1882 2035 1935; x_wconf 88' lang='lat' dir='ltr'><strong>natio-</strong></span> 
     </span>
    </p>
   </div>
   <div class='ocr_carea' id='block_1_22' title="bbox 483 1967 2035 2040">
    <p class='ocr_par' dir='ltr' id='par_1_22' title="bbox 483 1967 2035 2040">
     <span class='ocr_line' id='line_1_22' title="bbox 483 1967 2035 2040; baseline 0.003 -20"><span class='ocrx_word' id='word_1_166' title='bbox 483 1982 607 2021; x_wconf 91' lang='lat' dir='ltr'><strong>num</strong></span> <span class='ocrx_word' id='word_1_167' title='bbox 632 1967 998 2036; x_wconf 88' lang='lat' dir='ltr'><strong>adimpleatur.</strong></span> <span class='ocrx_word' id='word_1_168' title='bbox 1031 1968 1211 2037; x_wconf 85' lang='lat' dir='ltr'><strong>Neque</strong></span> <span class='ocrx_word' id='word_1_169' title='bbox 1241 1970 1334 2023; x_wconf 90' lang='lat' dir='ltr'><strong>abs</strong></span> <span class='ocrx_word' id='word_1_170' title='bbox 1365 1985 1421 2023; x_wconf 91' lang='lat' dir='ltr'><strong>re</strong></span> <span class='ocrx_word' id='word_1_171' title='bbox 1447 1969 1653 2025; x_wconf 88' lang='lat' dir='ltr'><strong>videtur</strong></span> <span class='ocrx_word' id='word_1_172' title='bbox 1673 1971 1808 2040; x_wconf 89' lang='lat' dir='ltr'><strong>quod</strong></span> <span class='ocrx_word' id='word_1_173' title='bbox 1860 1971 2035 2024; x_wconf 82' lang='lat' dir='ltr'><strong>Domi-</strong></span> 
     </span>
    </p>
   </div>
   <div class='ocr_carea' id='block_1_23' title="bbox 484 2060 2028 2131">
    <p class='ocr_par' dir='ltr' id='par_1_23' title="bbox 484 2060 2028 2131">
     <span class='ocr_line' id='line_1_23' title="bbox 484 2060 2028 2131; baseline 0.003 -19"><span class='ocrx_word' id='word_1_174' title='bbox 484 2075 584 2112; x_wconf 81' lang='lat' dir='ltr'><strong>nus</strong></span> <span class='ocrx_word' id='word_1_175' title='bbox 615 2060 729 2120; x_wconf 79' lang='lat' dir='ltr'><strong>ideo</strong></span> <span class='ocrx_word' id='word_1_176' title='bbox 782 2075 920 2113; x_wconf 78' lang='lat' dir='ltr'><strong>Lxxtt</strong></span> <span class='ocrx_word' id='word_1_177' title='bbox 962 2061 1027 2114; x_wconf 90' lang='lat' dir='ltr'><strong>ad</strong></span> <span class='ocrx_word' id='word_1_178' title='bbox 1058 2062 1450 2127; x_wconf 67' lang='lat' dir='ltr'><strong>prmdicandum</strong></span> <span class='ocrx_word' id='word_1_179' title='bbox 1500 2063 1783 2131; x_wconf 80' lang='lat' dir='ltr'><strong>discipulos</strong></span> <span class='ocrx_word' id='word_1_180' title='bbox 1807 2065 2028 2130; x_wconf 83' lang='lat' dir='ltr'><strong>miserit,</strong></span> 
     </span>
    </p>
   </div>
   <div class='ocr_carea' id='block_1_24' title="bbox 484 2137 2029 2221">
    <p class='ocr_par' dir='ltr' id='par_1_24' title="bbox 484 2137 2029 2221">
     <span class='ocr_line' id='line_1_24' title="bbox 484 2137 2029 2221; baseline 0.004 -20"><span class='ocrx_word' id='word_1_181' title='bbox 484 2150 624 2218; x_wconf 90' lang='lat' dir='ltr'><strong>quod</strong></span> <span class='ocrx_word' id='word_1_182' title='bbox 655 2157 731 2202; x_wconf 88' lang='lat' dir='ltr'><strong>tot</strong></span> <span class='ocrx_word' id='word_1_183' title='bbox 755 2137 932 2203; x_wconf 86' lang='lat' dir='ltr'><strong>essent</strong></span> <span class='ocrx_word' id='word_1_184' title='bbox 949 2158 1131 2216; x_wconf 85' lang='lat' dir='ltr'><strong>gentes</strong></span> <span class='ocrx_word' id='word_1_185' title='bbox 1147 2160 1200 2206; x_wconf 91' lang='lat' dir='ltr'><strong>et</strong></span> <span class='ocrx_word' id='word_1_186' title='bbox 1219 2153 1428 2221; x_wconf 69' lang='lat' dir='ltr'><strong>linguae,</strong></span> <span class='ocrx_word' id='word_1_187' title='bbox 1448 2154 1637 2220; x_wconf 84' lang='lat' dir='ltr'><strong>quibus</strong></span> <span class='ocrx_word' id='word_1_188' title='bbox 1660 2156 1874 2210; x_wconf 80' lang='lat' dir='ltr'><strong>verbum</strong></span> <span class='ocrx_word' id='word_1_189' title='bbox 1894 2169 2029 2221; x_wconf 75' lang='lat' dir='ltr'><strong>prte-</strong></span> 
     </span>
    </p>
   </div>
   <div class='ocr_carea' id='block_1_25' title="bbox 487 2239 2031 2311">
    <p class='ocr_par' dir='ltr' id='par_1_25' title="bbox 487 2239 2031 2311">
     <span class='ocr_line' id='line_1_25' title="bbox 487 2239 2031 2311; baseline 0.005 -19"><span class='ocrx_word' id='word_1_190' title='bbox 487 2239 762 2293; x_wconf 86' lang='lat' dir='ltr'><strong>dicationis</strong></span> <span class='ocrx_word' id='word_1_191' title='bbox 791 2243 1376 2308; x_wconf 90' lang='lat' dir='ltr'><strong>eratcommittendum,</strong></span> <span class='ocrx_word' id='word_1_192' title='bbox 1409 2252 1465 2295; x_wconf 92' lang='lat' dir='ltr'><strong>ut</strong></span> <span class='ocrx_word' id='word_1_193' title='bbox 1493 2245 1628 2296; x_wconf 86' lang='lat' dir='ltr'><strong>sicut</strong></span> <span class='ocrx_word' id='word_1_194' title='bbox 1655 2247 1799 2311; x_wconf 88' lang='lat' dir='ltr'><strong>prius</strong></span> <span class='ocrx_word' id='word_1_195' title='bbox 1835 2245 2031 2299; x_wconf 85' lang='lat' dir='ltr'><strong>duode-</strong></span> 
     </span>
    </p>
   </div>
   <div class='ocr_carea' id='block_1_26' title="bbox 479 2327 2027 2398">
    <p class='ocr_par' dir='ltr' id='par_1_26' title="bbox 479 2327 2027 2398">
     <span class='ocr_line' id='line_1_26' title="bbox 479 2327 2027 2398; baseline 0.006 -18"><span class='ocrx_word' id='word_1_196' title='bbox 479 2327 582 2380; x_wconf 87' lang='lat' dir='ltr'><strong>cim</strong></span> <span class='ocrx_word' id='word_1_197' title='bbox 603 2328 869 2396; x_wconf 81' lang='lat' dir='ltr'><strong>apostolos</strong></span> <span class='ocrx_word' id='word_1_198' title='bbox 897 2330 1053 2398; x_wconf 88' lang='lat' dir='ltr'><strong>elegit</strong></span> <span class='ocrx_word' id='word_1_199' title='bbox 1080 2333 1536 2398; x_wconf 89' lang='lat' dir='ltr'><strong>proptertotidem</strong></span> <span class='ocrx_word' id='word_1_200' title='bbox 1566 2333 1728 2387; x_wconf 89' lang='lat' dir='ltr'><strong>tribus</strong></span> <span class='ocrx_word' id='word_1_201' title='bbox 1758 2334 1914 2388; x_wconf 91' lang='lat' dir='ltr'><strong>lsrael</strong></span> <span class='ocrx_word' id='word_1_202' title='bbox 1963 2335 2027 2389; x_wconf 92' lang='lat' dir='ltr'><strong>ad</strong></span> 
     </span>
    </p>
   </div>
   <div class='ocr_carea' id='block_1_27' title="bbox 480 2417 2029 2491">
    <p class='ocr_par' dir='ltr' id='par_1_27' title="bbox 480 2417 2029 2491">
     <span class='ocr_line' id='line_1_27' title="bbox 480 2417 2029 2491; baseline 0.006 -22"><span class='ocrx_word' id='word_1_203' title='bbox 480 2417 633 2471; x_wconf 74' lang='lat' dir='ltr'><strong>[idem</strong></span> <span class='ocrx_word' id='word_1_204' title='bbox 649 2419 940 2483; x_wconf 84' lang='lat' dir='ltr'><strong>vocandas;</strong></span> <span class='ocrx_word' id='word_1_205' title='bbox 964 2421 1031 2474; x_wconf 90' lang='lat' dir='ltr'><strong>ita</strong></span> <span class='ocrx_word' id='word_1_206' title='bbox 1050 2422 1384 2485; x_wconf 84' lang='lat' dir='ltr'><strong>postmodum</strong></span> <span class='ocrx_word' id='word_1_207' title='bbox 1398 2426 1723 2491; x_wconf 83' lang='lat' dir='ltr'><strong>septuaginta</strong></span> <span class='ocrx_word' id='word_1_208' title='bbox 1739 2426 1871 2478; x_wconf 88' lang='lat' dir='ltr'><strong>duos</strong></span> <span class='ocrx_word' id='word_1_209' title='bbox 1891 2428 2029 2479; x_wconf 86' lang='lat' dir='ltr'><strong>desi-</strong></span> 
     </span>
    </p>
   </div>
   <div class='ocr_carea' id='block_1_28' title="bbox 483 2508 2023 2578">
    <p class='ocr_par' dir='ltr' id='par_1_28' title="bbox 483 2508 2023 2578">
     <span class='ocr_line' id='line_1_28' title="bbox 483 2508 2023 2578; baseline 0.006 -20"><span class='ocrx_word' id='word_1_210' title='bbox 483 2508 932 2574; x_wconf 85' lang='lat' dir='ltr'><strong>gnaretdoctores</strong></span> <span class='ocrx_word' id='word_1_211' title='bbox 943 2508 1006 2560; x_wconf 89' lang='lat' dir='ltr'><strong>ad</strong></span> <span class='ocrx_word' id='word_1_212' title='bbox 1026 2508 1386 2563; x_wconf 85' lang='lat' dir='ltr'><strong>insinuandam</strong></span> <span class='ocrx_word' id='word_1_213' title='bbox 1415 2512 1646 2578; x_wconf 90' lang='lat' dir='ltr'><strong>gentium</strong></span> <span class='ocrx_word' id='word_1_214' title='bbox 1667 2512 2023 2567; x_wconf 90' lang='lat' dir='ltr'><strong>universarum</strong></span> 
     </span>
    </p>
   </div>
   <div class='ocr_carea' id='block_1_29' title="bbox 476 2597 2022 2671">
    <p class='ocr_par' dir='ltr' id='par_1_29' title="bbox 476 2597 2022 2671">
     <span class='ocr_line' id='line_1_29' title="bbox 476 2597 2022 2671; baseline 0.005 -21"><span class='ocrx_word' id='word_1_215' title='bbox 476 2597 962 2666; x_wconf 83' lang='lat' dir='ltr'><strong>salvationem,qu:e</strong></span> <span class='ocrx_word' id='word_1_216' title='bbox 978 2597 1162 2652; x_wconf 88' lang='lat' dir='ltr'><strong>eodem</strong></span> <span class='ocrx_word' id='word_1_217' title='bbox 1179 2608 1351 2652; x_wconf 90' lang='lat' dir='ltr'><strong>essent</strong></span> <span class='ocrx_word' id='word_1_218' title='bbox 1377 2615 1595 2655; x_wconf 91' lang='lat' dir='ltr'><strong>numero</strong></span> <span class='ocrx_word' id='word_1_219' title='bbox 1607 2602 2022 2671; x_wconf 74' lang='lat' dir='ltr'><strong>comprehenszr.</strong></span> 
     </span>
    </p>
   </div>
   <div class='ocr_carea' id='block_1_30' title="bbox 543 2686 2022 2749">
    <p class='ocr_par' dir='ltr' id='par_1_30' title="bbox 543 2686 2022 2749">
     <span class='ocr_line' id='line_1_30' title="bbox 543 2686 2022 2749; baseline 0.007 -10"><span class='ocrx_word' id='word_1_220' title='bbox 543 2686 673 2741; x_wconf 83' lang='lat' dir='ltr'><strong>Erat</strong></span> <span class='ocrx_word' id='word_1_221' title='bbox 712 2697 877 2741; x_wconf 82' lang='lat' dir='ltr'><strong>autem</strong></span> <span class='ocrx_word' id='word_1_222' title='bbox 924 2699 1056 2741; x_wconf 88' lang='lat' dir='ltr'><strong>terra</strong></span> <span class='ocrx_word' id='word_1_223' title='bbox 1085 2690 1206 2742; x_wconf 80' lang='lat' dir='ltr'><strong>(abii</strong></span> <span class='ocrx_word' id='word_1_224' title='bbox 1250 2692 1395 2745; x_wconf 87' lang='lat' dir='ltr'><strong>unius</strong></span> <span class='ocrx_word' id='word_1_225' title='bbox 1422 2701 1468 2744; x_wconf 87' lang='lat' dir='ltr'><strong>et</strong></span> <span class='ocrx_word' id='word_1_226' title='bbox 1502 2709 1783 2747; x_wconf 77' lang='lat' dir='ltr'><strong>sermonum</strong></span> <span class='ocrx_word' id='word_1_227' title='bbox 1824 2712 2022 2749; x_wconf 88' lang='lat' dir='ltr'><strong>eorum-</strong></span> 
     </span>
    </p>
   </div>
   <div class='ocr_carea' id='block_1_31' title="bbox 475 2777 2025 2847">
    <p class='ocr_par' dir='ltr' id='par_1_31' title="bbox 475 2777 2025 2847">
     <span class='ocr_line' id='line_1_31' title="bbox 475 2777 2025 2847; baseline 0.007 -18"><span class='ocrx_word' id='word_1_228' title='bbox 475 2777 607 2830; x_wconf 85' lang='lat' dir='ltr'><strong>dem.</strong></span> <span class='ocrx_word' id='word_1_229' title='bbox 636 2777 765 2842; x_wconf 85' lang='lat' dir='ltr'><strong>Quia</strong></span> <span class='ocrx_word' id='word_1_230' title='bbox 793 2780 1204 2847; x_wconf 60' lang='lat' dir='ltr'><strong>praeoccupando</strong></span> <span class='ocrx_word' id='word_1_231' title='bbox 1225 2780 1428 2835; x_wconf 79' lang='lat' dir='ltr'><strong>dixerat</strong></span> <span class='ocrx_word' id='word_1_232' title='bbox 1451 2781 1583 2836; x_wconf 77' lang='lat' dir='ltr'><strong>filios</strong></span> <span class='ocrx_word' id='word_1_233' title='bbox 1604 2783 1709 2838; x_wconf 83' lang='lat' dir='ltr'><strong>Noe</strong></span> <span class='ocrx_word' id='word_1_234' title='bbox 1730 2793 1920 2838; x_wconf 89' lang='lat' dir='ltr'><strong>terram</strong></span> <span class='ocrx_word' id='word_1_235' title='bbox 1942 2801 2025 2840; x_wconf 90' lang='lat' dir='ltr'><strong>se-</strong></span> 
     </span>
    </p>
   </div>
   <div class='ocr_carea' id='block_1_32' title="bbox 475 2865 2024 2943">
    <p class='ocr_par' dir='ltr' id='par_1_32' title="bbox 475 2865 2024 2943">
     <span class='ocr_line' id='line_1_32' title="bbox 475 2865 2024 2943; baseline 0.008 -26"><span class='ocrx_word' id='word_1_236' title='bbox 475 2865 701 2918; x_wconf 87' lang='lat' dir='ltr'><strong>cundum</strong></span> <span class='ocrx_word' id='word_1_237' title='bbox 728 2867 1066 2933; x_wconf 75' lang='lat' dir='ltr'><strong>cognationes</strong></span> <span class='ocrx_word' id='word_1_238' title='bbox 1086 2878 1136 2922; x_wconf 91' lang='lat' dir='ltr'><strong>et</strong></span> <span class='ocrx_word' id='word_1_239' title='bbox 1160 2869 1361 2938; x_wconf 84' lang='lat' dir='ltr'><strong>linguas</strong></span> <span class='ocrx_word' id='word_1_240' title='bbox 1379 2879 1432 2926; x_wconf 88' lang='lat' dir='ltr'><strong>et</strong></span> <span class='ocrx_word' id='word_1_241' title='bbox 1449 2871 1690 2941; x_wconf 87' lang='lat' dir='ltr'><strong>regiones</strong></span> <span class='ocrx_word' id='word_1_242' title='bbox 1711 2874 1760 2926; x_wconf 89' lang='lat' dir='ltr'><strong>in</strong></span> <span class='ocrx_word' id='word_1_243' title='bbox 1782 2875 2024 2943; x_wconf 84' lang='lat' dir='ltr'><strong>gentibus</strong></span> 
     </span>
    </p>
   </div>
   <div class='ocr_carea' id='block_1_33' title="bbox 2146 439 3699 511">
    <p class='ocr_par' dir='ltr' id='par_1_33' title="bbox 2146 439 3699 511">
     <span class='ocr_line' id='line_1_33' title="bbox 2146 439 3699 511; baseline 0.005 -20"><span class='ocrx_word' id='word_1_244' title='bbox 2146 439 2223 491; x_wconf 81' lang='lat' dir='ltr'><strong>bis</strong></span> <span class='ocrx_word' id='word_1_245' title='bbox 2247 441 2671 508; x_wconf 85' lang='lat' dir='ltr'><strong>computandam,</strong></span> <span class='ocrx_word' id='word_1_246' title='bbox 2705 456 2806 495; x_wconf 91' lang='lat' dir='ltr'><strong>non</strong></span> <span class='ocrx_word' id='word_1_247' title='bbox 2848 444 3014 495; x_wconf 82' lang='lat' dir='ltr'><strong>solum</strong></span> <span class='ocrx_word' id='word_1_248' title='bbox 3059 447 3178 511; x_wconf 83' lang='lat' dir='ltr'><strong>quia</strong></span> <span class='ocrx_word' id='word_1_249' title='bbox 3213 445 3296 495; x_wconf 88' lang='lat' dir='ltr'><strong>lux</strong></span> <span class='ocrx_word' id='word_1_250' title='bbox 3327 444 3564 496; x_wconf 83' lang='lat' dir='ltr'><strong>siderum</strong></span> <span class='ocrx_word' id='word_1_251' title='bbox 3590 447 3699 499; x_wconf 77' lang='lat' dir='ltr'><strong>inde</strong></span> 
     </span>
    </p>
   </div>
   <div class='ocr_carea' id='block_1_34' title="bbox 2144 532 3698 602">
    <p class='ocr_par' dir='ltr' id='par_1_34' title="bbox 2144 532 3698 602">
     <span class='ocr_line' id='line_1_34' title="bbox 2144 532 3698 602; baseline 0.005 -20"><span class='ocrx_word' id='word_1_252' title='bbox 2144 532 2395 595; x_wconf 86' lang='lat' dir='ltr'><strong>exoritur,</strong></span> <span class='ocrx_word' id='word_1_253' title='bbox 2419 546 2600 585; x_wconf 90' lang='lat' dir='ltr'><strong>verum</strong></span> <span class='ocrx_word' id='word_1_254' title='bbox 2631 533 2787 586; x_wconf 88' lang='lat' dir='ltr'><strong>etiam</strong></span> <span class='ocrx_word' id='word_1_255' title='bbox 2819 535 2936 599; x_wconf 85' lang='lat' dir='ltr'><strong>quia</strong></span> <span class='ocrx_word' id='word_1_256' title='bbox 2970 535 3103 587; x_wconf 87' lang='lat' dir='ltr'><strong>hanc</strong></span> <span class='ocrx_word' id='word_1_257' title='bbox 3130 533 3300 600; x_wconf 88' lang='lat' dir='ltr'><strong>primo</strong></span> <span class='ocrx_word' id='word_1_258' title='bbox 3341 548 3513 602; x_wconf 87' lang='lat' dir='ltr'><strong>genus</strong></span> <span class='ocrx_word' id='word_1_259' title='bbox 3566 535 3698 589; x_wconf 74' lang='lat' dir='ltr'><strong>inui-</strong></span> 
     </span>
    </p>
   </div>
   <div class='ocr_carea' id='block_1_35' title="bbox 2143 619 2569 674">
    <p class='ocr_par' dir='ltr' id='par_1_35' title="bbox 2143 619 2569 674">
     <span class='ocr_line' id='line_1_35' title="bbox 2143 619 2569 674; baseline 0.007 -3"><span class='ocrx_word' id='word_1_260' title='bbox 2143 619 2231 672; x_wconf 86' lang='lat' dir='ltr'><strong>luit</strong></span> <span class='ocrx_word' id='word_1_261' title='bbox 2265 621 2569 674; x_wconf 89' lang='lat' dir='ltr'><strong>humanum.</strong></span> 
     </span>
    </p>
   </div>
   <div class='ocr_carea' id='block_1_36' title="bbox 2219 711 3698 780">
    <p class='ocr_par' dir='ltr' id='par_1_36' title="bbox 2219 711 3698 780">
     <span class='ocr_line' id='line_1_36' title="bbox 2219 711 3698 780; baseline 0.003 -18"><span class='ocrx_word' id='word_1_262' title='bbox 2219 711 2449 776; x_wconf 77' lang='lat' dir='ltr'><strong>Dixitque</strong></span> <span class='ocrx_word' id='word_1_263' title='bbox 2475 712 2600 766; x_wconf 82' lang='lat' dir='ltr'><strong>alter</strong></span> <span class='ocrx_word' id='word_1_264' title='bbox 2619 714 2687 765; x_wconf 82' lang='lat' dir='ltr'><strong>ad</strong></span> <span class='ocrx_word' id='word_1_265' title='bbox 2708 715 2989 780; x_wconf 75' lang='lat' dir='ltr'><strong>proximum</strong></span> <span class='ocrx_word' id='word_1_266' title='bbox 3018 732 3195 768; x_wconf 87' lang='lat' dir='ltr'><strong>suum:</strong></span> <span class='ocrx_word' id='word_1_267' title='bbox 3242 713 3435 779; x_wconf 78' lang='lat' dir='ltr'><strong>Venite,</strong></span> <span class='ocrx_word' id='word_1_268' title='bbox 3459 715 3698 780; x_wconf 66' lang='lat' dir='ltr'><strong>faciamus</strong></span> 
     </span>
    </p>
   </div>
   <div class='ocr_carea' id='block_1_37' title="bbox 2143 799 3697 874">
    <p class='ocr_par' dir='ltr' id='par_1_37' title="bbox 2143 799 3697 874">
     <span class='ocr_line' id='line_1_37' title="bbox 2143 799 3697 874; baseline 0.003 -22"><span class='ocrx_word' id='word_1_269' title='bbox 2143 799 2322 853; x_wconf 80' lang='lat' dir='ltr'><strong>lateres</strong></span> <span class='ocrx_word' id='word_1_270' title='bbox 2351 811 2396 853; x_wconf 86' lang='lat' dir='ltr'><strong>et</strong></span> <span class='ocrx_word' id='word_1_271' title='bbox 2422 817 2688 869; x_wconf 83' lang='lat' dir='ltr'><strong>coqnamus</strong></span> <span class='ocrx_word' id='word_1_272' title='bbox 2712 820 2794 856; x_wconf 88' lang='lat' dir='ltr'><strong>eos</strong></span> <span class='ocrx_word' id='word_1_273' title='bbox 2843 804 2971 874; x_wconf 81' lang='lat' dir='ltr'><strong>igni,</strong></span> <span class='ocrx_word' id='word_1_274' title='bbox 2995 804 3368 874; x_wconf 82' lang='lat' dir='ltr'><strong>habueruntque</strong></span> <span class='ocrx_word' id='word_1_275' title='bbox 3396 803 3581 857; x_wconf 83' lang='lat' dir='ltr'><strong>lateres</strong></span> <span class='ocrx_word' id='word_1_276' title='bbox 3617 821 3697 872; x_wconf 72' lang='lat' dir='ltr'><strong>pro</strong></span> 
     </span>
    </p>
   </div>
   <div class='ocr_carea' id='block_1_38' title="bbox 2143 891 3697 960">
    <p class='ocr_par' dir='ltr' id='par_1_38' title="bbox 2143 891 3697 960">
     <span class='ocr_line' id='line_1_38' title="bbox 2143 891 3697 960; baseline 0.005 -17"><span class='ocrx_word' id='word_1_277' title='bbox 2143 891 2297 950; x_wconf 76' lang='lat' dir='ltr'><strong>saxis,</strong></span> <span class='ocrx_word' id='word_1_278' title='bbox 2342 901 2389 943; x_wconf 88' lang='lat' dir='ltr'><strong>et</strong></span> <span class='ocrx_word' id='word_1_279' title='bbox 2433 892 2651 945; x_wconf 81' lang='lat' dir='ltr'><strong>bitumen</strong></span> <span class='ocrx_word' id='word_1_280' title='bbox 2695 910 2784 960; x_wconf 87' lang='lat' dir='ltr'><strong>pro</strong></span> <span class='ocrx_word' id='word_1_281' title='bbox 2811 906 3067 949; x_wconf 66' lang='lat' dir='ltr'><strong>etantanto.</strong></span> <span class='ocrx_word' id='word_1_282' title='bbox 3099 895 3258 949; x_wconf 79' lang='lat' dir='ltr'><strong>Forte</strong></span> <span class='ocrx_word' id='word_1_283' title='bbox 3304 896 3424 950; x_wconf 87' lang='lat' dir='ltr'><strong>ideo</strong></span> <span class='ocrx_word' id='word_1_284' title='bbox 3451 896 3697 950; x_wconf 81' lang='lat' dir='ltr'><strong>lateribus</strong></span> 
     </span>
    </p>
   </div>
   <div class='ocr_carea' id='block_1_39' title="bbox 2144 980 3699 1056">
    <p class='ocr_par' dir='ltr' id='par_1_39' title="bbox 2144 980 3699 1056">
     <span class='ocr_line' id='line_1_39' title="bbox 2144 980 3699 1056; baseline 0.006 -26"><span class='ocrx_word' id='word_1_285' title='bbox 2144 993 2238 1047; x_wconf 89' lang='lat' dir='ltr'><strong>pro</strong></span> <span class='ocrx_word' id='word_1_286' title='bbox 2268 980 2404 1034; x_wconf 87' lang='lat' dir='ltr'><strong>saxis</strong></span> <span class='ocrx_word' id='word_1_287' title='bbox 2437 989 2491 1033; x_wconf 91' lang='lat' dir='ltr'><strong>et</strong></span> <span class='ocrx_word' id='word_1_288' title='bbox 2519 981 2772 1056; x_wconf 87' lang='lat' dir='ltr'><strong>bitumine</strong></span> <span class='ocrx_word' id='word_1_289' title='bbox 2801 983 3080 1036; x_wconf 89' lang='lat' dir='ltr'><strong>utebantur</strong></span> <span class='ocrx_word' id='word_1_290' title='bbox 3111 1000 3204 1052; x_wconf 91' lang='lat' dir='ltr'><strong>pro</strong></span> <span class='ocrx_word' id='word_1_291' title='bbox 3254 995 3542 1051; x_wconf 71' lang='lat' dir='ltr'><strong>caemento,</strong></span> <span class='ocrx_word' id='word_1_292' title='bbox 3587 987 3699 1054; x_wconf 87' lang='lat' dir='ltr'><strong>quia</strong></span> 
     </span>
    </p>
   </div>
   <div class='ocr_carea' id='block_1_40' title="bbox 2144 1067 3697 1144">
    <p class='ocr_par' dir='ltr' id='par_1_40' title="bbox 2144 1067 3697 1144">
     <span class='ocr_line' id='line_1_40' title="bbox 2144 1067 3697 1144; baseline 0.005 -24"><span class='ocrx_word' id='word_1_293' title='bbox 2144 1067 2246 1121; x_wconf 89' lang='lat' dir='ltr'><strong>illis</strong></span> <span class='ocrx_word' id='word_1_294' title='bbox 2267 1069 2316 1121; x_wconf 93' lang='lat' dir='ltr'><strong>in</strong></span> <span class='ocrx_word' id='word_1_295' title='bbox 2347 1070 2646 1138; x_wconf 79' lang='lat' dir='ltr'><strong>regionibus</strong></span> <span class='ocrx_word' id='word_1_296' title='bbox 2665 1071 2815 1138; x_wconf 91' lang='lat' dir='ltr'><strong>copia</strong></span> <span class='ocrx_word' id='word_1_297' title='bbox 2861 1072 3116 1141; x_wconf 90' lang='lat' dir='ltr'><strong>lapidum,</strong></span> <span class='ocrx_word' id='word_1_298' title='bbox 3152 1075 3289 1127; x_wconf 91' lang='lat' dir='ltr'><strong>unde</strong></span> <span class='ocrx_word' id='word_1_299' title='bbox 3323 1085 3529 1128; x_wconf 89' lang='lat' dir='ltr'><strong>tantum</strong></span> <span class='ocrx_word' id='word_1_300' title='bbox 3577 1090 3697 1144; x_wconf 85' lang='lat' dir='ltr'><strong>opus</strong></span> 
     </span>
    </p>
   </div>
   <div class='ocr_carea' id='block_1_41' title="bbox 2143 1161 3698 1233">
    <p class='ocr_par' dir='ltr' id='par_1_41' title="bbox 2143 1161 3698 1233">
     <span class='ocr_line' id='line_1_41' title="bbox 2143 1161 3698 1233; baseline 0.004 -19"><span class='ocrx_word' id='word_1_301' title='bbox 2143 1161 2510 1228; x_wconf 89' lang='lat' dir='ltr'><strong>compleretur,</strong></span> <span class='ocrx_word' id='word_1_302' title='bbox 2544 1161 2753 1226; x_wconf 88' lang='lat' dir='ltr'><strong>deerat;</strong></span> <span class='ocrx_word' id='word_1_303' title='bbox 2789 1164 2866 1215; x_wconf 78' lang='lat' dir='ltr'><strong>vel</strong></span> <span class='ocrx_word' id='word_1_304' title='bbox 2893 1164 3012 1229; x_wconf 83' lang='lat' dir='ltr'><strong>quia</strong></span> <span class='ocrx_word' id='word_1_305' title='bbox 3056 1180 3261 1218; x_wconf 89' lang='lat' dir='ltr'><strong>murum</strong></span> <span class='ocrx_word' id='word_1_306' title='bbox 3304 1166 3594 1219; x_wconf 78' lang='lat' dir='ltr'><strong>lateritiutu</strong></span> <span class='ocrx_word' id='word_1_307' title='bbox 3622 1182 3698 1233; x_wconf 66' lang='lat' dir='ltr'><strong>pe</strong></span> 
     </span>
    </p>
   </div>
   <div class='ocr_carea' id='block_1_42' title="bbox 2143 1250 3696 1320">
    <p class='ocr_par' dir='ltr' id='par_1_42' title="bbox 2143 1250 3696 1320">
     <span class='ocr_line' id='line_1_42' title="bbox 2143 1250 3696 1320; baseline 0.002 -18"><span class='ocrx_word' id='word_1_308' title='bbox 2143 1251 2307 1304; x_wconf 91' lang='lat' dir='ltr'><strong>riculo</strong></span> <span class='ocrx_word' id='word_1_309' title='bbox 2335 1252 2526 1320; x_wconf 81' lang='lat' dir='ltr'><strong>ignium</strong></span> <span class='ocrx_word' id='word_1_310' title='bbox 2558 1250 2743 1305; x_wconf 77' lang='lat' dir='ltr'><strong>fortius</strong></span> <span class='ocrx_word' id='word_1_311' title='bbox 2780 1253 3041 1307; x_wconf 81' lang='lat' dir='ltr'><strong>obsistere</strong></span> <span class='ocrx_word' id='word_1_312' title='bbox 3090 1265 3363 1307; x_wconf 92' lang='lat' dir='ltr'><strong>noverant.</strong></span> <span class='ocrx_word' id='word_1_313' title='bbox 3397 1254 3482 1307; x_wconf 80' lang='lat' dir='ltr'><strong>Fit</strong></span> <span class='ocrx_word' id='word_1_314' title='bbox 3529 1265 3696 1308; x_wconf 84' lang='lat' dir='ltr'><strong>autem</strong></span> 
     </span>
    </p>
   </div>
   <div class='ocr_carea' id='block_1_43' title="bbox 2141 1341 3696 1414">
    <p class='ocr_par' dir='ltr' id='par_1_43' title="bbox 2141 1341 3696 1414">
     <span class='ocr_line' id='line_1_43' title="bbox 2141 1341 3696 1414; baseline 0.003 -20"><span class='ocrx_word' id='word_1_315' title='bbox 2141 1342 2372 1396; x_wconf 85' lang='lat' dir='ltr'><strong>bitumen</strong></span> <span class='ocrx_word' id='word_1_316' title='bbox 2402 1343 2467 1396; x_wconf 87' lang='lat' dir='ltr'><strong>de</strong></span> <span class='ocrx_word' id='word_1_317' title='bbox 2493 1341 2787 1407; x_wconf 75' lang='lat' dir='ltr'><strong>arboribus,</strong></span> <span class='ocrx_word' id='word_1_318' title='bbox 2805 1343 2861 1397; x_wconf 84' lang='lat' dir='ltr'><strong>lit</strong></span> <span class='ocrx_word' id='word_1_319' title='bbox 2879 1353 2930 1396; x_wconf 89' lang='lat' dir='ltr'><strong>el</strong></span> <span class='ocrx_word' id='word_1_320' title='bbox 2959 1343 3026 1400; x_wconf 92' lang='lat' dir='ltr'><strong>de</strong></span> <span class='ocrx_word' id='word_1_321' title='bbox 3049 1357 3210 1407; x_wconf 87' lang='lat' dir='ltr'><strong>terra,</strong></span> <span class='ocrx_word' id='word_1_322' title='bbox 3233 1347 3345 1398; x_wconf 88' lang='lat' dir='ltr'><strong>sive</strong></span> <span class='ocrx_word' id='word_1_323' title='bbox 3366 1344 3556 1414; x_wconf 85' lang='lat' dir='ltr'><strong>aquis;</strong></span> <span class='ocrx_word' id='word_1_324' title='bbox 3573 1344 3696 1397; x_wconf 74' lang='lat' dir='ltr'><strong>unde</strong></span> 
     </span>
    </p>
   </div>
   <div class='ocr_carea' id='block_1_44' title="bbox 2142 1433 3668 1501">
    <p class='ocr_par' dir='ltr' id='par_1_44' title="bbox 2142 1433 3668 1501">
     <span class='ocr_line' id='line_1_44' title="bbox 2142 1433 3668 1501; baseline 0.005 -20"><span class='ocrx_word' id='word_1_325' title='bbox 2142 1433 2392 1497; x_wconf 72' lang='lat' dir='ltr'><strong>scriptum</strong></span> <span class='ocrx_word' id='word_1_326' title='bbox 2436 1443 2517 1486; x_wconf 86' lang='lat' dir='ltr'><strong>est</strong></span> <span class='ocrx_word' id='word_1_327' title='bbox 2568 1434 2618 1486; x_wconf 82' lang='lat' dir='ltr'><strong>ia</strong></span> <span class='ocrx_word' id='word_1_328' title='bbox 2666 1434 3007 1501; x_wconf 84' lang='lat' dir='ltr'><strong>sequentibus</strong></span> <span class='ocrx_word' id='word_1_329' title='bbox 3050 1435 3116 1488; x_wconf 91' lang='lat' dir='ltr'><strong>de</strong></span> <span class='ocrx_word' id='word_1_330' title='bbox 3147 1445 3214 1488; x_wconf 80' lang='lat' dir='ltr'><strong>tet</strong></span> <span class='ocrx_word' id='word_1_331' title='bbox 3231 1450 3285 1487; x_wconf 88' lang='lat' dir='ltr'><strong>ra</strong></span> <span class='ocrx_word' id='word_1_332' title='bbox 3313 1434 3668 1489; x_wconf 86' lang='lat' dir='ltr'><strong>Sodomorum</strong></span> 
     </span>
    </p>
   </div>
   <div class='ocr_carea' id='block_1_45' title="bbox 2149 1520 3694 1592">
    <p class='ocr_par' dir='ltr' id='par_1_45' title="bbox 2149 1520 3694 1592">
     <span class='ocr_line' id='line_1_45' title="bbox 2149 1520 3694 1592; baseline 0.004 -20"><span class='ocrx_word' id='word_1_333' title='bbox 2149 1520 2309 1573; x_wconf 62' lang='lat' dir='ltr'><strong>Vailis</strong></span> <span class='ocrx_word' id='word_1_334' title='bbox 2337 1531 2505 1573; x_wconf 74' lang='lat' dir='ltr'><strong>autem</strong></span> <span class='ocrx_word' id='word_1_335' title='bbox 2528 1521 2763 1575; x_wconf 76' lang='lat' dir='ltr'><strong>silvestris</strong></span> <span class='ocrx_word' id='word_1_336' title='bbox 2784 1521 2990 1576; x_wconf 78' lang='lat' dir='ltr'><strong>habebat</strong></span> <span class='ocrx_word' id='word_1_337' title='bbox 3019 1535 3191 1592; x_wconf 81' lang='lat' dir='ltr'><strong>puteos</strong></span> <span class='ocrx_word' id='word_1_338' title='bbox 3217 1528 3400 1577; x_wconf 85' lang='lat' dir='ltr'><strong>multos</strong></span> <span class='ocrx_word' id='word_1_339' title='bbox 3414 1525 3694 1587; x_wconf 81' lang='lat' dir='ltr'><strong>bituminis;</strong></span> 
     </span>
    </p>
   </div>
   <div class='ocr_carea' id='block_1_46' title="bbox 2142 1611 3692 1674">
    <p class='ocr_par' dir='ltr' id='par_1_46' title="bbox 2142 1611 3692 1674">
     <span class='ocr_line' id='line_1_46' title="bbox 2142 1611 3692 1674; baseline 0.003 -13"><span class='ocrx_word' id='word_1_340' title='bbox 2142 1620 2193 1661; x_wconf 90' lang='lat' dir='ltr'><strong>et</strong></span> <span class='ocrx_word' id='word_1_341' title='bbox 2227 1625 2370 1662; x_wconf 83' lang='lat' dir='ltr'><strong>mare</strong></span> <span class='ocrx_word' id='word_1_342' title='bbox 2399 1611 2658 1664; x_wconf 80' lang='lat' dir='ltr'><strong>Mortuum</strong></span> <span class='ocrx_word' id='word_1_343' title='bbox 2688 1611 2868 1665; x_wconf 74' lang='lat' dir='ltr'><strong>Grnzce</strong></span> <span class='ocrx_word' id='word_1_344' title='bbox 2901 1613 3044 1666; x_wconf 88' lang='lat' dir='ltr'><strong>lacus</strong></span> <span class='ocrx_word' id='word_1_345' title='bbox 3074 1621 3095 1648; x_wconf 82' lang='grc'><strong><em>⁸</em></strong></span> <span class='ocrx_word' id='word_1_346' title='bbox 3124 1612 3334 1674; x_wconf 84' lang='lat' dir='ltr'><strong>Aslalti,</strong></span> <span class='ocrx_word' id='word_1_347' title='bbox 3368 1614 3416 1666; x_wconf 91' lang='lat' dir='ltr'><strong>id</strong></span> <span class='ocrx_word' id='word_1_348' title='bbox 3445 1621 3530 1665; x_wconf 84' lang='lat' dir='ltr'><strong>est</strong></span> <span class='ocrx_word' id='word_1_349' title='bbox 3571 1614 3692 1666; x_wconf 81' lang='lat' dir='ltr'><strong>bitu-</strong></span> 
     </span>
    </p>
   </div>
   <div class='ocr_carea' id='block_1_47' title="bbox 2143 1699 3685 1771">
    <p class='ocr_par' dir='ltr' id='par_1_47' title="bbox 2143 1699 3685 1771">
     <span class='ocr_line' id='line_1_47' title="bbox 2143 1699 3685 1771; baseline 0.004 -21"><span class='ocrx_word' id='word_1_350' title='bbox 2143 1699 2294 1752; x_wconf 89' lang='lat' dir='ltr'><strong>minis</strong></span> <span class='ocrx_word' id='word_1_351' title='bbox 2326 1699 2648 1768; x_wconf 68' lang='lat' dir='ltr'><strong>:wpellatur;</strong></span> <span class='ocrx_word' id='word_1_352' title='bbox 2700 1715 2765 1754; x_wconf 89' lang='lat' dir='ltr'><strong>eo</strong></span> <span class='ocrx_word' id='word_1_353' title='bbox 2791 1702 2924 1769; x_wconf 90' lang='lat' dir='ltr'><strong>quod</strong></span> <span class='ocrx_word' id='word_1_354' title='bbox 2958 1701 3192 1756; x_wconf 86' lang='lat' dir='ltr'><strong>bitumen</strong></span> <span class='ocrx_word' id='word_1_355' title='bbox 3235 1715 3588 1771; x_wconf 72' lang='lat' dir='ltr'><strong>supernatans</strong></span> <span class='ocrx_word' id='word_1_356' title='bbox 3619 1718 3685 1756; x_wconf 75' lang='lat' dir='ltr'><strong>so</strong></span> 
     </span>
    </p>
   </div>
   <div class='ocr_carea' id='block_1_48' title="bbox 2140 1787 3714 1864">
    <p class='ocr_par' dir='ltr' id='par_1_48' title="bbox 2140 1787 3714 1864">
     <span class='ocr_line' id='line_1_48' title="bbox 2140 1787 3714 1864; baseline 0.003 -24"><span class='ocrx_word' id='word_1_357' title='bbox 2140 1789 2241 1840; x_wconf 91' lang='lat' dir='ltr'><strong>leat</strong></span> <span class='ocrx_word' id='word_1_358' title='bbox 2265 1787 2315 1840; x_wconf 91' lang='lat' dir='ltr'><strong>in</strong></span> <span class='ocrx_word' id='word_1_359' title='bbox 2341 1789 2428 1842; x_wconf 94' lang='lat' dir='ltr'><strong>illo</strong></span> <span class='ocrx_word' id='word_1_360' title='bbox 2455 1789 2648 1858; x_wconf 88' lang='lat' dir='ltr'><strong>colligi,</strong></span> <span class='ocrx_word' id='word_1_361' title='bbox 2678 1805 2782 1858; x_wconf 91' lang='lat' dir='ltr'><strong>quo</strong></span> <span class='ocrx_word' id='word_1_362' title='bbox 2811 1791 2975 1861; x_wconf 77' lang='lat' dir='ltr'><strong>magis</strong></span> <span class='ocrx_word' id='word_1_363' title='bbox 3023 1792 3212 1847; x_wconf 88' lang='lat' dir='ltr'><strong>videtut</strong></span> <span class='ocrx_word' id='word_1_364' title='bbox 3263 1810 3442 1848; x_wconf 87' lang='lat' dir='ltr'><strong>muros</strong></span> <span class='ocrx_word' id='word_1_365' title='bbox 3482 1793 3714 1864; x_wconf 72' lang='lat' dir='ltr'><strong>Babylo—</strong></span> 
     </span>
    </p>
   </div>
   <div class='ocr_carea' id='block_1_49' title="bbox 2137 1882 2760 1950">
    <p class='ocr_par' dir='ltr' id='par_1_49' title="bbox 2137 1882 2760 1950">
     <span class='ocr_line' id='line_1_49' title="bbox 2137 1882 2760 1950; baseline 0.006 -17"><span class='ocrx_word' id='word_1_366' title='bbox 2137 1882 2218 1934; x_wconf 88' lang='lat' dir='ltr'><strong>nis</strong></span> <span class='ocrx_word' id='word_1_367' title='bbox 2249 1882 2408 1937; x_wconf 83' lang='lat' dir='ltr'><strong>luisse</strong></span> <span class='ocrx_word' id='word_1_368' title='bbox 2436 1894 2760 1950; x_wconf 89' lang='lat' dir='ltr'><strong>compactos.</strong></span> 
     </span>
    </p>
   </div>
   <div class='ocr_carea' id='block_1_50' title="bbox 2209 1973 3678 2043">
    <p class='ocr_par' dir='ltr' id='par_1_50' title="bbox 2209 1973 3678 2043">
     <span class='ocr_line' id='line_1_50' title="bbox 2209 1973 3678 2043; baseline 0.002 -18"><span class='ocrx_word' id='word_1_369' title='bbox 2209 1973 2269 2026; x_wconf 80' lang='lat' dir='ltr'><strong>Et</strong></span> <span class='ocrx_word' id='word_1_370' title='bbox 2299 1975 2563 2028; x_wconf 76' lang='lat' dir='ltr'><strong>dixerunt;</strong></span> <span class='ocrx_word' id='word_1_371' title='bbox 2602 1974 2793 2038; x_wconf 82' lang='lat' dir='ltr'><strong>Venite,</strong></span> <span class='ocrx_word' id='word_1_372' title='bbox 2821 1976 3064 2043; x_wconf 86' lang='lat' dir='ltr'><strong>faciamus</strong></span> <span class='ocrx_word' id='word_1_373' title='bbox 3085 1975 3226 2030; x_wconf 82' lang='lat' dir='ltr'><strong>nobis</strong></span> <span class='ocrx_word' id='word_1_374' title='bbox 3254 1978 3502 2030; x_wconf 82' lang='lat' dir='ltr'><strong>ciuitatem</strong></span> <span class='ocrx_word' id='word_1_375' title='bbox 3532 1988 3578 2032; x_wconf 91' lang='lat' dir='ltr'><strong>et</strong></span> <span class='ocrx_word' id='word_1_376' title='bbox 3603 1988 3678 2030; x_wconf 80' lang='lat' dir='ltr'><strong>tur</strong></span> 
     </span>
    </p>
   </div>
   <div class='ocr_carea' id='block_1_51' title="bbox 2133 2049 3687 2132">
    <p class='ocr_par' dir='ltr' id='par_1_51' title="bbox 2133 2063 3687 2132">
     <span class='ocr_line' id='line_1_51' title="bbox 2133 2063 3687 2132; baseline 0.003 -18"><span class='ocrx_word' id='word_1_377' title='bbox 2133 2080 2259 2126; x_wconf 86' lang='lat' dir='ltr'><strong>rem,</strong></span> <span class='ocrx_word' id='word_1_378' title='bbox 2281 2066 2422 2132; x_wconf 84' lang='lat' dir='ltr'><strong>cujus</strong></span> <span class='ocrx_word' id='word_1_379' title='bbox 2447 2063 2639 2117; x_wconf 85' lang='lat' dir='ltr'><strong>culmen</strong></span> <span class='ocrx_word' id='word_1_380' title='bbox 2655 2067 2891 2118; x_wconf 84' lang='lat' dir='ltr'><strong>ascendat</strong></span> <span class='ocrx_word' id='word_1_381' title='bbox 2907 2066 2973 2117; x_wconf 88' lang='lat' dir='ltr'><strong>ad</strong></span> <span class='ocrx_word' id='word_1_382' title='bbox 2985 2064 3185 2131; x_wconf 70' lang='lat' dir='ltr'><strong>calum,</strong></span> <span class='ocrx_word' id='word_1_383' title='bbox 3211 2075 3256 2118; x_wconf 91' lang='lat' dir='ltr'><strong>et</strong></span> <span class='ocrx_word' id='word_1_384' title='bbox 3276 2066 3583 2120; x_wconf 78' lang='lat' dir='ltr'><strong>celebremus</strong></span> <span class='ocrx_word' id='word_1_385' title='bbox 3613 2084 3687 2119; x_wconf 78' lang='lat' dir='ltr'><strong>no~</strong></span> 
     </span>
    </p>
   </div>
   <div class='ocr_carea' id='block_1_52' title="bbox 2133 2153 3690 2219">
    <p class='ocr_par' dir='ltr' id='par_1_52' title="bbox 2133 2153 3690 2219">
     <span class='ocr_line' id='line_1_52' title="bbox 2133 2153 3690 2219; baseline 0.003 -17"><span class='ocrx_word' id='word_1_386' title='bbox 2133 2167 2242 2204; x_wconf 88' lang='lat' dir='ltr'><strong>men</strong></span> <span class='ocrx_word' id='word_1_387' title='bbox 2275 2161 2497 2204; x_wconf 87' lang='lat' dir='ltr'><strong>nostrum</strong></span> <span class='ocrx_word' id='word_1_388' title='bbox 2518 2161 2782 2219; x_wconf 79' lang='lat' dir='ltr'><strong>antequam</strong></span> <span class='ocrx_word' id='word_1_389' title='bbox 2826 2153 3110 2204; x_wconf 81' lang='lat' dir='ltr'><strong>dividamur</strong></span> <span class='ocrx_word' id='word_1_390' title='bbox 3155 2154 3208 2204; x_wconf 87' lang='lat' dir='ltr'><strong>in</strong></span> <span class='ocrx_word' id='word_1_391' title='bbox 3235 2154 3493 2206; x_wconf 78' lang='lat' dir='ltr'><strong>universas</strong></span> <span class='ocrx_word' id='word_1_392' title='bbox 3515 2164 3690 2207; x_wconf 80' lang='lat' dir='ltr'><strong>terras.</strong></span> 
     </span>
    </p>
   </div>
   <div class='ocr_carea' id='block_1_53' title="bbox 2132 2243 3686 2314">
    <p class='ocr_par' dir='ltr' id='par_1_53' title="bbox 2132 2243 3686 2314">
     <span class='ocr_line' id='line_1_53' title="bbox 2132 2243 3686 2314; baseline 0.004 -22"><span class='ocrx_word' id='word_1_393' title='bbox 2132 2243 2277 2306; x_wconf 86' lang='lat' dir='ltr'><strong>Quod</strong></span> <span class='ocrx_word' id='word_1_394' title='bbox 2307 2244 2379 2295; x_wconf 88' lang='lat' dir='ltr'><strong>ait</strong></span> <span class='ocrx_word' id='word_1_395' title='bbox 2409 2247 2553 2310; x_wconf 78' lang='lat' dir='ltr'><strong>cuius</strong></span> <span class='ocrx_word' id='word_1_396' title='bbox 2575 2245 2789 2308; x_wconf 82' lang='lat' dir='ltr'><strong>culmen,</strong></span> <span class='ocrx_word' id='word_1_397' title='bbox 2825 2259 2928 2297; x_wconf 93' lang='lat' dir='ltr'><strong>non</strong></span> <span class='ocrx_word' id='word_1_398' title='bbox 2957 2243 3202 2311; x_wconf 87' lang='lat' dir='ltr'><strong>civitatis,</strong></span> <span class='ocrx_word' id='word_1_399' title='bbox 3228 2244 3321 2299; x_wconf 86' lang='lat' dir='ltr'><strong>sed</strong></span> <span class='ocrx_word' id='word_1_400' title='bbox 3355 2244 3515 2298; x_wconf 82' lang='lat' dir='ltr'><strong>turris</strong></span> <span class='ocrx_word' id='word_1_401' title='bbox 3538 2247 3686 2314; x_wconf 80' lang='lat' dir='ltr'><strong>signi-</strong></span> 
     </span>
    </p>
   </div>
   <div class='ocr_carea' id='block_1_54' title="bbox 2135 2332 3685 2401">
    <p class='ocr_par' dir='ltr' id='par_1_54' title="bbox 2135 2332 3685 2401">
     <span class='ocr_line' id='line_1_54' title="bbox 2135 2332 3685 2401; baseline 0.001 -13"><span class='ocrx_word' id='word_1_402' title='bbox 2135 2338 2274 2398; x_wconf 81' lang='lat' dir='ltr'><strong>ﬁcat,</strong></span> <span class='ocrx_word' id='word_1_403' title='bbox 2301 2334 2347 2386; x_wconf 90' lang='lat' dir='ltr'><strong>id</strong></span> <span class='ocrx_word' id='word_1_404' title='bbox 2371 2344 2472 2399; x_wconf 87' lang='lat' dir='ltr'><strong>est,</strong></span> <span class='ocrx_word' id='word_1_405' title='bbox 2498 2335 2634 2387; x_wconf 83' lang='lat' dir='ltr'><strong>areis</strong></span> <span class='ocrx_word' id='word_1_406' title='bbox 2664 2347 2816 2401; x_wconf 86' lang='lat' dir='ltr'><strong>quam</strong></span> <span class='ocrx_word' id='word_1_407' title='bbox 2847 2334 2897 2386; x_wconf 93' lang='lat' dir='ltr'><strong>in</strong></span> <span class='ocrx_word' id='word_1_408' title='bbox 2926 2332 3152 2388; x_wconf 90' lang='lat' dir='ltr'><strong>editiore</strong></span> <span class='ocrx_word' id='word_1_409' title='bbox 3181 2335 3297 2388; x_wconf 89' lang='lat' dir='ltr'><strong>loco</strong></span> <span class='ocrx_word' id='word_1_410' title='bbox 3319 2335 3563 2388; x_wconf 89' lang='lat' dir='ltr'><strong>altiorem</strong></span> <span class='ocrx_word' id='word_1_411' title='bbox 3589 2350 3685 2389; x_wconf 66' lang='lat' dir='ltr'><strong>c2-</strong></span> 
     </span>
    </p>
   </div>
   <div class='ocr_carea' id='block_1_55' title="bbox 2133 2423 3686 2491">
    <p class='ocr_par' dir='ltr' id='par_1_55' title="bbox 2133 2423 3686 2491">
     <span class='ocr_line' id='line_1_55' title="bbox 2133 2423 3686 2491; baseline 0.003 -13"><span class='ocrx_word' id='word_1_412' title='bbox 2133 2427 2258 2478; x_wconf 84' lang='lat' dir='ltr'><strong>teris</strong></span> <span class='ocrx_word' id='word_1_413' title='bbox 2297 2424 2557 2477; x_wconf 65' lang='lat' dir='ltr'><strong>moenibus</strong></span> <span class='ocrx_word' id='word_1_414' title='bbox 2612 2423 2788 2478; x_wconf 86' lang='lat' dir='ltr'><strong>lacere</strong></span> <span class='ocrx_word' id='word_1_415' title='bbox 2826 2423 3190 2491; x_wconf 81' lang='lat' dir='ltr'><strong>disponebant.</strong></span> <span class='ocrx_word' id='word_1_416' title='bbox 3232 2425 3526 2478; x_wconf 74' lang='lat' dir='ltr'><strong>Mirandum</strong></span> <span class='ocrx_word' id='word_1_417' title='bbox 3570 2442 3686 2482; x_wconf 78' lang='lat' dir='ltr'><strong>sane</strong></span> 
     </span>
    </p>
   </div>
   <div class='ocr_carea' id='block_1_56' title="bbox 2130 2513 3686 2585">
    <p class='ocr_par' dir='ltr' id='par_1_56' title="bbox 2130 2513 3686 2585">
     <span class='ocr_line' id='line_1_56' title="bbox 2130 2513 3686 2585; baseline 0.005 -21"><span class='ocrx_word' id='word_1_418' title='bbox 2130 2530 2228 2584; x_wconf 88' lang='lat' dir='ltr'><strong>qua</strong></span> <span class='ocrx_word' id='word_1_419' title='bbox 2261 2513 2548 2567; x_wconf 89' lang='lat' dir='ltr'><strong>intentione</strong></span> <span class='ocrx_word' id='word_1_420' title='bbox 2567 2523 2621 2565; x_wconf 90' lang='lat' dir='ltr'><strong>et</strong></span> <span class='ocrx_word' id='word_1_421' title='bbox 2641 2514 2849 2566; x_wconf 90' lang='lat' dir='ltr'><strong>culmen</strong></span> <span class='ocrx_word' id='word_1_422' title='bbox 2897 2527 3006 2568; x_wconf 70' lang='lat' dir='ltr'><strong>sum</strong></span> <span class='ocrx_word' id='word_1_423' title='bbox 3029 2515 3189 2568; x_wconf 91' lang='lat' dir='ltr'><strong>turris</strong></span> <span class='ocrx_word' id='word_1_424' title='bbox 3217 2515 3280 2569; x_wconf 91' lang='lat' dir='ltr'><strong>ad</strong></span> <span class='ocrx_word' id='word_1_425' title='bbox 3304 2515 3494 2570; x_wconf 65' lang='lat' dir='ltr'><strong>coelum</strong></span> <span class='ocrx_word' id='word_1_426' title='bbox 3528 2533 3686 2585; x_wconf 64' lang='lat' dir='ltr'><strong>usque</strong></span> 
     </span>
    </p>
   </div>
   <div class='ocr_carea' id='block_1_57' title="bbox 2129 2603 3685 2671">
    <p class='ocr_par' dir='ltr' id='par_1_57' title="bbox 2129 2603 3685 2671">
     <span class='ocr_line' id='line_1_57' title="bbox 2129 2603 3685 2671; baseline 0.002 -13"><span class='ocrx_word' id='word_1_427' title='bbox 2129 2605 2366 2658; x_wconf 87' lang='lat' dir='ltr'><strong>attollere</strong></span> <span class='ocrx_word' id='word_1_428' title='bbox 2393 2604 2692 2671; x_wconf 84' lang='lat' dir='ltr'><strong>disponant,</strong></span> <span class='ocrx_word' id='word_1_429' title='bbox 2711 2613 2764 2657; x_wconf 90' lang='lat' dir='ltr'><strong>et</strong></span> <span class='ocrx_word' id='word_1_430' title='bbox 2783 2617 2840 2657; x_wconf 89' lang='lat' dir='ltr'><strong>se</strong></span> <span class='ocrx_word' id='word_1_431' title='bbox 2864 2603 3204 2658; x_wconf 87' lang='lat' dir='ltr'><strong>nihilominus</strong></span> <span class='ocrx_word' id='word_1_432' title='bbox 3233 2607 3282 2659; x_wconf 91' lang='lat' dir='ltr'><strong>in</strong></span> <span class='ocrx_word' id='word_1_433' title='bbox 3307 2609 3579 2661; x_wconf 81' lang='lat' dir='ltr'><strong>universas</strong></span> <span class='ocrx_word' id='word_1_434' title='bbox 3593 2617 3685 2661; x_wconf 83' lang='lat' dir='ltr'><strong>ter-</strong></span> 
     </span>
    </p>
   </div>
   <div class='ocr_carea' id='block_1_58' title="bbox 2129 2693 3682 2764">
    <p class='ocr_par' dir='ltr' id='par_1_58' title="bbox 2129 2693 3682 2764">
     <span class='ocr_line' id='line_1_58' title="bbox 2129 2693 3682 2764; baseline 0.001 -16"><span class='ocrx_word' id='word_1_435' title='bbox 2129 2711 2214 2749; x_wconf 89' lang='lat' dir='ltr'><strong>ras</strong></span> <span class='ocrx_word' id='word_1_436' title='bbox 2239 2694 2545 2747; x_wconf 81' lang='lat' dir='ltr'><strong>dividendos</strong></span> <span class='ocrx_word' id='word_1_437' title='bbox 2574 2708 2690 2746; x_wconf 85' lang='lat' dir='ltr'><strong>esse</strong></span> <span class='ocrx_word' id='word_1_438' title='bbox 2720 2693 3059 2760; x_wconf 82' lang='lat' dir='ltr'><strong>perhibeant;</strong></span> <span class='ocrx_word' id='word_1_439' title='bbox 3091 2695 3190 2748; x_wconf 88' lang='lat' dir='ltr'><strong>nisi</strong></span> <span class='ocrx_word' id='word_1_440' title='bbox 3221 2694 3358 2750; x_wconf 79' lang='lat' dir='ltr'><strong>forte</strong></span> <span class='ocrx_word' id='word_1_441' title='bbox 3389 2695 3460 2750; x_wconf 88' lang='lat' dir='ltr'><strong>ita</strong></span> <span class='ocrx_word' id='word_1_442' title='bbox 3496 2709 3561 2752; x_wconf 87' lang='lat' dir='ltr'><strong>se</strong></span> <span class='ocrx_word' id='word_1_443' title='bbox 3604 2712 3682 2764; x_wconf 83' lang='lat' dir='ltr'><strong>per</strong></span> 
     </span>
    </p>
   </div>
   <div class='ocr_carea' id='block_1_59' title="bbox 2126 2784 3681 2852">
    <p class='ocr_par' dir='ltr' id='par_1_59' title="bbox 2126 2784 3681 2852">
     <span class='ocr_line' id='line_1_59' title="bbox 2126 2784 3681 2852; baseline 0.003 -15"><span class='ocrx_word' id='word_1_444' title='bbox 2126 2785 2306 2838; x_wconf 90' lang='lat' dir='ltr'><strong>orbem</strong></span> <span class='ocrx_word' id='word_1_445' title='bbox 2329 2784 2560 2837; x_wconf 85' lang='lat' dir='ltr'><strong>dividere</strong></span> <span class='ocrx_word' id='word_1_446' title='bbox 2588 2784 2882 2837; x_wconf 72' lang='lat' dir='ltr'><strong>vanissima</strong></span> <span class='ocrx_word' id='word_1_447' title='bbox 2897 2795 2957 2837; x_wconf 87' lang='lat' dir='ltr'><strong>ac</strong></span> <span class='ocrx_word' id='word_1_448' title='bbox 2975 2784 3354 2852; x_wconf 87' lang='lat' dir='ltr'><strong>superbissima</strong></span> <span class='ocrx_word' id='word_1_449' title='bbox 3382 2796 3566 2841; x_wconf 86' lang='lat' dir='ltr'><strong>mente</strong></span> <span class='ocrx_word' id='word_1_450' title='bbox 3596 2801 3681 2841; x_wconf 82' lang='lat' dir='ltr'><strong>co-</strong></span> 
     </span>
    </p>
   </div>
   <div class='ocr_carea' id='block_1_60' title="bbox 2126 2874 3682 2955">
    <p class='ocr_par' dir='ltr' id='par_1_60' title="bbox 2126 2874 3682 2955">
     <span class='ocr_line' id='line_1_60' title="bbox 2126 2874 3682 2955; baseline 0.002 -27"><span class='ocrx_word' id='word_1_451' title='bbox 2126 2877 2383 2945; x_wconf 84' lang='lat' dir='ltr'><strong>gitabant,</strong></span> <span class='ocrx_word' id='word_1_452' title='bbox 2414 2887 2468 2928; x_wconf 91' lang='lat' dir='ltr'><strong>ut</strong></span> <span class='ocrx_word' id='word_1_453' title='bbox 2494 2875 2537 2928; x_wconf 84' lang='lat' dir='ltr'><strong>si</strong></span> <span class='ocrx_word' id='word_1_454' title='bbox 2575 2874 2708 2928; x_wconf 81' lang='lat' dir='ltr'><strong>forte</strong></span> <span class='ocrx_word' id='word_1_455' title='bbox 2731 2874 3016 2955; x_wconf 82' lang='lat' dir='ltr'><strong>delectaret</strong></span> <span class='ocrx_word' id='word_1_456' title='bbox 3049 2885 3301 2942; x_wconf 67' lang='lat' dir='ltr'><strong>pertmsos</strong></span> <span class='ocrx_word' id='word_1_457' title='bbox 3331 2885 3558 2931; x_wconf 71' lang='lat' dir='ltr'><strong>terrente</strong></span> <span class='ocrx_word' id='word_1_458' title='bbox 3600 2877 3682 2931; x_wconf 86' lang='lat' dir='ltr'><strong>ba-</strong></span> 
     </span>
    </p>
   </div>
   <div class='ocr_carea' id='block_1_61' title="bbox 473 2957 3681 3061">
    <p class='ocr_par' dir='ltr' id='par_1_61' title="bbox 473 2957 3681 3061">
     <span class='ocr_line' id='line_1_61' title="bbox 473 2957 3681 3061; baseline 0.002 -50"><span class='ocrx_word' id='word_1_459' title='bbox 473 2958 582 3011; x_wconf 88' lang='lat' dir='ltr'><strong>suis</strong></span> <span class='ocrx_word' id='word_1_460' title='bbox 607 2957 862 3021; x_wconf 86' lang='lat' dir='ltr'><strong>divisisse,</strong></span> <span class='ocrx_word' id='word_1_461' title='bbox 892 2959 1026 3012; x_wconf 82' lang='lat' dir='ltr'><strong>redit</strong></span> <span class='ocrx_word' id='word_1_462' title='bbox 1053 2962 1332 3016; x_wconf 85' lang='lat' dir='ltr'><strong>ostendere</strong></span> <span class='ocrx_word' id='word_1_463' title='bbox 1356 2964 1621 3031; x_wconf 88' lang='lat' dir='ltr'><strong>quomodo</strong></span> <span class='ocrx_word' id='word_1_464' title='bbox 1647 2965 1837 3018; x_wconf 81' lang='lat' dir='ltr'><strong>fuerint</strong></span> <span class='ocrx_word' id='word_1_465' title='bbox 1853 2966 2020 3020; x_wconf 84' lang='lat' dir='ltr'><strong>homi-</strong></span> <span class='ocrx_word' id='word_1_466' title='bbox 2046 3000 2096 3061; x_wconf 79' lang='lat' dir='ltr'><strong>c</strong></span> <span class='ocrx_word' id='word_1_467' title='bbox 2129 2965 2412 3029; x_wconf 88' lang='lat' dir='ltr'><strong>bitatiouis,</strong></span> <span class='ocrx_word' id='word_1_468' title='bbox 2441 2963 2519 3015; x_wconf 90' lang='lat' dir='ltr'><strong>vel</strong></span> <span class='ocrx_word' id='word_1_469' title='bbox 2549 2973 2691 3015; x_wconf 90' lang='lat' dir='ltr'><strong>certe</strong></span> <span class='ocrx_word' id='word_1_470' title='bbox 2718 2964 2761 3014; x_wconf 90' lang='lat' dir='ltr'><strong>si</strong></span> <span class='ocrx_word' id='word_1_471' title='bbox 2793 2976 2941 3028; x_wconf 66' lang='lat' dir='ltr'><strong>aqua;</strong></span> <span class='ocrx_word' id='word_1_472' title='bbox 2972 2963 3153 3015; x_wconf 88' lang='lat' dir='ltr'><strong>diluvii</strong></span> <span class='ocrx_word' id='word_1_473' title='bbox 3183 2978 3393 3016; x_wconf 87' lang='lat' dir='ltr'><strong>rursum</strong></span> <span class='ocrx_word' id='word_1_474' title='bbox 3427 2966 3584 3017; x_wconf 84' lang='lat' dir='ltr'><strong>terris</strong></span> <span class='ocrx_word' id='word_1_475' title='bbox 3613 2965 3681 3018; x_wconf 87' lang='lat' dir='ltr'><strong>in-</strong></span> 
     </span>
    </p>
   </div>
   <div class='ocr_carea' id='block_1_62' title="bbox 471 3049 2020 3123">
    <p class='ocr_par' dir='ltr' id='par_1_62' title="bbox 471 3049 2020 3123">
     <span class='ocr_line' id='line_1_62' title="bbox 471 3049 2020 3123; baseline 0.004 -21"><span class='ocrx_word' id='word_1_476' title='bbox 471 3064 566 3102; x_wconf 88' lang='lat' dir='ltr'><strong>nes</strong></span> <span class='ocrx_word' id='word_1_477' title='bbox 607 3049 672 3102; x_wconf 87' lang='lat' dir='ltr'><strong>ab</strong></span> <span class='ocrx_word' id='word_1_478' title='bbox 714 3049 934 3102; x_wconf 86' lang='lat' dir='ltr'><strong>invicem</strong></span> <span class='ocrx_word' id='word_1_479' title='bbox 976 3049 1252 3116; x_wconf 83' lang='lat' dir='ltr'><strong>disjuncti:</strong></span> <span class='ocrx_word' id='word_1_480' title='bbox 1281 3052 1369 3104; x_wconf 93' lang='lat' dir='ltr'><strong>ubi</strong></span> <span class='ocrx_word' id='word_1_481' title='bbox 1396 3053 1686 3106; x_wconf 85' lang='lat' dir='ltr'><strong>certissime</strong></span> <span class='ocrx_word' id='word_1_482' title='bbox 1715 3055 1876 3107; x_wconf 90' lang='lat' dir='ltr'><strong>claret</strong></span> <span class='ocrx_word' id='word_1_483' title='bbox 1901 3057 2020 3123; x_wconf 89' lang='lat' dir='ltr'><strong>quia</strong></span> 
     </span>
    </p>
   </div>
   <div class='ocr_carea' id='block_1_63' title="bbox 469 3139 2019 3208">
    <p class='ocr_par' dir='ltr' id='par_1_63' title="bbox 469 3139 2019 3208">
     <span class='ocr_line' id='line_1_63' title="bbox 469 3139 2019 3208; baseline 0.004 -16"><span class='ocrx_word' id='word_1_484' title='bbox 469 3155 633 3208; x_wconf 90' lang='lat' dir='ltr'><strong>genus</strong></span> <span class='ocrx_word' id='word_1_485' title='bbox 661 3140 943 3193; x_wconf 88' lang='lat' dir='ltr'><strong>bumanum</strong></span> <span class='ocrx_word' id='word_1_486' title='bbox 969 3139 1195 3208; x_wconf 88' lang='lat' dir='ltr'><strong>quandiu</strong></span> <span class='ocrx_word' id='word_1_487' title='bbox 1227 3141 1496 3194; x_wconf 87' lang='lat' dir='ltr'><strong>Conditori</strong></span> <span class='ocrx_word' id='word_1_488' title='bbox 1527 3157 1622 3195; x_wconf 89' lang='lat' dir='ltr'><strong>suo</strong></span> <span class='ocrx_word' id='word_1_489' title='bbox 1652 3144 1822 3198; x_wconf 86' lang='lat' dir='ltr'><strong>debita</strong></span> <span class='ocrx_word' id='word_1_490' title='bbox 1851 3146 2019 3198; x_wconf 91' lang='lat' dir='ltr'><strong>humi-</strong></span> 
     </span>
    </p>
   </div>
   <div class='ocr_carea' id='block_1_64' title="bbox 471 3227 2019 3301">
    <p class='ocr_par' dir='ltr' id='par_1_64' title="bbox 471 3227 2019 3301">
     <span class='ocr_line' id='line_1_64' title="bbox 471 3227 2019 3301; baseline 0.006 -21"><span class='ocrx_word' id='word_1_491' title='bbox 471 3227 618 3282; x_wconf 68' lang='lat' dir='ltr'><strong>litate</strong></span> <span class='ocrx_word' id='word_1_492' title='bbox 656 3229 900 3301; x_wconf 88' lang='lat' dir='ltr'><strong>servivit,</strong></span> <span class='ocrx_word' id='word_1_493' title='bbox 956 3229 1111 3281; x_wconf 84' lang='lat' dir='ltr'><strong>etiam</strong></span> <span class='ocrx_word' id='word_1_494' title='bbox 1169 3231 1479 3298; x_wconf 90' lang='lat' dir='ltr'><strong>sibimetipsi</strong></span> <span class='ocrx_word' id='word_1_495' title='bbox 1508 3233 1720 3298; x_wconf 86' lang='lat' dir='ltr'><strong>pacilica</strong></span> <span class='ocrx_word' id='word_1_496' title='bbox 1767 3235 2019 3290; x_wconf 88' lang='lat' dir='ltr'><strong>charitate</strong></span> 
     </span>
    </p>
   </div>
   <div class='ocr_carea' id='block_1_65' title="bbox 467 3311 2022 3392">
    <p class='ocr_par' dir='ltr' id='par_1_65' title="bbox 467 3311 2022 3392">
     <span class='ocr_line' id='line_1_65' title="bbox 467 3311 2022 3392; baseline 0.006 -22"><span class='ocrx_word' id='word_1_497' title='bbox 467 3320 819 3371; x_wconf 86' lang='lat' dir='ltr'><strong>concordavit.</strong></span> <span class='ocrx_word' id='word_1_498' title='bbox 851 3322 914 3372; x_wconf 84' lang='lat' dir='ltr'><strong>At</strong></span> <span class='ocrx_word' id='word_1_499' title='bbox 938 3319 1021 3372; x_wconf 90' lang='lat' dir='ltr'><strong>ubi</strong></span> <span class='ocrx_word' id='word_1_500' title='bbox 1044 3311 1222 3372; x_wconf 81' lang='lat' dir='ltr'><strong>centra</strong></span> <span class='ocrx_word' id='word_1_501' title='bbox 1244 3322 1527 3374; x_wconf 85' lang='lat' dir='ltr'><strong>Auctorem</strong></span> <span class='ocrx_word' id='word_1_502' title='bbox 1549 3324 1806 3376; x_wconf 82' lang='lat' dir='ltr'><strong>cervicem</strong></span> <span class='ocrx_word' id='word_1_503' title='bbox 1838 3340 2022 3392; x_wconf 81' lang='lat' dir='ltr'><strong>super-</strong></span> 
     </span>
    </p>
   </div>
   <div class='ocr_carea' id='block_1_66' title="bbox 467 3408 2014 3485">
    <p class='ocr_par' dir='ltr' id='par_1_66' title="bbox 467 3408 2014 3485">
     <span class='ocr_line' id='line_1_66' title="bbox 467 3408 2014 3485; baseline 0.006 -23"><span class='ocrx_word' id='word_1_504' title='bbox 467 3408 613 3462; x_wconf 86' lang='lat' dir='ltr'><strong>bieus</strong></span> <span class='ocrx_word' id='word_1_505' title='bbox 639 3409 822 3472; x_wconf 78' lang='lat' dir='ltr'><strong>erexit,</strong></span> <span class='ocrx_word' id='word_1_506' title='bbox 857 3423 975 3462; x_wconf 90' lang='lat' dir='ltr'><strong>mox</strong></span> <span class='ocrx_word' id='word_1_507' title='bbox 1001 3410 1139 3475; x_wconf 87' lang='lat' dir='ltr'><strong>juste</strong></span> <span class='ocrx_word' id='word_1_508' title='bbox 1170 3411 1424 3476; x_wconf 88' lang='lat' dir='ltr'><strong>punitum,</strong></span> <span class='ocrx_word' id='word_1_509' title='bbox 1456 3428 1553 3467; x_wconf 90' lang='lat' dir='ltr'><strong>nec</strong></span> <span class='ocrx_word' id='word_1_510' title='bbox 1598 3413 1624 3449; x_wconf 73' lang='grc' dir='ltr'>ά</span> <span class='ocrx_word' id='word_1_511' title='bbox 1672 3415 1736 3467; x_wconf 90' lang='lat' dir='ltr'><strong>ad</strong></span> <span class='ocrx_word' id='word_1_512' title='bbox 1784 3415 2014 3485; x_wconf 90' lang='lat' dir='ltr'><strong>seipsum</strong></span> 
     </span>
    </p>
   </div>
   <div class='ocr_carea' id='block_1_67' title="bbox 467 3498 2014 3565">
    <p class='ocr_par' dir='ltr' id='par_1_67' title="bbox 467 3498 2014 3565">
     <span class='ocr_line' id='line_1_67' title="bbox 467 3498 2014 3565; baseline 0.008 -15"><span class='ocrx_word' id='word_1_513' title='bbox 467 3514 647 3565; x_wconf 82' lang='lat' dir='ltr'><strong>parem</strong></span> <span class='ocrx_word' id='word_1_514' title='bbox 679 3499 870 3552; x_wconf 89' lang='lat' dir='ltr'><strong>habere</strong></span> <span class='ocrx_word' id='word_1_515' title='bbox 915 3498 1102 3565; x_wconf 88' lang='lat' dir='ltr'><strong>potuit.</strong></span> <span class='ocrx_word' id='word_1_516' title='bbox 1151 3500 1353 3562; x_wconf 84' lang='lat' dir='ltr'><strong>Quanta</strong></span> <span class='ocrx_word' id='word_1_517' title='bbox 1383 3513 1554 3554; x_wconf 89' lang='lat' dir='ltr'><strong>autem</strong></span> <span class='ocrx_word' id='word_1_518' title='bbox 1599 3503 1864 3558; x_wconf 90' lang='lat' dir='ltr'><strong>hominum</strong></span> <span class='ocrx_word' id='word_1_519' title='bbox 1895 3523 2014 3564; x_wconf 85' lang='lat' dir='ltr'><strong>esse</strong></span> 
     </span>
    </p>
   </div>
   <div class='ocr_carea' id='block_1_68' title="bbox 465 3585 2014 3654">
    <p class='ocr_par' dir='ltr' id='par_1_68' title="bbox 465 3585 2014 3654">
     <span class='ocr_line' id='line_1_68' title="bbox 465 3585 2014 3654; baseline 0.006 -13"><span class='ocrx_word' id='word_1_520' title='bbox 465 3587 683 3641; x_wconf 82' lang='lat' dir='ltr'><strong>felicitas</strong></span> <span class='ocrx_word' id='word_1_521' title='bbox 708 3594 882 3654; x_wconf 85' lang='lat' dir='ltr'><strong>posset</strong></span> <span class='ocrx_word' id='word_1_522' title='bbox 908 3585 1065 3639; x_wconf 88' lang='lat' dir='ltr'><strong>etiam</strong></span> <span class='ocrx_word' id='word_1_523' title='bbox 1092 3586 1333 3654; x_wconf 90' lang='lat' dir='ltr'><strong>paradiso</strong></span> <span class='ocrx_word' id='word_1_524' title='bbox 1363 3586 1707 3654; x_wconf 85' lang='lat' dir='ltr'><strong>dejectorum,</strong></span> <span class='ocrx_word' id='word_1_525' title='bbox 1732 3593 1775 3644; x_wconf 90' lang='lat' dir='ltr'><strong>si</strong></span> <span class='ocrx_word' id='word_1_526' title='bbox 1793 3594 1870 3646; x_wconf 87' lang='lat' dir='ltr'><strong>vel</strong></span> <span class='ocrx_word' id='word_1_527' title='bbox 1891 3605 2014 3650; x_wconf 91' lang='lat' dir='ltr'><strong>tunc</strong></span> 
     </span>
    </p>
   </div>
   <div class='ocr_carea' id='block_1_69' title="bbox 464 3674 2036 3749">
    <p class='ocr_par' dir='ltr' id='par_1_69' title="bbox 464 3674 2036 3749">
     <span class='ocr_line' id='line_1_69' title="bbox 464 3674 2036 3749; baseline 0.004 -20"><span class='ocrx_word' id='word_1_528' title='bbox 464 3674 700 3729; x_wconf 83' lang='lat' dir='ltr'><strong>Creatori</strong></span> <span class='ocrx_word' id='word_1_529' title='bbox 727 3688 823 3729; x_wconf 87' lang='lat' dir='ltr'><strong>suo</strong></span> <span class='ocrx_word' id='word_1_530' title='bbox 845 3676 1049 3729; x_wconf 83' lang='lat' dir='ltr'><strong>servire</strong></span> <span class='ocrx_word' id='word_1_531' title='bbox 1088 3674 1355 3729; x_wconf 81' lang='lat' dir='ltr'><strong>humiliter</strong></span> <span class='ocrx_word' id='word_1_532' title='bbox 1383 3677 1597 3741; x_wconf 87' lang='lat' dir='ltr'><strong>vellent,</strong></span> <span class='ocrx_word' id='word_1_533' title='bbox 1629 3686 1847 3733; x_wconf 89' lang='lat' dir='ltr'><strong>testatur</strong></span> <span class='ocrx_word' id='word_1_534' title='bbox 1890 3690 2036 3749; x_wconf 79' lang='lat' dir='ltr'><strong>gra-&#39;</strong></span> 
     </span>
    </p>
   </div>
   <div class='ocr_carea' id='block_1_70' title="bbox 464 3764 2014 3836">
    <p class='ocr_par' dir='ltr' id='par_1_70' title="bbox 464 3764 2014 3836">
     <span class='ocr_line' id='line_1_70' title="bbox 464 3764 2014 3836; baseline 0.005 -19"><span class='ocrx_word' id='word_1_535' title='bbox 464 3766 535 3817; x_wconf 86' lang='lat' dir='ltr'><strong>tia</strong></span> <span class='ocrx_word' id='word_1_536' title='bbox 565 3764 798 3832; x_wconf 84' lang='lat' dir='ltr'><strong>ejusdem</strong></span> <span class='ocrx_word' id='word_1_537' title='bbox 829 3764 1031 3818; x_wconf 88' lang='lat' dir='ltr'><strong>Domini</strong></span> <span class='ocrx_word' id='word_1_538' title='bbox 1075 3764 1369 3820; x_wconf 88' lang='lat' dir='ltr'><strong>Conditoris</strong></span> <span class='ocrx_word' id='word_1_539' title='bbox 1398 3780 1458 3819; x_wconf 88' lang='lat' dir='ltr'><strong>ac</strong></span> <span class='ocrx_word' id='word_1_540' title='bbox 1498 3767 1863 3836; x_wconf 79' lang='lat' dir='ltr'><strong>Redemptoris</strong></span> <span class='ocrx_word' id='word_1_541' title='bbox 1890 3786 2014 3824; x_wconf 87' lang='lat' dir='ltr'><strong>nos-</strong></span> 
     </span>
    </p>
   </div>
   <div class='ocr_carea' id='block_1_71' title="bbox 463 3851 2011 3921">
    <p class='ocr_par' dir='ltr' id='par_1_71' title="bbox 463 3851 2011 3921">
     <span class='ocr_line' id='line_1_71' title="bbox 463 3851 2011 3921; baseline 0.004 -15"><span class='ocrx_word' id='word_1_542' title='bbox 463 3851 650 3918; x_wconf 79' lang='lat' dir='ltr'><strong>tri,qui</strong></span> <span class='ocrx_word' id='word_1_543' title='bbox 667 3851 938 3919; x_wconf 77' lang='lat' dir='ltr'><strong>discipulis</strong></span> <span class='ocrx_word' id='word_1_544' title='bbox 959 3852 1056 3904; x_wconf 88' lang='lat' dir='ltr'><strong>sibi</strong></span> <span class='ocrx_word' id='word_1_545' title='bbox 1080 3851 1301 3906; x_wconf 89' lang='lat' dir='ltr'><strong>lldeliter</strong></span> <span class='ocrx_word' id='word_1_546' title='bbox 1327 3854 1718 3908; x_wconf 66' lang='lat' dir='ltr'><strong>adliazrentibus</strong></span> <span class='ocrx_word' id='word_1_547' title='bbox 1738 3857 1899 3911; x_wconf 90' lang='lat' dir='ltr'><strong>misso</strong></span> <span class='ocrx_word' id='word_1_548' title='bbox 1918 3859 2011 3921; x_wconf 87' lang='lat' dir='ltr'><strong>de-</strong></span> 
     </span>
    </p>
   </div>
   <div class='ocr_carea' id='block_1_72' title="bbox 461 3943 2005 4016">
    <p class='ocr_par' dir='ltr' id='par_1_72' title="bbox 461 3943 2005 4016">
     <span class='ocr_line' id='line_1_72' title="bbox 461 3943 2005 4016; baseline 0.002 -17"><span class='ocrx_word' id='word_1_549' title='bbox 461 3959 618 4011; x_wconf 77' lang='lat' dir='ltr'><strong>super</strong></span> <span class='ocrx_word' id='word_1_550' title='bbox 667 3943 860 4011; x_wconf 84' lang='lat' dir='ltr'><strong>Spiritu</strong></span> <span class='ocrx_word' id='word_1_551' title='bbox 896 3943 1125 3996; x_wconf 88' lang='lat' dir='ltr'><strong>omnium</strong></span> <span class='ocrx_word' id='word_1_552' title='bbox 1167 3945 1403 3997; x_wconf 90' lang='lat' dir='ltr'><strong>notitiam</strong></span> <span class='ocrx_word' id='word_1_553' title='bbox 1449 3945 1634 3999; x_wconf 87' lang='lat' dir='ltr'><strong>tribuit</strong></span> <span class='ocrx_word' id='word_1_554' title='bbox 1683 3947 2005 4016; x_wconf 87' lang='lat' dir='ltr'><strong>linguarum;</strong></span> 
     </span>
    </p>
   </div>
   <div class='ocr_carea' id='block_1_73' title="bbox 2125 3051 3683 3124">
    <p class='ocr_par' dir='ltr' id='par_1_73' title="bbox 2125 3051 3683 3124">
     <span class='ocr_line' id='line_1_73' title="bbox 2125 3051 3683 3124; baseline 0.002 -18"><span class='ocrx_word' id='word_1_555' title='bbox 2125 3064 2392 3124; x_wconf 78' lang='lat' dir='ltr'><strong>gruerent,</strong></span> <span class='ocrx_word' id='word_1_556' title='bbox 2434 3067 2527 3122; x_wconf 89' lang='lat' dir='ltr'><strong>per</strong></span> <span class='ocrx_word' id='word_1_557' title='bbox 2575 3052 2708 3105; x_wconf 87' lang='lat' dir='ltr'><strong>hanc</strong></span> <span class='ocrx_word' id='word_1_558' title='bbox 2753 3052 3022 3120; x_wconf 86' lang='lat' dir='ltr'><strong>superiora</strong></span> <span class='ocrx_word' id='word_1_559' title='bbox 3053 3051 3192 3106; x_wconf 85' lang='lat' dir='ltr'><strong>aeris</strong></span> <span class='ocrx_word' id='word_1_560' title='bbox 3220 3053 3333 3106; x_wconf 89' lang='lat' dir='ltr'><strong>sive</strong></span> <span class='ocrx_word' id='word_1_561' title='bbox 3376 3053 3496 3108; x_wconf 68' lang='lat' dir='ltr'><strong>coeli</strong></span> <span class='ocrx_word' id='word_1_562' title='bbox 3521 3059 3683 3124; x_wconf 87' lang='lat' dir='ltr'><strong>spatia</strong></span> 
     </span>
    </p>
   </div>
   <div class='ocr_carea' id='block_1_74' title="bbox 2128 3150 2382 3210">
    <p class='ocr_par' dir='ltr' id='par_1_74' title="bbox 2128 3150 2382 3210">
     <span class='ocr_line' id='line_1_74' title="bbox 2128 3150 2382 3210; baseline -0.012 -15"><span class='ocrx_word' id='word_1_563' title='bbox 2128 3150 2382 3210; x_wconf 61' lang='lat' dir='ltr'><strong>peterent.</strong></span> 
     </span>
    </p>
   </div>
   <div class='ocr_carea' id='block_1_75' title="bbox 2194 3229 3683 3292">
    <p class='ocr_par' dir='ltr' id='par_1_75' title="bbox 2194 3229 3683 3292">
     <span class='ocr_line' id='line_1_75' title="bbox 2194 3229 3683 3292; baseline 0.002 -10"><span class='ocrx_word' id='word_1_564' title='bbox 2194 3230 2476 3282; x_wconf 75' lang='lat' dir='ltr'><strong>Descendit</strong></span> <span class='ocrx_word' id='word_1_565' title='bbox 2510 3238 2676 3282; x_wconf 80' lang='lat' dir='ltr'><strong>autem</strong></span> <span class='ocrx_word' id='word_1_566' title='bbox 2726 3229 2988 3292; x_wconf 59' lang='lat' dir='ltr'><strong>Domi/tus,</strong></span> <span class='ocrx_word' id='word_1_567' title='bbox 3039 3238 3091 3282; x_wconf 91' lang='lat' dir='ltr'><strong>ut</strong></span> <span class='ocrx_word' id='word_1_568' title='bbox 3140 3230 3327 3283; x_wconf 75' lang='lat' dir='ltr'><strong>videret</strong></span> <span class='ocrx_word' id='word_1_569' title='bbox 3365 3232 3617 3286; x_wconf 75' lang='lat' dir='ltr'><strong>civitatem</strong></span> <span class='ocrx_word' id='word_1_570' title='bbox 3639 3241 3683 3285; x_wconf 83' lang='lat' dir='ltr'><strong>et</strong></span> 
     </span>
    </p>
   </div>
   <div class='ocr_carea' id='block_1_76' title="bbox 2122 3315 3682 3385">
    <p class='ocr_par' dir='ltr' id='par_1_76' title="bbox 2122 3315 3682 3385">
     <span class='ocr_line' id='line_1_76' title="bbox 2122 3315 3682 3385; baseline 0.002 -14"><span class='ocrx_word' id='word_1_571' title='bbox 2122 3327 2309 3371; x_wconf 85' lang='lat' dir='ltr'><strong>turrem</strong></span> <span class='ocrx_word' id='word_1_572' title='bbox 2363 3333 2514 3385; x_wconf 85' lang='lat' dir='ltr'><strong>quant</strong></span> <span class='ocrx_word' id='word_1_573' title='bbox 2565 3318 2882 3385; x_wconf 69' lang='lat' dir='ltr'><strong>aedificabant</strong></span> <span class='ocrx_word' id='word_1_574' title='bbox 2911 3315 3007 3384; x_wconf 75' lang='lat' dir='ltr'><strong>ﬁlii</strong></span> <span class='ocrx_word' id='word_1_575' title='bbox 3030 3318 3209 3371; x_wconf 80' lang='lat' dir='ltr'><strong>Adam.</strong></span> <span class='ocrx_word' id='word_1_576' title='bbox 3241 3319 3345 3373; x_wconf 90' lang='lat' dir='ltr'><strong>Pro</strong></span> <span class='ocrx_word' id='word_1_577' title='bbox 3369 3320 3484 3373; x_wconf 85' lang='lat' dir='ltr'><strong>liliis</strong></span> <span class='ocrx_word' id='word_1_578' title='bbox 3518 3322 3682 3374; x_wconf 74' lang='lat' dir='ltr'><strong>Adam</strong></span> 
     </span>
    </p>
   </div>
   <div class='ocr_carea' id='block_1_77' title="bbox 2119 3402 3680 3472">
    <p class='ocr_par' dir='ltr' id='par_1_77' title="bbox 2119 3402 3680 3472">
     <span class='ocr_line' id='line_1_77' title="bbox 2119 3402 3680 3472; baseline 0.003 -13"><span class='ocrx_word' id='word_1_579' title='bbox 2119 3419 2267 3459; x_wconf 89' lang='lat' dir='ltr'><strong>vetus</strong></span> <span class='ocrx_word' id='word_1_580' title='bbox 2318 3405 2583 3458; x_wconf 83' lang='lat' dir='ltr'><strong>translatio</strong></span> <span class='ocrx_word' id='word_1_581' title='bbox 2630 3407 2787 3459; x_wconf 86' lang='lat' dir='ltr'><strong>habet</strong></span> <span class='ocrx_word' id='word_1_582' title='bbox 2816 3402 2950 3458; x_wconf 86' lang='lat' dir='ltr'><strong>lilios</strong></span> <span class='ocrx_word' id='word_1_583' title='bbox 2998 3405 3294 3472; x_wconf 90' lang='lat' dir='ltr'><strong>hominum,</strong></span> <span class='ocrx_word' id='word_1_584' title='bbox 3325 3407 3427 3461; x_wconf 91' lang='lat' dir='ltr'><strong>hoc</strong></span> <span class='ocrx_word' id='word_1_585' title='bbox 3455 3418 3541 3462; x_wconf 88' lang='lat' dir='ltr'><strong>est</strong></span> <span class='ocrx_word' id='word_1_586' title='bbox 3585 3426 3680 3463; x_wconf 86' lang='lat' dir='ltr'><strong>non</strong></span> 
     </span>
    </p>
   </div>
   <div class='ocr_carea' id='block_1_78' title="bbox 2119 3493 3680 3563">
    <p class='ocr_par' dir='ltr' id='par_1_78' title="bbox 2119 3493 3680 3563">
     <span class='ocr_line' id='line_1_78' title="bbox 2119 3493 3680 3563; baseline 0.003 -15"><span class='ocrx_word' id='word_1_587' title='bbox 2119 3496 2209 3548; x_wconf 83' lang='lat' dir='ltr'><strong>lilii</strong></span> <span class='ocrx_word' id='word_1_588' title='bbox 2242 3495 2353 3560; x_wconf 85' lang='lat' dir='ltr'><strong>Dei,</strong></span> <span class='ocrx_word' id='word_1_589' title='bbox 2386 3494 2478 3548; x_wconf 88' lang='lat' dir='ltr'><strong>sed</strong></span> <span class='ocrx_word' id='word_1_590' title='bbox 2503 3496 2555 3547; x_wconf 87' lang='lat' dir='ltr'><strong>hi</strong></span> <span class='ocrx_word' id='word_1_591' title='bbox 2589 3494 2675 3563; x_wconf 91' lang='lat' dir='ltr'><strong>qui</strong></span> <span class='ocrx_word' id='word_1_592' title='bbox 2705 3493 2993 3549; x_wconf 70' lang='lat' dir='ltr'><strong>seCundum</strong></span> <span class='ocrx_word' id='word_1_593' title='bbox 3030 3496 3297 3549; x_wconf 88' lang='lat' dir='ltr'><strong>hominem</strong></span> <span class='ocrx_word' id='word_1_594' title='bbox 3319 3496 3561 3553; x_wconf 79' lang='lat' dir='ltr'><strong>viventes</strong></span> <span class='ocrx_word' id='word_1_595' title='bbox 3575 3515 3680 3553; x_wconf 87' lang='lat' dir='ltr'><strong>me-</strong></span> 
     </span>
    </p>
   </div>
   <div class='ocr_carea' id='block_1_79' title="bbox 2115 3581 3678 3656">
    <p class='ocr_par' dir='ltr' id='par_1_79' title="bbox 2115 3581 3678 3656">
     <span class='ocr_line' id='line_1_79' title="bbox 2115 3581 3678 3656; baseline 0.001 -20"><span class='ocrx_word' id='word_1_596' title='bbox 2115 3593 2355 3637; x_wconf 87' lang='lat' dir='ltr'><strong>rerentur</strong></span> <span class='ocrx_word' id='word_1_597' title='bbox 2383 3582 2564 3637; x_wconf 89' lang='lat' dir='ltr'><strong>audire</strong></span> <span class='ocrx_word' id='word_1_598' title='bbox 2588 3597 2616 3635; x_wconf 87' lang='lat' dir='ltr'><strong>a</strong></span> <span class='ocrx_word' id='word_1_599' title='bbox 2645 3581 2896 3636; x_wconf 89' lang='lat' dir='ltr'><strong>Domino:</strong></span> <span class='ocrx_word' id='word_1_600' title='bbox 2931 3581 3038 3650; x_wconf 86' lang='lat' dir='ltr'><strong>Ego</strong></span> <span class='ocrx_word' id='word_1_601' title='bbox 3063 3584 3202 3637; x_wconf 72' lang='lat' dir='ltr'><strong>dixi:</strong></span> <span class='ocrx_word' id='word_1_602' title='bbox 3222 3584 3310 3637; x_wconf 82' lang='lat' dir='ltr'><strong>Dii</strong></span> <span class='ocrx_word' id='word_1_603' title='bbox 3341 3587 3481 3653; x_wconf 83' lang='lat' dir='ltr'><strong>estis,</strong></span> <span class='ocrx_word' id='word_1_604' title='bbox 3511 3598 3562 3642; x_wconf 86' lang='lat' dir='ltr'><strong>et</strong></span> <span class='ocrx_word' id='word_1_605' title='bbox 3592 3589 3678 3656; x_wconf 72' lang='lat' dir='ltr'><strong>ﬁlii</strong></span> 
     </span>
    </p>
   </div>
   <div class='ocr_carea' id='block_1_80' title="bbox 2117 3671 3680 3734">
    <p class='ocr_par' dir='ltr' id='par_1_80' title="bbox 2117 3671 3680 3734">
     <span class='ocr_line' id='line_1_80' title="bbox 2117 3671 3680 3734; baseline 0.003 -11"><span class='ocrx_word' id='word_1_606' title='bbox 2117 3671 2320 3723; x_wconf 69' lang='lat' dir='ltr'><strong>Excelsi</strong></span> <span class='ocrx_word' id='word_1_607' title='bbox 2359 3687 2568 3734; x_wconf 84' lang='lat' dir='ltr'><strong>omnes;</strong></span> <span class='ocrx_word' id='word_1_608' title='bbox 2610 3687 2693 3724; x_wconf 85' lang='lat' dir='ltr'><strong>vos</strong></span> <span class='ocrx_word' id='word_1_609' title='bbox 2744 3681 2908 3724; x_wconf 86' lang='lat' dir='ltr'><strong>autent</strong></span> <span class='ocrx_word' id='word_1_610' title='bbox 2947 3673 3077 3725; x_wconf 85' lang='lat' dir='ltr'><strong>sicut</strong></span> <span class='ocrx_word' id='word_1_611' title='bbox 3127 3675 3358 3728; x_wconf 78' lang='lat' dir='ltr'><strong>homines</strong></span> <span class='ocrx_word' id='word_1_612' title='bbox 3405 3679 3680 3731; x_wconf 75' lang='lat' dir='ltr'><strong>moriemini</strong></span> 
     </span>
    </p>
   </div>
   <div class='ocr_carea' id='block_1_81' title="bbox 2122 3759 3678 3833">
    <p class='ocr_par' dir='ltr' id='par_1_81' title="bbox 2122 3759 3678 3833">
     <span class='ocr_line' id='line_1_81' title="bbox 2122 3759 3678 3833; baseline 0.004 -21"><span class='ocrx_word' id='word_1_613' title='bbox 2122 3762 2289 3831; x_wconf 79' lang='lat' dir='ltr'><strong>(l’sal.</strong></span> <span class='ocrx_word' id='word_1_614' title='bbox 2321 3776 2503 3825; x_wconf 83' lang='lat' dir='ltr'><strong>Lxxxi,</strong></span> <span class='ocrx_word' id='word_1_615' title='bbox 2543 3760 2622 3828; x_wconf 85' lang='lat'><strong>6).</strong></span> <span class='ocrx_word' id='word_1_616' title='bbox 2649 3759 2760 3833; x_wconf 47' lang='lat' dir='ltr'><strong>lion</strong></span> <span class='ocrx_word' id='word_1_617' title='bbox 2791 3771 2962 3814; x_wconf 87' lang='lat' dir='ltr'><strong>autem</strong></span> <span class='ocrx_word' id='word_1_618' title='bbox 2993 3761 3112 3814; x_wconf 89' lang='lat' dir='ltr'><strong>loco</strong></span> <span class='ocrx_word' id='word_1_619' title='bbox 3138 3774 3382 3818; x_wconf 87' lang='lat' dir='ltr'><strong>movetur</strong></span> <span class='ocrx_word' id='word_1_620' title='bbox 3409 3765 3551 3820; x_wconf 84' lang='lat' dir='ltr'><strong>Deus</strong></span> <span class='ocrx_word' id='word_1_621' title='bbox 3598 3769 3678 3833; x_wconf 89' lang='lat' dir='ltr'><strong>qui</strong></span> 
     </span>
    </p>
   </div>
   <div class='ocr_carea' id='block_1_82' title="bbox 2113 3827 3677 3920">
    <p class='ocr_par' dir='ltr' id='par_1_82' title="bbox 2113 3827 3677 3920">
     <span class='ocr_line' id='line_1_82' title="bbox 2113 3827 3677 3920; baseline 0.001 -14"><span class='ocrx_word' id='word_1_622' title='bbox 2113 3827 2321 3920; x_wconf 73' lang='lat' dir='ltr'><strong>semper</strong></span> <span class='ocrx_word' id='word_1_623' title='bbox 2345 3859 2427 3906; x_wconf 87' lang='lat' dir='ltr'><strong>est</strong></span> <span class='ocrx_word' id='word_1_624' title='bbox 2446 3827 2639 3919; x_wconf 90' lang='lat' dir='ltr'><strong>ubique</strong></span> <span class='ocrx_word' id='word_1_625' title='bbox 2659 3827 2808 3903; x_wconf 52' lang='lat' dir='ltr'><strong>’totus</strong></span> <span class='ocrx_word' id='word_1_626' title='bbox 2829 3865 2844 3914; x_wconf 90' lang='lat'><strong>;</strong></span> <span class='ocrx_word' id='word_1_627' title='bbox 2862 3851 2954 3903; x_wconf 90' lang='lat' dir='ltr'><strong>sed</strong></span> <span class='ocrx_word' id='word_1_628' title='bbox 2983 3849 3311 3907; x_wconf 86' lang='lat' dir='ltr'><strong>descendere</strong></span> <span class='ocrx_word' id='word_1_629' title='bbox 3336 3853 3548 3919; x_wconf 87' lang='lat' dir='ltr'><strong>dicitur,</strong></span> <span class='ocrx_word' id='word_1_630' title='bbox 3565 3827 3677 3909; x_wconf 70' lang='lat' dir='ltr'><strong>cum</strong></span> 
     </span>
    </p>
   </div>
   <div class='ocr_carea' id='block_1_83' title="bbox 2111 3940 3677 4010">
    <p class='ocr_par' dir='ltr' id='par_1_83' title="bbox 2111 3940 3677 4010">
     <span class='ocr_line' id='line_1_83' title="bbox 2111 3940 3677 4010; baseline 0 -14"><span class='ocrx_word' id='word_1_631' title='bbox 2111 3943 2304 4010; x_wconf 91' lang='lat' dir='ltr'><strong>aliquid</strong></span> <span class='ocrx_word' id='word_1_632' title='bbox 2355 3942 2477 3997; x_wconf 78' lang='lat' dir='ltr'><strong>facit</strong></span> <span class='ocrx_word' id='word_1_633' title='bbox 2501 3942 2552 3996; x_wconf 92' lang='lat' dir='ltr'><strong>in</strong></span> <span class='ocrx_word' id='word_1_634' title='bbox 2602 3951 2740 3997; x_wconf 89' lang='lat' dir='ltr'><strong>terra</strong></span> <span class='ocrx_word' id='word_1_635' title='bbox 2767 3940 2931 4010; x_wconf 90' lang='lat' dir='ltr'><strong>quod,</strong></span> <span class='ocrx_word' id='word_1_636' title='bbox 2965 3951 3158 4008; x_wconf 68' lang='lat' dir='ltr'><strong>pra-ter</strong></span> <span class='ocrx_word' id='word_1_637' title='bbox 3179 3941 3435 3996; x_wconf 88' lang='lat' dir='ltr'><strong>usitatum</strong></span> <span class='ocrx_word' id='word_1_638' title='bbox 3485 3955 3677 3999; x_wconf 75' lang='lat' dir='ltr'><strong>natura:</strong></span> 
     </span>
    </p>
   </div>
   <div class='ocr_carea' id='block_1_84' title="bbox 462 4030 3676 4103">
    <p class='ocr_par' dir='ltr' id='par_1_84' title="bbox 462 4030 3676 4103">
     <span class='ocr_line' id='line_1_84' title="bbox 462 4030 3676 4103; baseline 0.001 -17"><span class='ocrx_word' id='word_1_639' title='bbox 462 4034 597 4087; x_wconf 88' lang='lat' dir='ltr'><strong>unde</strong></span> <span class='ocrx_word' id='word_1_640' title='bbox 642 4036 770 4086; x_wconf 91' lang='lat' dir='ltr'><strong>mira</strong></span> <span class='ocrx_word' id='word_1_641' title='bbox 799 4033 1158 4088; x_wconf 88' lang='lat' dir='ltr'><strong>immutatione</strong></span> <span class='ocrx_word' id='word_1_642' title='bbox 1192 4035 1423 4089; x_wconf 67' lang='lat' dir='ltr'><strong>dexterae</strong></span> <span class='ocrx_word' id='word_1_643' title='bbox 1466 4036 1672 4091; x_wconf 83' lang='lat' dir='ltr'><strong>Excelsi</strong></span> <span class='ocrx_word' id='word_1_644' title='bbox 1707 4039 1898 4094; x_wconf 79' lang='lat' dir='ltr'><strong>factum</strong></span> <span class='ocrx_word' id='word_1_645' title='bbox 1929 4049 2010 4095; x_wconf 87' lang='lat' dir='ltr'><strong>est</strong></span> <span class='ocrx_word' id='word_1_646' title='bbox 2108 4049 2316 4089; x_wconf 90' lang='lat' dir='ltr'><strong>cursum</strong></span> <span class='ocrx_word' id='word_1_647' title='bbox 2342 4032 2649 4086; x_wconf 82' lang='lat' dir='ltr'><strong>mirabiliter</strong></span> <span class='ocrx_word' id='word_1_648' title='bbox 2678 4030 2889 4095; x_wconf 86' lang='lat' dir='ltr'><strong>laetum,</strong></span> <span class='ocrx_word' id='word_1_649' title='bbox 2923 4031 3256 4099; x_wconf 65' lang='lat' dir='ltr'><strong>prmsentiam</strong></span> <span class='ocrx_word' id='word_1_650' title='bbox 3281 4035 3676 4103; x_wconf 77' lang='lat' dir='ltr'><strong>ejusquodam-</strong></span> 
     </span>
    </p>
   </div>
   <div class='ocr_carea' id='block_1_85' title="bbox 460 4122 2007 4198">
    <p class='ocr_par' dir='ltr' id='par_1_85' title="bbox 460 4122 2007 4198">
     <span class='ocr_line' id='line_1_85' title="bbox 460 4122 2007 4198; baseline 0.006 -22"><span class='ocrx_word' id='word_1_651' title='bbox 460 4133 516 4176; x_wconf 91' lang='lat' dir='ltr'><strong>ut</strong></span> <span class='ocrx_word' id='word_1_652' title='bbox 540 4122 670 4176; x_wconf 81' lang='lat' dir='ltr'><strong>sicut</strong></span> <span class='ocrx_word' id='word_1_653' title='bbox 702 4122 784 4176; x_wconf 91' lang='lat' dir='ltr'><strong>bic</strong></span> <span class='ocrx_word' id='word_1_654' title='bbox 811 4123 997 4191; x_wconf 90' lang='lat' dir='ltr'><strong>linguis</strong></span> <span class='ocrx_word' id='word_1_655' title='bbox 1045 4124 1114 4177; x_wconf 91' lang='lat' dir='ltr'><strong>ob</strong></span> <span class='ocrx_word' id='word_1_656' title='bbox 1139 4125 1436 4193; x_wconf 85' lang='lat' dir='ltr'><strong>superbiam</strong></span> <span class='ocrx_word' id='word_1_657' title='bbox 1469 4127 1652 4182; x_wconf 89' lang='lat' dir='ltr'><strong>divisis</strong></span> <span class='ocrx_word' id='word_1_658' title='bbox 1675 4139 1856 4198; x_wconf 86' lang='lat' dir='ltr'><strong>gentes</strong></span> <span class='ocrx_word' id='word_1_659' title='bbox 1885 4142 2007 4186; x_wconf 89' lang='lat' dir='ltr'><strong>sunt</strong></span> 
     </span>
    </p>
   </div>
   <div class='ocr_carea' id='block_1_86' title="bbox 458 4211 2002 4286">
    <p class='ocr_par' dir='ltr' id='par_1_86' title="bbox 458 4211 2002 4286">
     <span class='ocr_line' id='line_1_86' title="bbox 458 4211 2002 4286; baseline 0.01 -23"><span class='ocrx_word' id='word_1_660' title='bbox 458 4213 524 4264; x_wconf 87' lang='lat' dir='ltr'><strong>ab</strong></span> <span class='ocrx_word' id='word_1_661' title='bbox 548 4211 767 4266; x_wconf 90' lang='lat' dir='ltr'><strong>invicem</strong></span> <span class='ocrx_word' id='word_1_662' title='bbox 798 4222 908 4266; x_wconf 92' lang='lat' dir='ltr'><strong>toto</strong></span> <span class='ocrx_word' id='word_1_663' title='bbox 929 4212 1058 4266; x_wconf 86' lang='lat' dir='ltr'><strong>orbe</strong></span> <span class='ocrx_word' id='word_1_664' title='bbox 1086 4215 1357 4281; x_wconf 64' lang='lat' dir='ltr'><strong>dispersae,</strong></span> <span class='ocrx_word' id='word_1_665' title='bbox 1385 4218 1454 4271; x_wconf 88' lang='lat' dir='ltr'><strong>ita</strong></span> <span class='ocrx_word' id='word_1_666' title='bbox 1484 4219 1609 4286; x_wconf 90' lang='lat' dir='ltr'><strong>illic,</strong></span> <span class='ocrx_word' id='word_1_667' title='bbox 1639 4223 1708 4275; x_wconf 93' lang='lat' dir='ltr'><strong>ob</strong></span> <span class='ocrx_word' id='word_1_668' title='bbox 1759 4225 2002 4280; x_wconf 89' lang='lat' dir='ltr'><strong>meritum</strong></span> 
     </span>
    </p>
   </div>
   <div class='ocr_carea' id='block_1_87' title="bbox 2107 4119 3670 4193">
    <p class='ocr_par' dir='ltr' id='par_1_87' title="bbox 2107 4119 3670 4193">
     <span class='ocr_line' id='line_1_87' title="bbox 2107 4119 3670 4193; baseline -0.003 -14"><span class='ocrx_word' id='word_1_669' title='bbox 2107 4125 2266 4179; x_wconf 89' lang='lat' dir='ltr'><strong>modo</strong></span> <span class='ocrx_word' id='word_1_670' title='bbox 2315 4123 2575 4186; x_wconf 87' lang='lat' dir='ltr'><strong>ostendit;</strong></span> <span class='ocrx_word' id='word_1_671' title='bbox 2628 4135 2728 4174; x_wconf 88' lang='lat' dir='ltr'><strong>nec</strong></span> <span class='ocrx_word' id='word_1_672' title='bbox 2769 4119 2996 4174; x_wconf 90' lang='lat' dir='ltr'><strong>videndo</strong></span> <span class='ocrx_word' id='word_1_673' title='bbox 3046 4120 3201 4175; x_wconf 85' lang='lat' dir='ltr'><strong>discit</strong></span> <span class='ocrx_word' id='word_1_674' title='bbox 3229 4122 3294 4176; x_wconf 89' lang='lat' dir='ltr'><strong>ad</strong></span> <span class='ocrx_word' id='word_1_675' title='bbox 3326 4132 3562 4192; x_wconf 80' lang='lat' dir='ltr'><strong>tempus,</strong></span> <span class='ocrx_word' id='word_1_676' title='bbox 3587 4124 3670 4193; x_wconf 86' lang='lat' dir='ltr'><strong>qui</strong></span> 
     </span>
    </p>
   </div>
   <div class='ocr_carea' id='block_1_88' title="bbox 2106 4212 3671 4286">
    <p class='ocr_par' dir='ltr' id='par_1_88' title="bbox 2106 4212 3671 4286">
     <span class='ocr_line' id='line_1_88' title="bbox 2106 4212 3671 4286; baseline -0.003 -14"><span class='ocrx_word' id='word_1_677' title='bbox 2106 4230 2369 4286; x_wconf 89' lang='lat' dir='ltr'><strong>nunquam</strong></span> <span class='ocrx_word' id='word_1_678' title='bbox 2393 4223 2563 4283; x_wconf 90' lang='lat' dir='ltr'><strong>potest</strong></span> <span class='ocrx_word' id='word_1_679' title='bbox 2584 4213 2776 4280; x_wconf 88' lang='lat' dir='ltr'><strong>aliquid</strong></span> <span class='ocrx_word' id='word_1_680' title='bbox 2805 4212 3081 4282; x_wconf 88' lang='lat' dir='ltr'><strong>ignorare;</strong></span> <span class='ocrx_word' id='word_1_681' title='bbox 3128 4214 3222 4268; x_wconf 87' lang='lat' dir='ltr'><strong>sed</strong></span> <span class='ocrx_word' id='word_1_682' title='bbox 3251 4215 3318 4268; x_wconf 92' lang='lat' dir='ltr'><strong>ad</strong></span> <span class='ocrx_word' id='word_1_683' title='bbox 3353 4224 3565 4284; x_wconf 85' lang='lat' dir='ltr'><strong>tempus</strong></span> <span class='ocrx_word' id='word_1_684' title='bbox 3597 4217 3671 4270; x_wconf 83' lang='lat' dir='ltr'><strong>vi-</strong></span> 
     </span>
    </p>
   </div>
   <div class='ocr_carea' id='block_1_89' title="bbox 459 4302 2023 4397">
    <p class='ocr_par' dir='ltr' id='par_1_89' title="bbox 459 4302 2000 4375">
     <span class='ocr_line' id='line_1_89' title="bbox 459 4302 2000 4375; baseline 0.01 -21"><span class='ocrx_word' id='word_1_685' title='bbox 459 4302 782 4367; x_wconf 85' lang='lat' dir='ltr'><strong>humilitatis,</strong></span> <span class='ocrx_word' id='word_1_686' title='bbox 798 4303 1021 4356; x_wconf 88' lang='lat' dir='ltr'><strong>adunata</strong></span> <span class='ocrx_word' id='word_1_687' title='bbox 1043 4302 1345 4358; x_wconf 88' lang='lat' dir='ltr'><strong>diversitate</strong></span> <span class='ocrx_word' id='word_1_688' title='bbox 1373 4306 1684 4375; x_wconf 85' lang='lat' dir='ltr'><strong>linguarum,</strong></span> <span class='ocrx_word' id='word_1_689' title='bbox 1703 4314 1907 4368; x_wconf 86' lang='lat' dir='ltr'><strong>collecti</strong></span> <span class='ocrx_word' id='word_1_690' title='bbox 1937 4332 2000 4370; x_wconf 89' lang='lat' dir='ltr'><strong>ex</strong></span> 
     </span>
    </p>
   </div>
   <div class='ocr_carea' id='block_1_90' title="bbox 2130 4302 3672 4397">
    <p class='ocr_par' dir='ltr' id='par_1_90' title="bbox 2130 4302 3672 4375">
     <span class='ocr_line' id='line_1_90' title="bbox 2130 4302 3672 4375; baseline -0.003 -14"><span class='ocrx_word' id='word_1_691' title='bbox 2130 4309 2232 4363; x_wconf 92' lang='lat' dir='ltr'><strong>lere</strong></span> <span class='ocrx_word' id='word_1_692' title='bbox 2256 4316 2310 4360; x_wconf 91' lang='lat' dir='ltr'><strong>et</strong></span> <span class='ocrx_word' id='word_1_693' title='bbox 2335 4317 2650 4372; x_wconf 85' lang='lat' dir='ltr'><strong>cognoscere</strong></span> <span class='ocrx_word' id='word_1_694' title='bbox 2675 4302 2885 4369; x_wconf 90' lang='lat' dir='ltr'><strong>dicitur,</strong></span> <span class='ocrx_word' id='word_1_695' title='bbox 2911 4303 3050 4372; x_wconf 92' lang='lat' dir='ltr'><strong>quod</strong></span> <span class='ocrx_word' id='word_1_696' title='bbox 3083 4305 3250 4358; x_wconf 91' lang='lat' dir='ltr'><strong>videri</strong></span> <span class='ocrx_word' id='word_1_697' title='bbox 3278 4315 3334 4360; x_wconf 89' lang='lat' dir='ltr'><strong>et</strong></span> <span class='ocrx_word' id='word_1_698' title='bbox 3366 4304 3385 4342; x_wconf 72' lang='grc' dir='ltr'><em>τ</em></span> <span class='ocrx_word' id='word_1_699' title='bbox 3422 4308 3672 4375; x_wconf 78' lang='lat' dir='ltr'><strong>cognosci</strong></span> 
     </span>
    </p>
   </div>
   <div class='ocr_carea' id='block_1_91' title="bbox 457 4391 2002 4464">
    <p class='ocr_par' dir='ltr' id='par_1_91' title="bbox 457 4391 2002 4464">
     <span class='ocr_line' id='line_1_91' title="bbox 457 4391 2002 4464; baseline 0.01 -20"><span class='ocrx_word' id='word_1_700' title='bbox 457 4391 599 4444; x_wconf 90' lang='lat' dir='ltr'><strong>omni</strong></span> <span class='ocrx_word' id='word_1_701' title='bbox 629 4392 838 4446; x_wconf 90' lang='lat' dir='ltr'><strong>natione</strong></span> <span class='ocrx_word' id='word_1_702' title='bbox 858 4405 975 4459; x_wconf 71' lang='lat' dir='ltr'><strong>quae</strong></span> <span class='ocrx_word' id='word_1_703' title='bbox 997 4393 1095 4444; x_wconf 91' lang='lat' dir='ltr'><strong>sub</strong></span> <span class='ocrx_word' id='word_1_704' title='bbox 1114 4393 1250 4446; x_wconf 68' lang='lat' dir='ltr'><strong>caelo</strong></span> <span class='ocrx_word' id='word_1_705' title='bbox 1271 4404 1350 4448; x_wconf 88' lang='lat' dir='ltr'><strong>est</strong></span> <span class='ocrx_word' id='word_1_706' title='bbox 1379 4399 1555 4464; x_wconf 89' lang='lat' dir='ltr'><strong>populi</strong></span> <span class='ocrx_word' id='word_1_707' title='bbox 1578 4413 1677 4452; x_wconf 90' lang='lat' dir='ltr'><strong>una</strong></span> <span class='ocrx_word' id='word_1_708' title='bbox 1703 4410 1755 4454; x_wconf 90' lang='lat' dir='ltr'><strong>et</strong></span> <span class='ocrx_word' id='word_1_709' title='bbox 1777 4419 1877 4456; x_wconf 92' lang='lat' dir='ltr'><strong>non</strong></span> <span class='ocrx_word' id='word_1_710' title='bbox 1898 4405 2002 4459; x_wconf 84' lang='lat' dir='ltr'><strong>dis-</strong></span> 
     </span>
    </p>
   </div>
   <div class='ocr_carea' id='block_1_92' title="bbox 458 4484 2000 4562">
    <p class='ocr_par' dir='ltr' id='par_1_92' title="bbox 458 4484 2000 4562">
     <span class='ocr_line' id='line_1_92' title="bbox 458 4484 2000 4562; baseline 0.014 -27"><span class='ocrx_word' id='word_1_711' title='bbox 458 4484 567 4550; x_wconf 90' lang='lat' dir='ltr'><strong>pari</strong></span> <span class='ocrx_word' id='word_1_712' title='bbox 595 4485 923 4541; x_wconf 82' lang='lat' dir='ltr'><strong>conlessione</strong></span> <span class='ocrx_word' id='word_1_713' title='bbox 950 4501 1012 4542; x_wconf 89' lang='lat' dir='ltr'><strong>ac</strong></span> <span class='ocrx_word' id='word_1_714' title='bbox 1040 4487 1141 4543; x_wconf 90' lang='lat' dir='ltr'><strong>lide</strong></span> <span class='ocrx_word' id='word_1_715' title='bbox 1171 4488 1350 4544; x_wconf 87' lang='lat' dir='ltr'><strong>laudes</strong></span> <span class='ocrx_word' id='word_1_716' title='bbox 1373 4501 1426 4545; x_wconf 89' lang='lat' dir='ltr'><strong>et</strong></span> <span class='ocrx_word' id='word_1_717' title='bbox 1455 4495 1714 4562; x_wconf 88' lang='lat' dir='ltr'><strong>magnalia</strong></span> <span class='ocrx_word' id='word_1_718' title='bbox 1777 4499 1866 4554; x_wconf 89' lang='lat' dir='ltr'><strong>Dei</strong></span> <span class='ocrx_word' id='word_1_719' title='bbox 1915 4516 2000 4556; x_wconf 88' lang='lat' dir='ltr'><strong>re-</strong></span> 
     </span>
    </p>
   </div>
   <div class='ocr_carea' id='block_1_93' title="bbox 457 4567 2002 4659">
    <p class='ocr_par' dir='ltr' id='par_1_93' title="bbox 457 4567 2002 4659">
     <span class='ocr_line' id='line_1_93' title="bbox 457 4567 2002 4659; baseline 0.013 -34"><span class='ocrx_word' id='word_1_720' title='bbox 457 4583 735 4636; x_wconf 87' lang='lat' dir='ltr'><strong>sonarent;</strong></span> <span class='ocrx_word' id='word_1_721' title='bbox 767 4567 1052 4643; x_wconf 86' lang='lat' dir='ltr'><strong>meritoque</strong></span> <span class='ocrx_word' id='word_1_722' title='bbox 1099 4580 1210 4633; x_wconf 67' lang='lat' dir='ltr'><strong>hare</strong></span> <span class='ocrx_word' id='word_1_723' title='bbox 1241 4581 1447 4649; x_wconf 87' lang='lat' dir='ltr'><strong>civitas,</strong></span> <span class='ocrx_word' id='word_1_724' title='bbox 1478 4583 1528 4638; x_wconf 91' lang='lat' dir='ltr'><strong>in</strong></span> <span class='ocrx_word' id='word_1_725' title='bbox 1553 4600 1654 4654; x_wconf 88' lang='lat' dir='ltr'><strong>qua</strong></span> <span class='ocrx_word' id='word_1_726' title='bbox 1705 4588 1892 4659; x_wconf 71' lang='lat' dir='ltr'><strong>lingua:</strong></span> <span class='ocrx_word' id='word_1_727' title='bbox 1919 4590 2002 4645; x_wconf 86' lang='lat' dir='ltr'><strong>di-</strong></span> 
     </span>
    </p>
   </div>
   <div class='ocr_carea' id='block_1_94' title="bbox 456 4663 2003 4742">
    <p class='ocr_par' dir='ltr' id='par_1_94' title="bbox 456 4663 2003 4742">
     <span class='ocr_line' id='line_1_94' title="bbox 456 4663 2003 4742; baseline 0.012 -26"><span class='ocrx_word' id='word_1_728' title='bbox 456 4663 581 4717; x_wconf 70' lang='lat' dir='ltr'><strong>visa:</strong></span> <span class='ocrx_word' id='word_1_729' title='bbox 601 4677 662 4717; x_wconf 88' lang='lat' dir='ltr'><strong>ac</strong></span> <span class='ocrx_word' id='word_1_730' title='bbox 687 4672 868 4732; x_wconf 85' lang='lat' dir='ltr'><strong>gentes</strong></span> <span class='ocrx_word' id='word_1_731' title='bbox 886 4673 1008 4718; x_wconf 86' lang='lat' dir='ltr'><strong>sunt</strong></span> <span class='ocrx_word' id='word_1_732' title='bbox 1035 4666 1301 4736; x_wconf 66' lang='lat' dir='ltr'><strong>dispersae,</strong></span> <span class='ocrx_word' id='word_1_733' title='bbox 1332 4672 1582 4742; x_wconf 82' lang='lat' dir='ltr'><strong>Babylon,</strong></span> <span class='ocrx_word' id='word_1_734' title='bbox 1614 4677 1664 4730; x_wconf 90' lang='lat' dir='ltr'><strong>id</strong></span> <span class='ocrx_word' id='word_1_735' title='bbox 1701 4688 1781 4733; x_wconf 88' lang='lat' dir='ltr'><strong>est</strong></span> <span class='ocrx_word' id='word_1_736' title='bbox 1809 4679 2003 4733; x_wconf 84' lang='lat' dir='ltr'><strong>Conlu-</strong></span> 
     </span>
    </p>
   </div>
   <div class='ocr_carea' id='block_1_95' title="bbox 455 4753 2001 4838">
    <p class='ocr_par' dir='ltr' id='par_1_95' title="bbox 455 4753 2001 4838">
     <span class='ocr_line' id='line_1_95' title="bbox 455 4753 2001 4838; baseline 0.012 -31"><span class='ocrx_word' id='word_1_737' title='bbox 455 4755 566 4818; x_wconf 89' lang='lat' dir='ltr'><strong>sio;</strong></span> <span class='ocrx_word' id='word_1_738' title='bbox 594 4753 678 4806; x_wconf 90' lang='lat' dir='ltr'><strong>illa</strong></span> <span class='ocrx_word' id='word_1_739' title='bbox 699 4753 888 4807; x_wconf 88' lang='lat' dir='ltr'><strong>dicitur</strong></span> <span class='ocrx_word' id='word_1_740' title='bbox 915 4754 1226 4822; x_wconf 79' lang='lat' dir='ltr'><strong>Jerusalem,</strong></span> <span class='ocrx_word' id='word_1_741' title='bbox 1252 4759 1301 4812; x_wconf 90' lang='lat' dir='ltr'><strong>id</strong></span> <span class='ocrx_word' id='word_1_742' title='bbox 1326 4772 1425 4830; x_wconf 89' lang='lat' dir='ltr'><strong>est,</strong></span> <span class='ocrx_word' id='word_1_743' title='bbox 1446 4764 1591 4820; x_wconf 78' lang='lat' dir='ltr'><strong>Visio</strong></span> <span class='ocrx_word' id='word_1_744' title='bbox 1613 4768 1774 4834; x_wconf 88' lang='lat' dir='ltr'><strong>pacis,</strong></span> <span class='ocrx_word' id='word_1_745' title='bbox 1804 4771 1854 4823; x_wconf 90' lang='lat' dir='ltr'><strong>in</strong></span> <span class='ocrx_word' id='word_1_746' title='bbox 1880 4785 2001 4838; x_wconf 87' lang='lat' dir='ltr'><strong>qua.</strong></span> 
     </span>
    </p>
   </div>
   <div class='ocr_carea' id='block_1_96' title="bbox 455 4843 2004 4926">
    <p class='ocr_par' dir='ltr' id='par_1_96' title="bbox 455 4843 2004 4926">
     <span class='ocr_line' id='line_1_96' title="bbox 455 4843 2004 4926; baseline 0.008 -28"><span class='ocrx_word' id='word_1_747' title='bbox 455 4843 694 4898; x_wconf 85' lang='lat' dir='ltr'><strong>adunatis</strong></span> <span class='ocrx_word' id='word_1_748' title='bbox 746 4843 798 4896; x_wconf 92' lang='lat' dir='ltr'><strong>in</strong></span> <span class='ocrx_word' id='word_1_749' title='bbox 852 4845 940 4898; x_wconf 87' lang='lat' dir='ltr'><strong>Dei</strong></span> <span class='ocrx_word' id='word_1_750' title='bbox 986 4844 1188 4898; x_wconf 87' lang='lat' dir='ltr'><strong>laudem</strong></span> <span class='ocrx_word' id='word_1_751' title='bbox 1219 4847 1442 4915; x_wconf 89' lang='lat' dir='ltr'><strong>loquelis</strong></span> <span class='ocrx_word' id='word_1_752' title='bbox 1490 4854 1846 4909; x_wconf 87' lang='lat' dir='ltr'><strong>universarum</strong></span> <span class='ocrx_word' id='word_1_753' title='bbox 1876 4872 2004 4926; x_wconf 84' lang='lat' dir='ltr'><strong>gen-</strong></span> 
     </span>
    </p>
   </div>
   <div class='ocr_carea' id='block_1_97' title="bbox 454 4934 2002 5008">
    <p class='ocr_par' dir='ltr' id='par_1_97' title="bbox 454 4934 2002 5008">
     <span class='ocr_line' id='line_1_97' title="bbox 454 4934 2002 5008; baseline 0.008 -22"><span class='ocrx_word' id='word_1_754' title='bbox 454 4935 603 4996; x_wconf 90' lang='lat' dir='ltr'><strong>tium,</strong></span> <span class='ocrx_word' id='word_1_755' title='bbox 651 4941 731 4987; x_wconf 89' lang='lat' dir='ltr'><strong>est</strong></span> <span class='ocrx_word' id='word_1_756' title='bbox 761 4934 892 4987; x_wconf 82' lang='lat' dir='ltr'><strong>facta</strong></span> <span class='ocrx_word' id='word_1_757' title='bbox 920 4936 1218 4989; x_wconf 89' lang='lat' dir='ltr'><strong>concordia.</strong></span> <span class='ocrx_word' id='word_1_758' title='bbox 1251 4937 1356 4991; x_wconf 86' lang='lat' dir='ltr'><strong>Sed</strong></span> <span class='ocrx_word' id='word_1_759' title='bbox 1390 4939 1500 4993; x_wconf 64' lang='lat' dir='ltr'><strong>hate</strong></span> <span class='ocrx_word' id='word_1_760' title='bbox 1548 4946 1877 5008; x_wconf 90' lang='lat' dir='ltr'><strong>postmodum</strong></span> <span class='ocrx_word' id='word_1_761' title='bbox 1930 4945 2002 4999; x_wconf 86' lang='lat' dir='ltr'><strong>la-</strong></span> 
     </span>
    </p>
   </div>
   <div class='ocr_carea' id='block_1_98' title="bbox 455 5023 1572 5090">
    <p class='ocr_par' dir='ltr' id='par_1_98' title="bbox 455 5023 1572 5090">
     <span class='ocr_line' id='line_1_98' title="bbox 455 5023 1572 5090; baseline 0.007 -14"><span class='ocrx_word' id='word_1_762' title='bbox 455 5025 576 5077; x_wconf 89' lang='lat' dir='ltr'><strong>tius.</strong></span> <span class='ocrx_word' id='word_1_763' title='bbox 609 5023 820 5078; x_wconf 87' lang='lat' dir='ltr'><strong>interim</strong></span> <span class='ocrx_word' id='word_1_764' title='bbox 846 5034 1042 5080; x_wconf 86' lang='lat' dir='ltr'><strong>textum</strong></span> <span class='ocrx_word' id='word_1_765' title='bbox 1069 5027 1256 5082; x_wconf 68' lang='lat' dir='ltr'><strong>litterae</strong></span> <span class='ocrx_word' id='word_1_766' title='bbox 1283 5030 1572 5090; x_wconf 87' lang='lat' dir='ltr'><strong>videamus.</strong></span> 
     </span>
    </p>
   </div>
   <div class='ocr_carea' id='block_1_99' title="bbox 523 5113 2005 5185">
    <p class='ocr_par' dir='ltr' id='par_1_99' title="bbox 523 5113 2005 5185">
     <span class='ocr_line' id='line_1_99' title="bbox 523 5113 2005 5185; baseline 0.009 -18"><span class='ocrx_word' id='word_1_767' title='bbox 523 5113 744 5184; x_wconf 83' lang='lat' dir='ltr'><strong>Cumque</strong></span> <span class='ocrx_word' id='word_1_768' title='bbox 763 5117 1190 5185; x_wconf 81' lang='lat' dir='ltr'><strong>proﬁciscerentur</strong></span> <span class='ocrx_word' id='word_1_769' title='bbox 1213 5120 1274 5171; x_wconf 88' lang='lat' dir='ltr'><strong>de</strong></span> <span class='ocrx_word' id='word_1_770' title='bbox 1303 5120 1524 5185; x_wconf 80' lang='lat' dir='ltr'><strong>Oriente,</strong></span> <span class='ocrx_word' id='word_1_771' title='bbox 1550 5123 1837 5177; x_wconf 82' lang='lat' dir='ltr'><strong>invenerunt</strong></span> <span class='ocrx_word' id='word_1_772' title='bbox 1872 5143 2005 5179; x_wconf 76' lang='lat' dir='ltr'><strong>cam-</strong></span> 
     </span>
    </p>
   </div>
   <div class='ocr_carea' id='block_1_100' title="bbox 456 5204 2007 5283">
    <p class='ocr_par' dir='ltr' id='par_1_100' title="bbox 456 5204 2007 5283">
     <span class='ocr_line' id='line_1_100' title="bbox 456 5204 2007 5283; baseline 0.012 -30"><span class='ocrx_word' id='word_1_773' title='bbox 456 5219 573 5272; x_wconf 81' lang='lat' dir='ltr'><strong>pum</strong></span> <span class='ocrx_word' id='word_1_774' title='bbox 599 5204 648 5256; x_wconf 89' lang='lat' dir='ltr'><strong>in</strong></span> <span class='ocrx_word' id='word_1_775' title='bbox 683 5212 811 5256; x_wconf 90' lang='lat' dir='ltr'><strong>terra</strong></span> <span class='ocrx_word' id='word_1_776' title='bbox 837 5204 1090 5276; x_wconf 83' lang='lat' dir='ltr'><strong>Semtaar,</strong></span> <span class='ocrx_word' id='word_1_777' title='bbox 1129 5216 1176 5260; x_wconf 86' lang='lat' dir='ltr'><strong>et</strong></span> <span class='ocrx_word' id='word_1_778' title='bbox 1203 5208 1550 5262; x_wconf 80' lang='lat' dir='ltr'><strong>habitaverunt</strong></span> <span class='ocrx_word' id='word_1_779' title='bbox 1581 5210 1631 5262; x_wconf 83' lang='lat' dir='ltr'><strong>in</strong></span> <span class='ocrx_word' id='word_1_780' title='bbox 1673 5227 1748 5265; x_wconf 87' lang='lat' dir='ltr'><strong>eo.</strong></span> <span class='ocrx_word' id='word_1_781' title='bbox 1783 5215 2007 5283; x_wconf 79' lang='lat' dir='ltr'><strong>Apparet</strong></span> 
     </span>
    </p>
   </div>
   <div class='ocr_carea' id='block_1_101' title="bbox 454 5292 2005 5376">
    <p class='ocr_par' dir='ltr' id='par_1_101' title="bbox 454 5292 2005 5376">
     <span class='ocr_line' id='line_1_101' title="bbox 454 5292 2005 5376; baseline 0.014 -37"><span class='ocrx_word' id='word_1_782' title='bbox 454 5303 513 5342; x_wconf 79' lang='lat' dir='ltr'><strong>ex</strong></span> <span class='ocrx_word' id='word_1_783' title='bbox 547 5292 626 5346; x_wconf 89' lang='lat' dir='ltr'><strong>his</strong></span> <span class='ocrx_word' id='word_1_784' title='bbox 669 5294 839 5348; x_wconf 84' lang='lat' dir='ltr'><strong>verbis</strong></span> <span class='ocrx_word' id='word_1_785' title='bbox 872 5296 992 5363; x_wconf 88' lang='lat' dir='ltr'><strong>quia</strong></span> <span class='ocrx_word' id='word_1_786' title='bbox 1020 5311 1202 5351; x_wconf 89' lang='lat' dir='ltr'><strong>verum</strong></span> <span class='ocrx_word' id='word_1_787' title='bbox 1230 5297 1387 5352; x_wconf 84' lang='lat' dir='ltr'><strong>etiam</strong></span> <span class='ocrx_word' id='word_1_788' title='bbox 1437 5297 1586 5366; x_wconf 91' lang='lat' dir='ltr'><strong>primi</strong></span> <span class='ocrx_word' id='word_1_789' title='bbox 1619 5300 1856 5359; x_wconf 83' lang='lat' dir='ltr'><strong>homines</strong></span> <span class='ocrx_word' id='word_1_790' title='bbox 1898 5309 2005 5376; x_wconf 84' lang='lat' dir='ltr'><strong>pla-</strong></span> 
     </span>
    </p>
   </div>
   <div class='ocr_carea' id='block_1_102' title="bbox 526 5441 976 5503">
    <p class='ocr_par' dir='ltr' id='par_1_102' title="bbox 526 5441 976 5503">
     <span class='ocr_line' id='line_1_102' title="bbox 526 5441 976 5503; baseline 0.016 -11"><span class='ocrx_word' id='word_1_791' title='bbox 526 5450 551 5474; x_wconf 78' lang='grc'><strong><em>⁸</em></strong></span> <span class='ocrx_word' id='word_1_792' title='bbox 582 5441 684 5503; x_wconf 83' lang='lat' dir='ltr'><strong>AL,</strong></span> <span class='ocrx_word' id='word_1_793' title='bbox 720 5442 976 5499; x_wconf 84' lang='lat' dir='ltr'><strong>Nembrot.</strong></span> 
     </span>
    </p>
   </div>
   <div class='ocr_carea' id='block_1_103' title="bbox 526 5508 1445 5585">
    <p class='ocr_par' dir='ltr' id='par_1_103' title="bbox 526 5508 1445 5585">
     <span class='ocr_line' id='line_1_103' title="bbox 526 5508 1445 5585; baseline 0.011 -25"><span class='ocrx_word' id='word_1_794' title='bbox 526 5508 551 5547; x_wconf 69' lang='grc' dir='ltr'>ι’</span> <span class='ocrx_word' id='word_1_795' title='bbox 711 5521 754 5585; x_wconf 73' lang='lat' dir='ltr'><strong>et</strong></span> <span class='ocrx_word' id='word_1_796' title='bbox 778 5514 983 5566; x_wconf 83' lang='lat' dir='ltr'><strong>inveniet</strong></span> <span class='ocrx_word' id='word_1_797' title='bbox 1005 5532 1016 5580; x_wconf 90' lang='lat'><strong>;</strong></span> <span class='ocrx_word' id='word_1_798' title='bbox 1039 5517 1129 5585; x_wconf 86' lang='lat' dir='ltr'><strong>aL,</strong></span> <span class='ocrx_word' id='word_1_799' title='bbox 1155 5518 1445 5570; x_wconf 69' lang='lat' dir='ltr'><strong>invenietur.</strong></span> 
     </span>
    </p>
   </div>
   <div class='ocr_carea' id='block_1_104' title="bbox 529 5581 963 5645">
    <p class='ocr_par' dir='ltr' id='par_1_104' title="bbox 529 5581 963 5645">
     <span class='ocr_line' id='line_1_104' title="bbox 529 5581 963 5645; baseline 0.005 -13"><span class='ocrx_word' id='word_1_800' title='bbox 529 5590 548 5614; x_wconf 66' lang='grc' dir='ltr'><strong><em>τ</em></strong></span> <span class='ocrx_word' id='word_1_801' title='bbox 584 5581 688 5645; x_wconf 71' lang='lat' dir='ltr'><strong>AL,</strong></span> <span class='ocrx_word' id='word_1_802' title='bbox 712 5583 963 5635; x_wconf 80' lang='lat' dir='ltr'><strong>dicuntur.</strong></span> 
     </span>
    </p>
   </div>
   <div class='ocr_carea' id='block_1_105' title="bbox 2105 4395 3670 4466">
    <p class='ocr_par' dir='ltr' id='par_1_105' title="bbox 2105 4395 3670 4466">
     <span class='ocr_line' id='line_1_105' title="bbox 2105 4395 3670 4466; baseline -0.001 -12"><span class='ocrx_word' id='word_1_803' title='bbox 2105 4401 2245 4455; x_wconf 83' lang='lat' dir='ltr'><strong>facit.</strong></span> <span class='ocrx_word' id='word_1_804' title='bbox 2269 4399 2378 4452; x_wconf 83' lang='lat' dir='ltr'><strong>Non</strong></span> <span class='ocrx_word' id='word_1_805' title='bbox 2402 4398 2478 4452; x_wconf 90' lang='lat' dir='ltr'><strong>sic</strong></span> <span class='ocrx_word' id='word_1_806' title='bbox 2497 4411 2621 4464; x_wconf 88' lang='lat' dir='ltr'><strong>ergo</strong></span> <span class='ocrx_word' id='word_1_807' title='bbox 2647 4395 2919 4450; x_wconf 89' lang='lat' dir='ltr'><strong>videbatur</strong></span> <span class='ocrx_word' id='word_1_808' title='bbox 2941 4395 3027 4449; x_wconf 88' lang='lat' dir='ltr'><strong>illa</strong></span> <span class='ocrx_word' id='word_1_809' title='bbox 3051 4398 3238 4450; x_wconf 89' lang='lat' dir='ltr'><strong>civitas</strong></span> <span class='ocrx_word' id='word_1_810' title='bbox 3258 4400 3530 4466; x_wconf 90' lang='lat' dir='ltr'><strong>quomodo</strong></span> <span class='ocrx_word' id='word_1_811' title='bbox 3559 4413 3670 4452; x_wconf 82' lang='lat' dir='ltr'><strong>eam</strong></span> 
     </span>
    </p>
   </div>
   <div class='ocr_carea' id='block_1_106' title="bbox 2103 4485 3674 4556">
    <p class='ocr_par' dir='ltr' id='par_1_106' title="bbox 2103 4485 3674 4556">
     <span class='ocr_line' id='line_1_106' title="bbox 2103 4485 3674 4556; baseline -0.005 -10"><span class='ocrx_word' id='word_1_812' title='bbox 2103 4491 2242 4546; x_wconf 91' lang='lat' dir='ltr'><strong>Deus</strong></span> <span class='ocrx_word' id='word_1_813' title='bbox 2271 4488 2436 4543; x_wconf 90' lang='lat' dir='ltr'><strong>videri</strong></span> <span class='ocrx_word' id='word_1_814' title='bbox 2469 4487 2607 4552; x_wconf 79' lang='lat' dir='ltr'><strong>fecit,</strong></span> <span class='ocrx_word' id='word_1_815' title='bbox 2636 4486 2846 4554; x_wconf 90' lang='lat' dir='ltr'><strong>quando</strong></span> <span class='ocrx_word' id='word_1_816' title='bbox 2900 4485 2999 4539; x_wconf 90' lang='lat' dir='ltr'><strong>sibi</strong></span> <span class='ocrx_word' id='word_1_817' title='bbox 3049 4496 3309 4554; x_wconf 89' lang='lat' dir='ltr'><strong>quantum</strong></span> <span class='ocrx_word' id='word_1_818' title='bbox 3367 4487 3674 4556; x_wconf 84' lang='lat' dir='ltr'><strong>displiceret</strong></span> 
     </span>
    </p>
   </div>
   <div class='ocr_carea' id='block_1_107' title="bbox 2103 4572 3650 4645">
    <p class='ocr_par' dir='ltr' id='par_1_107' title="bbox 2103 4572 3650 4645">
     <span class='ocr_line' id='line_1_107' title="bbox 2103 4572 3650 4645; baseline -0.005 -13"><span class='ocrx_word' id='word_1_819' title='bbox 2103 4578 2367 4642; x_wconf 90' lang='lat' dir='ltr'><strong>ostendit;</strong></span> <span class='ocrx_word' id='word_1_820' title='bbox 2397 4574 2633 4645; x_wconf 89' lang='lat' dir='ltr'><strong>quamvis</strong></span> <span class='ocrx_word' id='word_1_821' title='bbox 2657 4574 2820 4642; x_wconf 90' lang='lat' dir='ltr'><strong>possit</strong></span> <span class='ocrx_word' id='word_1_822' title='bbox 2846 4572 3063 4641; x_wconf 88' lang='lat' dir='ltr'><strong>intelligi</strong></span> <span class='ocrx_word' id='word_1_823' title='bbox 3096 4572 3234 4628; x_wconf 90' lang='lat' dir='ltr'><strong>Deus</strong></span> <span class='ocrx_word' id='word_1_824' title='bbox 3257 4574 3324 4629; x_wconf 87' lang='lat' dir='ltr'><strong>ad</strong></span> <span class='ocrx_word' id='word_1_825' title='bbox 3355 4575 3503 4630; x_wconf 83' lang='lat' dir='ltr'><strong>illam</strong></span> <span class='ocrx_word' id='word_1_826' title='bbox 3545 4575 3650 4629; x_wconf 84' lang='lat' dir='ltr'><strong>civi</strong></span> 
     </span>
    </p>
   </div>
   <div class='ocr_carea' id='block_1_108' title="bbox 2105 4662 3671 4733">
    <p class='ocr_par' dir='ltr' id='par_1_108' title="bbox 2105 4662 3671 4733">
     <span class='ocr_line' id='line_1_108' title="bbox 2105 4662 3671 4733; baseline -0.004 -12"><span class='ocrx_word' id='word_1_827' title='bbox 2105 4676 2265 4722; x_wconf 88' lang='lat' dir='ltr'><strong>tatem</strong></span> <span class='ocrx_word' id='word_1_828' title='bbox 2296 4664 2650 4730; x_wconf 87' lang='lat' dir='ltr'><strong>descendisse,</strong></span> <span class='ocrx_word' id='word_1_829' title='bbox 2698 4663 2818 4730; x_wconf 90' lang='lat' dir='ltr'><strong>quia</strong></span> <span class='ocrx_word' id='word_1_830' title='bbox 2842 4662 3224 4718; x_wconf 80' lang='lat' dir='ltr'><strong>descenderant</strong></span> <span class='ocrx_word' id='word_1_831' title='bbox 3251 4666 3425 4732; x_wconf 86' lang='lat' dir='ltr'><strong>angeli</strong></span> <span class='ocrx_word' id='word_1_832' title='bbox 3456 4665 3601 4733; x_wconf 86' lang='lat' dir='ltr'><strong>ejus,</strong></span> <span class='ocrx_word' id='word_1_833' title='bbox 3625 4664 3671 4716; x_wconf 85' lang='lat' dir='ltr'><strong>in</strong></span> 
     </span>
    </p>
   </div>
   <div class='ocr_carea' id='block_1_109' title="bbox 2105 4751 3673 4827">
    <p class='ocr_par' dir='ltr' id='par_1_109' title="bbox 2105 4751 3673 4827">
     <span class='ocr_line' id='line_1_109' title="bbox 2105 4751 3673 4827; baseline -0.004 -16"><span class='ocrx_word' id='word_1_834' title='bbox 2105 4758 2296 4827; x_wconf 88' lang='lat' dir='ltr'><strong>quibus</strong></span> <span class='ocrx_word' id='word_1_835' title='bbox 2317 4755 2532 4818; x_wconf 80' lang='lat' dir='ltr'><strong>habitat,</strong></span> <span class='ocrx_word' id='word_1_836' title='bbox 2563 4761 2619 4806; x_wconf 92' lang='lat' dir='ltr'><strong>ut</strong></span> <span class='ocrx_word' id='word_1_837' title='bbox 2643 4753 2780 4821; x_wconf 92' lang='lat' dir='ltr'><strong>quod</strong></span> <span class='ocrx_word' id='word_1_838' title='bbox 2810 4752 3115 4820; x_wconf 72' lang='lat' dir='ltr'><strong>adiunctum</strong></span> <span class='ocrx_word' id='word_1_839' title='bbox 3138 4762 3250 4807; x_wconf 89' lang='lat' dir='ltr'><strong>est:</strong></span> <span class='ocrx_word' id='word_1_840' title='bbox 3273 4753 3340 4807; x_wconf 83' lang='lat' dir='ltr'><strong>Et</strong></span> <span class='ocrx_word' id='word_1_841' title='bbox 3356 4754 3486 4806; x_wconf 68' lang='lat' dir='ltr'><strong>dixit</strong></span> <span class='ocrx_word' id='word_1_842' title='bbox 3505 4769 3526 4805; x_wconf 91' lang='lat'><strong><em>:</em></strong></span> <span class='ocrx_word' id='word_1_843' title='bbox 3551 4751 3673 4804; x_wconf 75' lang='lat' dir='ltr'><strong>Em</strong></span> 
     </span>
    </p>
   </div>
   <div class='ocr_carea' id='block_1_110' title="bbox 2105 4844 3669 4915">
    <p class='ocr_par' dir='ltr' id='par_1_110' title="bbox 2105 4844 3669 4915">
     <span class='ocr_line' id='line_1_110' title="bbox 2105 4844 3669 4915; baseline -0.003 -14"><span class='ocrx_word' id='word_1_844' title='bbox 2105 4866 2234 4902; x_wconf 88' lang='lat' dir='ltr'><strong>unus</strong></span> <span class='ocrx_word' id='word_1_845' title='bbox 2256 4845 2470 4915; x_wconf 85' lang='lat' dir='ltr'><strong>populus</strong></span> <span class='ocrx_word' id='word_1_846' title='bbox 2493 4853 2536 4897; x_wconf 91' lang='lat' dir='ltr'><strong>et</strong></span> <span class='ocrx_word' id='word_1_847' title='bbox 2582 4859 2739 4896; x_wconf 87' lang='lat' dir='ltr'><strong>unum</strong></span> <span class='ocrx_word' id='word_1_848' title='bbox 2788 4845 2974 4897; x_wconf 85' lang='lat' dir='ltr'><strong>labium</strong></span> <span class='ocrx_word' id='word_1_849' title='bbox 2996 4844 3255 4908; x_wconf 87' lang='lat' dir='ltr'><strong>omnibus,</strong></span> <span class='ocrx_word' id='word_1_850' title='bbox 3288 4854 3342 4896; x_wconf 92' lang='lat' dir='ltr'><strong>et</strong></span> <span class='ocrx_word' id='word_1_851' title='bbox 3367 4852 3585 4907; x_wconf 57' lang='lat' dir='ltr'><strong>extera,</strong></span> <span class='ocrx_word' id='word_1_852' title='bbox 3617 4858 3669 4896; x_wconf 81' lang='lat' dir='ltr'><strong>ac</strong></span> 
     </span>
    </p>
   </div>
   <div class='ocr_carea' id='block_1_111' title="bbox 2107 4933 3650 5005">
    <p class='ocr_par' dir='ltr' id='par_1_111' title="bbox 2107 4933 3650 5005">
     <span class='ocr_line' id='line_1_111' title="bbox 2107 4933 3650 5005; baseline -0.005 -14"><span class='ocrx_word' id='word_1_853' title='bbox 2107 4937 2295 4991; x_wconf 88' lang='lat' dir='ltr'><strong>deinde</strong></span> <span class='ocrx_word' id='word_1_854' title='bbox 2346 4935 2610 4988; x_wconf 85' lang='lat' dir='ltr'><strong>additum:</strong></span> <span class='ocrx_word' id='word_1_855' title='bbox 2648 4933 2825 4987; x_wconf 85' lang='lat' dir='ltr'><strong>Venite</strong></span> <span class='ocrx_word' id='word_1_856' title='bbox 2843 4935 3016 5005; x_wconf 82' lang='lat' dir='ltr'><strong>igitur,</strong></span> <span class='ocrx_word' id='word_1_857' title='bbox 3051 4933 3440 4993; x_wconf 85' lang='lat' dir='ltr'><strong>descendamus,</strong></span> <span class='ocrx_word' id='word_1_858' title='bbox 3466 4941 3518 4982; x_wconf 88' lang='lat' dir='ltr'><strong>et</strong></span> <span class='ocrx_word' id='word_1_859' title='bbox 3561 4949 3650 4983; x_wconf 69' lang='grc' dir='ltr'><strong>(ου</strong></span> 
     </span>
    </p>
   </div>
   <div class='ocr_carea' id='block_1_112' title="bbox 2107 5020 3664 5094">
    <p class='ocr_par' dir='ltr' id='par_1_112' title="bbox 2107 5020 3664 5094">
     <span class='ocr_line' id='line_1_112' title="bbox 2107 5020 3664 5094; baseline -0.002 -17"><span class='ocrx_word' id='word_1_860' title='bbox 2107 5025 2376 5093; x_wconf 86' lang='lat' dir='ltr'><strong>fundamus</strong></span> <span class='ocrx_word' id='word_1_861' title='bbox 2425 5023 2493 5076; x_wconf 88' lang='lat' dir='ltr'><strong>ibi</strong></span> <span class='ocrx_word' id='word_1_862' title='bbox 2533 5026 2754 5094; x_wconf 80' lang='lat' dir='ltr'><strong>linguam</strong></span> <span class='ocrx_word' id='word_1_863' title='bbox 2801 5038 2998 5084; x_wconf 88' lang='lat' dir='ltr'><strong>eorum,</strong></span> <span class='ocrx_word' id='word_1_864' title='bbox 3047 5020 3414 5087; x_wconf 87' lang='lat' dir='ltr'><strong>rccapitulatio</strong></span> <span class='ocrx_word' id='word_1_865' title='bbox 3457 5022 3555 5086; x_wconf 84' lang='lat' dir='ltr'><strong>sit,</strong></span> <span class='ocrx_word' id='word_1_866' title='bbox 3587 5022 3664 5074; x_wconf 73' lang='lat' dir='ltr'><strong>dc-</strong></span> 
     </span>
    </p>
   </div>
   <div class='ocr_carea' id='block_1_113' title="bbox 2107 5111 3668 5181">
    <p class='ocr_par' dir='ltr' id='par_1_113' title="bbox 2107 5111 3668 5181">
     <span class='ocr_line' id='line_1_113' title="bbox 2107 5111 3668 5181; baseline -0.003 -14"><span class='ocrx_word' id='word_1_867' title='bbox 2107 5126 2402 5168; x_wconf 86' lang='lat' dir='ltr'><strong>monstrans</strong></span> <span class='ocrx_word' id='word_1_868' title='bbox 2446 5113 2887 5181; x_wconf 84' lang='lat' dir='ltr'><strong>quemadmodum</strong></span> <span class='ocrx_word' id='word_1_869' title='bbox 2943 5111 3133 5163; x_wconf 74' lang='lat' dir='ltr'><strong>[actutm</strong></span> <span class='ocrx_word' id='word_1_870' title='bbox 3193 5111 3430 5177; x_wconf 89' lang='lat' dir='ltr'><strong>sitquod</strong></span> <span class='ocrx_word' id='word_1_871' title='bbox 3470 5111 3668 5164; x_wconf 87' lang='lat' dir='ltr'><strong>dictum</strong></span> 
     </span>
    </p>
   </div>
   <div class='ocr_carea' id='block_1_114' title="bbox 2106 5198 3667 5271">
    <p class='ocr_par' dir='ltr' id='par_1_114' title="bbox 2106 5198 3667 5271">
     <span class='ocr_line' id='line_1_114' title="bbox 2106 5198 3667 5271; baseline -0.003 -11"><span class='ocrx_word' id='word_1_872' title='bbox 2106 5205 2292 5271; x_wconf 75' lang='lat' dir='ltr'><strong>fuerat,</strong></span> <span class='ocrx_word' id='word_1_873' title='bbox 2323 5205 2568 5257; x_wconf 80' lang='lat' dir='ltr'><strong>descendit</strong></span> <span class='ocrx_word' id='word_1_874' title='bbox 2609 5203 2888 5265; x_wconf 86' lang='lat' dir='ltr'><strong>Dominus;</strong></span> <span class='ocrx_word' id='word_1_875' title='bbox 2920 5202 2960 5252; x_wconf 90' lang='lat' dir='ltr'><strong>si</strong></span> <span class='ocrx_word' id='word_1_876' title='bbox 2993 5201 3129 5254; x_wconf 83' lang='lat' dir='ltr'><strong>enim</strong></span> <span class='ocrx_word' id='word_1_877' title='bbox 3161 5198 3266 5269; x_wconf 82' lang='lat' dir='ltr'><strong>jam</strong></span> <span class='ocrx_word' id='word_1_878' title='bbox 3299 5202 3667 5257; x_wconf 81' lang='lat' dir='ltr'><strong>descenderat.</strong></span> 
     </span>
    </p>
   </div>
   <div class='ocr_carea' id='block_1_115' title="bbox 2107 5291 3669 5367">
    <p class='ocr_par' dir='ltr' id='par_1_115' title="bbox 2107 5291 3669 5367">
     <span class='ocr_line' id='line_1_115' title="bbox 2107 5291 3669 5367; baseline -0.003 -19"><span class='ocrx_word' id='word_1_879' title='bbox 2107 5297 2227 5367; x_wconf 89' lang='lat' dir='ltr'><strong>quid</strong></span> <span class='ocrx_word' id='word_1_880' title='bbox 2263 5296 2359 5350; x_wconf 88' lang='lat' dir='ltr'><strong>sibi</strong></span> <span class='ocrx_word' id='word_1_881' title='bbox 2395 5294 2500 5354; x_wconf 76' lang='lat' dir='ltr'><strong>vult</strong></span> <span class='ocrx_word' id='word_1_882' title='bbox 2530 5293 2685 5345; x_wconf 79' lang='lat' dir='ltr'><strong>uenite</strong></span> <span class='ocrx_word' id='word_1_883' title='bbox 2736 5291 3110 5356; x_wconf 54' lang='lat' dir='ltr'><strong>descendemus,</strong></span> <span class='ocrx_word' id='word_1_884' title='bbox 3163 5292 3300 5359; x_wconf 90' lang='lat' dir='ltr'><strong>quod</strong></span> <span class='ocrx_word' id='word_1_885' title='bbox 3356 5293 3669 5362; x_wconf 71' lang='lat' dir='ltr'><strong>intell‘gitur</strong></span> 
     </span>
    </p>
   </div>
   <div class='ocr_carea' id='block_1_116' title="bbox 2177 5453 2591 5518">
    <p class='ocr_par' dir='ltr' id='par_1_116' title="bbox 2177 5453 2591 5518">
     <span class='ocr_line' id='line_1_116' title="bbox 2177 5453 2591 5518; baseline -0.007 -12"><span class='ocrx_word' id='word_1_886' title='bbox 2177 5456 2201 5494; x_wconf 77' lang='grc' dir='ltr'>ἀ</span> <span class='ocrx_word' id='word_1_887' title='bbox 2232 5455 2335 5518; x_wconf 76' lang='lat' dir='ltr'><strong>AL,</strong></span> <span class='ocrx_word' id='word_1_888' title='bbox 2363 5471 2391 5504; x_wconf 83' lang='lat' dir='ltr'><strong>tt</strong></span> <span class='ocrx_word' id='word_1_889' title='bbox 2412 5453 2591 5516; x_wconf 73' lang='lat' dir='ltr'><strong>seipse.</strong></span> 
     </span>
    </p>
   </div>
   <div class='ocr_carea' id='block_1_117' title="bbox 2183 5523 2582 5589">
    <p class='ocr_par' dir='ltr' id='par_1_117' title="bbox 2183 5523 2582 5589">
     <span class='ocr_line' id='line_1_117' title="bbox 2183 5523 2582 5589; baseline -0.01 -14"><span class='ocrx_word' id='word_1_890' title='bbox 2183 5536 2204 5562; x_wconf 72' lang='grc' dir='ltr'><em>ε</em></span> <span class='ocrx_word' id='word_1_891' title='bbox 2237 5525 2345 5586; x_wconf 81' lang='lat' dir='ltr'><strong>AL,</strong></span> <span class='ocrx_word' id='word_1_892' title='bbox 2373 5523 2582 5589; x_wconf 79' lang='lat' dir='ltr'><strong>asfnltu.</strong></span> 
     </span>
    </p>
   </div>
   <div class='ocr_carea' id='block_1_118' title="bbox 2183 5593 2676 5658">
    <p class='ocr_par' dir='ltr' id='par_1_118' title="bbox 2183 5593 2676 5658">
     <span class='ocr_line' id='line_1_118' title="bbox 2183 5593 2676 5658; baseline -0.002 -14"><span class='ocrx_word' id='word_1_893' title='bbox 2183 5594 2201 5618; x_wconf 85' lang='lat'><strong><em>&#39;</em></strong></span> <span class='ocrx_word' id='word_1_894' title='bbox 2233 5593 2286 5644; x_wconf 72' lang='lat' dir='ltr'><strong>Al</strong></span> <span class='ocrx_word' id='word_1_895' title='bbox 2301 5629 2333 5656; x_wconf 85' lang='lat'><strong>.,</strong></span> <span class='ocrx_word' id='word_1_896' title='bbox 2367 5606 2676 5658; x_wconf 60' lang='lat' dir='ltr'><strong>Cognoscere.</strong></span> 
     </span>
    </p>
   </div>
  </div>
