3866 6248
163 237 261 305 tes

1373 248 1500 303 HEX
1512 248 1831 303 AEMERUN
1871 250 1931 303 Ll
1949 251 2008 304 Β.
2053 251 2133 302 lll.

3247 261 3344 316 196

157 357 353 429 angelis
373 358 590 426 dictum,
625 361 722 415 nisi
747 361 865 431 quia
889 377 980 431 per
997 366 1208 430 angelos
1224 365 1584 431 descenderat,
1601 371 1692 434 qui
1721 371 1764 426 Α
1799 367 1935 445 uitur
1962 368 2195 429 allectus,
2220 367 2375 420 etiam
2405 370 2487 421 cui
2535 384 2635 422 non
2667 371 2896 424 succedit
2924 370 3168 436 allectus;
3214 391 3342 442 quo-

157 448 207 501 in
233 448 431 517 angelis
457 450 896 504 descendentibus
926 453 1072 505 erat?

221 536 371 598 Ecce,
427 538 612 606 inquit,
661 555 788 593 unus
815 542 1027 610 populus
1053 550 1098 594 et
1136 557 1286 594 unum
1312 544 1495 595 labium
1534 545 1693 595 omni-

152 625 274 688 bus;
300 633 644 693 superantque
665 626 756 679 ltoc
777 628 961 694 facere,
1010 643 1098 680 nec
1126 630 1356 682 desistant
1381 646 1411 682 a
1436 630 1692 698 cogitatio-

150 713 296 765 nibus
313 715 423 766 suis
447 715 601 767 donec
624 729 707 766 eos
731 731 876 784 apere
898 717 1194 784 compleant.
1211 719 1364 771 Multa
1395 729 1474 772 est
1491 720 1690 774 distan-

150 801 215 855 tia
246 803 490 869 peccandi
517 803 653 857 inter
680 819 771 858 eos
813 807 899 874 qui
957 809 1024 858 ita
1069 807 1156 860 Dei
1187 796 1423 862 mandata
1453 820 1688 864 contem-

147 905 295 959 nunt,
313 898 581 962 utaliquos
610 896 746 951 inter
767 913 824 952 se
848 905 872 932 ⁸
890 899 1015 966 justi
1037 900 1365 953 :rmulatores
1386 909 1438 953 et
1459 903 1687 956 cultores

148 989 370 1043 habeant
397 1003 413 1051 ;
460 997 513 1042 et
542 989 676 1042 inter
696 1003 789 1043 eos
817 989 903 1059 qui
933 1005 1116 1045 omnes
1147 991 1391 1045 unanimo
1427 1006 1682 1046 consensu

144 1075 401 1129 mandatis
427 1077 730 1130 ctelestibus
757 1078 1136 1132 contradicunt.
1156 1080 1313 1133 Multa
1337 1082 1457 1134 item
1484 1082 1684 1134 ἀίειειιι-

144 1165 212 1218 tia
267 1165 403 1218 inter
442 1179 535 1220 eos
583 1166 669 1234 qui
701 1166 769 1219 ita
811 1177 1045 1234 peccant,
1086 1168 1228 1222 verbi
1257 1170 1418 1235 gratia
1449 1180 1684 1236 tempore

141 1255 527 1320 adolescentia,
573 1264 629 1310 ttt
690 1258 1040 1324 postmodum,
1092 1259 1400 1311 succedente
1449 1268 1680 1322 senecta,

139 1348 495 1413 pmoitentiam
545 1341 891 1402 admissoi-um
939 1362 1093 1417 agere
1124 1349 1422 1416 disponant,
1447 1357 1500 1400 et
1545 1349 1679 1402 inter

138 1451 228 1490 eos
250 1437 338 1506 qui
368 1438 418 1491 in
443 1438 593 1492 malis
612 1453 731 1507 qua:
760 1437 948 1491 faciunt
982 1438 1177 1491 nullum
1198 1440 1539 1493 correctionis
1561 1455 1678 1508 pro-

138 1526 360 1590 positum
391 1536 596 1598 gerunt.
627 1528 695 1582 Ut
716 1542 841 1598 ergo
871 1537 1189 1582 monstretur
1215 1529 1314 1582 hoc
1341 1529 1527 1582 inloco
1553 1545 1679 1583 nna-

135 1617 735 1696 nimitas‘peccantium,
791 1618 914 1672 dicit
965 1619 1236 1673 invisibilis
1283 1623 1506 1674 arbiter:
1547 1621 1677 1676 Ecce

1795 457 1932 506 niam
1962 471 2084 508 vero
2109 456 2394 508 dominatio
2422 459 2722 522 imperantis
2755 461 2802 511 in
2835 461 3002 528 lingua
3030 472 3131 522 est,
3163 463 3229 514 ibi
3260 473 3343 516 est

1791 542 2032 596 damnata
2072 545 2335 609 superbia,
2367 555 2419 597 ut
2467 561 2565 599 non
2621 547 2997 614 intelligeretur
3027 549 3217 616 jubens
3250 553 3342 604 Ιιυο

1792 635 1935 694 mini,
1959 633 2043 699 qui
2071 633 2234 686 noluit
2265 619 2552 702 intelligere
2575 645 2627 687 nt
2655 637 2887 690 obediret
2909 638 3012 691 Deo
3039 639 3266 705 jubenti.

1863 745 2014 811 Atque
2042 745 2109 796 i'a
2140 746 2305 798 divisit
2333 762 2414 799 eos
2448 747 2685 801 Dominus
2713 765 2775 801 ex
2793 750 2880 802 illo
2906 750 3015 804 loco
3046 754 3096 805 in
3142 755 3339 808 univer-

1789 846 1868 883 sas
1899 843 2070 894 terras,
2100 843 2146 883 et
2169 847 2478 889 cessaverunt
2504 839 2754 904 a’diﬁcure
2779 842 3022 894 civitatem
3047 860 3064 904 ;
3091 854 3132 896 et
3153 847 3340 901 idcirco

1787 928 2012 970 uocatum
2038 930 2106 972 est
2127 937 2302 973 nomen
2330 926 2436 992 ejus
2461 924 2634 992 Bobel,
2657 930 2773 995 quia
2801 929 2867 981 ibi
2891 936 3147 999 confusum
3170 944 3244 987 est
3262 937 3339 988 lo-

1788 1007 1920 1058 bium
1952 1009 2191 1061 universe
2243 1021 2405 1065 terrm.
2436 1013 2617 1067 Merito
2647 1016 2917 1071 confusum
2960 1031 3040 1073 est
3071 1023 3258 1076 labiutn
3287 1025 3336 1078 in

1788 1105 1814 1143 s
1842 1096 2242 1163 dispersioneut,
2258 1100 2376 1166 quia
2402 1103 2536 1154 male
2561 1106 2927 1168 conjnraverat
2944 1108 2992 1160 in
3015 1110 3326 1166 locutionem

1787 1186 2067 1238 nefariam:
2101 1189 2267 1241 abluta
2298 1200 2377 1242 est
2408 1201 2634 1256 potestas
2667 1193 2855 1260 linguae
2884 1201 3125 1265 superbis
3147 1203 3336 1268 princi-

1785 1276 1952 1340 pibus,
1982 1292 2046 1330 ne
2078 1277 2126 1330 in
2180 1288 2535 1345 contemptum
2589 1283 2676 1335 Dei
2708 1286 2944 1340 subditos
2973 1302 3183 1354 possent
3221 1307 3335 1357 qua:

1781 1378 2050 1427 ceperant
2092 1364 2116 1402 δ
2149 1370 2280 1420 mala
2311 1369 2521 1432 docere,
2551 1371 3000 1441 sicqttejttdicittm
3036 1378 3224 1432 divina:
3250 1396 3333 1434 se-

1780 1453 2011 1505 veritatis
2038 1455 2088 1506 in
2113 1455 2429 1524 adjutorium
2460 1457 2700 1512 humanm
2731 1476 2934 1514 versum
2960 1475 3041 1518 est
3069 1468 3331 1531 utilitatis,

1779 1551 1833 1595 ut
1855 1542 2073 1597 tacendo
2097 1556 2364 1599 cessarent
2389 1549 2456 1600 ab
2483 1562 2659 1616 opere.
2677 1549 2757 1602 cui
2793 1565 3038 1617 perverse
3065 1553 3328 1622 loquendo

1779 1634 2074 1702 congregati
2101 1634 2438 1690 insistebant:
2467 1651 2530 1692 ac
2551 1639 2628 1692 sic
2649 1641 2998 1695 descendente
3019 1657 3080 1697 ac
3119 1646 3331 1700 vidente

132 1723 260 1761 unus
280 1689 494 1776 populus
521 1718 569 1763 et
611 1726 765 1762 unum
809 1709 995 1762 lobiunt
1019 1711 1279 1775 omnibus;
1306 1720 1360 1766 et
1390 1711 1415 1748 ⁸⁵
1445 1714 1667 1779 proposi-

1784 1721 2002 1775 Domino
2029 1723 2288 1778 civitatem
2315 1726 2581 1788 elationis,
2612 1727 2946 1797 Babylonem,
2979 1730 3078 1784 hoc
3105 1740 3180 1783 est
3198 1746 3328 1785 con-

133 1805 234 1847 tttnt
260 1812 363 1850 non
391 1799 674 1865 pmnitendi
705 1799 967 1868 adiungit:
992 1799 1351 1870 Cmperuntque
1373 1801 1468 1854 hoc
1493 1807 1673 1868 facere,

129 1899 216 1936 nec
263 1885 498 1938 desistant
534 1902 565 1937 α
609 1888 989 1956 cogitationibus
1028 1889 1153 1950 suis,
1197 1890 1354 1940 donec
1403 1905 1484 1941 eos
1532 1905 1680 1955 opere

127 1975 444 2040 compleant;
490 1973 676 2042 quibus
717 1984 834 2040 apte
881 1976 1119 2043 congruit
1147 1976 1456 2041 principium
1491 1977 1674 2044 psalmi

134 2064 269 2116 tertii
300 2061 513 2125 decimi,
567 2062 619 2116 in
669 2078 770 2133 quo
798 2062 990 2118 dictum
1021 2076 1128 2119 est:
1167 2064 1305 2118 Dixit
1353 2068 1586 2133 insipiens
1625 2068 1676 2120 in

125 2155 276 2208 coro'e
299 2171 417 2208 suo:
442 2154 560 2208 Non
581 2164 652 2209 est
685 2155 814 2209 Deus
838 2155 1005 2226 (Psal.
1034 2172 1142 2221 xm,
1172 2156 1243 2226 l),
1270 2158 1317 2210 id
1340 2167 1441 2222 est,
1468 2167 1491 2196 ε
1516 2157 1673 2210 Nem-

125 2245 216 2296 rod
248 2243 437 2299 artilex
461 2245 636 2312 operis
658 2244 896 2310 nefandi;
928 2262 990 2301 ac
1026 2247 1272 2316 deinceps
1305 2249 1369 2302 de
1402 2248 1674 2316 Opificibus

123 2335 340 2400 perdita:
367 2335 623 2388 civitatis:
648 2335 880 2405 Carrupti
903 2348 1036 2402 sunt,
1083 2348 1128 2390 et
1156 2339 1507 2392 abominabiles
1554 2341 1676 2408 [acti

119 2434 232 2478 sunt
254 2424 465 2492 (lbid.).
500 2425 619 2478 Hatc
645 2435 820 2481 autem
842 2427 908 2481 de
935 2429 1120 2497 quibus
1141 2430 1398 2498 loquimur
1423 2423 1577 2484 verba
1602 2430 1674 2482 in-

120 2525 301 2566 ternos
345 2514 512 2568 .ludex
541 2516 794 2569 ministris
847 2517 1123 2572 virtutibus
1161 2518 1669 2587 incomprehensibili

118 2601 141 2638 ἀ
165 2602 320 2656 nobis
347 2604 530 2658 ordine
561 2605 817 2674 loquitur:
846 2607 993 2675 cujus
1016 2608 1152 2675 loqui
1177 2609 1238 2660 ad
1271 2623 1360 2662 eos
1389 2617 1470 2663 est
1489 2624 1672 2662 eorum

119 2692 368 2747 cordibus
387 2697 588 2750 occulta
619 2711 709 2750 sua
736 2697 1011 2751 invisibilia
1034 2700 1666 2770 osteutlere,utqnidqoid

117 2798 276 2860 agere
301 2784 531 2844 debeant
551 2786 600 2842 in
632 2789 743 2856 ipsa
762 2791 1204 2856 contemplatione
1224 2792 1454 2842 Veritatis
1475 2790 1663 2856 legant;

116 2881 262 2948 quasi
287 2880 430 2934 enim
451 2879 782 2932 audientibus
811 2878 1014 2941 dicitur,
1047 2878 1182 2945 quod
1227 2879 1521 2931 videntibus
1562 2879 1668 2931 ins-

117 2975 348 3039 piratur;
382 2970 517 3023 unde
543 2984 660 3022 cum
683 2983 861 3022 eorum
888 2967 1132 3021 cordibus
1171 2966 1308 3021 Deus
1359 2980 1537 3020 contra
1569 2968 1658 3018 ltu-

115 3076 324 3114 umnam
348 3060 647 3128 superbiam
679 3057 1183 3112 animadversionem
1239 3058 1449 3111 ultionis
1490 3057 1660 3112 infun-

112 3151 284 3214 deret,
313 3149 440 3204 dicit
464 3166 477 3201 :

189 3238 387 3302 Venite,
442 3237 817 3301 descendemus,
850 3245 896 3291 et
936 3237 1298 3302 confundantus
1327 3238 1395 3290 ibi
1437 3237 1662 3309 linguam

110 3345 302 3382 eorum.
343 3328 542 3382 Dicitur
569 3331 646 3382 eis
673 3327 760 3393 qui
783 3328 1000 3380 aderant
1030 3325 1217 3391 Venite,
1252 3328 1374 3395 quia
1418 3328 1659 3380 nimirum

113 3421 208 3471 hoc
239 3419 415 3485 ipsum
439 3430 703 3484 nunquam
732 3429 760 3485 a
791 3415 963 3468 divina
990 3416 1428 3481 contemplatione
1453 3418 1657 3468 dceres-

106 3521 248 3571 cere,
269 3507 320 3558 in
349 3505 521 3559 divina
543 3504 984 3572 contemplatione
1013 3517 1220 3570 semper
1239 3517 1540 3580 accrescere
1557 3513 1655 3565 est;

105 3604 156 3648 et
204 3608 472 3661 nunquam
519 3593 678 3647 corde
722 3592 970 3646 recedere
1017 3591 1162 3659 quasi
1213 3592 1433 3661 quodam
1485 3593 1658 3646 stabili

107 3695 248 3736 motu
281 3692 364 3736 est
391 3696 600 3749 semper
625 3681 824 3736 venire.
877 3682 1075 3746 Quibus
1100 3690 1152 3736 et
1181 3683 1305 3735 dicit
1330 3701 1340 3734 :
1386 3683 1660 3735 Descendo-

105 3792 214 3828 mns
255 3784 306 3829 et
335 3773 704 3842 confundantus
758 3774 826 3828 ibi
864 3774 1089 3842 linguam
1129 3789 1320 3826 eorum.
1362 3776 1658 3827 Asceudnnt

104 3865 272 3932 angeli
300 3865 354 3917 in
381 3862 606 3930 eoquod
632 3863 930 3917 Creatorem
960 3864 1308 3929 conspiciunt,
1331 3861 1658 3917 descendunt

104 3953 272 4020 angeli
297 3951 351 4007 in
374 3967 440 4006 eo
467 3951 606 4020 quod
629 3960 924 4005 creaturam
957 3966 1076 4008 sese
1125 3952 1320 4005 illicitis
1368 3952 1652 4020 erigentem

101 4045 346 4096 examine
379 4049 402 4078 ε
423 4041 766 4098 districtionis
791 4050 1053 4111 premunt.
1086 4043 1270 4097 Dicere
1292 4057 1416 4111 ergo
1438 4052 1517 4096 est
1538 4044 1653 4096 des-

102 4133 382 4184 cendemus
408 4141 452 4184 et
481 4131 844 4197 confundantus
861 4132 1059 4202 linguas
1080 4148 1272 4196 eorum,
1296 4133 1345 4185 in
1370 4146 1427 4186 se
1449 4133 1560 4198 ipso
1579 4135 1654 4186 eis

103 4225 200 4277 hoc
227 4223 370 4290 quod
397 4229 540 4284 recte
565 4221 766 4292 legatur
793 4224 1093 4288 ostendere,
1107 4230 1161 4275 et
1185 4237 1278 4290 per
1301 4222 1402 4275 vim
1434 4225 1651 4277 interna:

1780 1809 2036 1866 fusionem
2078 1815 2327 1882 appellari
2356 1816 2607 1883 conligit:
2637 1818 2719 1871 cui
2747 1821 3065 1872 contrarium
3093 1824 3220 1874 satis
3253 1822 3329 1874 ci-

1776 1901 1907 1952 vitas
1931 1901 2162 1955 veritatis
2187 1904 2318 1956 sicut
2348 1919 2557 1972 nomen,
2595 1906 2664 1958 ita
2691 1907 2842 1960 habet
2864 1919 2918 1960 et
2940 1918 3162 1973 statum;
3193 1912 3325 1962 dici-

1776 2000 1860 2044 tur
1885 1993 2022 2044 enitn
2058 1983 2398 2058 Hierusalem,
2433 1996 2482 2048 id
2509 2005 2607 2060 est,
2648 1995 2788 2048 Visio
2811 1998 2974 2063 pacis,
3005 1998 3055 2050 in
3088 2014 3184 2065 qua
3221 2014 3325 2053 cte-

1777 2093 1882 2138 tnm
1916 2084 2144 2138 ﬁdelium
2171 2094 2326 2153 atque
2354 2087 2624 2140 humilium
2652 2087 2834 2156 Spiritu
2853 2089 3323 2156 Dotninusvidons,

1775 2175 1917 2228 tnisit
1944 2175 2161 2242 gratiam
2191 2175 2419 2244 Spiritus
2447 2179 2635 2240 sancti,
2662 2178 2751 2247 qui
2801 2179 2877 2234 eis
2905 2181 3170 2234 scientiam
3210 2198 3323 2234 om-

1775 2266 1921 2317 nium
1949 2265 2201 2320 tribueret
2227 2267 2541 2335 linguarum,
2572 2267 2760 2336 quibus
2790 2269 2993 2332 imbuti,
3027 2285 3209 2323 omnes
3239 2272 3323 2337 qui

1771 2356 1823 2407 in
1877 2356 2101 2411 diversis
2143 2367 2293 2411 erant
2324 2357 2510 2427 linguis
2540 2360 2756 2427 pupulas
2781 2347 2844 2412 ad
2885 2366 3321 2414 constructionem

1767 2446 2001 2514 ejusdem
2026 2456 2217 2501 sancta:
2239 2446 2480 2512 civitatis,
2508 2447 2556 2501 id
2577 2456 2676 2512 est,
2703 2447 2948 2502 Ecclesia:
2970 2448 3320 2512 Cbristi,una-

1771 2535 1962 2587 nimam
1990 2545 2372 2601 convocarent;
2405 2536 2596 2605 quique
2620 2536 2884 2591 humiliter
2917 2534 2932 2574 ι
2975 2538 3202 2592 auditum
3231 2553 3319 2594 ve-

1767 2623 1906 2678 ritati
1923 2634 2293 2693 apposueram,
2308 2626 2602 2680 sublimiter
2620 2640 2708 2680 ora
2724 2627 2786 2678 ad
2804 2626 3188 2694 prmdicandnm
3210 2635 3318 2682 toto

1765 2714 1880 2766 orbi
1913 2715 2186 2767 scientiam
2214 2715 2446 2768 veritatis
2494 2716 2777 2782 aperirent.
2806 2713 3102 2769 Notandum
3145 2724 3317 2771 autem

1765 2804 1900 2871 quod
1949 2803 2216 2870 Scriptura
2261 2805 2387 2856 dicit
2434 2804 2667 2870 quidem,
2720 2804 2972 2872 dispersis
3020 2819 3109 2872 per
3137 2805 3314 2858 urbem

1768 2893 2135 2956 structoribus,
2167 2905 2424 2947 cessatum
2455 2895 2520 2948 ab
2551 2896 2894 2949 :edilicatione
2933 2895 3182 2960 civitatis;
3215 2912 3315 2950 non

1689 3024 1733 3084 Ο
1767 2991 1936 3035 tamen
1966 2983 2090 3036 dicit
2126 2983 2193 3036 ab
2245 2984 2620 3037 inltabitatione
2667 2985 2781 3051 ejus
2830 2983 2989 3039 fuisse
3019 2997 3312 3039 cessatum:

1766 3073 1897 3125 unde
1920 3073 2266 3142 colligendum
2293 3074 2516 3137 videtur,
2555 3075 2670 3128 aliis
2699 3075 2819 3128 inde
2849 3075 3310 3138 descendentibus,

1760 3173 1809 3215 et
1841 3175 1868 3214 a
1900 3171 2157 3216 structura
2180 3164 2527 3227 cessantibus,
2559 3165 2575 3213 l
2615 3163 2838 3217 Netnrod
2858 3165 3031 3233 operis
3046 3173 3310 3217 auctorem

1761 3267 1877 3306 cum
1904 3268 1993 3306 sua
2036 3252 2192 3306 domo
2223 3252 2417 3307 ibidem
2468 3269 2528 3317 ac
2559 3253 2748 3306 familia
2779 3254 3112 3316 remansisse,
3144 3253 3310 3308 donec

1761 3344 2031 3408 progenito
2055 3357 2117 3393 ex
2147 3358 2237 3394 sua
2269 3343 2432 3408 stirpe
2480 3356 2571 3408 pro
2600 3341 2796 3407 majore
2825 3351 2877 3393 et
2907 3343 2957 3393 in
2991 3340 3086 3393 hac
3130 3351 3311 3406 poten-

1759 3429 1859 3480 tius
1889 3441 2104 3491 regnare
2135 3427 2157 3462 κ
2191 3438 2240 3479 ει
2264 3427 2389 3479 alias
2415 3442 2575 3494 regno
2606 3442 2700 3480 suo
2742 3437 2918 3494 posset
2965 3428 3156 3482 addere
3186 3428 3310 3481 civi-

1760 3525 1908 3568 tates.
1938 3515 2301 3582 Neque‘cnitn,
2337 3518 2384 3569 ni
2412 3518 2580 3580 fallor,
2602 3519 2751 3572 aliter
2781 3518 2997 3584 intelligi
3029 3518 3305 3584 sinitquod

1757 3621 1909 3672 supra
1939 3607 2133 3659 dictum
2159 3606 2223 3660 de
2256 3608 2342 3659 illo
2371 3616 2481 3660 est:
2517 3606 2639 3659 Fuit
2655 3616 2818 3658 autem
2847 3609 3150 3675 principium
3170 3609 3307 3676 regni

1756 3697 1863 3765 ejus
1891 3694 2137 3763 Babylon,
2161 3704 2207 3746 et
2237 3695 2486 3754 Araclt,et
2512 3692 2528 3730 ι
2567 3693 2754 3757 Achod,
2768 3703 2812 3745 et
2834 3692 3094 3745 Cholanne
3108 3695 3158 3745 in
3175 3703 3306 3746 terra

1757 3784 2027 3839 Semtaor:
2054 3784 2292 3851 quamvis
2322 3781 2558 3836 eamdem
2581 3781 2762 3833 urbem
2798 3777 3138 3850 Babyloniam
3164 3789 3303 3847 post-

1754 3889 1815 3930 ea
1853 3874 2016 3928 Ninus
2063 3872 2143 3925 vel
2175 3871 2483 3942 Semiramis
2511 3868 2702 3937 conjux
2750 3866 2888 3921 illius
2936 3867 3186 3933 majorem
3235 3879 3299 3920 ex

1754 3973 1991 4034 tempore
2018 3973 2070 4018 et
2101 3963 2452 4032 augustiorem
2507 3959 2796 4014 reddidisse
2852 3957 3113 4020 ferantur;
3163 3956 3302 4010 unde

1752 4065 1835 4113 est
1861 4057 1984 4110 illud
2011 4066 2176 4124 pocla:
2202 4064 2239 4090 ι’
2272 4053 2408 4120 quod
2431 4060 2458 4087 ι’
2487 4051 2677 4103 dicitur
2698 4051 2821 4102 olim

1870 4164 2127 4214 Foctilibus
2147 4165 2298 4211 muris
2313 4161 2518 4209 cinxisse
2538 4159 2819 4210 Semiramis
2836 4157 3036 4216 urbem;

1749 4278 1805 4325 et
1827 4269 2083 4337 praecipue
2099 4266 2579 4322 Nabuchodonosor
2593 4264 2658 4325 de
2682 4261 2858 4330 spoliis
2903 4259 3295 4328 Hierosolymo-

102 4313 1648 4426 flii???3:331"???ffiif’f'idifif'fc'iT5???
1681 4342 1728 4398 ο
1753 4375 1866 4412 rum
1896 4361 2007 4426 eius
2037 4366 2340 4410 ornamenta
2371 4353 2732 4409 accumulare:
2767 4351 2904 4404 unde
2948 4350 3058 4416 ipse
3105 4361 3293 4417 super-

100 4408 331 4460 motibus
358 4405 634 4473 inspirare.
658 4404 721 4456 Et
739 4403 869 4456 bene
893 4417 992 4457 non
1019 4404 1120 4456 ait:
1149 4402 1347 4465 Venite,
1365 4414 1414 4457 et
1437 4405 1648 4459 descen-

99 4497 286 4550 dentes
315 4493 649 4555 conl'undite;
681 4493 770 4546 sed
799 4493 1164 4557 confundantus
1212 4493 1277 4545 ibi
1305 4495 1525 4564 linguam
1553 4512 1650 4548 eo-

99 4603 230 4650 rum,
262 4584 550 4640 ostendens
579 4583 645 4634 ita
669 4595 728 4635 se
754 4582 958 4650 operari
984 4596 1074 4646 per
1120 4583 1382 4638 ministros
1408 4599 1550 4649 suos,
1597 4595 1650 4640 ut

98 4679 198 4732 siut
223 4677 386 4732 etiam
412 4675 510 4743 ipsi
553 4681 917 4740 cooperatores
946 4673 1059 4738 Dei,
1094 4673 1230 4728 sicut
1267 4677 1542 4743 Apostolus
1568 4678 1646 4731 di-

98 4770 194 4822 cit:
225 4765 324 4820 Dei
349 4766 483 4818 enim
506 4779 677 4817 sumus
709 4759 728 4798 ί
759 4763 1052 4830 cooperorii.

163 4856 571 4925 Confundantus,
594 4851 777 4920 inquit,
800 4851 874 4902 ibi
891 4853 1113 4919 linguam
1132 4869 1322 4916 eorunt,
1352 4863 1406 4905 ut
1429 4870 1526 4906 non
1557 4873 1647 4907 ou-

96 4948 198 4997 diu!
220 4946 564 5016 unusquisque
590 4958 753 5017 vocem
773 4942 988 5010 proximi
1010 4943 1109 4993 sui.
1129 4941 1311 4995 Merito
1349 4943 1513 4997 malus
1555 4959 1647 5010 pu-

165 5109 189 5135 ⁸
217 5099 303 5152 Al.
315 5140 330 5160 ,
351 5099 542 5166 justas.

164 5166 189 5205 δ
221 5166 332 5229 ΑΙ..
351 5163 418 5236 ἰιι
441 5168 748 5233 propositum
773 5182 869 5220 non
889 5165 1154 5236 pomitendi
1176 5163 1439 5232 adjtmgat.

163 5249 185 5277 ε
218 5237 329 5300 ΑΙ.,
358 5233 618 5287 Nembrot.

163 5304 187 5342 ⁸
217 5305 330 5366 AL,
364 5305 514 5355 deest
540 5307 701 5358 nobis.

164 5385 189 5413 ο
220 5378 329 5437 AL,
357 5372 702 5426 distinctionis.

166 5444 185 5482 ί
218 5445 326 5506 AL,
350 5451 711 5507 cooperatores.

164 5525 187 5555 ι
222 5517 280 5568 A‘l
291 5552 304 5564 .
319 5552 333 5573 ,
362 5511 688 5576 dispersione.

164 5582 189 5620 δ
222 5585 333 5650 AL,
368 5582 515 5634 male.

1749 4449 1896 4504 biens
1923 4448 2083 4501 dixit:
2121 4446 2302 4499 Nonne
2323 4447 2425 4497 haec
2452 4452 2524 4497 est
2549 4441 2775 4508 Babylon
2805 4453 3004 4507 magno,
3034 4451 3180 4503 quam
3203 4452 3294 4508 ego

1749 4539 1994 4606 a'diﬁcaui
2019 4538 2068 4589 in
2096 4537 2297 4587 domum
2322 4533 2482 4600 regni,
2511 4531 2562 4581 in
2594 4529 2767 4581 robore
2794 4527 3099 4595 fortitudinis
3150 4541 3293 4590 metr,

1749 4640 1795 4681 et
1817 4627 1871 4678 in
1902 4628 2060 4697 gloria
2089 4624 2278 4675 det-aris
2304 4621 2398 4672 mei
2420 4621 2443 4672 ?
2463 4619 2528 4672 de
2559 4617 2704 4683 cujus
2745 4615 3094 4686 magnitudine
3120 4629 3180 4669 ac
3200 4615 3294 4668 de.

1747 4732 1868 4772 core
1901 4717 2241 4781 llierouymus
2267 4717 2290 4743 ο
2323 4710 2389 4762 ita
2413 4716 2615 4761 narrat:
2637 4726 2655 4757 t
2679 4707 2990 4775 Babylonem
3013 4705 3170 4758 luisse
3201 4719 3290 4770 po-

1687 4787 1696 4795 .
1750 4806 2111 4865 lautissimam,
2139 4810 2192 4854 et
2221 4802 2271 4851 itt
2298 4797 2682 4867 campestribus
2713 4811 2805 4862 per
2831 4794 3082 4859 quadrum
3112 4793 3285 4854 sitam,

1746 4898 1811 4951 ab
1834 4896 2019 4964 angulo
2046 4908 2206 4961 usque
2231 4891 2292 4943 ad
2319 4891 2560 4960 angulum
2592 4888 2723 4942 tnuri
2754 4900 2841 4939 χιιι
2874 4885 3038 4938 millia
3061 4881 3287 4936 tenuisse.

1822 5094 1833 5130 ί
1874 5095 1975 5156 AL,
2006 5095 2070 5143 att
2103 5092 2326 5140 auditum
2351 5087 2586 5139 veritatis.

1819 5164 1832 5210 ἰ
1869 5167 1974 5219 ΑΙ..
2005 5160 2260 5211 Ncmbrot.

1814 5231 1838 5266 ¹ί
1873 5217 1979 5291 AL,
2013 5241 2058 5280 et
2085 5230 2186 5279 otia
2213 5242 2365 5295 regno
2385 5240 2475 5278 suo
2504 5230 2662 5292 posset
2691 5217 2870 5272 addere
2900 5231 3010 5285 rrgt

1823 5299 1835 5334 ί
1876 5301 1979 5361 ΑΙ.,
2011 5299 2199 5350 At'udh.

1813 5377 1847 5401 '"
1878 5367 2053 5426 Ovid,,
2079 5367 2166 5418 lib.
2196 5380 2244 5416 tv
2277 5367 2484 5418 Metam.

1811 5445 1837 5472 ¹¹
1869 5440 1947 5489 ΑΙ.
1961 5478 1973 5500 ,
1996 5452 2159 5501 quam.

1817 5515 1838 5540 °
1871 5509 1920 5559 ltt
1951 5521 2062 5572 cap.
2090 5521 2172 5556 διν
2210 5503 2376 5557 ιδλίςε.
