3866 6248
536 321 632 377 ΙΞῚ

1047 322 1245 376 υΕῢΑΞ
1287 321 1728 377 γΕΝεῐιΑΒιιιδ
1762 317 2037 376 OI‘ERUM
2083 318 2084 357 ἕ

2191 317 2261 372 ιδ
2299 317 2362 370 ll.
2396 348 2460 358 -
2490 319 2866 374 EXEGETICA
2905 316 3224 372 (.ENUINA.

3395 120 3839 210 πη

533 449 778 503 passuum
804 441 828 468 ⁸
857 438 908 488 id
937 445 1037 497 est,
1075 434 1225 488 simul
1268 449 1358 499 per
1381 431 1657 488 circuitum
1690 433 1714 470 δ
1746 444 1869 487 um
1912 431 2070 484 refert
2097 431 2144 489 Α
2171 439 2224 482 et
2254 430 2306 482 in
2332 403 2432 483 tina
2461 444 2645 483 omnes
2671 444 2922 498 compage
2938 430 3206 483 charitatis
3226 443 3287 482 ac
3317 430 3441 484 ῆιίεὶ
3464 434 3709 487 eumdem

534 523 824 578 Herodotus
854 522 991 592 (Lib.
1025 525 1086 590 i),
1110 532 1162 576 et
1190 523 1335 577 multi
1365 523 1450 576 alii
1477 522 1562 589 qui
1589 522 1797 577 Cineas
1826 521 2068 575 historias

533 611 972 680 conscripserunt.
1028 612 1131 666 Arx
1172 623 1369 680 autem,
1400 612 1449 666 id
1478 621 1578 676 est,
1605 611 1901 679 capitoliqu
1934 611 2069 665 illius

533 699 676 752 orbis
696 709 777 753 est
804 701 958 754 turris
983 717 1098 769 qua
1130 711 1246 769 post
1265 699 1514 754 diluvium
1543 700 1820 762 mdilicata,
1850 708 2070 768 quatuor

535 788 696 842 millia
726 803 966 856 passuum
994 800 1169 843 tenere
1197 789 1402 844 dicitur.
1430 791 1646 845 Orosius
1674 790 1726 842 in
1771 791 1880 845 suis
1903 790 2073 845 histo-

534 880 626 932 riis
654 877 792 946 (Lib.
815 893 852 942 i,
887 895 994 948 cap.
1018 878 1074 946 ϐ)
1095 879 1329 948 ejusdem
1363 882 1429 934 ita
1461 881 1719 934 meminit:
1753 881 1873 935 llaec
1903 881 2073 948 campi

536 969 751 1036 planitie
780 968 1007 1036 undique
1026 970 1327 1037 conspicua,
1371 980 1551 1023 natura
1600 971 1697 1025 luci
1731 981 1752 1008 ο
1783 971 2071 1036 laetissima,

537 1069 827 1114 castrorum
859 1059 988 1114 facie
1010 1061 1264 1114 mtenibus
1293 1061 1512 1129 paribus.
1554 1078 1643 1128 per
1665 1063 1919 1130 quadrum
1969 1061 2076 1116 dis.

537 1151 725 1219 posita,
757 1166 1021 1205 murorum
1043 1151 1177 1220 ejus,
1201 1153 1284 1205 vix
1318 1153 1552 1207 credibili
1576 1154 1764 1219 relatu,
1788 1153 2003 1208 ﬁrmitas
2024 1162 2078 1207 et

537 1243 860 1311 magnitudo,
895 1243 1053 1307 idest,
1082 1243 1355 1298 latitudine
1370 1245 1661 1299 cubitorum
1676 1243 2070 1314 quinquaginta,

537 1331 808 1386 altitudine
828 1342 1011 1400 quater
1050 1341 1190 1385 tanta
1229 1351 1242 1386 :
1273 1343 1520 1387 cazterum
1541 1334 1767 1388 ambitus
1791 1333 1908 1402 ejus
1950 1349 2078 1404 qna-

537 1424 828 1494 dringentis
860 1440 996 1480 uxx
1029 1425 1208 1480 stadiis
1234 1423 1259 1461 δ
1288 1426 1652 1492 circumvenit,
1686 1441 1861 1480 murus
1903 1426 2074 1480 coctili

542 1517 706 1571 latere
726 1525 882 1583 atque
905 1516 1155 1570 interfusa
1181 1515 1432 1570 bitumine
1458 1526 1778 1584 compactus,
1828 1515 1964 1571 fossa
1991 1532 2079 1571 ex-

545 1607 801 1661 trinsecus
824 1606 924 1660 late
948 1616 1150 1674 patens,
1174 1607 1287 1660 vice
1313 1606 1482 1660 amnis
1501 1606 1832 1663 circumfluit.
1851 1609 1888 1660 A
1904 1607 2076 1662 fronte

2173 519 2333 573 Deum
2363 533 2424 572 ac
2450 519 2720 572 Dominum
2752 518 3123 574 conlaudarent

2243 607 2466 661 Profecti
2514 607 2582 662 de
2629 609 2841 662 Oriente
2884 609 3194 664 invenerunt
3245 625 3492 678 campum
3527 611 3581 663 in
3611 625 3715 676 quo

2174 695 2487 764 habitarent,
2519 698 2635 766 quia
2669 699 2978 754 recedentes
3006 715 3035 752 τι
3058 701 3175 755 luce
3199 701 3423 769 justitize
3474 703 3711 770 reprobi,

2173 785 2304 838 latas
2330 786 2505 839 seculi
2540 787 2651 840 vias
2695 786 3002 856 sibimetipsi
3030 828 3046 852 ,
3076 789 3127 840 in
3156 789 3344 854 quibus
3368 787 3504 841 ﬁuxa
3538 801 3715 844 ruente

2175 883 2476 936 manerent,
2534 874 2847 929 invenerunt
2882 892 2896 938 ;
2945 886 2998 928 et
3055 875 3156 928 hoc
3187 876 3237 928 in
3267 875 3435 930 fetore
3469 878 3716 931 vitiorum

2174 964 2484 1016 carnalium.
2517 964 2745 1018 Senuaar
2779 979 3022 1032 namque,
3054 975 3113 1018 ut
3149 965 3397 1029 diximus.
3433 967 3594 1022 Fctor
3624 985 3719 1022 eo-

2176 1069 2290 1107 rum
2325 1056 2699 1129 interpretatur
2727 1071 2739 1106 :
2771 1054 2834 1107 Et
2861 1055 2982 1121 quid
3012 1069 3103 1122 per
3124 1064 3316 1108 terram
3340 1056 3604 1121 Sennaar,
3641 1061 3720 1110 ui-

2176 1142 2220 1196 si
2243 1143 2443 1210 putrida
2467 1141 2491 1179 ι
2514 1141 2934 1212 concupiscentia
2961 1145 3186 1199 carnalis
3214 1136 3490 1199 socordia:
3540 1149 3720 1214 expri-

2179 1236 2356 1296 mitur,
2387 1232 2437 1285 in
2467 1247 2566 1299 qua
2616 1232 2908 1302 quicunque
2935 1232 3199 1300 habitare,
3233 1235 3283 1288 id
3312 1245 3413 1300 est,
3448 1251 3638 1290 secura
3664 1246 3718 1291 et

2182 1321 2280 1373 lixa
2312 1320 2598 1375 intentione
2654 1321 2936 1390 perdurare
2963 1337 3068 1377 non
3116 1323 3376 1387 devitant,
3406 1339 3526 1377 mox
3561 1339 3721 1390 auge-

2179 1419 2358 1464 scente
2389 1411 2615 1478 nequitia
2641 1451 2656 1475 ,
2685 1413 2841 1464 etiam
2871 1412 3139 1480 proximos
3163 1413 3225 1467 ad
3253 1413 3500 1484 injuriam
3530 1412 3724 1469 Condi-

2183 1499 2310 1553 toris
2337 1508 2493 1562 atque
2522 1513 2681 1566 opera
2715 1501 2935 1554 nefanda
2969 1513 3282 1570 provocant.
3295 1503 3544 1569 Sequitur
3575 1505 3721 1555 enim

2182 1588 2300 1659 quia
2328 1587 2457 1640 dixit
2479 1589 2610 1641 alter
2633 1589 2696 1641 ad
2729 1589 3021 1656 proximum
3069 1605 3218 1644 suum
3249 1609 3263 1645 :
3331 1590 3525 1656 Venite,
3559 1592 3726 1660 facie-

545 1711 812 1750 murorum
849 1705 1054 1752 centum
1099 1705 1262 1764 porta:
1286 1711 1470 1751 mrem:
1502 1697 1612 1765 ipsa
1640 1705 1812 1750 autem
1861 1696 2081 1753 latitudo

2191 1695 2295 1730 mus
2325 1677 2464 1730 nobis
2491 1679 2688 1743 lateres,
2719 1687 2766 1731 et
2815 1694 3084 1748 coquamus
3114 1695 3196 1732 eos
3239 1680 3364 1750 igni.
3418 1681 3724 1735 Accendqu

543 1783 594 1837 in
624 1785 1070 1838 consummatione
1099 1788 1370 1853 pinnarum
1400 1796 1421 1823 ε
1454 1800 1516 1838 ex
1549 1795 1769 1854 utroque
1794 1786 1955 1840 latere
1993 1786 2078 1840 ha-

2191 1784 2306 1837 ergo
2333 1782 2390 1821 se
2419 1768 2721 1820 alterutrum
2752 1767 2814 1820 ad
2848 1768 3038 1822 lateres
3090 1767 3383 1832 faciendos,
3421 1769 3617 1835 quibus
3647 1772 3727 1824 cio

543 1873 785 1929 bitaculis
812 1877 1166 1940 defensorum,
1193 1889 1348 1946 atque
1371 1877 1634 1945 dispositis
1652 1878 1816 1931 media
1846 1878 2084 1932 interca-

546 1967 736 2032 pedine
770 1961 790 2001 ί
815 1965 892 2019 sui
914 1965 1190 2034 quadrigas
1219 1967 1373 2034 capit.
1410 1967 1602 2019 Domus
1628 1967 1943 2022 intrinsecus
1959 1982 2086 2036 qua—

547 2063 625 2107 ter
648 2055 896 2123 germina:
921 2055 1252 2108 habitationis
1273 2055 1458 2109 minaci
1485 2057 1795 2125 proceritate
1814 2065 1838 2102 ι
1873 2056 2083 2111 mirabi-

545 2144 640 2196 les.
661 2161 700 2212 _i
734 2143 864 2210 Quia
895 2159 1016 2198 vero
1039 2143 1184 2211 juxta
1207 2145 1493 2212 spiritalem
1518 2159 1731 2199 sensum
1764 2145 2084 2216 Babylonest

545 2231 735 2285 diaboli
760 2231 969 2296 civitas,
1017 2233 1115 2285 hoc
1141 2243 1224 2286 est
1271 2234 1492 2298 reproha
1511 2233 1779 2288 hominum
1811 2235 2088 2289 multitudo

551 2322 816 2387 universa,
841 2329 1128 2376 structores
1154 2321 1449 2392 Babylonia:
1473 2323 1560 2391 qui
1589 2333 1712 2376 sunt
1733 2323 1830 2377 nisi
1857 2323 2086 2393 magistri

544 2411 802 2478 errorum,
833 2412 916 2480 qui
944 2411 1023 2466 vel
1050 2411 1366 2466 contrarium
1392 2412 1591 2466 veritati
1613 2411 1806 2466 cultum
1835 2412 2085 2467 divinita-

547 2506 618 2558 tis
638 2503 995 2571 introducunt,
1027 2505 1106 2558 vel
1124 2505 1351 2573 agnitam
1378 2504 1532 2559 fidem
1566 2506 1800 2560 veritatis
1825 2505 1977 2560 malis
2003 2519 2090 2559 ac-

548 2595 682 2647 tibus
702 2595 814 2648 sive
843 2594 1018 2646 verbis
1038 2595 1376 2662 impugnant?

616 2683 740 2738 Erat
760 2694 926 2738 autem
954 2685 1113 2738 omnis
1139 2694 1273 2738 terra
1295 2683 1411 2737 labii
1438 2687 1586 2737 unius
1609 2692 1655 2738 et
1677 2700 1960 2743 sermonum
1991 2702 2084 2741 eo-

545 2777 789 2841 rumdem,
821 2777 1049 2846 quandiu
1066 2775 1304 2830 homines
1331 2775 1384 2829 in
1411 2775 1625 2830 Oriente
1648 2784 2082 2844 permanserunt:

545 2878 597 2922 at
618 2869 704 2922 ubi
741 2868 807 2921 ab
827 2868 1040 2921 Oriente
1067 2866 1222 2934 pedes
1239 2875 1537 2930 moverunt,
1556 2881 1676 2918 mox
1708 2875 1922 2934 promer
1957 2881 2076 2920 ver-

546 2958 611 3013 ba
645 2956 759 3011 sive
787 2971 942 3024 opera
971 2955 1232 3024 superbiae
1259 2995 1274 3018 ,
1295 2963 1348 3008 et
1383 2954 1450 3008 ab
1479 2956 1704 3008 invicem
1734 2955 2002 3023 disiuncti,
2035 2963 2088 3009 et

550 3065 580 3102 a
612 3062 707 3106 suo
744 3056 866 3100 sunt
890 3044 1140 3100 Creatore
1169 3044 1372 3113 longius
1402 3044 1629 3115 expulsi.
1687 3043 1916 3099 Orientis
1939 3043 2086 3113 plaga

2186 1857 2397 1909 vitalem
2429 1852 2443 1892 ¹
2486 1855 2710 1909 .‘iemrod
2735 1856 2786 1907 in
2818 1871 3003 1924 campo
3023 1858 3260 1911 Sennaar
3287 1859 3517 1912 condant
3547 1878 3562 1921 ;
3609 1862 3726 1930 quia

2187 1948 2428 2002 nimirum
2459 1950 2629 2003 omnis
2659 1950 2936 2017 impiorum
2970 1950 3246 2006 multitudo
3269 1953 3562 2017 lutulentis,
3609 1969 3727 2008 sor-

2184 2036 2316 2090 didis
2341 2053 2401 2092 ac
2431 2039 2650 2093 terrenis
2707 2039 2948 2109 operibus
2974 2041 3185 2095 diabolo
3211 2043 3374 2096 servit
3405 2084 3420 2107 ,
3456 2052 3510 2096 et
3529 2043 3576 2096 ei
3605 2048 3736 2096 Cl'l’

2186 2135 2344 2180 tatem
2377 2143 2479 2180 non
2537 2130 2694 2181 aliam’
2715 2145 2869 2196 quam
2919 2130 3118 2199 seipsos
3148 2132 3284 2186 male
3316 2133 3540 2185 vivendo
3569 2134 3734 2186 ediﬁ-

2186 2225 2306 2268 cant
2335 2225 2422 2268 :at
2453 2226 2631 2269 contra
2659 2217 2840 2271 civitas
2870 2217 3193 2272 llierusalem
3231 2260 3245 2283 ,
3277 2220 3327 2273 in
3357 2237 3454 2290 qua
3486 2222 3653 2276 David
3683 2231 3730 2276 et

2185 2304 2452 2368 Salomon.
2502 2322 2656 2361 manu
2685 2307 2830 2362 fortis
2876 2309 3075 2364 scilicet
3103 2317 3158 2365 et
3208 2312 3459 2379 paciﬁcus
3521 2325 3726 2382 regnat.

2187 2411 2290 2450 non
2319 2395 2384 2451 de
2414 2398 2575 2451 latere
2605 2439 2621 2460 ,
2645 2398 2735 2452 sed
2764 2399 2828 2452 de
2855 2397 3025 2466 lapide
3054 2417 3065 2451 :
3099 2413 3203 2454 non
3236 2400 3287 2454 in
3316 2416 3530 2470 campo,
3557 2404 3651 2456 sed
3681 2407 3727 2456 in

2188 2497 2367 2543 monte
2411 2491 2774 2556 construitur,
2830 2489 3035 2544 dicente
3061 2489 3124 2543 ad
3172 2505 3292 2544 cum
3344 2506 3466 2561 rege
3521 2493 3724 2560 ipsius:

2189 2575 2317 2631 Ecce
2340 2594 2436 2648 ego
2459 2588 2675 2632 sternam
2705 2596 2792 2648 per
2821 2580 3046 2633 ordinem
3073 2581 3265 2649 lapides
3294 2591 3404 2635 tuos
3432 2621 3448 2646 ,
3476 2592 3523 2636 et
3550 2584 3728 2653 {unde-

2190 2665 2249 2720 bo
2276 2675 2324 2720 te
2349 2669 2399 2718 in
2422 2669 2655 2738 saphyris
2684 2666 2818 2738 (ιω.
2847 2683 2950 2735 ur,
2982 2667 3090 2738 ll).
3115 2677 3169 2723 et
3194 2668 3261 2723 de
3286 2685 3385 2737 qua
3426 2670 3685 2740 Pi-Opheta
3716 2691 3727 2725 :

2190 2755 2338 2810 Mons
2369 2756 2514 2820 Sion,
2541 2757 2702 2812 latera
2737 2758 2992 2826 Aquilonis
3011 2758 3182 2813 civitas
3204 2761 3331 2827 regis
3371 2763 3547 2830 magni
3569 2761 3729 2831 (Paul.

2191 2862 2354 2910 van,
2374 2848 2408 2902 ὃ
2434 2847 2451 2916 )
2480 2864 2491 2899 :
2523 2847 2643 2916 quia
2689 2841 2934 2903 videlicet
2979 2850 3159 2903 civitas
3185 2849 3376 2905 diaboli
3401 2851 3611 2920 profugi
3639 2852 3730 2905 uti-

2189 2951 2291 3004 que
2318 2945 2737 3004 transgressores
2781 2946 2834 2992 et
2857 2939 3063 3008 tyranni
3089 2980 3104 3006 ,
3133 2940 3272 3009 quod
3303 2939 3537 2994 Nemrod
3583 2954 3728 2994 voca-

2191 3027 2368 3082 bulum
2397 3038 2566 3090 sonat,
2596 3028 2696 3083 hoc
2725 3039 2805 3083 est
2836 3032 3076 3084 universa
3107 3033 3454 3098 reprobnrutn
3488 3035 3721 3088 multitu-

551 3091 580 3102 -
612 3091 706 3106 υ--
744 3091 866 3100 η..-
895 3091 1139 3100 ...π-ν-
1169 3091 1371 3113 .---,,.--
1406 3091 1629 3115 -_,,_-_--
1695 3091 1915 3099 --.----.-
1939 3091 2084 3113 τη,-

551 3136 691 3190 unde
745 3134 968 3190 mundus
995 3143 1116 3188 ortu
1146 3135 1378 3187 siderum
1433 3133 1608 3188 lumen
1637 3133 1872 3202 accipere
1916 3135 2084 3200 solet,

2191 3117 2280 3183 do,
2311 3134 2402 3186 per
2430 3119 2626 3172 ﬁuxam
2679 3121 3068 3189 corruptionem
3099 3121 3219 3176 vitae
3267 3124 3547 3192 prasentis
3572 3139 3719 3195 vaga-

549 3226 716 3293 ipsum
745 3235 888 3277 recte
911 3223 1171 3292 signiﬁcat
1212 3223 1300 3290 qui
1330 3224 1402 3275 ait
1429 3242 1441 3275 :
1479 3223 1586 3290 Ego
1614 3239 1727 3276 sum
1759 3225 1849 3276 lux
1871 3225 2044 3276 mundi
2072 3239 2091 3287 ,°

547 3314 636 3384 qui
663 3314 883 3379 sequitur
903 3329 1003 3376 me,
1041 3330 1142 3366 non
1164 3311 1192 3350 ιι
1211 3313 1431 3367 ambulat
1453 3314 1503 3367 in
1529 3314 1764 3377 tenebris,
1826 3315 1911 3367 sed
1936 3313 2089 3367 liabe-

549 3405 617 3456 bit
642 3404 811 3457 lumen
829 3401 942 3458 vitae
962 3400 1140 3475 (Joan.
1168 3419 1288 3466 vm,
1316 3403 1402 3474 η)
1436 3422 1448 3456 :
1507 3405 1558 3458 in
1589 3419 1691 3473 quo
1719 3403 1950 3472 quandiu
1981 3411 2089 3458 ma-

550 3493 956 3560 neutbomines,
985 3496 1138 3548 unius
1153 3503 1275 3548 sunt
1296 3495 1410 3548 labii
1430 3504 1483 3549 et
1496 3496 1637 3549 vocis
1662 3495 1897 3564 ejusdem
1930 3495 2089 3563 :quia

552 3583 796 3639 nimirum
825 3597 923 3635 una
957 3593 1038 3637 est
1067 3582 1332 3636 confessio
1378 3584 1519 3648 fidei,
1555 3586 1738 3638 eadem
1767 3587 1978 3640 castitas
1997 3601 2087 3641 ac-

550 3672 728 3736 tionis,
753 3672 1046 3725 communis
1074 3671 1304 3724 charitas
1332 3680 1383 3725 et
1404 3685 1524 3740 spes
1553 3680 1873 3728 aeternorum
1900 3693 1910 3703 ·
1959 3676 2089 3744 quia

549 3776 732 3816 omnes
759 3761 844 3830 qui
874 3757 924 3814 in
953 3759 1164 3815 Christo
1205 3771 1575 3831 perseverant,
1609 3762 1974 3830 inlustrantur.
2018 3766 2089 3817 At

548 3853 636 3914 qui
665 3865 694 3902 a
723 3849 1163 3916 contemplatione
1193 3864 1332 3904 verae
1359 3850 1488 3905 lucis
1509 3851 1762 3906 recedunt
1795 3893 1808 3917 ,
1838 3867 1934 3906 nec
1961 3867 2085 3907 cum

552 3936 776 3992 Domino
807 3949 984 4004 pacem
1009 3935 1220 3998 habere,
1249 3949 1342 3988 nec
1372 3936 1436 3989 ad
1468 3950 1526 3990 se
1555 3937 1775 3990 invicem
1819 3947 2036 4004 possunt
2071 3955 2086 3991 :

550 4028 671 4096 quia
702 4042 805 4080 non
828 4025 960 4080 sicut
982 4040 1083 4079 una
1113 4025 1253 4091 ﬁdei,
1287 4026 1356 4079 ita
1384 4027 1540 4080 etiam
1563 4041 1661 4079 una
1688 4027 1976 4096 eademque
2006 4029 2091 4081 in-

551 4118 820 4173 ﬁdelitatis
841 4125 926 4172 est
951 4132 1179 4182 norma;
1209 4117 1300 4172 sed
1329 4133 1462 4173 unus
1500 4119 1769 4185 Dominus,
1804 4135 1901 4172 una
1935 4119 2086 4184 ﬁdes,

552 4224 709 4264 unum
733 4210 1016 4280 baptisma,
1072 4223 1205 4264 unus
1234 4209 1390 4274 Deos,
1424 4211 1473 4264 in
1496 4225 1599 4279 quo
1645 4211 1929 4264 electorum
1951 4212 2092 4266 salus

549 4310 632 4352 est
661 4313 675 4350 :
701 4299 848 4350 multi
875 4307 1046 4350 autem
1067 4299 1267 4352 Domini
1299 4301 1662 4364 reprohorum,
1687 4299 1880 4352 diversi
1911 4300 2090 4357 anfra-

551 4395 668 4440 ctus
716 4386 969 4453 perﬁdia,
1000 4389 1202 4441 diversa
1241 4387 1255 4423 ί
1294 4389 1641 4454 pollutionum
1671 4391 1966 4456 volutabra,
2008 4392 2090 4445 di-

552 4479 687 4530 versi
715 4487 834 4530 sunt
866 4477 935 4530 dii
961 4477 1216 4545 gentium,
1246 4480 1432 4547 quibus
1459 4480 1522 4533 ad
1555 4497 1716 4535 unum
1737 4481 2089 4537 damnationis

554 4563 827 4618 interitum
883 4581 1070 4620 omnes
1098 4567 1274 4624 miseri
1316 4573 1722 4635 pertrahuntur:
1771 4571 1910 4639 quod
1957 4573 2094 4628 bene

556 4655 825 4721 utriusque
880 4655 1014 4708 illius
1042 4656 1272 4712 civitatis
1320 4658 1483 4727 ﬁgura
1519 4658 1532 4709 i
1571 4661 1904 4730 signiﬁcavit,
1949 4677 2092 4729 cum,

551 4745 730 4799 divisis
761 4747 809 4798 in
868 4745 1150 4814 Babylonia
1204 4749 1415 4815 linguis,
1474 4767 1627 4805 nemo
1656 4767 1838 4807 vocem
1871 4753 2091 4821 proximi

551 4841 633 4893 sui
673 4848 849 4908 posset
876 4839 1182 4906 agnoscere.
1217 4840 1375 4894 Porro
1407 4847 1456 4897 in
1509 4846 1838 4900 ilierusalem
1873 4845 2094 4900 sociatis

554 4943 646 4994 per
673 4926 889 4996 gratiam
937 4928 1162 4995 Spiritus
1183 4930 1344 4983 sancti
1374 4932 1579 5000 linguis,
1611 4934 1790 4989 ﬁdeles
1815 4936 1974 4988 etiam
1998 4949 2094 4987 ex-

555 5028 781 5072 terorum
806 5017 1036 5071 omnium
1067 5020 1154 5086 qui
1183 5020 1502 5075 advenerant
1524 5038 1707 5078 vocem
1739 5025 2092 5093 intelligerent

623 5185 644 5210 ⁸
677 5176 757 5230 ΑΙ.
789 5177 838 5225 in
891 5173 1015 5227 edit.
1045 5173 1280 5234 υἱεῖ-οη..
1316 5177 1366 5226 id
1389 5190 1480 5236 est.
1525 5178 1670 5230 simul
1702 5196 1788 5244 per
1827 5181 2090 5230 circuitum

554 5245 895 5313 quadraginta
945 5245 1190 5312 octoginta
1223 5247 1403 5297 stadia.
1464 5247 1650 5300 Verum
1681 5248 1730 5299 in
1786 5258 2086 5310 pervetusto

554 5314 684 5366 (20d.
730 5313 1069 5384 ms._Majnris
1096 5317 1375 5368 Inonasteri
1398 5326 1518 5369 ante
1541 5330 1705 5369 annos
1733 5318 1833 5370 800
1890 5319 2083 5384 scripto

557 5388 766 5456 legitur,
796 5381 846 5431 id
876 5392 964 5441 est,
996 5383 1146 5456 simul
1168 5399 1252 5443 per
1281 5386 1542 5438 circuitum
1564 5388 1821 5456 sexaginta
1849 5381 2085 5452 φυσιῶν.

626 5457 648 5490 b
680 5453 779 5508 λι..
814 5463 922 5520 t.ltl,
945 5453 1032 5520 sed
1059 5451 1170 5520 iege
1203 5467 1338 5504 Lstv.

625 5533 646 5559 ο
678 5522 781 5576 AL,
812 5517 1073 5571 latissima.

621 5589 644 5625 ά
679 5591 777 5639 ΑΙ..
819 5587 1066 5637 circumit.

625 5667 644 5694 ο
676 5657 782 5723 AL,
815 5665 1034 5720 utroque.

2193 3208 2362 3261 bunda
2413 3209 2642 3261 oberrat.
2716 3210 2942 3264 Ecclesia
2991 3219 3166 3266 autem
3237 3213 3423 3267 civitas
3482 3216 3716 3269 nimirum

2189 3297 2403 3366 Christi,
2425 3298 2490 3353 de
2519 3299 2648 3354 vivis
2674 3300 2961 3354 cdilicatur
2981 3301 3263 3368 lapidibus,
3283 3303 3382 3356 hoc
3411 3313 3495 3357 est
3531 3306 3720 3356 anima-

2193 3387 2287 3441 bus
2314 3386 2415 3441 lide
2445 3398 2602 3454 atque
2630 3389 2941 3455 operatione
2969 3388 3218 3455 robustis,
3248 3390 3489 3455 qualibus
3519 3392 3718 3458 sapiens

2189 3478 2302 3545 ejus
2328 3476 2644 3531 architectus
2670 3491 2788 3530 cum
2810 3478 2876 3530 de
2900 3491 3022 3546 rege
3048 3477 3192 3532 illius
3220 3477 3526 3546 loqueretur
3546 3481 3724 3534 aiebat:

2191 3568 2269 3620 Ad
2294 3583 2438 3636 quem
2463 3568 2747 3620 accedentes
2776 3565 2996 3634 lapidem
3020 3567 3202 3630 visunt,
3231 3567 3295 3619 ab
3312 3566 3604 3622 hominibus
3625 3569 3725 3637 gai-

2192 3658 2302 3708 dem
2330 3655 2672 3726 reprobatum,
2702 3671 2732 3707 a
2766 3654 2867 3709 Deo
2895 3665 3060 3708 autem
3085 3656 3319 3724 electum,
3341 3666 3392 3710 et
3421 3658 3719 3727 honoriﬁca-

2193 3753 2292 3796 tum
2324 3754 2410 3806 ;et
2454 3746 2552 3808 ipsi
2589 3756 2828 3813 tanquam
2879 3745 3072 3814 lapides
3116 3746 3212 3798 sisi
3256 3746 3725 3815 supertzdi/icamiui

2193 3835 2245 3902 (1
2279 3833 2415 3890 Petr.
2446 3850 2504 3902 ll,
2525 3834 2581 3902 4)
2614 3853 2626 3886 :
2655 3851 2823 3902 neque
2851 3838 2949 3888 hoc
2976 3837 3026 3888 in
3055 3850 3244 3904 campo
3273 3835 3536 3902 Sennaar,
3565 3839 3652 3894 sol
3679 3839 3720 3890 in

2192 3932 2369 3978 monte
2397 3933 2576 3976 sancto
2599 3921 2801 3976 Domini
2828 3937 2842 3974 :
2887 3935 3010 3991 quia
3040 3935 3144 3975 non
3166 3937 3225 3977 se
3264 3921 3318 3976 in
3371 3922 3600 3979 inﬁrmis
3624 3939 3726 3979 car-

2193 4012 2390 4066 nalium
2417 4009 2593 4066 rerum
2623 4011 2970 4080 voluptatibus
2999 4013 3260 4077 relaxare,
3286 4012 3382 4067 sed
3410 4014 3478 4066 ad
3508 4028 3720 4082 superna

2195 4109 2364 4177 po:ius
2391 4107 2647 4162 desideria
2683 4107 2833 4161 electi
2857 4107 3118 4176 stringere
3151 4113 3308 4174 atque
3337 4106 3577 4162 exaltare
3607 4123 3719 4162 cuin-

2193 4198 2407 4253 tendunt
2431 4213 2446 4252 :
2471 4197 2607 4252 unde
2635 4197 2815 4252 dicunt
2833 4198 2951 4265 quia
2979 4198 3293 4252 conuersatio
3318 4208 3493 4252 nostra
3521 4199 3576 4252 in
3601 4197 3720 4251 ralia

2192 4300 2262 4344 est
2292 4287 2454 4358 (Phil.
2483 4303 2560 4353 in,
2588 4287 2705 4354 20).

2264 4377 2410 4444 Quod
2436 4386 2611 4429 autem
2644 4376 2807 4428 lutum
2837 4375 2887 4429 in
2920 4375 3110 4430 lateres
3137 4377 3382 4442 formant,
3415 4390 3539 4444 qua
3570 4374 3720 4441 aquis

2197 4483 2288 4537 per
2313 4467 2566 4536 quadrum
2597 4466 2840 4519 lateribus
2887 4466 2998 4520 ﬁeri
3047 4465 3237 4528 solent,
3282 4463 3424 4518 unde
3452 4473 3506 4517 et
3548 4479 3722 4518 nomen

2194 4558 2473 4625 accipiunt;
2527 4557 2961 4624 compositionem
3009 4563 3062 4607 et
3113 4562 3356 4607 ornatum
3415 4553 3720 4623 eloquentia:

2195 4648 2458 4703 secularis
2480 4647 2731 4712 ostendit,
2762 4661 2856 4713 per
2879 4659 3035 4712 quam
3061 4643 3246 4697 civitas
3287 4646 3516 4712 superba
3550 4646 3719 4699 diabo-

2195 4736 2249 4802 li,
2279 4738 2388 4790 sive
2418 4739 2468 4792 in
2490 4735 2814 4803 philosophia
2841 4731 3008 4786 fallaci
3045 4772 3063 4798 ,
3091 4746 3186 4788 seu
3218 4733 3270 4787 in
3303 4733 3553 4789 heretica
3611 4748 3724 4788 vcr-

2193 4829 2326 4882 sutia
2349 4867 2365 4892 ,
2394 4828 2613 4879 multum
2641 4825 2711 4878 ad
2733 4835 2938 4894 tempus
2964 4824 3167 4879 videtur
3194 4824 3326 4894 erigi
3359 4843 3374 4890 ;
3407 4825 3502 4880 sed
3527 4825 3583 4880 in
3603 4839 3711 4880 exa-

2195 4921 2336 4974 mine
2360 4918 2578 4972 districti
2598 4915 2785 4984 judicis
2813 4931 2966 4987 quam
2997 4919 3068 4972 sit
3111 4917 3428 4972 damnabilis
3456 4926 3510 4970 et
3559 4913 3724 4971 conla-

2196 5019 2342 5074 sione
2362 5015 2515 5086 digna
2545 5013 2757 5083 patebit.

2272 5171 2288 5209 ῐ
2324 5169 2428 5230 AL,
2455 5166 2575 5219 sitas
2603 5166 2875 5235 quadrigas
2906 5182 2922 5227 ;
2955 5167 3024 5229 al,
3056 5166 3132 5217 sui
3153 5165 3279 5215 citas
3305 5160 3606 5232 quadrigas.

2270 5251 2292 5286 ε
2323 5239 2427 5301 AL,
2459 5237 2718 5287 mirabilis.

2275 5309 2297 5346 δ
2325 5308 2433 5370 AL,
2464 5305 2756 5358 ambulabit.

2270 5379 2279 5414 i
2314 5377 2416 5438 AL,
2442 5374 2732 5442 pollutione.

2266 5448 2276 5495 i
2321 5437 2424 5507 AL,
2442 5437 2697 5511 signiﬁcat
2720 5459 2736 5504 ;
2753 5443 2824 5494 al.
2839 5481 2853 5501 ,
2881 5437 3110 5511 signauit.

2261 5516 2282 5551 ¹ι
2320 5515 2421 5576 ΑΙ..
2445 5507 2852 5578 concupiscentiis
2871 5507 3085 5561 carnalis
3132 5507 3385 5574 socordia,
3435 5509 3532 5574 ιιὴ
3558 5519 3714 5558 coars-

2191 5584 2445 5639 eiscentia’
2465 5580 2683 5633 carnalis
2706 5579 2931 5633 exordia.

2268 5651 2284 5692 ι
2312 5655 2418 5716 AL,
2454 5650 2726 5706 Ncmbrod.
