3866 6248
186 437 283 494 12ὶῖ

1397 439 1861 496 ΙΠΞΧΛΕΜΕΙὶΟΝ
1901 438 2026 496 LIB.
2070 438 2156 494 Ill.

3294 431 3304 442 ν

3283 443 3378 502 130

255 551 541 624 linquebant
559 553 738 606 lateres
766 566 887 620 quos
933 552 1152 620 fecerant
1177 552 1305 621 igni.
1334 552 1599 608 Videlicet
1629 553 1722 608 illo
1757 560 1801 614 Α
1832 567 2018 622 pensas
2048 555 2214 617 daret,
2245 567 2306 605 ac
2335 547 2622 606 mensuras
2639 553 2818 621 templi
2853 552 3071 610 faciendi
3111 562 3365 614 ostcmlc-

182 640 249 694 de
273 653 376 707 quo
399 640 595 693 dictutn‘
613 647 695 692 est
740 653 909 693 omnes
954 639 1291 692 adulterantes
1335 641 1466 692 velut
1495 641 1731 694 clibanus

179 728 336 785 corda
363 744 530 782 eorum
552 727 696 800 (Uss.
720 743 810 796 vn,
837 728 920 798 4),
948 737 1003 785 et
1029 728 1095 782 de
1123 743 1228 796 quo
1265 727 1424 783 Isaias
1447 746 1459 780 :
1491 725 1621 780 Ecce
1645 744 1729 782 ros

180 834 354 873 oinnes
381 816 706 872 accendentes
758 819 942 887 ignem,
996 817 1206 893 accincti
1234 818 1450 886 ﬂammis
1478 816 1732 870 ambulate

180 911 232 960 in
263 908 454 962 lumine
480 907 612 976 ignis
640 908 793 960 vestri
819 915 866 960 et
907 909 960 961 in
988 908 1210 976 ﬂammis
1249 923 1372 977 quas
1405 907 1732 960 succendistis

184 995 314 1065 (ιω.
347 1013 397 1062 ι,
427 997 545 1067 M).
571 996 709 1068 Ignis
737 998 930 1066 quippe
986 1000 1082 1051 iste
1107 1013 1257 1051 amor
1285 1005 1366 1052 est
1394 999 1639 1051 vitiorum
1671 1007 1730 1051 et

181 1088 375 1152 cupido
405 1086 600 1142 favoris
631 1086 865 1148 humani.
919 1102 1022 1156 quo
1049 1089 1294 1140 nimirum
1354 1086 1474 1154 igne
1505 1086 1721 1139 inventa

178 1177 342 1229 semel
373 1175 618 1244 dogmata
649 1175 888 1229 falsitatis
915 1176 1062 1230 stulti
1096 1177 1432 1243 deceptorum
1492 1174 1730 1244 magistri

178 1265 497 1321 confirmare
525 1275 576 1319 et
602 1266 652 1319 in
683 1275 884 1319 tantum
914 1267 1172 1319 obdurare
1215 1274 1460 1336 satagunt
1487 1305 1503 1326 .
1533 1279 1598 1319 ne
1621 1266 1728 1319 ullo

180 1353 422 1409 veritatis
448 1369 509 1408 ac
533 1355 789 1407 doctrina:
836 1354 1070 1409 caelestis
1095 1354 1293 1422 possint
1321 1355 1605 1408 ct-rtamine
1645 1369 1732 1407 su-

180 1447 356 1511 perari
392 1463 406 1498 :
437 1446 528 1500 sed
587 1445 927 1499 nihilominus
957 1446 1198 1500 vincente
1254 1446 1436 1499 militia
1465 1447 1727 1509 veritatis,

181 1545 236 1588 nt
264 1535 530 1603 Scriptura
553 1535 650 1604 ait,
677 1536 878 1599 cecidit,
907 1537 1082 1588 cecidit
1104 1534 1329 1605 Babylon
1348 1551 1528 1604 magna
1545 1537 1728 1605 (Apoc.

179 1638 328 1688 svm,
358 1623 436 1691 2),
467 1626 491 1653 ⁸
519 1623 713 1690 duplici
740 1623 982 1677 nimirum
1009 1639 1151 1688 casu,
1175 1634 1227 1677 et
1249 1623 1299 1677 in
1315 1624 1561 1693 praesenti
1586 1624 1732 1692 deje-

177 1725 262 1766 cta
292 1729 388 1792 per
415 1715 694 1768 manifesta
709 1716 903 1768 tionem
933 1714 1186 1780 veritatis,
1219 1725 1272 1770 et
1296 1715 1347 1768 in
1381 1714 1554 1769 futuro
1569 1715 1725 1769 dam-

198 1805 373 1858 nanda
407 1820 500 1873 per
548 1805 864 1858 sententiam
918 1805 1117 1859 ultima:
1168 1803 1484 1860 severitatis.
1539 1803 1731 1872 Hujus-

1831 652 1911 697 ret
1937 661 1949 694 :
1982 644 2069 696 sed
2094 653 2140 696 et
2165 657 2383 694 marmor
2409 640 2622 695 Pariunt
2653 644 3082 698 abundantissime
3111 662 3377 713 praepara-

1829 731 1894 784 vit
1916 730 1964 800 (Ι
1995 729 2119 783 Par.
2148 745 2287 813 xstx,
2312 730 2369 797 2)
2402 746 2414 782 :
2446 733 2564 800 quia
2594 732 2837 785 nimirum
2889 733 3120 787 Ecclesia
3173 736 3373 791 Christi

1833 824 1900 878 de
1933 824 2159 879 fortibus
2193 825 2300 890 fide
2327 833 2379 878 et
2411 826 2619 879 actione
2646 825 2852 894 fulgidis
2881 828 3155 883 animabus
3183 833 3384 899 colligi-

1835 921 1919 965 tnr
1946 913 2260 968 electorum.
2289 913 2513 968 Marmor
2529 916 2721 984 quippe
2743 918 2922 972 insulze
2958 916 2975 953 ‘
3009 919 3172 973 Parim
3196 922 3382 975 valida:

1838 1001 2043 1055 virtutis
2072 1014 2125 1055 et
2177 1004 2386 1057 candidi
2424 998 2630 1059 constat
2660 1021 2779 1060 esse
2831 1008 3022 1061 coloris
3053 1011 3186 1072 ;sed
3221 1011 3380 1080 hujus

1831 1092 2064 1144 materire
2112 1102 2403 1147 structores
2453 1081 2758 1165 Babylonius
2779 1099 3002 1164 copiam,
3051 1099 3163 1152 sive
3197 1114 3375 1154 curam

1831 1198 1933 1234 non
1961 1183 2242 1249 habentes,
2273 1185 2528 1240 bitumine
2569 1198 2838 1255 puteorum
2885 1203 3007 1242 suos
3039 1189 3224 1242 lateres
3252 1204 3381 1242 con-

1829 1271 2092 1340 glutinant
2121 1288 2136 1325 :
2165 1273 2285 1342 quia
2316 1274 2601 1328 candorem
2653 1276 2988 1342 innocentizr,
3018 1279 3179 1330 robur
3236 1278 3379 1340 fidei,

1829 1361 2167 1414 concordiam
2193 1361 2554 1426 fraternitatis,
2608 1362 3013 1431 disputationum
3045 1367 3374 1433 argumentis

1831 1452 2032 1504 tttttnire
2054 1458 2331 1506 conantur.
2482 1466 2488 1472 '
2899 1513 2908 1522 ,

1907 1539 2101 1607 Venite,
2117 1541 2306 1609 inquit,
2326 1543 2574 1610 faciamus
2595 1541 2732 1594 nobis
2746 1544 3048 1595 civitatemet
3069 1551 3275 1607 turrem,
3292 1559 3376 1596 cu-

1822 1631 1911 1700 jus
1939 1632 2132 1684 culmen
2155 1631 2389 1684 ascendat
2409 1636 2477 1684 ad
2501 1634 2697 1685 calum.
2731 1631 2950 1685 Faciunt
2976 1633 3072 1686 sibi
3113 1633 3375 1687 civitatem

1831 1719 1953 1771 mali
1994 1719 2280 1785 doctores,
2332 1735 2450 1773 cum
2500 1720 2678 1774 relicta
2719 1720 2927 1773 civitate
2981 1721 3229 1786 caelesti,
3288 1736 3378 1774 cu-

1825 1805 2138 1875 jus.artilex
2184 1815 2240 1860 et
2298 1807 2548 1861 conditor
2603 1808 2742 1862 Dens
2790 1817 2888 1872 est,
2946 1809 2996 1860 id
3043 1816 3144 1870 est,
3199 1820 3378 1860 sancta

179 1895 322 1949 modi
350 1897 590 1949 civitates
619 1895 879 1964 quondam
909 1897 958 1949 in
991 1894 1219 1965 [Egypto
1248 1895 1402 1964 plebs
1423 1895 1715 1949 Israelitica
1757 1896 1803 1954 B
1836 1894 2065 1948 Ecclesia
2097 1934 2114 1959 ,
2190 1898 2399 1963 propria
2475 1895 2575 1950 sibi
2652 1896 3010 1950 conventicula
3094 1897 3373 1966 colligunt.

179 1984 244 2036 de
275 1985 386 2037 luto
416 1994 468 2037 et
493 1987 655 2037 latere
685 1984 927 2047 faciebat,
958 1985 1076 2054 quia
1115 1995 1167 2039 et
1212 1986 1321 2052 ipsa
1348 1987 1569 2040 necdum
1599 1985 1729 2054 legis

179 2073 365 2126 auditu
419 2071 642 2134 erudita,
699 2073 837 2126 vitiis
871 2083 1028 2140 atque
1057 2074 1322 2128 erroribus
1344 2075 1634 2140 serviebat,
1677 2083 1730 2129 et

179 2177 360 2217 eorum
391 2175 598 2230 quoque
628 2163 840 2230 liguram
873 2161 923 2214 in
962 2162 1068 2214 suis
1096 2162 1340 2229 cperibus
1363 2163 1716 2230 exprimebat,

178 2255 265 2323 qui
299 2251 542 2306 obscuris
579 2251 750 2305 adhuc
778 2250 1161 2304 lmmundornm
1191 2251 1488 2320 spirituum,
1541 2253 1731 2322 quibus

180 2341 327 2395 duris
355 2341 527 2394 adhuc
555 2339 914 2408 Egyptiornm
947 2339 1178 2407 imperiis
1201 2340 1502 2410 mancipati,
1536 2343 1728 2396 nullam

148 2493 152 2498 _
181 2429 518 2499 adquirendae
548 2429 726 2496 patria:
745 2428 980 2483 caelestis
1012 2428 1166 2484 fidem
1195 2443 1420 2498 spemve,
1436 2431 1631 2486 habere
1655 2432 1734 2486 di-

180 2525 453 2586 dicerunt;
484 2522 706 2588 ideoque
751 2519 929 2573 mundi
953 2519 1110 2588 hujus
1136 2520 1305 2574 solum
1329 2521 1608 2576 inlecebris
1636 2523 1730 2576 sd-

183 2612 386 2667 hzrrere
431 2626 493 2664 ac
521 2608 668 2664 subdi
715 2617 990 2663 noverunt.
1020 2608 1260 2662 Bitumen
1292 2623 1415 2663 vero
1457 2624 1560 2679 quo
1587 2619 1729 2663 strn-

181 2715 354 2758 ctores
383 2701 685 2771 Babylonius
709 2699 990 2754 utebantur
1028 2714 1120 2766 pro
1151 2707 1407 2752 caemento
1441 2740 1456 2764 ,
1501 2700 1640 2768 quod
1670 2699 1733 2753 de

183 2802 321 2846 terra
357 2792 438 2845 vel
468 2791 634 2857 puteis
672 2791 1059 2853 assumebatur,
1093 2789 1438 2844 intentionem
1486 2789 1732 2844 nimirum

185 2893 412 2937 terrena:
437 2891 492 2936 et
515 2880 707 2934 infima:
737 2879 1019 2945 voluptatis
1055 2877 1304 2942 ostendit,
1335 2891 1438 2946 qua
1490 2877 1733 2930 homines

186 2974 338 3042 hujus
385 2971 560 3026 seculi
609 2980 793 3024 cuncta
822 2982 912 3022 sua
961 2982 1118 3037 opera
1148 2964 1174 3003 δ
1204 2966 1443 3020 muniunt
1467 3005 1482 3030 ,
1514 2976 1571 3020 ut
1612 2975 1733 3034 pote

192 3067 303 3135 qui
321 3064 460 3119 nulla
500 3077 846 3129 supernorum
876 3060 1131 3113 bonorum
1162 3072 1254 3127 spe
1298 3059 1410 3111 sive
1435 3057 1733 3124 cognitione

183 3172 240 3214 se
270 3157 334 3210 ad
366 3153 662 3225 appetenda
685 3167 746 3206 ea
774 3151 957 3220 qnzein
977 3149 1124 3204 caelis
1151 3156 1272 3203 sunt
1293 3146 1480 3214 gaudia
1509 3161 1733 3215 suspen-

1831 1984 2047 2039 Faciuut
2074 1985 2173 2039 sibi
2193 1986 2452 2040 civitatem
2482 2001 2665 2040 omnes
2693 1989 2896 2056 reprobi
2944 2029 2959 2051 ,
2989 2001 3106 2040 cum
3137 1988 3374 2054 neglecto

1833 2076 2075 2144 praesidio
2105 2087 2479 2144 praeceptorum
2509 2078 2599 2130 Dei
2628 2117 2643 2141 ,
2675 2091 2864 2130 sensus
2916 2092 2979 2130 ac
3009 2077 3266 2130 desideria
3300 2081 3380 2130 sui

1830 2167 2007 2219 cordis
2038 2167 2088 2218 in
2116 2167 2333 2234 agendis
2380 2169 2491 2219 sive
2518 2165 2811 2232 loquendis.
2871 2181 2987 2233 qua:
3036 2173 3061 2210 σ
3109 2166 3382 2230 ipsoslibet

1832 2264 2136 2320 sequuntur.
2180 2253 2460 2309 IEdilicant
2515 2254 2779 2308 civitatem
2831 2253 3188 2319 Babyloniam,
3248 2271 3366 2308 cum

1831 2358 1990 2410 Opera
2017 2343 2326 2398 confusione
2355 2343 2511 2413 digna
2547 2344 2740 2398 faciunt
2774 2360 2785 2395 ι
2814 2342 3032 2396 Faciunt
3079 2353 3133 2398 et
3179 2353 3377 2398 turrem

1831 2432 1983 2501 cujus
2005 2435 2214 2487 culmen
2246 2434 2495 2487 ascendat
2534 2433 2585 2487 in
2629 2433 2844 2496 coelum,
2876 2446 2995 2485 cum
3037 2433 3265 2486 etiamin
3306 2435 3384 2488 sui

1830 2523 2136 2577 Conditoris
2187 2523 2426 2592 injuriam
2478 2522 2665 2592 impias
2711 2532 2930 2576 exerunt
2986 2522 3210 2592 linguas,
3261 2537 3379 2574 cum

1827 2613 1974 2681 juxta
2009 2614 2297 2667 Psalmistze
2330 2628 2533 2677 vocem,
2590 2613 2918 2681 iniquitatem
2945 2611 2995 2663 in
3024 2611 3050 2647 δ
3103 2611 3381 2665 Excelsutn

1832 2705 2134 2775 loquuntur,
2181 2721 2299 2761 cum
2353 2715 2549 2773 ponunt
2593 2706 2643 2760 in
2669 2707 2860 2761 cmlum
2887 2722 2947 2758 os
2997 2721 3148 2760 suum
3175 2747 3188 2770 ,
3243 2708 3381 2775 quod

1831 2795 2053 2863 gentiles
2084 2793 2301 2859 faciunt,
2332 2794 2524 2847 multos
2545 2794 2674 2848 deos
2691 2793 2934 2856 colendo,
2955 2795 3185 2847 hmretici
3217 2795 3372 2847 fidem

1835 2884 1987 2935 unius
2018 2882 2110 2935 Dei
2154 2882 2424 2936 erroribus
2480 2883 2783 2948 polluendo,
2828 2881 2991 2934 ,Ιηόωί
3045 2882 3235 2935 Filium
3291 2883 3382 2937 Dei

1835 2971 2103 3025 Christum
2127 2971 2386 3038 negando,
2415 2969 2530 3023 falsi
2569 2970 2814 3024 catholici
2842 2969 2997 3023 fidem
3021 2970 3172 3023 malis
3197 2970 3381 3037 operi-

1833 3060 1930 3114 bus
1960 3060 2069 3114 sive
2122 3060 2492 3113 schismatibus
2545 3071 2738 3114 rectam
2769 3059 3093 3127 profanando
3129 3077 3142 3112 :
3193 3060 3384 3130 quibus

1835 3151 2075 3203 omnibus
2122 3150 2366 3202 convenit
2417 3149 2540 3202 illud
2603 3149 2892 3202 Psalmistaa
2942 3151 3005 3202 ad
3061 3150 3380 3204 Dominum:

184 3249 330 3314 dant,
354 3223 415 3301 et
431 3223 704 3315 propterea
735 3257 891 3297 omne
917 3239 1056 3310 quod
1076 3250 1235 3311 agunt
1266 3237 1732 3308 temporalisoble-
1762 3223 1807 3285 (ἶ
1837 3238 2084 3307 Superbia
2104 3237 2277 3292 eorum
2306 3239 2392 3307 qui
2421 3247 2467 3291 te
2487 3237 2704 3291 oderunt
2731 3239 2953 3291 ascendit
2979 3255 3172 3308 semper
3202 3238 3373 3303 (Psal.

185 3337 431 3392 elationis
456 3335 567 3386 sive
598 3330 790 3385 favoris
818 3331 981 3399 gratia
1011 3339 1198 3397 gerunt
1227 3345 1238 3380 :
1264 3327 1346 3381 cui
1370 3334 1554 3380 contra
1603 3326 1735 3380 bene

188 3429 436 3494 templum
480 3422 683 3477 Domini
727 3420 1042 3475 ctetnentarii
1077 3419 1264 3474 fecisse
1294 3418 1578 3487 leguntur:
1629 3433 1735 3470 cae-

187 3529 421 3572 menttnn
458 3515 649 3584 quippe
694 3512 760 3566 de
788 3511 1041 3581 lapidibus
1071 3509 1298 3564 incensis
1328 3517 1485 3577 atque
1515 3509 1566 3561 in
1594 3508 1734 3561 cine-

187 3624 299 3665 rem
333 3607 501 3661 versis
530 3605 824 3667 conficitur,
857 3601 1043 3668 quibus
1091 3615 1155 3654 ex
1196 3600 1314 3668 igne
1341 3599 1531 3667 agitur,
1562 3609 1618 3651 ut
1646 3598 1732 3665 qui

187 3697 332 3768 prius
351 3696 543 3765 singuli
577 3705 598 3733 ο
633 3695 823 3748 viritim
845 3691 978 3744 firmi
993 3705 1052 3744 ac
1074 3689 1233 3743 fortes
1247 3689 1574 3754 exstiterant,
1593 3698 1734 3754 post-

188 3788 404 3842 modum
429 3801 550 3840 cum
583 3785 939 3867 additamento
957 3780 1447 3842 candorisemolliti,
1477 3787 1531 3832 et
1550 3779 1649 3831 sibi
1668 3779 1732 3832 ad

190 3875 412 3930 invicem
439 3873 608 3928 infusa
638 3887 768 3940 aqua
791 3870 980 3924 melius
1007 3869 1245 3925 connecti
1272 3879 1416 3932 sunt,
1449 3878 1504 3922 et
1533 3869 1733 3938 positos

189 3969 238 4022 in
268 3982 422 4021 muro
444 3966 639 4034 lapides
661 3963 862 4031 possint
879 3961 1012 4015 alios
1040 3967 1372 4022 connectere,
1400 3958 1497 4028 ipsi
1526 3974 1734 4028 quoth

192 4075 295 4116 non
322 4058 487 4113 multo
514 4065 629 4127 post
653 4056 963 4123 recipientes
992 4056 1176 4110 melius
1207 4054 1526 4119 firmitatem,
1558 4068 1714 4122 quam

191 4164 471 4219 parumper
498 4147 737 4201 amisisse
764 4145 1086 4200 videbantur.
1107 4145 1206 4211 Qui
1228 4159 1352 4212 ergo
1379 4146 1428 4198 in
1450 4149 1728 4206 caemento,

192 4241 292 4294 nisi
317 4239 371 4292 bi
399 4237 593 4291 debent
616 4237 802 4304 accipi,
833 4235 919 4303 qui
947 4233 1128 4294 sedulo
1175 4231 1563 4286 tribulationum
1597 4243 1730 4284 tem-

197 4329 455 4400 poralium
479 4326 688 4379 fornace
708 4323 932 4386 decocti,
971 4322 1112 4390 prius
1135 4321 1184 4374 in
1210 4321 1395 4390 seipsis
1418 4335 1625 4374 omnem
1653 4322 1733 4374 vi-

195 4418 382 4472 tiorum
413 4415 782 4470 obscuritatem
810 4413 1054 4466 virtutum
1082 4410 1310 4464 candore
1335 4419 1623 4474 mutarunt,
1653 4411 1732 4464 di-

195 4516 372 4560 centes
393 4518 488 4558 suo
508 4503 745 4558 Creatori
776 4518 790 4554 :
824 4501 1036 4554 Lavabis
1064 4515 1140 4553 me
1168 4509 1211 4553 ct
1232 4516 1381 4568 super
1399 4501 1566 4554 nivem
1587 4501 1730 4555 deal-

1836 3344 1997 3392 um,
2023 3330 2136 3398 25),
2161 3329 2224 3383 ad
2249 3338 2297 3382 te
2317 3369 2331 3392 ,
2362 3329 2411 3382 id
2434 3337 2535 3392 est,
2573 3329 2622 3381 in
2656 3330 2963 3382 memoriam
2997 3328 3069 3382 tui
3097 3330 3226 3396 justi
3256 3345 3384 3383 exa-

1834 3421 2010 3474 minis.
2045 3422 2372 3474 Asccndeole
2426 3432 2599 3475 autem
2643 3419 2885 3485 superbia
2917 3435 3193 3485 pravorum
3222 3423 3372 3484 quasi

1833 3511 2060 3566 culmine
2085 3512 2241 3563 turris
2267 3510 2502 3562 m-fandaa
2524 3510 2587 3561 ad
2607 3509 2818 3567 caelum.
2837 3523 3040 3572 acquum
3063 3519 3143 3562 est
3169 3517 3222 3561 ut
3243 3509 3384 3563 Con-

1833 3602 1972 3654 ditor
1996 3597 2111 3656 creti
2143 3599 2470 3652 descendens
2512 3597 2748 3651 destruat
2798 3600 3042 3651 unanima
3069 3611 3237 3665 ctepta
3267 3614 3381 3652 nta-

1837 3692 2115 3760 lignorum,
2145 3700 2193 3743 et
2219 3691 2317 3742 hoc
2346 3690 2424 3744 eis
2486 3689 2714 3757 primum
2762 3688 3001 3742 beneficii
3031 3690 3284 3756 c0nferat,
3319 3705 3384 3742 ne

1835 3784 2066 3835 valentes
2093 3781 2308 3849 implere
2361 3795 2543 3834 manus
2565 3795 2746 3834 eorum
2781 3779 2919 3847 quod
2943 3789 3226 3847 coeperant,
3256 3796 3378 3849 grao

1835 3872 1948 3925 vius
1977 3872 2028 3923 in
2054 3879 2308 3924 arternum
2338 3870 2653 3924 damnentur
2679 3886 2692 3932 ;
2747 3870 2937 3922 deinde
2968 3881 3020 3921 ut
3051 3869 3205 3923 etiam
3235 3870 3373 3924 inter

1830 3963 1893 4016 ‘se
1918 3961 2079 4016 scissa
2108 3961 2259 4015 noxia
2284 3960 2676 4029 conspiratione
2719 3957 3057 4022 dissidentes,
3088 3957 3260 4011 minus
3288 3959 3380 4012 bo-

1836 4054 1916 4108 nis
1962 4067 2202 4108 noceant.
2259 4053 2367 4106 Hoc
2396 4060 2570 4106 autem
2602 4053 2766 4106 semel
2824 4053 2946 4105 fecit
2989 4068 3078 4120 per
3103 4068 3160 4106 se
3211 4055 3381 4120 ipsum

1835 4142 2159 4196 descendens
2178 4141 2244 4193 de
2264 4141 2398 4194 coelo
2431 4141 2685 4194 Dominus
2709 4157 2721 4192 :
2753 4141 2850 4192 hoc
2871 4141 3103 4208 quotidie
3133 4157 3222 4208 per
3245 4156 3383 4211 pre.

1837 4231 2099 4284 dicatores
2119 4243 2242 4281 suos
2265 4229 2316 4280 in
2342 4227 2571 4281 Ecclesia
2596 4230 2715 4280 facit
2744 4246 2754 4279 :
2782 4227 2795 4264 ί
2823 4229 3098 4281 ωηιυηώι
3118 4233 3254 4283 enim
3285 4234 3384 4285 Iin-

1834 4332 1966 4388 guas
2016 4316 2423 4385 superbientium
2453 4314 2775 4376 Judzeorum,
2809 4321 2898 4384 qui
2938 4325 3121 4368 contra
3153 4318 3372 4384 gratiam

1840 4408 2126 4479 Evangelii,
2153 4422 2306 4476 quam
2340 4405 2676 4475 pradicabat,
2732 4408 2976 4459 unanimo
3008 4422 3192 4463 omnes
3242 4423 3372 4461 con-

1839 4517 1995 4557 sensu
2022 4511 2073 4554 et
2099 4500 2244 4569 quasi
2272 4512 2456 4552 omnes
2511 4513 2613 4552 uno
2645 4498 2780 4552 labio
2836 4500 3127 4564 rebellant;
3171 4513 3371 4568 eosque

197 4596 344 4650 babor
368 4593 538 4665 (Psal.
567 4609 618 4660 ι,
647 4592 725 4662 9);
756 4591 942 4646 deinde
966 4590 1122 4644 etiam
1158 4591 1427 4658 proximos
1458 4590 1483 4630 δ
1503 4591 1615 4644 suis
1645 4605 1739 4646 ex-
1770 4577 1822 4637 ἶ)
1843 4594 1910 4647 ab
1933 4589 2102 4658 impiis
2128 4589 2398 4642 conatibus
2423 4590 2712 4652 retardatus,
2743 4599 2910 4644 totum
2942 4590 3188 4657 dispersit
3213 4591 3263 4644 in
3285 4606 3375 4644 or-

199 4683 585 4740 bortationibus
613 4685 726 4738 sive
774 4683 1030 4749 exemplis
1057 4679 1371 4735 candllicare
1398 4693 1563 4749 atque
1593 4687 1616 4714 ο
1647 4696 1735 4735 co-

200 4775 317 4843 pula
347 4771 643 4827 dilectionis
667 4773 968 4826 alterutrum
1001 4777 1212 4822 nectere
1241 4770 1451 4822 student
1475 4770 1497 4820 ?
1526 4771 1592 4823 de
1618 4771 1734 4838 qui-

201 4863 296 4916 bos
316 4871 460 4916 recte
483 4860 685 4914 dicatur
707 4875 721 4912 :
742 4857 882 4910 Beati
908 4857 1120 4924 paciﬁci,
1146 4859 1382 4925 quoniam
1413 4859 1506 4926 ﬁlii
1539 4858 1631 4911 Dei
1650 4875 1738 4913 tto-

201 4949 442 5014 cabuntur
467 4949 678 5019 (Matth.
711 4962 775 5022 v,‘
793 4947 849 5016 9)
875 4964 886 4997 :
919 4947 1004 5015 qui
1034 4962 1136 5014 quo
1157 4949 1320 5016 magis
1344 4949 1735 5003 tribulationum

207 5040 411 5095 ﬂamma
439 5037 691 5092 humiliati
745 5038 1070 5098 mollescunt,
1098 5051 1161 5090 eo
1189 5035 1431 5090 fortiores
1451 5038 1515 5092 ad
1547 5039 1740 5092 confir-

206 5131 390 5183 manda
419 5140 472 5184 et
496 5129 805 5183 continenda
829 5127 879 5181 in
919 5126 1349 5180 tribulationibus
1373 5129 1736 5193 proximorum

207 5220 362 5274 conta
391 5220 635 5272 existant.
659 5217 804 5284 Quod
843 5216 998 5270 etiam
1023 5215 1273 5281 templum
1303 5213 1370 5267 de
1418 5214 1590 5282 lapide
1618 5217 1738 5269 albo

209 5310 546 5374 construitur,
569 5307 950 5366 dicenteDavid
976 5306 1039 5360 ad
1069 5305 1401 5361 Sslomonem
1430 5318 1548 5359 cum
1573 5307 1620 5361 ei
1645 5308 1742 5360 im-

198 5537 200 5544 _
275 5491 300 5519 ⁸
329 5482 433 5546 AL,
459 5481 760 5542 dttulicium.

273 5551 301 5590 Ιι
335 5555 438 5616 ΑΙ.,
461 5553 767 5607 munientur.

282 5633 305 5688 ἐ
333 5623 438 5682 ΑΙ..
467 5622 558 5674 siri
587 5631 684 5673 tarn
705 5621 860 5688 ﬁrmi.

277 5687 303 5726 ⁴
339 5691 442 5751 ΑΙ..
461 5705 595 5743 suos.

287 5769 310 5796 ⁸
334 5760 438 5824 ΑΙ..
455 5763 506 5814 in
535 5758 737 5826 copula.

1843 4687 1981 4739 bern.
2007 4682 2304 4747 Prmeipitat
2330 4687 2384 4733 et
2422 4679 2611 4734 dividit
2658 4696 2750 4750 per
2797 4684 3043 4736 doctores
3097 4683 3383 4738 catholicos

1844 4774 2042 4842 linguas
2067 4771 2453 4834 haereticorum,
2487 4777 2541 4823 et
2568 4785 2659 4824 eos
2689 4770 2755 4822 ab
2784 4771 3006 4825 invicem
3061 4773 3373 4839 dissocians,
3412 4833 3415 4838 l

1845 4879 1911 4916 ne
1936 4870 2116 4915 contra
2148 4859 2433 4913 Ecclesium
2463 4873 2608 4911 suam
2640 4870 2817 4928 portas
2851 4862 3000 4915 inferi
3024 4864 3227 4930 erigere
3250 4879 3376 4934 pos-

1848 4954 1973 5016 sint,
2003 4951 2259 5019 prohibet.
2305 4949 2453 5002 Nulla
2484 4958 2566 5002 est
2593 4952 2732 5003 enim
2763 4949 2996 5012 haeresis,
3028 4967 3148 5019 qua:
3184 4968 3285 5005 non
3308 4955 3377 5006 ab

1843 5041 1960 5094 aliis
1989 5039 2246 5114 haereticis
2275 5038 2606 5106 impugnetur
2638 5053 2654 5102 ;
2711 5039 2846 5090 nulla
2897 5037 3240 5107 philosophiae
3285 5054 3383 5092 sae-

1841 5132 2034 5186 cularis
2062 5139 2204 5183 secta
2230 5145 2246 5193 ;
2294 5142 2409 5196 qua:
2437 5128 2502 5180 ab
2527 5127 2644 5179 aliis
2669 5142 2816 5195 teque
2837 5128 3009 5181 stulta.b
3037 5128 3385 5195 philosophia:

1842 5222 2000 5276 sectis
2029 5218 2286 5273 mendacii
2311 5219 2647 5286 redarguatur
2671 5233 2684 5278 ;
2711 5216 2888 5283 sicque
2921 5215 2975 5268 fit
3004 5225 3060 5269 ut
3084 5215 3210 5269 dum
3240 5216 3376 5271 inter

1844 5327 1902 5366 se
1930 5311 2236 5364 alterutrum
2279 5307 2522 5362 confusas
2573 5306 2760 5359 habent
2793 5306 2992 5372 linguas
3038 5301 3268 5372 reprobi,
3311 5304 3381 5358 ita

1925 5486 1942 5524 ί
1979 5487 2080 5548 ΑΙ..
2107 5485 2272 5539 Parii.

1919 5567 1942 5603 ι
1978 5557 2080 5622 AL,
2107 5557 2248 5623 ipsis.

1918 5625 1942 5663 ⁵
1977 5629 2081 5687 ΑΙ..
2110 5623 2326 5676 excelso.

1926 5699 1939 5733 ί
1976 5695 2082 5762 AL,
2105 5693 2397 5762 confundit.
