  <div class='ocr_page' id='page_1' title='image "/cluster/home/n/w/nwhite01/storage/ocr_20150623/90-91/uva.x000827075/703.png"; bbox 0 0 3866 6248; ppageno 0'>
   <div class='ocr_carea' id='block_1_1' title="bbox 479 514 572 568">
    <p class='ocr_par' dir='ltr' id='par_1_1' title="bbox 479 514 572 568">
     <span class='ocr_line' id='line_1_1' title="bbox 479 514 572 568; baseline -0.011 0"><span class='ocrx_word' id='word_1_1' title='bbox 479 514 572 568; x_wconf 75' lang='grc'><strong>151</strong></span> 
     </span>
    </p>
   </div>
   <div class='ocr_carea' id='block_1_2' title="bbox 973 523 3161 592">
    <p class='ocr_par' dir='ltr' id='par_1_2' title="bbox 973 523 3161 592">
     <span class='ocr_line' id='line_1_2' title="bbox 973 523 3161 592; baseline 0.006 -16"><span class='ocrx_word' id='word_1_2' title='bbox 973 526 1170 578; x_wconf 68' lang='lat' dir='ltr'><strong>BEDA“.</strong></span> <span class='ocrx_word' id='word_1_3' title='bbox 1213 523 1654 578; x_wconf 58' lang='lat' dir='ltr'><strong>FENILRABILIS</strong></span> <span class='ocrx_word' id='word_1_4' title='bbox 1695 523 1971 581; x_wconf 70' lang='lat' dir='ltr'><strong>OPERUM</strong></span> <span class='ocrx_word' id='word_1_5' title='bbox 2016 525 2294 582; x_wconf 75' lang='lat' dir='ltr'><strong>PARSJI.</strong></span> <span class='ocrx_word' id='word_1_6' title='bbox 2328 559 2394 569; x_wconf 98' lang='lat'>—</span> <span class='ocrx_word' id='word_1_7' title='bbox 2426 529 2811 588; x_wconf 73' lang='lat' dir='ltr'><strong>EXEGETICA</strong></span> <span class='ocrx_word' id='word_1_8' title='bbox 2847 535 3161 592; x_wconf 71' lang='lat' dir='ltr'><strong>CENUINA.</strong></span> 
     </span>
    </p>
   </div>
   <div class='ocr_carea' id='block_1_3' title="bbox 3565 541 3665 597">
    <p class='ocr_par' dir='ltr' id='par_1_3' title="bbox 3565 541 3665 597">
     <span class='ocr_line' id='line_1_3' title="bbox 3565 541 3665 597; baseline 0.01 -1"><span class='ocrx_word' id='word_1_9' title='bbox 3565 541 3665 597; x_wconf 69' lang='lat' dir='ltr'><strong>l3!</strong></span> 
     </span>
    </p>
   </div>
   <div class='ocr_carea' id='block_1_4' title="bbox 479 632 3664 717">
    <p class='ocr_par' dir='ltr' id='par_1_4' title="bbox 479 632 3664 717">
     <span class='ocr_line' id='line_1_4' title="bbox 479 632 3664 717; baseline 0.003 -20"><span class='ocrx_word' id='word_1_10' title='bbox 479 650 538 697; x_wconf 86' lang='lat' dir='ltr'><strong>ut</strong></span> <span class='ocrx_word' id='word_1_11' title='bbox 572 649 727 690; x_wconf 84' lang='lat' dir='ltr'><strong>nemo</strong></span> <span class='ocrx_word' id='word_1_12' title='bbox 757 651 938 689; x_wconf 85' lang='lat' dir='ltr'><strong>vocem</strong></span> <span class='ocrx_word' id='word_1_13' title='bbox 971 637 1187 702; x_wconf 81' lang='lat' dir='ltr'><strong>ptuximi</strong></span> <span class='ocrx_word' id='word_1_14' title='bbox 1223 637 1301 689; x_wconf 93' lang='lat' dir='ltr'><strong>sui</strong></span> <span class='ocrx_word' id='word_1_15' title='bbox 1331 637 1466 690; x_wconf 87' lang='lat' dir='ltr'><strong>idem</strong></span> <span class='ocrx_word' id='word_1_16' title='bbox 1517 637 1769 704; x_wconf 85' lang='lat' dir='ltr'><strong>sapiendo</strong></span> <span class='ocrx_word' id='word_1_17' title='bbox 1815 652 2013 706; x_wconf 87' lang='lat' dir='ltr'><strong>cogno-</strong></span> <span class='ocrx_word' id='word_1_18' title='bbox 2048 643 2093 694; x_wconf 77' lang='grc' dir='ltr'>Α</span> <span class='ocrx_word' id='word_1_19' title='bbox 2124 632 2220 693; x_wconf 86' lang='lat' dir='ltr'><strong>loci</strong></span> <span class='ocrx_word' id='word_1_20' title='bbox 2247 641 2581 709; x_wconf 78' lang='lat' dir='ltr'><strong>signiﬁcavit,</strong></span> <span class='ocrx_word' id='word_1_21' title='bbox 2612 659 2732 697; x_wconf 91' lang='lat' dir='ltr'><strong>cum</strong></span> <span class='ocrx_word' id='word_1_22' title='bbox 2760 647 2964 699; x_wconf 98' lang='lat' dir='ltr'><strong>diceret</strong></span> <span class='ocrx_word' id='word_1_23' title='bbox 2993 646 3102 702; x_wconf 88' lang='lat' dir='ltr'><strong>Noe</strong></span> <span class='ocrx_word' id='word_1_24' title='bbox 3133 647 3454 717; x_wconf 82' lang='lat' dir='ltr'><strong>quingentos</strong></span> <span class='ocrx_word' id='word_1_25' title='bbox 3479 653 3664 706; x_wconf 77' lang='lat' dir='ltr'><strong>haben-</strong></span> 
     </span>
    </p>
   </div>
   <div class='ocr_carea' id='block_1_5' title="bbox 480 726 2018 794">
    <p class='ocr_par' dir='ltr' id='par_1_5' title="bbox 480 726 2018 794">
     <span class='ocr_line' id='line_1_5' title="bbox 480 726 2018 794; baseline -0.001 -9"><span class='ocrx_word' id='word_1_26' title='bbox 480 737 614 790; x_wconf 90' lang='lat' dir='ltr'><strong>scat,</strong></span> <span class='ocrx_word' id='word_1_27' title='bbox 654 742 707 781; x_wconf 89' lang='lat' dir='ltr'><strong>et</strong></span> <span class='ocrx_word' id='word_1_28' title='bbox 730 726 826 779; x_wconf 89' lang='lat' dir='ltr'><strong>sibi</strong></span> <span class='ocrx_word' id='word_1_29' title='bbox 883 742 1067 781; x_wconf 86' lang='lat' dir='ltr'><strong>nomen</strong></span> <span class='ocrx_word' id='word_1_30' title='bbox 1115 729 1433 794; x_wconf 65' lang='lat' dir='ltr'><strong>Babyloniae,</strong></span> <span class='ocrx_word' id='word_1_31' title='bbox 1463 727 1513 780; x_wconf 93' lang='lat' dir='ltr'><strong>id</strong></span> <span class='ocrx_word' id='word_1_32' title='bbox 1564 740 1645 781; x_wconf 87' lang='lat' dir='ltr'><strong>cst</strong></span> <span class='ocrx_word' id='word_1_33' title='bbox 1693 728 2018 783; x_wconf 89' lang='lat' dir='ltr'><strong>confusionis</strong></span> 
     </span>
    </p>
   </div>
   <div class='ocr_carea' id='block_1_6' title="bbox 485 818 2018 887">
    <p class='ocr_par' dir='ltr' id='par_1_6' title="bbox 485 818 2018 887">
     <span class='ocr_line' id='line_1_6' title="bbox 485 818 2018 887; baseline 0.001 -15"><span class='ocrx_word' id='word_1_34' title='bbox 485 831 767 884; x_wconf 78' lang='lat' dir='ltr'><strong>coitgruere</strong></span> <span class='ocrx_word' id='word_1_35' title='bbox 815 818 1050 883; x_wconf 83' lang='lat' dir='ltr'><strong>probent,</strong></span> <span class='ocrx_word' id='word_1_36' title='bbox 1085 829 1137 871; x_wconf 88' lang='lat' dir='ltr'><strong>et</strong></span> <span class='ocrx_word' id='word_1_37' title='bbox 1165 819 1418 871; x_wconf 84' lang='lat' dir='ltr'><strong>visionem</strong></span> <span class='ocrx_word' id='word_1_38' title='bbox 1451 819 1590 884; x_wconf 83' lang='lat' dir='ltr'><strong>pacis</strong></span> <span class='ocrx_word' id='word_1_39' title='bbox 1621 820 1671 872; x_wconf 90' lang='lat' dir='ltr'><strong>in</strong></span> <span class='ocrx_word' id='word_1_40' title='bbox 1703 835 1801 887; x_wconf 91' lang='lat' dir='ltr'><strong>qua</strong></span> <span class='ocrx_word' id='word_1_41' title='bbox 1839 819 2018 874; x_wconf 84' lang='lat' dir='ltr'><strong>Eccle-</strong></span> 
     </span>
    </p>
   </div>
   <div class='ocr_carea' id='block_1_7' title="bbox 481 902 2018 975">
    <p class='ocr_par' dir='ltr' id='par_1_7' title="bbox 481 902 2018 975">
     <span class='ocr_line' id='line_1_7' title="bbox 481 902 2018 975; baseline 0.003 -19"><span class='ocrx_word' id='word_1_42' title='bbox 481 908 554 960; x_wconf 91' lang='lat' dir='ltr'><strong>sia</strong></span> <span class='ocrx_word' id='word_1_43' title='bbox 580 907 850 972; x_wconf 73' lang='lat' dir='ltr'><strong>gloriatur,</strong></span> <span class='ocrx_word' id='word_1_44' title='bbox 881 902 1049 957; x_wconf 84' lang='lat' dir='ltr'><strong>minus</strong></span> <span class='ocrx_word' id='word_1_45' title='bbox 1075 907 1286 962; x_wconf 66' lang='lat' dir='ltr'><strong>laedant.</strong></span> <span class='ocrx_word' id='word_1_46' title='bbox 1305 906 1519 958; x_wconf 87' lang='lat' dir='ltr'><strong>Constat</strong></span> <span class='ocrx_word' id='word_1_47' title='bbox 1547 908 1683 959; x_wconf 86' lang='lat' dir='ltr'><strong>enim</strong></span> <span class='ocrx_word' id='word_1_48' title='bbox 1707 908 1824 975; x_wconf 82' lang='lat' dir='ltr'><strong>quia</strong></span> <span class='ocrx_word' id='word_1_49' title='bbox 1853 923 2018 974; x_wconf 88' lang='lat' dir='ltr'><strong>quan-</strong></span> 
     </span>
    </p>
   </div>
   <div class='ocr_carea' id='block_1_8' title="bbox 477 992 2015 1060">
    <p class='ocr_par' dir='ltr' id='par_1_8' title="bbox 477 992 2015 1060">
     <span class='ocr_line' id='line_1_8' title="bbox 477 992 2015 1060; baseline 0.004 -17"><span class='ocrx_word' id='word_1_50' title='bbox 477 1000 529 1043; x_wconf 89' lang='lat' dir='ltr'><strong>to</strong></span> <span class='ocrx_word' id='word_1_51' title='bbox 551 1007 770 1058; x_wconf 77' lang='lat' dir='ltr'><strong>nequam</strong></span> <span class='ocrx_word' id='word_1_52' title='bbox 793 992 1033 1044; x_wconf 84' lang='lat' dir='ltr'><strong>ductores</strong></span> <span class='ocrx_word' id='word_1_53' title='bbox 1053 994 1160 1045; x_wconf 87' lang='lat' dir='ltr'><strong>sive</strong></span> <span class='ocrx_word' id='word_1_54' title='bbox 1177 995 1398 1060; x_wconf 75' lang='lat' dir='ltr'><strong>operarii</strong></span> <span class='ocrx_word' id='word_1_55' title='bbox 1429 998 1547 1046; x_wconf 80' lang='lat' dir='ltr'><strong>ntali</strong></span> <span class='ocrx_word' id='word_1_56' title='bbox 1572 1000 1636 1049; x_wconf 88' lang='lat' dir='ltr'><strong>ah</strong></span> <span class='ocrx_word' id='word_1_57' title='bbox 1668 997 1884 1048; x_wconf 15' lang='lat' dir='ltr'><strong>inviceen</strong></span> <span class='ocrx_word' id='word_1_58' title='bbox 1910 998 2015 1049; x_wconf 83' lang='lat' dir='ltr'><strong>dis-</strong></span> 
     </span>
    </p>
   </div>
   <div class='ocr_carea' id='block_1_9' title="bbox 476 1082 2013 1157">
    <p class='ocr_par' dir='ltr' id='par_1_9' title="bbox 476 1082 2013 1157">
     <span class='ocr_line' id='line_1_9' title="bbox 476 1082 2013 1157; baseline 0.008 -25"><span class='ocrx_word' id='word_1_59' title='bbox 476 1082 677 1137; x_wconf 85' lang='lat' dir='ltr'><strong>sidente</strong></span> <span class='ocrx_word' id='word_1_60' title='bbox 704 1086 878 1136; x_wconf 86' lang='lat' dir='ltr'><strong>animo</strong></span> <span class='ocrx_word' id='word_1_61' title='bbox 934 1097 1298 1149; x_wconf 82' lang='lat' dir='ltr'><strong>secernuntur,</strong></span> <span class='ocrx_word' id='word_1_62' title='bbox 1359 1097 1499 1139; x_wconf 85' lang='lat' dir='ltr'><strong>tanto</strong></span> <span class='ocrx_word' id='word_1_63' title='bbox 1550 1091 1714 1157; x_wconf 84' lang='lat' dir='ltr'><strong>magis</strong></span> <span class='ocrx_word' id='word_1_64' title='bbox 1767 1090 2013 1144; x_wconf 72' lang='lat' dir='ltr'><strong>Ecclesiae</strong></span> 
     </span>
    </p>
   </div>
   <div class='ocr_carea' id='block_1_10' title="bbox 475 1171 1315 1239">
    <p class='ocr_par' dir='ltr' id='par_1_10' title="bbox 475 1171 1315 1239">
     <span class='ocr_line' id='line_1_10' title="bbox 475 1171 1315 1239; baseline 0.01 -17"><span class='ocrx_word' id='word_1_65' title='bbox 475 1171 778 1239; x_wconf 71' lang='lat' dir='ltr'><strong>colligenda:</strong></span> <span class='ocrx_word' id='word_1_66' title='bbox 806 1175 1027 1236; x_wconf 77' lang='lat' dir='ltr'><strong>Spatium</strong></span> <span class='ocrx_word' id='word_1_67' title='bbox 1063 1177 1315 1230; x_wconf 88' lang='lat' dir='ltr'><strong>tribuunt.</strong></span> 
     </span>
    </p>
   </div>
   <div class='ocr_carea' id='block_1_11' title="bbox 546 1259 2014 1329">
    <p class='ocr_par' dir='ltr' id='par_1_11' title="bbox 546 1259 2014 1329">
     <span class='ocr_line' id='line_1_11' title="bbox 546 1259 2014 1329; baseline 0.007 -18"><span class='ocrx_word' id='word_1_68' title='bbox 546 1259 643 1312; x_wconf 69' lang='lat' dir='ltr'><strong>Har</strong></span> <span class='ocrx_word' id='word_1_69' title='bbox 672 1265 1016 1329; x_wconf 80' lang='lat' dir='ltr'><strong>generationes</strong></span> <span class='ocrx_word' id='word_1_70' title='bbox 1063 1265 1201 1317; x_wconf 81' lang='lat' dir='ltr'><strong>Sent.</strong></span> <span class='ocrx_word' id='word_1_71' title='bbox 1244 1266 1360 1320; x_wconf 76' lang='lat' dir='ltr'><strong>Sent</strong></span> <span class='ocrx_word' id='word_1_72' title='bbox 1399 1279 1590 1321; x_wconf 81' lang='lat' dir='ltr'><strong>centum</strong></span> <span class='ocrx_word' id='word_1_73' title='bbox 1620 1280 1726 1320; x_wconf 86' lang='lat' dir='ltr'><strong>erat</strong></span> <span class='ocrx_word' id='word_1_74' title='bbox 1767 1285 2014 1322; x_wconf 83' lang='lat' dir='ltr'><strong>annorum</strong></span> 
     </span>
    </p>
   </div>
   <div class='ocr_carea' id='block_1_12' title="bbox 472 1351 2011 1424">
    <p class='ocr_par' dir='ltr' id='par_1_12' title="bbox 472 1351 2011 1424">
     <span class='ocr_line' id='line_1_12' title="bbox 472 1351 2011 1424; baseline 0.008 -25"><span class='ocrx_word' id='word_1_75' title='bbox 472 1351 668 1415; x_wconf 76' lang='lat' dir='ltr'><strong>quando</strong></span> <span class='ocrx_word' id='word_1_76' title='bbox 686 1353 852 1418; x_wconf 79' lang='lat' dir='ltr'><strong>genuit</strong></span> <span class='ocrx_word' id='word_1_77' title='bbox 871 1354 1083 1420; x_wconf 76' lang='lat' dir='ltr'><strong>Arfaxat</strong></span> <span class='ocrx_word' id='word_1_78' title='bbox 1109 1355 1305 1407; x_wconf 79' lang='lat' dir='ltr'><strong>biennio</strong></span> <span class='ocrx_word' id='word_1_79' title='bbox 1324 1367 1430 1424; x_wconf 80' lang='lat' dir='ltr'><strong>post</strong></span> <span class='ocrx_word' id='word_1_80' title='bbox 1454 1359 1718 1411; x_wconf 82' lang='lat' dir='ltr'><strong>diluvium.</strong></span> <span class='ocrx_word' id='word_1_81' title='bbox 1745 1359 2011 1413; x_wconf 83' lang='lat' dir='ltr'><strong>Destructa</strong></span> 
     </span>
    </p>
   </div>
   <div class='ocr_carea' id='block_1_13' title="bbox 475 1439 2013 1512">
    <p class='ocr_par' dir='ltr' id='par_1_13' title="bbox 475 1439 2013 1512">
     <span class='ocr_line' id='line_1_13' title="bbox 475 1439 2013 1512; baseline 0.01 -26"><span class='ocrx_word' id='word_1_82' title='bbox 475 1439 667 1490; x_wconf 66' lang='lat' dir='ltr'><strong>fabrica</strong></span> <span class='ocrx_word' id='word_1_83' title='bbox 716 1441 1034 1508; x_wconf 69' lang='lat' dir='ltr'><strong>Babyloniae,</strong></span> <span class='ocrx_word' id='word_1_84' title='bbox 1088 1443 1301 1496; x_wconf 73' lang='lat' dir='ltr'><strong>festinat</strong></span> <span class='ocrx_word' id='word_1_85' title='bbox 1354 1446 1639 1512; x_wconf 83' lang='lat' dir='ltr'><strong>Scriptura,</strong></span> <span class='ocrx_word' id='word_1_86' title='bbox 1695 1448 2013 1501; x_wconf 83' lang='lat' dir='ltr'><strong>enumeratis</strong></span> 
     </span>
    </p>
   </div>
   <div class='ocr_carea' id='block_1_14' title="bbox 471 1528 2009 1602">
    <p class='ocr_par' dir='ltr' id='par_1_14' title="bbox 471 1528 2009 1602">
     <span class='ocr_line' id='line_1_14' title="bbox 471 1528 2009 1602; baseline 0.01 -27"><span class='ocrx_word' id='word_1_87' title='bbox 471 1528 893 1590; x_wconf 90' lang='lat' dir='ltr'><strong>generationibus</strong></span> <span class='ocrx_word' id='word_1_88' title='bbox 923 1531 1166 1583; x_wconf 68' lang='lat' dir='ltr'><strong>secunda:</strong></span> <span class='ocrx_word' id='word_1_89' title='bbox 1209 1534 1385 1584; x_wconf 89' lang='lat' dir='ltr'><strong>mundi</strong></span> <span class='ocrx_word' id='word_1_90' title='bbox 1429 1537 1599 1587; x_wconf 63' lang='lat' dir='ltr'><strong>aetatis</strong></span> <span class='ocrx_word' id='word_1_91' title='bbox 1644 1538 1829 1602; x_wconf 89' lang='lat' dir='ltr'><strong>(prima</strong></span> <span class='ocrx_word' id='word_1_92' title='bbox 1872 1539 2009 1590; x_wconf 88' lang='lat' dir='ltr'><strong>enim</strong></span> 
     </span>
    </p>
   </div>
   <div class='ocr_carea' id='block_1_15' title="bbox 471 1614 2008 1689">
    <p class='ocr_par' dir='ltr' id='par_1_15' title="bbox 471 1614 2008 1689">
     <span class='ocr_line' id='line_1_15' title="bbox 471 1614 2008 1689; baseline 0.012 -29"><span class='ocrx_word' id='word_1_93' title='bbox 471 1614 724 1676; x_wconf 77' lang='lat' dir='ltr'><strong>usquead</strong></span> <span class='ocrx_word' id='word_1_94' title='bbox 751 1617 860 1669; x_wconf 80' lang='lat' dir='ltr'><strong>Noe</strong></span> <span class='ocrx_word' id='word_1_95' title='bbox 889 1632 949 1668; x_wconf 86' lang='lat' dir='ltr'><strong>ac</strong></span> <span class='ocrx_word' id='word_1_96' title='bbox 976 1618 1223 1671; x_wconf 91' lang='lat' dir='ltr'><strong>diluvium</strong></span> <span class='ocrx_word' id='word_1_97' title='bbox 1268 1627 1594 1686; x_wconf 84' lang='lat' dir='ltr'><strong>cucurrerat)</strong></span> <span class='ocrx_word' id='word_1_98' title='bbox 1640 1626 1908 1689; x_wconf 71' lang='lat' dir='ltr'><strong>pervenire</strong></span> <span class='ocrx_word' id='word_1_99' title='bbox 1944 1628 2008 1679; x_wconf 90' lang='lat' dir='ltr'><strong>ad</strong></span> 
     </span>
    </p>
   </div>
   <div class='ocr_carea' id='block_1_16' title="bbox 469 1702 2006 1775">
    <p class='ocr_par' dir='ltr' id='par_1_16' title="bbox 469 1702 2006 1775">
     <span class='ocr_line' id='line_1_16' title="bbox 469 1702 2006 1775; baseline 0.014 -26"><span class='ocrx_word' id='word_1_100' title='bbox 469 1702 732 1754; x_wconf 77' lang='lat' dir='ltr'><strong>Abraham</strong></span> <span class='ocrx_word' id='word_1_101' title='bbox 785 1708 1129 1771; x_wconf 85' lang='lat' dir='ltr'><strong>patriarcham</strong></span> <span class='ocrx_word' id='word_1_102' title='bbox 1179 1711 1344 1764; x_wconf 76' lang='lat' dir='ltr'><strong>tertia:</strong></span> <span class='ocrx_word' id='word_1_103' title='bbox 1390 1714 1577 1775; x_wconf 76' lang='lat' dir='ltr'><strong>relatis,</strong></span> <span class='ocrx_word' id='word_1_104' title='bbox 1625 1717 1727 1767; x_wconf 90' lang='lat' dir='ltr'><strong>imo</strong></span> <span class='ocrx_word' id='word_1_105' title='bbox 1775 1718 2006 1771; x_wconf 89' lang='lat' dir='ltr'><strong>omnium</strong></span> 
     </span>
    </p>
   </div>
   <div class='ocr_carea' id='block_1_17' title="bbox 469 1790 2005 1863">
    <p class='ocr_par' dir='ltr' id='par_1_17' title="bbox 469 1790 2005 1863">
     <span class='ocr_line' id='line_1_17' title="bbox 469 1790 2005 1863; baseline 0.014 -24"><span class='ocrx_word' id='word_1_106' title='bbox 469 1790 740 1855; x_wconf 87' lang='lat' dir='ltr'><strong>gentium;</strong></span> <span class='ocrx_word' id='word_1_107' title='bbox 804 1807 894 1856; x_wconf 89' lang='lat' dir='ltr'><strong>per</strong></span> <span class='ocrx_word' id='word_1_108' title='bbox 948 1797 1095 1863; x_wconf 85' lang='lat' dir='ltr'><strong>cujus</strong></span> <span class='ocrx_word' id='word_1_109' title='bbox 1152 1800 1302 1852; x_wconf 84' lang='lat' dir='ltr'><strong>fidem</strong></span> <span class='ocrx_word' id='word_1_110' title='bbox 1357 1810 1411 1853; x_wconf 90' lang='lat' dir='ltr'><strong>et</strong></span> <span class='ocrx_word' id='word_1_111' title='bbox 1456 1803 1808 1857; x_wconf 87' lang='lat' dir='ltr'><strong>obedientiam</strong></span> <span class='ocrx_word' id='word_1_112' title='bbox 1873 1822 2005 1860; x_wconf 88' lang='lat' dir='ltr'><strong>nova</strong></span> 
     </span>
    </p>
   </div>
   <div class='ocr_carea' id='block_1_18' title="bbox 467 1878 2004 1957">
    <p class='ocr_par' dir='ltr' id='par_1_18' title="bbox 467 1878 2004 1957">
     <span class='ocr_line' id='line_1_18' title="bbox 467 1878 2004 1957; baseline 0.014 -31"><span class='ocrx_word' id='word_1_113' title='bbox 467 1878 640 1931; x_wconf 90' lang='lat' dir='ltr'><strong>denuo</strong></span> <span class='ocrx_word' id='word_1_114' title='bbox 665 1881 893 1934; x_wconf 82' lang='lat' dir='ltr'><strong>civitatis</strong></span> <span class='ocrx_word' id='word_1_115' title='bbox 930 1896 1123 1937; x_wconf 76' lang='lat' dir='ltr'><strong>sancta:</strong></span> <span class='ocrx_word' id='word_1_116' title='bbox 1165 1886 1496 1943; x_wconf 85' lang='lat' dir='ltr'><strong>fundamenta</strong></span> <span class='ocrx_word' id='word_1_117' title='bbox 1523 1892 1841 1957; x_wconf 86' lang='lat' dir='ltr'><strong>jacereutur,</strong></span> <span class='ocrx_word' id='word_1_118' title='bbox 1873 1903 1926 1947; x_wconf 87' lang='lat' dir='ltr'><strong>et</strong></span> <span class='ocrx_word' id='word_1_119' title='bbox 1954 1896 2004 1948; x_wconf 92' lang='lat' dir='ltr'><strong>in</strong></span> 
     </span>
    </p>
   </div>
   <div class='ocr_carea' id='block_1_19' title="bbox 2124 732 3666 804">
    <p class='ocr_par' dir='ltr' id='par_1_19' title="bbox 2124 732 3666 804">
     <span class='ocr_line' id='line_1_19' title="bbox 2124 732 3666 804; baseline 0.012 -27"><span class='ocrx_word' id='word_1_120' title='bbox 2124 735 2223 778; x_wconf 86' lang='lat' dir='ltr'><strong>tem</strong></span> <span class='ocrx_word' id='word_1_121' title='bbox 2280 742 2444 780; x_wconf 84' lang='lat' dir='ltr'><strong>annos</strong></span> <span class='ocrx_word' id='word_1_122' title='bbox 2500 732 2743 798; x_wconf 78' lang='lat' dir='ltr'><strong>genuisse</strong></span> <span class='ocrx_word' id='word_1_123' title='bbox 2804 735 2937 787; x_wconf 85' lang='lat' dir='ltr'><strong>filios</strong></span> <span class='ocrx_word' id='word_1_124' title='bbox 2990 746 3118 799; x_wconf 86' lang='lat' dir='ltr'><strong>tres,</strong></span> <span class='ocrx_word' id='word_1_125' title='bbox 3171 737 3314 800; x_wconf 88' lang='lat' dir='ltr'><strong>Setn,</strong></span> <span class='ocrx_word' id='word_1_126' title='bbox 3347 738 3563 804; x_wconf 82' lang='lat' dir='ltr'><strong>-Cham,</strong></span> <span class='ocrx_word' id='word_1_127' title='bbox 3620 753 3666 795; x_wconf 87' lang='lat' dir='ltr'><strong>et</strong></span> 
     </span>
    </p>
   </div>
   <div class='ocr_carea' id='block_1_20' title="bbox 2119 815 3667 897">
    <p class='ocr_par' dir='ltr' id='par_1_20' title="bbox 2119 815 3667 897">
     <span class='ocr_line' id='line_1_20' title="bbox 2119 815 3667 897; baseline 0.01 -27"><span class='ocrx_word' id='word_1_128' title='bbox 2119 815 2341 884; x_wconf 82' lang='lat' dir='ltr'><strong>Japhet;</strong></span> <span class='ocrx_word' id='word_1_129' title='bbox 2386 834 2504 872; x_wconf 90' lang='lat' dir='ltr'><strong>cum</strong></span> <span class='ocrx_word' id='word_1_130' title='bbox 2549 821 2673 873; x_wconf 86' lang='lat' dir='ltr'><strong>nulli</strong></span> <span class='ocrx_word' id='word_1_131' title='bbox 2701 822 2769 876; x_wconf 87' lang='lat' dir='ltr'><strong>sit</strong></span> <span class='ocrx_word' id='word_1_132' title='bbox 2794 823 3004 876; x_wconf 89' lang='lat' dir='ltr'><strong>dubium</strong></span> <span class='ocrx_word' id='word_1_133' title='bbox 3047 826 3186 893; x_wconf 85' lang='lat' dir='ltr'><strong>quod</strong></span> <span class='ocrx_word' id='word_1_134' title='bbox 3225 841 3330 880; x_wconf 90' lang='lat' dir='ltr'><strong>uno</strong></span> <span class='ocrx_word' id='word_1_135' title='bbox 3373 827 3667 897; x_wconf 76' lang='lat' dir='ltr'><strong>eodemque</strong></span> 
     </span>
    </p>
   </div>
   <div class='ocr_carea' id='block_1_21' title="bbox 2117 910 3664 986">
    <p class='ocr_par' dir='ltr' id='par_1_21' title="bbox 2117 910 3664 986">
     <span class='ocr_line' id='line_1_21' title="bbox 2117 910 3664 986; baseline 0.012 -30"><span class='ocrx_word' id='word_1_136' title='bbox 2117 921 2256 959; x_wconf 90' lang='lat' dir='ltr'><strong>anno</strong></span> <span class='ocrx_word' id='word_1_137' title='bbox 2296 923 2428 961; x_wconf 91' lang='lat' dir='ltr'><strong>unus</strong></span> <span class='ocrx_word' id='word_1_138' title='bbox 2467 910 2546 963; x_wconf 85' lang='lat' dir='ltr'><strong>vir</strong></span> <span class='ocrx_word' id='word_1_139' title='bbox 2587 911 2655 964; x_wconf 91' lang='lat' dir='ltr'><strong>de</strong></span> <span class='ocrx_word' id='word_1_140' title='bbox 2692 927 2790 964; x_wconf 88' lang='lat' dir='ltr'><strong>una</strong></span> <span class='ocrx_word' id='word_1_141' title='bbox 2833 913 3059 982; x_wconf 87' lang='lat' dir='ltr'><strong>conjuge</strong></span> <span class='ocrx_word' id='word_1_142' title='bbox 3099 925 3203 968; x_wconf 87' lang='lat' dir='ltr'><strong>tres</strong></span> <span class='ocrx_word' id='word_1_143' title='bbox 3244 915 3377 971; x_wconf 80' lang='lat' dir='ltr'><strong>ﬁlios</strong></span> <span class='ocrx_word' id='word_1_144' title='bbox 3414 932 3664 986; x_wconf 76' lang='lat' dir='ltr'><strong>generare</strong></span> 
     </span>
    </p>
   </div>
   <div class='ocr_carea' id='block_1_22' title="bbox 2120 999 3663 1073">
    <p class='ocr_par' dir='ltr' id='par_1_22' title="bbox 2120 999 3663 1073">
     <span class='ocr_line' id='line_1_22' title="bbox 2120 999 3663 1073; baseline 0.01 -26"><span class='ocrx_word' id='word_1_145' title='bbox 2120 1010 2222 1047; x_wconf 90' lang='lat' dir='ltr'><strong>non</strong></span> <span class='ocrx_word' id='word_1_146' title='bbox 2253 1000 2418 1064; x_wconf 85' lang='lat' dir='ltr'><strong>possit</strong></span> <span class='ocrx_word' id='word_1_147' title='bbox 2447 1014 2462 1051; x_wconf 89' lang='lat'><strong>:</strong></span> <span class='ocrx_word' id='word_1_148' title='bbox 2493 999 2632 1066; x_wconf 88' lang='lat' dir='ltr'><strong>quod</strong></span> <span class='ocrx_word' id='word_1_149' title='bbox 2666 1001 2782 1054; x_wconf 91' lang='lat' dir='ltr'><strong>ideo</strong></span> <span class='ocrx_word' id='word_1_150' title='bbox 2823 1000 2955 1056; x_wconf 89' lang='lat' dir='ltr'><strong>forte</strong></span> <span class='ocrx_word' id='word_1_151' title='bbox 2993 1018 3157 1056; x_wconf 79' lang='lat' dir='ltr'><strong>sacrae</strong></span> <span class='ocrx_word' id='word_1_152' title='bbox 3183 1005 3405 1073; x_wconf 83' lang='lat' dir='ltr'><strong>scriptor</strong></span> <span class='ocrx_word' id='word_1_153' title='bbox 3433 1004 3663 1062; x_wconf 57' lang='lat' dir='ltr'><strong>historia</strong></span> 
     </span>
    </p>
   </div>
   <div class='ocr_carea' id='block_1_23' title="bbox 2115 1086 3661 1160">
    <p class='ocr_par' dir='ltr' id='par_1_23' title="bbox 2115 1086 3661 1160">
     <span class='ocr_line' id='line_1_23' title="bbox 2115 1086 3661 1160; baseline 0.009 -23"><span class='ocrx_word' id='word_1_154' title='bbox 2115 1086 2414 1154; x_wconf 81' lang='lat' dir='ltr'><strong>diligentius</strong></span> <span class='ocrx_word' id='word_1_155' title='bbox 2464 1090 2561 1144; x_wconf 87' lang='lat' dir='ltr'><strong>hoc</strong></span> <span class='ocrx_word' id='word_1_156' title='bbox 2591 1091 2706 1143; x_wconf 89' lang='lat' dir='ltr'><strong>loco</strong></span> <span class='ocrx_word' id='word_1_157' title='bbox 2731 1092 2932 1144; x_wconf 85' lang='lat' dir='ltr'><strong>curavit</strong></span> <span class='ocrx_word' id='word_1_158' title='bbox 2959 1093 3245 1160; x_wconf 63' lang='lat' dir='ltr'><strong>explicare,</strong></span> <span class='ocrx_word' id='word_1_159' title='bbox 3276 1095 3506 1150; x_wconf 89' lang='lat' dir='ltr'><strong>dicendo</strong></span> <span class='ocrx_word' id='word_1_160' title='bbox 3539 1098 3661 1152; x_wconf 81' lang='lat' dir='ltr'><strong>Seio</strong></span> 
     </span>
    </p>
   </div>
   <div class='ocr_carea' id='block_1_24' title="bbox 2117 1175 3661 1265">
    <p class='ocr_par' dir='ltr' id='par_1_24' title="bbox 2117 1175 3661 1265">
     <span class='ocr_line' id='line_1_24' title="bbox 2117 1175 3661 1265; baseline 0.008 -40"><span class='ocrx_word' id='word_1_161' title='bbox 2117 1175 2325 1246; x_wconf 82' lang='lat' dir='ltr'><strong>biennio</strong></span> <span class='ocrx_word' id='word_1_162' title='bbox 2357 1192 2463 1243; x_wconf 65' lang='lat' dir='ltr'><strong>p051</strong></span> <span class='ocrx_word' id='word_1_163' title='bbox 2497 1178 2753 1232; x_wconf 88' lang='lat' dir='ltr'><strong>diluvium</strong></span> <span class='ocrx_word' id='word_1_164' title='bbox 2782 1191 2989 1233; x_wconf 85' lang='lat' dir='ltr'><strong>centum</strong></span> <span class='ocrx_word' id='word_1_165' title='bbox 3024 1181 3186 1235; x_wconf 84' lang='lat' dir='ltr'><strong>fuisse</strong></span> <span class='ocrx_word' id='word_1_166' title='bbox 3224 1197 3506 1249; x_wconf 86' lang='lat' dir='ltr'><strong>annorum,</strong></span> <span class='ocrx_word' id='word_1_167' title='bbox 3541 1187 3661 1265; x_wconf 83' lang='lat' dir='ltr'><strong>quia</strong></span> 
     </span>
    </p>
   </div>
   <div class='ocr_carea' id='block_1_25' title="bbox 2114 1267 3662 1343">
    <p class='ocr_par' dir='ltr' id='par_1_25' title="bbox 2114 1267 3662 1343">
     <span class='ocr_line' id='line_1_25' title="bbox 2114 1267 3662 1343; baseline 0.009 -28"><span class='ocrx_word' id='word_1_168' title='bbox 2114 1277 2172 1316; x_wconf 89' lang='lat' dir='ltr'><strong>se</strong></span> <span class='ocrx_word' id='word_1_169' title='bbox 2201 1267 2431 1317; x_wconf 84' lang='lat' dir='ltr'><strong>meminit</strong></span> <span class='ocrx_word' id='word_1_170' title='bbox 2463 1284 2656 1320; x_wconf 57' lang='lat' dir='ltr'><strong>annum</strong></span> <span class='ocrx_word' id='word_1_171' title='bbox 2686 1267 2970 1323; x_wconf 79' lang='lat' dir='ltr'><strong>nativitatis</strong></span> <span class='ocrx_word' id='word_1_172' title='bbox 2997 1269 3114 1338; x_wconf 86' lang='lat' dir='ltr'><strong>ejus</strong></span> <span class='ocrx_word' id='word_1_173' title='bbox 3139 1272 3286 1340; x_wconf 88' lang='lat' dir='ltr'><strong>quasi</strong></span> <span class='ocrx_word' id='word_1_174' title='bbox 3315 1275 3662 1343; x_wconf 79' lang='lat' dir='ltr'><strong>ncgligentius</strong></span> 
     </span>
    </p>
   </div>
   <div class='ocr_carea' id='block_1_26' title="bbox 2114 1353 2412 1407">
    <p class='ocr_par' dir='ltr' id='par_1_26' title="bbox 2114 1353 2412 1407">
     <span class='ocr_line' id='line_1_26' title="bbox 2114 1353 2412 1407; baseline 0.013 -4"><span class='ocrx_word' id='word_1_175' title='bbox 2114 1353 2412 1407; x_wconf 79' lang='lat' dir='ltr'><strong>adnotasse.</strong></span> 
     </span>
    </p>
   </div>
   <div class='ocr_carea' id='block_1_27' title="bbox 2192 1439 3661 1518">
    <p class='ocr_par' dir='ltr' id='par_1_27' title="bbox 2192 1439 3661 1518">
     <span class='ocr_line' id='line_1_27' title="bbox 2192 1439 3661 1518; baseline 0.007 -27"><span class='ocrx_word' id='word_1_176' title='bbox 2192 1439 2428 1508; x_wconf 74' lang='lat' dir='ltr'><strong>Vixitque</strong></span> <span class='ocrx_word' id='word_1_177' title='bbox 2466 1441 2584 1495; x_wconf 85' lang='lat' dir='ltr'><strong>Sent</strong></span> <span class='ocrx_word' id='word_1_178' title='bbox 2636 1451 2895 1512; x_wconf 75' lang='lat' dir='ltr'><strong>postquam</strong></span> <span class='ocrx_word' id='word_1_179' title='bbox 2921 1452 3092 1513; x_wconf 61' lang='lat' dir='ltr'><strong>genuit</strong></span> <span class='ocrx_word' id='word_1_180' title='bbox 3117 1446 3331 1514; x_wconf 73' lang='lat' dir='ltr'><strong>Arfaut</strong></span> <span class='ocrx_word' id='word_1_181' title='bbox 3359 1450 3661 1518; x_wconf 72' lang='lat' dir='ltr'><strong>quingentos</strong></span> 
     </span>
    </p>
   </div>
   <div class='ocr_carea' id='block_1_28' title="bbox 2117 1522 3660 1605">
    <p class='ocr_par' dir='ltr' id='par_1_28' title="bbox 2117 1522 3660 1605">
     <span class='ocr_line' id='line_1_28' title="bbox 2117 1522 3660 1605; baseline 0.009 -26"><span class='ocrx_word' id='word_1_182' title='bbox 2117 1545 2296 1594; x_wconf 76' lang='lat' dir='ltr'><strong>annos,</strong></span> <span class='ocrx_word' id='word_1_183' title='bbox 2323 1542 2370 1582; x_wconf 81' lang='lat' dir='ltr'><strong>et</strong></span> <span class='ocrx_word' id='word_1_184' title='bbox 2400 1532 2570 1599; x_wconf 79' lang='lat' dir='ltr'><strong>genuit</strong></span> <span class='ocrx_word' id='word_1_185' title='bbox 2599 1532 2732 1598; x_wconf 76' lang='lat' dir='ltr'><strong>ﬁlios</strong></span> <span class='ocrx_word' id='word_1_186' title='bbox 2761 1522 2805 1584; x_wconf 68' lang='lat' dir='ltr'><strong>ei</strong></span> <span class='ocrx_word' id='word_1_187' title='bbox 2831 1535 2986 1600; x_wconf 77' lang='lat' dir='ltr'><strong>ﬁlias.</strong></span> <span class='ocrx_word' id='word_1_188' title='bbox 3024 1535 3286 1605; x_wconf 79' lang='lat' dir='ltr'><strong>Nusquam</strong></span> <span class='ocrx_word' id='word_1_189' title='bbox 3327 1537 3378 1590; x_wconf 92' lang='lat' dir='ltr'><strong>in</strong></span> <span class='ocrx_word' id='word_1_190' title='bbox 3418 1548 3523 1592; x_wconf 86' lang='lat' dir='ltr'><strong>tota</strong></span> <span class='ocrx_word' id='word_1_191' title='bbox 3565 1540 3660 1594; x_wconf 88' lang='lat' dir='ltr'><strong>hac</strong></span> 
     </span>
    </p>
   </div>
   <div class='ocr_carea' id='block_1_29' title="bbox 2110 1619 3658 1694">
    <p class='ocr_par' dir='ltr' id='par_1_29' title="bbox 2110 1619 3658 1694">
     <span class='ocr_line' id='line_1_29' title="bbox 2110 1619 3658 1694; baseline 0.007 -23"><span class='ocrx_word' id='word_1_192' title='bbox 2110 1619 2246 1673; x_wconf 87' lang='lat' dir='ltr'><strong>serie</strong></span> <span class='ocrx_word' id='word_1_193' title='bbox 2272 1622 2664 1687; x_wconf 86' lang='lat' dir='ltr'><strong>generationum</strong></span> <span class='ocrx_word' id='word_1_194' title='bbox 2695 1622 2919 1685; x_wconf 87' lang='lat' dir='ltr'><strong>additur,</strong></span> <span class='ocrx_word' id='word_1_195' title='bbox 2948 1625 3079 1677; x_wconf 89' lang='lat' dir='ltr'><strong>sicut</strong></span> <span class='ocrx_word' id='word_1_196' title='bbox 3106 1626 3157 1677; x_wconf 87' lang='lat' dir='ltr'><strong>iu</strong></span> <span class='ocrx_word' id='word_1_197' title='bbox 3179 1640 3237 1680; x_wconf 86' lang='lat' dir='ltr'><strong>ea</strong></span> <span class='ocrx_word' id='word_1_198' title='bbox 3262 1641 3378 1694; x_wconf 69' lang='lat' dir='ltr'><strong>quite</strong></span> <span class='ocrx_word' id='word_1_199' title='bbox 3403 1629 3658 1682; x_wconf 85' lang='lat' dir='ltr'><strong>diluvium</strong></span> 
     </span>
    </p>
   </div>
   <div class='ocr_carea' id='block_1_30' title="bbox 2111 1712 3656 1784">
    <p class='ocr_par' dir='ltr' id='par_1_30' title="bbox 2111 1712 3656 1784">
     <span class='ocr_line' id='line_1_30' title="bbox 2111 1712 3656 1784; baseline 0.009 -26"><span class='ocrx_word' id='word_1_200' title='bbox 2111 1712 2378 1775; x_wconf 70' lang='lat' dir='ltr'><strong>pra-cessit</strong></span> <span class='ocrx_word' id='word_1_201' title='bbox 2410 1720 2583 1776; x_wconf 72' lang='lat' dir='ltr'><strong>actate,</strong></span> <span class='ocrx_word' id='word_1_202' title='bbox 2621 1721 2666 1764; x_wconf 84' lang='lat' dir='ltr'><strong>et</strong></span> <span class='ocrx_word' id='word_1_203' title='bbox 2701 1724 2923 1770; x_wconf 54' lang='lat' dir='ltr'><strong>mortuus~</strong></span> <span class='ocrx_word' id='word_1_204' title='bbox 2961 1725 3066 1780; x_wconf 77' lang='lat' dir='ltr'><strong>est;</strong></span> <span class='ocrx_word' id='word_1_205' title='bbox 3105 1716 3223 1784; x_wconf 89' lang='lat' dir='ltr'><strong>quia</strong></span> <span class='ocrx_word' id='word_1_206' title='bbox 3264 1731 3422 1770; x_wconf 88' lang='lat' dir='ltr'><strong>nemo</strong></span> <span class='ocrx_word' id='word_1_207' title='bbox 3460 1730 3576 1772; x_wconf 84' lang='lat' dir='ltr'><strong>erat</strong></span> <span class='ocrx_word' id='word_1_208' title='bbox 3609 1721 3656 1772; x_wconf 91' lang='lat' dir='ltr'><strong>iu</strong></span> 
     </span>
    </p>
   </div>
   <div class='ocr_carea' id='block_1_31' title="bbox 2111 1799 3658 1879">
    <p class='ocr_par' dir='ltr' id='par_1_31' title="bbox 2111 1799 3658 1879">
     <span class='ocr_line' id='line_1_31' title="bbox 2111 1799 3658 1879; baseline 0.01 -30"><span class='ocrx_word' id='word_1_209' title='bbox 2111 1806 2214 1851; x_wconf 87' lang='lat' dir='ltr'><strong>tota</strong></span> <span class='ocrx_word' id='word_1_210' title='bbox 2254 1799 2351 1853; x_wconf 89' lang='lat' dir='ltr'><strong>hac</strong></span> <span class='ocrx_word' id='word_1_211' title='bbox 2389 1801 2752 1866; x_wconf 87' lang='lat' dir='ltr'><strong>complexione</strong></span> <span class='ocrx_word' id='word_1_212' title='bbox 2783 1806 3126 1869; x_wconf 77' lang='lat' dir='ltr'><strong>nascentium,</strong></span> <span class='ocrx_word' id='word_1_213' title='bbox 3158 1807 3226 1860; x_wconf 90' lang='lat' dir='ltr'><strong>de</strong></span> <span class='ocrx_word' id='word_1_214' title='bbox 3256 1825 3363 1879; x_wconf 90' lang='lat' dir='ltr'><strong>quo</strong></span> <span class='ocrx_word' id='word_1_215' title='bbox 3394 1825 3424 1863; x_wconf 89' lang='lat' dir='ltr'><strong>a</strong></span> <span class='ocrx_word' id='word_1_216' title='bbox 3451 1813 3658 1865; x_wconf 59' lang='lat' dir='ltr'><strong>ceteris</strong></span> 
     </span>
    </p>
   </div>
   <div class='ocr_carea' id='block_1_32' title="bbox 2107 1891 3656 1969">
    <p class='ocr_par' dir='ltr' id='par_1_32' title="bbox 2107 1891 3656 1969">
     <span class='ocr_line' id='line_1_32' title="bbox 2107 1891 3656 1969; baseline 0.008 -28"><span class='ocrx_word' id='word_1_217' title='bbox 2107 1900 2325 1956; x_wconf 88' lang='lat' dir='ltr'><strong>excepto</strong></span> <span class='ocrx_word' id='word_1_218' title='bbox 2351 1891 2452 1943; x_wconf 66' lang='lat' dir='ltr'><strong>diri</strong></span> <span class='ocrx_word' id='word_1_219' title='bbox 2493 1906 2686 1958; x_wconf 82' lang='lat' dir='ltr'><strong>posset,</strong></span> <span class='ocrx_word' id='word_1_220' title='bbox 2713 1893 2845 1946; x_wconf 82' lang='lat' dir='ltr'><strong>sicut</strong></span> <span class='ocrx_word' id='word_1_221' title='bbox 2875 1894 2941 1947; x_wconf 89' lang='lat' dir='ltr'><strong>ibi</strong></span> <span class='ocrx_word' id='word_1_222' title='bbox 2981 1896 3046 1949; x_wconf 91' lang='lat' dir='ltr'><strong>de</strong></span> <span class='ocrx_word' id='word_1_223' title='bbox 3075 1897 3249 1951; x_wconf 83' lang='lat' dir='ltr'><strong>Enoch</strong></span> <span class='ocrx_word' id='word_1_224' title='bbox 3285 1900 3656 1969; x_wconf 70' lang='lat' dir='ltr'><strong>anrbutaoitque</strong></span> 
     </span>
    </p>
   </div>
   <div class='ocr_carea' id='block_1_33' title="bbox 466 1961 3652 2058">
    <p class='ocr_par' dir='ltr' id='par_1_33' title="bbox 466 1961 3652 2058">
     <span class='ocr_line' id='line_1_33' title="bbox 466 1961 3652 2058; baseline 0.014 -39"><span class='ocrx_word' id='word_1_225' title='bbox 466 1967 610 2032; x_wconf 85' lang='lat' dir='ltr'><strong>cujus</strong></span> <span class='ocrx_word' id='word_1_226' title='bbox 647 1970 845 2024; x_wconf 84' lang='lat' dir='ltr'><strong>semine</strong></span> <span class='ocrx_word' id='word_1_227' title='bbox 886 1971 1143 2038; x_wconf 86' lang='lat' dir='ltr'><strong>dispersio</strong></span> <span class='ocrx_word' id='word_1_228' title='bbox 1182 1977 1412 2042; x_wconf 89' lang='lat' dir='ltr'><strong>gentium</strong></span> <span class='ocrx_word' id='word_1_229' title='bbox 1437 1982 1498 2030; x_wconf 84' lang='lat' dir='ltr'><strong>ad</strong></span> <span class='ocrx_word' id='word_1_230' title='bbox 1533 1989 1686 2030; x_wconf 84' lang='lat' dir='ltr'><strong>unam</strong></span> <span class='ocrx_word' id='word_1_231' title='bbox 1715 1981 2005 2034; x_wconf 76' lang='lat' dir='ltr'><strong>confessio-</strong></span> <span class='ocrx_word' id='word_1_232' title='bbox 2036 1961 2082 2017; x_wconf 77' lang='grc' dir='ltr'><strong>Β</strong></span> <span class='ocrx_word' id='word_1_233' title='bbox 2111 1993 2220 2028; x_wconf 75' lang='lat' dir='ltr'><strong>cum</strong></span> <span class='ocrx_word' id='word_1_234' title='bbox 2248 1976 2372 2042; x_wconf 68' lang='lat' dir='ltr'><strong>Deo.</strong></span> <span class='ocrx_word' id='word_1_235' title='bbox 2415 1989 2458 2030; x_wconf 74' lang='grc' dir='ltr'><strong>ει</strong></span> <span class='ocrx_word' id='word_1_236' title='bbox 2489 1995 2586 2032; x_wconf 75' lang='grc' dir='ltr'><strong>ηοη</strong></span> <span class='ocrx_word' id='word_1_237' title='bbox 2614 1984 2868 2048; x_wconf 61' lang='lat' dir='ltr'><strong>“Nam”.</strong></span> <span class='ocrx_word' id='word_1_238' title='bbox 2909 1983 3025 2051; x_wconf 64' lang='lat' dir='ltr'><strong>qui“</strong></span> <span class='ocrx_word' id='word_1_239' title='bbox 3054 1986 3164 2037; x_wconf 55' lang='lat'><strong>&quot;‘1‘&quot;</strong></span> <span class='ocrx_word' id='word_1_240' title='bbox 3193 2003 3302 2038; x_wconf 72' lang='grc'><strong>⁸³⁸⁸³⁸</strong></span> <span class='ocrx_word' id='word_1_241' title='bbox 3337 1987 3469 2041; x_wconf 70' lang='grc'><strong>9⁸⁸⁸</strong></span> <span class='ocrx_word' id='word_1_242' title='bbox 3506 1986 3652 2058; x_wconf 62' lang='grc'><strong>(6⁸⁸-</strong></span> 
     </span>
    </p>
   </div>
   <div class='ocr_carea' id='block_1_34' title="bbox 465 2057 2010 2133">
    <p class='ocr_par' dir='ltr' id='par_1_34' title="bbox 465 2057 2010 2133">
     <span class='ocr_line' id='line_1_34' title="bbox 465 2057 2010 2133; baseline 0.014 -29"><span class='ocrx_word' id='word_1_243' title='bbox 465 2067 580 2106; x_wconf 87' lang='lat' dir='ltr'><strong>nem</strong></span> <span class='ocrx_word' id='word_1_244' title='bbox 641 2070 704 2109; x_wconf 86' lang='lat' dir='ltr'><strong>ac</strong></span> <span class='ocrx_word' id='word_1_245' title='bbox 759 2057 918 2111; x_wconf 84' lang='lat' dir='ltr'><strong>ﬁdem</strong></span> <span class='ocrx_word' id='word_1_246' title='bbox 972 2061 1131 2114; x_wconf 84' lang='lat' dir='ltr'><strong>divini</strong></span> <span class='ocrx_word' id='word_1_247' title='bbox 1188 2065 1356 2117; x_wconf 88' lang='lat' dir='ltr'><strong>cultus</strong></span> <span class='ocrx_word' id='word_1_248' title='bbox 1407 2066 1620 2119; x_wconf 87' lang='lat' dir='ltr'><strong>rediret.</strong></span> <span class='ocrx_word' id='word_1_249' title='bbox 1681 2069 1829 2133; x_wconf 81' lang='lat' dir='ltr'><strong>Quod</strong></span> <span class='ocrx_word' id='word_1_250' title='bbox 1888 2087 2010 2125; x_wconf 85' lang='lat' dir='ltr'><strong>vero</strong></span> 
     </span>
    </p>
   </div>
   <div class='ocr_carea' id='block_1_35' title="bbox 465 2150 2005 2218">
    <p class='ocr_par' dir='ltr' id='par_1_35' title="bbox 465 2150 2005 2218">
     <span class='ocr_line' id='line_1_35' title="bbox 465 2150 2005 2218; baseline 0.014 -26"><span class='ocrx_word' id='word_1_251' title='bbox 465 2158 712 2197; x_wconf 89' lang='lat' dir='ltr'><strong>nmnerus</strong></span> <span class='ocrx_word' id='word_1_252' title='bbox 749 2150 1100 2214; x_wconf 83' lang='lat' dir='ltr'><strong>centenarins,</strong></span> <span class='ocrx_word' id='word_1_253' title='bbox 1134 2152 1221 2218; x_wconf 90' lang='lat' dir='ltr'><strong>qui</strong></span> <span class='ocrx_word' id='word_1_254' title='bbox 1254 2153 1319 2206; x_wconf 92' lang='lat' dir='ltr'><strong>de</strong></span> <span class='ocrx_word' id='word_1_255' title='bbox 1347 2156 1557 2209; x_wconf 86' lang='lat' dir='ltr'><strong>sinistra</strong></span> <span class='ocrx_word' id='word_1_256' title='bbox 1608 2161 1914 2213; x_wconf 76' lang='lat' dir='ltr'><strong>transfertur</strong></span> <span class='ocrx_word' id='word_1_257' title='bbox 1956 2163 2005 2214; x_wconf 93' lang='lat' dir='ltr'><strong>in</strong></span> 
     </span>
    </p>
   </div>
   <div class='ocr_carea' id='block_1_36' title="bbox 460 2231 2005 2306">
    <p class='ocr_par' dir='ltr' id='par_1_36' title="bbox 460 2231 2005 2306">
     <span class='ocr_line' id='line_1_36' title="bbox 460 2231 2005 2306; baseline 0.016 -25"><span class='ocrx_word' id='word_1_258' title='bbox 460 2231 748 2300; x_wconf 82' lang='lat' dir='ltr'><strong>dexteram,</strong></span> <span class='ocrx_word' id='word_1_259' title='bbox 780 2251 1019 2302; x_wconf 70' lang='lat' dir='ltr'><strong>magnam</strong></span> <span class='ocrx_word' id='word_1_260' title='bbox 1053 2243 1428 2306; x_wconf 80' lang='lat' dir='ltr'><strong>perfectionem</strong></span> <span class='ocrx_word' id='word_1_261' title='bbox 1461 2245 1571 2297; x_wconf 79' lang='lat' dir='ltr'><strong>sive</strong></span> <span class='ocrx_word' id='word_1_262' title='bbox 1605 2247 1752 2299; x_wconf 75' lang='lat' dir='ltr'><strong>bona:</strong></span> <span class='ocrx_word' id='word_1_263' title='bbox 1785 2251 2005 2305; x_wconf 82' lang='lat' dir='ltr'><strong>actionis</strong></span> 
     </span>
    </p>
   </div>
   <div class='ocr_carea' id='block_1_37' title="bbox 459 2321 2001 2401">
    <p class='ocr_par' dir='ltr' id='par_1_37' title="bbox 459 2321 2001 2401">
     <span class='ocr_line' id='line_1_37' title="bbox 459 2321 2001 2401; baseline 0.017 -34"><span class='ocrx_word' id='word_1_264' title='bbox 459 2331 547 2368; x_wconf 88' lang='lat' dir='ltr'><strong>seu</strong></span> <span class='ocrx_word' id='word_1_265' title='bbox 574 2321 681 2385; x_wconf 87' lang='lat' dir='ltr'><strong>spei</strong></span> <span class='ocrx_word' id='word_1_266' title='bbox 712 2332 800 2374; x_wconf 90' lang='lat' dir='ltr'><strong>aut</strong></span> <span class='ocrx_word' id='word_1_267' title='bbox 830 2325 945 2375; x_wconf 70' lang='lat' dir='ltr'><strong>\iiil!</strong></span> <span class='ocrx_word' id='word_1_268' title='bbox 975 2329 1204 2382; x_wconf 67' lang='lat' dir='ltr'><strong>caelestis</strong></span> <span class='ocrx_word' id='word_1_269' title='bbox 1232 2331 1367 2384; x_wconf 89' lang='lat' dir='ltr'><strong>solet</strong></span> <span class='ocrx_word' id='word_1_270' title='bbox 1399 2332 1695 2398; x_wconf 82' lang='lat' dir='ltr'><strong>insinuare;</strong></span> <span class='ocrx_word' id='word_1_271' title='bbox 1730 2344 1850 2401; x_wconf 89' lang='lat' dir='ltr'><strong>apte</strong></span> <span class='ocrx_word' id='word_1_272' title='bbox 1880 2338 2001 2392; x_wconf 89' lang='lat' dir='ltr'><strong>Sem</strong></span> 
     </span>
    </p>
   </div>
   <div class='ocr_carea' id='block_1_38' title="bbox 461 2408 1998 2496">
    <p class='ocr_par' dir='ltr' id='par_1_38' title="bbox 461 2408 1998 2496">
     <span class='ocr_line' id='line_1_38' title="bbox 461 2408 1998 2496; baseline 0.016 -38"><span class='ocrx_word' id='word_1_273' title='bbox 461 2408 594 2462; x_wconf 82' lang='lat' dir='ltr'><strong>ﬁlius</strong></span> <span class='ocrx_word' id='word_1_274' title='bbox 615 2414 987 2470; x_wconf 83' lang='lat' dir='ltr'><strong>benedictionis</strong></span> <span class='ocrx_word' id='word_1_275' title='bbox 1010 2424 1298 2474; x_wconf 83' lang='lat' dir='ltr'><strong>centesimo</strong></span> <span class='ocrx_word' id='word_1_276' title='bbox 1321 2427 1438 2477; x_wconf 65' lang='lat' dir='ltr'><strong>vitm</strong></span> <span class='ocrx_word' id='word_1_277' title='bbox 1461 2442 1596 2480; x_wconf 88' lang='lat' dir='ltr'><strong>anno</strong></span> <span class='ocrx_word' id='word_1_278' title='bbox 1619 2432 1792 2494; x_wconf 84' lang='lat' dir='ltr'><strong>genuit</strong></span> <span class='ocrx_word' id='word_1_279' title='bbox 1819 2432 1998 2496; x_wconf 82' lang='lat' dir='ltr'><strong>ﬁlium,</strong></span> 
     </span>
    </p>
   </div>
   <div class='ocr_carea' id='block_1_39' title="bbox 457 2500 1998 2586">
    <p class='ocr_par' dir='ltr' id='par_1_39' title="bbox 457 2500 1998 2586">
     <span class='ocr_line' id='line_1_39' title="bbox 457 2500 1998 2586; baseline 0.015 -36"><span class='ocrx_word' id='word_1_280' title='bbox 457 2500 603 2565; x_wconf 80' lang='lat' dir='ltr'><strong>Cujus</strong></span> <span class='ocrx_word' id='word_1_281' title='bbox 629 2503 786 2569; x_wconf 88' lang='lat' dir='ltr'><strong>stirps</strong></span> <span class='ocrx_word' id='word_1_282' title='bbox 815 2506 877 2556; x_wconf 89' lang='lat' dir='ltr'><strong>ah</strong></span> <span class='ocrx_word' id='word_1_283' title='bbox 909 2506 1078 2560; x_wconf 86' lang='lat' dir='ltr'><strong>liebcr</strong></span> <span class='ocrx_word' id='word_1_284' title='bbox 1104 2520 1258 2576; x_wconf 80' lang='lat' dir='ltr'><strong>atque</strong></span> <span class='ocrx_word' id='word_1_285' title='bbox 1286 2513 1348 2562; x_wconf 87' lang='lat' dir='ltr'><strong>ad</strong></span> <span class='ocrx_word' id='word_1_286' title='bbox 1380 2515 1642 2566; x_wconf 83' lang='lat' dir='ltr'><strong>Abraham</strong></span> <span class='ocrx_word' id='word_1_287' title='bbox 1671 2520 1998 2586; x_wconf 85' lang='lat' dir='ltr'><strong>perveniret;</strong></span> 
     </span>
    </p>
   </div>
   <div class='ocr_carea' id='block_1_40' title="bbox 457 2593 1998 2669">
    <p class='ocr_par' dir='ltr' id='par_1_40' title="bbox 457 2593 1998 2669">
     <span class='ocr_line' id='line_1_40' title="bbox 457 2593 1998 2669; baseline 0.014 -28"><span class='ocrx_word' id='word_1_288' title='bbox 457 2593 538 2656; x_wconf 87' lang='lat' dir='ltr'><strong>qui</strong></span> <span class='ocrx_word' id='word_1_289' title='bbox 566 2602 614 2644; x_wconf 90' lang='lat' dir='ltr'><strong>et</strong></span> <span class='ocrx_word' id='word_1_290' title='bbox 648 2595 754 2660; x_wconf 91' lang='lat' dir='ltr'><strong>ipse</strong></span> <span class='ocrx_word' id='word_1_291' title='bbox 782 2597 1041 2650; x_wconf 78' lang='lat' dir='ltr'><strong>Abraham</strong></span> <span class='ocrx_word' id='word_1_292' title='bbox 1071 2600 1300 2666; x_wconf 87' lang='lat' dir='ltr'><strong>ejusdem</strong></span> <span class='ocrx_word' id='word_1_293' title='bbox 1331 2604 1495 2669; x_wconf 83' lang='lat' dir='ltr'><strong>gratia</strong></span> <span class='ocrx_word' id='word_1_294' title='bbox 1522 2609 1836 2660; x_wconf 87' lang='lat' dir='ltr'><strong>sacramenti</strong></span> <span class='ocrx_word' id='word_1_295' title='bbox 1879 2625 1998 2662; x_wconf 87' lang='lat' dir='ltr'><strong>cen-</strong></span> 
     </span>
    </p>
   </div>
   <div class='ocr_carea' id='block_1_41' title="bbox 458 2676 1996 2764">
    <p class='ocr_par' dir='ltr' id='par_1_41' title="bbox 458 2676 1996 2764">
     <span class='ocr_line' id='line_1_41' title="bbox 458 2676 1996 2764; baseline 0.016 -35"><span class='ocrx_word' id='word_1_296' title='bbox 458 2681 639 2732; x_wconf 73' lang='lat' dir='ltr'><strong>tesimo</strong></span> <span class='ocrx_word' id='word_1_297' title='bbox 668 2697 775 2735; x_wconf 78' lang='lat' dir='ltr'><strong>sua:</strong></span> <span class='ocrx_word' id='word_1_298' title='bbox 803 2676 969 2738; x_wconf 71' lang='lat' dir='ltr'><strong>tctatis</strong></span> <span class='ocrx_word' id='word_1_299' title='bbox 999 2703 1134 2740; x_wconf 88' lang='lat' dir='ltr'><strong>anno</strong></span> <span class='ocrx_word' id='word_1_300' title='bbox 1164 2693 1340 2756; x_wconf 80' lang='lat' dir='ltr'><strong>genuit</strong></span> <span class='ocrx_word' id='word_1_301' title='bbox 1374 2693 1512 2744; x_wconf 84' lang='lat' dir='ltr'><strong>lsaac</strong></span> <span class='ocrx_word' id='word_1_302' title='bbox 1559 2695 1714 2747; x_wconf 86' lang='lat' dir='ltr'><strong>filium</strong></span> <span class='ocrx_word' id='word_1_303' title='bbox 1769 2700 1996 2764; x_wconf 84' lang='lat' dir='ltr'><strong>promis-</strong></span> 
     </span>
    </p>
   </div>
   <div class='ocr_carea' id='block_1_42' title="bbox 457 2770 1996 2857">
    <p class='ocr_par' dir='ltr' id='par_1_42' title="bbox 457 2770 1996 2857">
     <span class='ocr_line' id='line_1_42' title="bbox 457 2770 1996 2857; baseline 0.019 -38"><span class='ocrx_word' id='word_1_304' title='bbox 457 2770 634 2831; x_wconf 75' lang='lat' dir='ltr'><strong>siquis.</strong></span> <span class='ocrx_word' id='word_1_305' title='bbox 686 2775 734 2826; x_wconf 83' lang='lat' dir='ltr'><strong>in</strong></span> <span class='ocrx_word' id='word_1_306' title='bbox 789 2778 936 2840; x_wconf 84' lang='lat' dir='ltr'><strong>cujus</strong></span> <span class='ocrx_word' id='word_1_307' title='bbox 989 2784 1286 2848; x_wconf 79' lang='lat' dir='ltr'><strong>exemplum</strong></span> <span class='ocrx_word' id='word_1_308' title='bbox 1353 2801 1447 2838; x_wconf 78' lang='lat' dir='ltr'><strong>nos</strong></span> <span class='ocrx_word' id='word_1_309' title='bbox 1500 2787 1590 2839; x_wconf 77' lang='lat' dir='ltr'><strong>lilii</strong></span> <span class='ocrx_word' id='word_1_310' title='bbox 1639 2792 1996 2857; x_wconf 81' lang='lat' dir='ltr'><strong>prutttissionis</strong></span> 
     </span>
    </p>
   </div>
   <div class='ocr_carea' id='block_1_43' title="bbox 457 2859 1995 2946">
    <p class='ocr_par' dir='ltr' id='par_1_43' title="bbox 457 2859 1995 2946">
     <span class='ocr_line' id='line_1_43' title="bbox 457 2859 1995 2946; baseline 0.016 -35"><span class='ocrx_word' id='word_1_311' title='bbox 457 2859 595 2926; x_wconf 73' lang='lat' dir='ltr'><strong>facti,</strong></span> <span class='ocrx_word' id='word_1_312' title='bbox 641 2867 785 2930; x_wconf 84' lang='lat' dir='ltr'><strong>quasi</strong></span> <span class='ocrx_word' id='word_1_313' title='bbox 816 2867 878 2919; x_wconf 91' lang='lat' dir='ltr'><strong>ad</strong></span> <span class='ocrx_word' id='word_1_314' title='bbox 909 2869 1184 2923; x_wconf 82' lang='lat' dir='ltr'><strong>dexteram</strong></span> <span class='ocrx_word' id='word_1_315' title='bbox 1221 2873 1408 2938; x_wconf 83' lang='lat' dir='ltr'><strong>judicis</strong></span> <span class='ocrx_word' id='word_1_316' title='bbox 1446 2879 1612 2929; x_wconf 87' lang='lat' dir='ltr'><strong>nostri</strong></span> <span class='ocrx_word' id='word_1_317' title='bbox 1655 2879 1861 2933; x_wconf 90' lang='lat' dir='ltr'><strong>interim</strong></span> <span class='ocrx_word' id='word_1_318' title='bbox 1905 2898 1995 2946; x_wconf 87' lang='lat' dir='ltr'><strong>per</strong></span> 
     </span>
    </p>
   </div>
   <div class='ocr_carea' id='block_1_44' title="bbox 455 2956 1993 3028">
    <p class='ocr_par' dir='ltr' id='par_1_44' title="bbox 455 2956 1993 3028">
     <span class='ocr_line' id='line_1_44' title="bbox 455 2956 1993 3028; baseline 0.016 -26"><span class='ocrx_word' id='word_1_319' title='bbox 455 2965 598 3018; x_wconf 70' lang='grc' dir='ltr'><strong>δικ-ιιι</strong></span> <span class='ocrx_word' id='word_1_320' title='bbox 651 2956 823 3021; x_wconf 82' lang='lat' dir='ltr'><strong>pOsiIi,</strong></span> <span class='ocrx_word' id='word_1_321' title='bbox 878 2972 969 3023; x_wconf 91' lang='lat' dir='ltr'><strong>per</strong></span> <span class='ocrx_word' id='word_1_322' title='bbox 1017 2960 1151 3013; x_wconf 89' lang='lat' dir='ltr'><strong>bona</strong></span> <span class='ocrx_word' id='word_1_323' title='bbox 1205 2977 1359 3028; x_wconf 85' lang='lat' dir='ltr'><strong>opera</strong></span> <span class='ocrx_word' id='word_1_324' title='bbox 1413 2964 1826 3021; x_wconf 84' lang='lat' dir='ltr'><strong>benedictionem</strong></span> <span class='ocrx_word' id='word_1_325' title='bbox 1873 2973 1993 3025; x_wconf 79' lang='lat' dir='ltr'><strong>vita:</strong></span> 
     </span>
    </p>
   </div>
   <div class='ocr_carea' id='block_1_45' title="bbox 453 3043 1982 3121">
    <p class='ocr_par' dir='ltr' id='par_1_45' title="bbox 453 3043 1982 3121">
     <span class='ocr_line' id='line_1_45' title="bbox 453 3043 1982 3121; baseline 0.014 -30"><span class='ocrx_word' id='word_1_326' title='bbox 453 3043 681 3095; x_wconf 65' lang='lat' dir='ltr'><strong>celestis</strong></span> <span class='ocrx_word' id='word_1_327' title='bbox 704 3056 1064 3112; x_wconf 79' lang='lat' dir='ltr'><strong>exspectamus</strong></span> <span class='ocrx_word' id='word_1_328' title='bbox 1097 3067 1109 3100; x_wconf 90' lang='lat'><strong>:</strong></span> <span class='ocrx_word' id='word_1_329' title='bbox 1144 3066 1259 3102; x_wconf 82' lang='lat' dir='ltr'><strong>nam</strong></span> <span class='ocrx_word' id='word_1_330' title='bbox 1290 3053 1390 3104; x_wconf 91' lang='lat' dir='ltr'><strong>duo</strong></span> <span class='ocrx_word' id='word_1_331' title='bbox 1423 3055 1533 3121; x_wconf 90' lang='lat' dir='ltr'><strong>lilii,</strong></span> <span class='ocrx_word' id='word_1_332' title='bbox 1559 3072 1687 3121; x_wconf 90' lang='lat' dir='ltr'><strong>quos</strong></span> <span class='ocrx_word' id='word_1_333' title='bbox 1715 3068 1835 3111; x_wconf 87' lang='lat' dir='ltr'><strong>ante</strong></span> <span class='ocrx_word' id='word_1_334' title='bbox 1864 3075 1982 3114; x_wconf 87' lang='lat' dir='ltr'><strong>cen-</strong></span> 
     </span>
    </p>
   </div>
   <div class='ocr_carea' id='block_1_46' title="bbox 452 3130 1990 3214">
    <p class='ocr_par' dir='ltr' id='par_1_46' title="bbox 452 3130 1990 3214">
     <span class='ocr_line' id='line_1_46' title="bbox 452 3130 1990 3214; baseline 0.017 -35"><span class='ocrx_word' id='word_1_335' title='bbox 452 3130 685 3183; x_wconf 67' lang='lat' dir='ltr'><strong>tesimum</strong></span> <span class='ocrx_word' id='word_1_336' title='bbox 733 3147 924 3185; x_wconf 83' lang='lat' dir='ltr'><strong>annum</strong></span> <span class='ocrx_word' id='word_1_337' title='bbox 975 3137 1093 3188; x_wconf 82' lang='lat' dir='ltr'><strong>Sent</strong></span> <span class='ocrx_word' id='word_1_338' title='bbox 1145 3143 1354 3206; x_wconf 58' lang='lat' dir='ltr'><strong>gerunt,</strong></span> <span class='ocrx_word' id='word_1_339' title='bbox 1384 3143 1555 3196; x_wconf 61' lang='lat' dir='ltr'><strong>Hilam</strong></span> <span class='ocrx_word' id='word_1_340' title='bbox 1603 3159 1656 3199; x_wconf 90' lang='lat' dir='ltr'><strong>ct</strong></span> <span class='ocrx_word' id='word_1_341' title='bbox 1701 3151 1881 3214; x_wconf 78' lang='lat' dir='ltr'><strong>Assur,</strong></span> <span class='ocrx_word' id='word_1_342' title='bbox 1934 3162 1990 3205; x_wconf 92' lang='lat' dir='ltr'><strong>ut</strong></span> 
     </span>
    </p>
   </div>
   <div class='ocr_carea' id='block_1_47' title="bbox 451 3219 1986 3303">
    <p class='ocr_par' dir='ltr' id='par_1_47' title="bbox 451 3219 1986 3303">
     <span class='ocr_line' id='line_1_47' title="bbox 451 3219 1986 3303; baseline 0.019 -39"><span class='ocrx_word' id='word_1_343' title='bbox 451 3232 597 3285; x_wconf 62' lang='lat' dir='ltr'><strong>supra</strong></span> <span class='ocrx_word' id='word_1_344' title='bbox 634 3219 820 3274; x_wconf 83' lang='lat' dir='ltr'><strong>lectum</strong></span> <span class='ocrx_word' id='word_1_345' title='bbox 854 3237 952 3285; x_wconf 75' lang='grc' dir='ltr'><strong>εει,</strong></span> <span class='ocrx_word' id='word_1_346' title='bbox 983 3238 1126 3278; x_wconf 89' lang='lat' dir='ltr'><strong>extra</strong></span> <span class='ocrx_word' id='word_1_347' title='bbox 1169 3244 1344 3282; x_wconf 84' lang='lat' dir='ltr'><strong>semen</strong></span> <span class='ocrx_word' id='word_1_348' title='bbox 1379 3240 1400 3266; x_wconf 70' lang='grc'>⁸</span> <span class='ocrx_word' id='word_1_349' title='bbox 1435 3244 1670 3287; x_wconf 89' lang='lat' dir='ltr'><strong>sanctum</strong></span> <span class='ocrx_word' id='word_1_350' title='bbox 1720 3238 1891 3303; x_wconf 91' lang='lat' dir='ltr'><strong>positi,</strong></span> <span class='ocrx_word' id='word_1_351' title='bbox 1935 3251 1986 3293; x_wconf 88' lang='lat' dir='ltr'><strong>et</strong></span> 
     </span>
    </p>
   </div>
   <div class='ocr_carea' id='block_1_48' title="bbox 447 3309 1986 3387">
    <p class='ocr_par' dir='ltr' id='par_1_48' title="bbox 447 3309 1986 3387">
     <span class='ocr_line' id='line_1_48' title="bbox 447 3309 1986 3387; baseline 0.019 -33"><span class='ocrx_word' id='word_1_352' title='bbox 447 3309 591 3371; x_wconf 67' lang='lat' dir='ltr'><strong>quasi</strong></span> <span class='ocrx_word' id='word_1_353' title='bbox 623 3310 670 3362; x_wconf 93' lang='lat' dir='ltr'><strong>in</strong></span> <span class='ocrx_word' id='word_1_354' title='bbox 715 3311 839 3362; x_wconf 69' lang='lat' dir='ltr'><strong>lzeva</strong></span> <span class='ocrx_word' id='word_1_355' title='bbox 876 3314 1044 3368; x_wconf 89' lang='lat' dir='ltr'><strong>adhuc</strong></span> <span class='ocrx_word' id='word_1_356' title='bbox 1093 3332 1244 3368; x_wconf 88' lang='lat' dir='ltr'><strong>manu</strong></span> <span class='ocrx_word' id='word_1_357' title='bbox 1289 3324 1497 3387; x_wconf 85' lang='lat' dir='ltr'><strong>retenti,</strong></span> <span class='ocrx_word' id='word_1_358' title='bbox 1545 3333 1767 3379; x_wconf 76' lang='lat' dir='ltr'><strong>terrena:</strong></span> <span class='ocrx_word' id='word_1_359' title='bbox 1817 3330 1986 3384; x_wconf 90' lang='lat' dir='ltr'><strong>adhuc</strong></span> 
     </span>
    </p>
   </div>
   <div class='ocr_carea' id='block_1_49' title="bbox 445 3398 1986 3478">
    <p class='ocr_par' dir='ltr' id='par_1_49' title="bbox 445 3398 1986 3478">
     <span class='ocr_line' id='line_1_49' title="bbox 445 3398 1986 3478; baseline 0.018 -30"><span class='ocrx_word' id='word_1_360' title='bbox 445 3398 610 3462; x_wconf 83' lang='lat' dir='ltr'><strong>potius</strong></span> <span class='ocrx_word' id='word_1_361' title='bbox 633 3400 876 3464; x_wconf 80' lang='lat' dir='ltr'><strong>civitatis,</strong></span> <span class='ocrx_word' id='word_1_362' title='bbox 908 3403 955 3456; x_wconf 89' lang='lat' dir='ltr'><strong>id</strong></span> <span class='ocrx_word' id='word_1_363' title='bbox 979 3415 1078 3469; x_wconf 86' lang='lat' dir='ltr'><strong>est,</strong></span> <span class='ocrx_word' id='word_1_364' title='bbox 1113 3412 1284 3459; x_wconf 91' lang='lat' dir='ltr'><strong>mundi</strong></span> <span class='ocrx_word' id='word_1_365' title='bbox 1311 3410 1482 3478; x_wconf 90' lang='lat' dir='ltr'><strong>hujus,</strong></span> <span class='ocrx_word' id='word_1_366' title='bbox 1515 3430 1575 3466; x_wconf 85' lang='lat' dir='ltr'><strong>ex</strong></span> <span class='ocrx_word' id='word_1_367' title='bbox 1607 3431 1662 3468; x_wconf 89' lang='lat' dir='ltr'><strong>sc</strong></span> <span class='ocrx_word' id='word_1_368' title='bbox 1685 3418 1825 3470; x_wconf 83' lang='lat' dir='ltr'><strong>cives</strong></span> <span class='ocrx_word' id='word_1_369' title='bbox 1847 3436 1986 3474; x_wconf 85' lang='lat' dir='ltr'><strong>crea-</strong></span> 
     </span>
    </p>
   </div>
   <div class='ocr_carea' id='block_1_50' title="bbox 443 3487 1979 3574">
    <p class='ocr_par' dir='ltr' id='par_1_50' title="bbox 443 3487 1979 3574">
     <span class='ocr_line' id='line_1_50' title="bbox 443 3487 1979 3574; baseline 0.016 -39"><span class='ocrx_word' id='word_1_370' title='bbox 443 3497 639 3538; x_wconf 81' lang='lat' dir='ltr'><strong>verunt.</strong></span> <span class='ocrx_word' id='word_1_371' title='bbox 676 3487 818 3541; x_wconf 89' lang='lat' dir='ltr'><strong>Unus</strong></span> <span class='ocrx_word' id='word_1_372' title='bbox 842 3493 1030 3558; x_wconf 82' lang='lat' dir='ltr'><strong>quippe</strong></span> <span class='ocrx_word' id='word_1_373' title='bbox 1059 3493 1422 3551; x_wconf 67' lang='lat' dir='ltr'><strong>Ailatnitarum</strong></span> <span class='ocrx_word' id='word_1_374' title='bbox 1456 3502 1501 3551; x_wconf 89' lang='lat' dir='ltr'><strong>id</strong></span> <span class='ocrx_word' id='word_1_375' title='bbox 1531 3514 1630 3568; x_wconf 87' lang='lat' dir='ltr'><strong>est,</strong></span> <span class='ocrx_word' id='word_1_376' title='bbox 1684 3505 1979 3574; x_wconf 84' lang='lat' dir='ltr'><strong>Persarum,</strong></span> 
     </span>
    </p>
   </div>
   <div class='ocr_carea' id='block_1_51' title="bbox 441 3572 1977 3664">
    <p class='ocr_par' dir='ltr' id='par_1_51' title="bbox 441 3572 1977 3664">
     <span class='ocr_line' id='line_1_51' title="bbox 441 3572 1977 3664; baseline 0.018 -42"><span class='ocrx_word' id='word_1_377' title='bbox 441 3572 568 3624; x_wconf 79' lang='lat' dir='ltr'><strong>alter</strong></span> <span class='ocrx_word' id='word_1_378' title='bbox 629 3579 925 3643; x_wconf 62' lang='lat' dir='ltr'><strong>progenitor</strong></span> <span class='ocrx_word' id='word_1_379' title='bbox 983 3586 1312 3652; x_wconf 85' lang='lat' dir='ltr'><strong>Assyriorum</strong></span> <span class='ocrx_word' id='word_1_380' title='bbox 1369 3591 1588 3643; x_wconf 84' lang='lat' dir='ltr'><strong>exstitit.</strong></span> <span class='ocrx_word' id='word_1_381' title='bbox 1642 3593 1744 3646; x_wconf 89' lang='lat' dir='ltr'><strong>Sed</strong></span> <span class='ocrx_word' id='word_1_382' title='bbox 1795 3612 1977 3664; x_wconf 86' lang='lat' dir='ltr'><strong>magna</strong></span> 
     </span>
    </p>
   </div>
   <div class='ocr_carea' id='block_1_52' title="bbox 439 3661 1979 3756">
    <p class='ocr_par' dir='ltr' id='par_1_52' title="bbox 439 3661 1979 3756">
     <span class='ocr_line' id='line_1_52' title="bbox 439 3661 1979 3756; baseline 0.027 -48"><span class='ocrx_word' id='word_1_383' title='bbox 439 3661 587 3712; x_wconf 80' lang='lat' dir='ltr'><strong>nobis</strong></span> <span class='ocrx_word' id='word_1_384' title='bbox 617 3665 902 3718; x_wconf 77' lang='lat' dir='ltr'><strong>secundum</strong></span> <span class='ocrx_word' id='word_1_385' title='bbox 949 3670 1172 3724; x_wconf 90' lang='lat' dir='ltr'><strong>litteram</strong></span> <span class='ocrx_word' id='word_1_386' title='bbox 1204 3681 1424 3741; x_wconf 66' lang='lat' dir='ltr'><strong>quaestio</strong></span> <span class='ocrx_word' id='word_1_387' title='bbox 1455 3685 1684 3738; x_wconf 89' lang='lat' dir='ltr'><strong>nascitur</strong></span> <span class='ocrx_word' id='word_1_388' title='bbox 1715 3695 1979 3756; x_wconf 86' lang='lat' dir='ltr'><strong>quomodo</strong></span> 
     </span>
    </p>
   </div>
   <div class='ocr_carea' id='block_1_53' title="bbox 438 3748 1972 3836">
    <p class='ocr_par' dir='ltr' id='par_1_53' title="bbox 438 3748 1972 3836">
     <span class='ocr_line' id='line_1_53' title="bbox 438 3748 1972 3836; baseline 0.027 -42"><span class='ocrx_word' id='word_1_389' title='bbox 438 3748 558 3799; x_wconf 80' lang='lat' dir='ltr'><strong>Seni</strong></span> <span class='ocrx_word' id='word_1_390' title='bbox 606 3750 814 3803; x_wconf 81' lang='lat' dir='ltr'><strong>biennio</strong></span> <span class='ocrx_word' id='word_1_391' title='bbox 845 3767 959 3818; x_wconf 75' lang='lat' dir='ltr'><strong>post</strong></span> <span class='ocrx_word' id='word_1_392' title='bbox 1003 3759 1251 3814; x_wconf 85' lang='lat' dir='ltr'><strong>diluvium</strong></span> <span class='ocrx_word' id='word_1_393' title='bbox 1301 3778 1505 3821; x_wconf 86' lang='lat' dir='ltr'><strong>centum</strong></span> <span class='ocrx_word' id='word_1_394' title='bbox 1551 3787 1668 3827; x_wconf 87' lang='lat' dir='ltr'><strong>esse</strong></span> <span class='ocrx_word' id='word_1_395' title='bbox 1718 3792 1972 3836; x_wconf 80' lang='lat' dir='ltr'><strong>anno;um</strong></span> 
     </span>
    </p>
   </div>
   <div class='ocr_carea' id='block_1_54' title="bbox 436 3839 1974 3927">
    <p class='ocr_par' dir='ltr' id='par_1_54' title="bbox 436 3839 1974 3927">
     <span class='ocr_line' id='line_1_54' title="bbox 436 3839 1974 3927; baseline 0.023 -40"><span class='ocrx_word' id='word_1_396' title='bbox 436 3839 653 3907; x_wconf 76' lang='lat' dir='ltr'><strong>dicatur,</strong></span> <span class='ocrx_word' id='word_1_397' title='bbox 688 3857 803 3896; x_wconf 88' lang='lat' dir='ltr'><strong>cum</strong></span> <span class='ocrx_word' id='word_1_398' title='bbox 841 3860 996 3911; x_wconf 58' lang='lat' dir='ltr'><strong>sui-ra</strong></span> <span class='ocrx_word' id='word_1_399' title='bbox 1043 3851 1457 3919; x_wconf 88' lang='lat' dir='ltr'><strong>quingentesimo</strong></span> <span class='ocrx_word' id='word_1_400' title='bbox 1501 3875 1639 3914; x_wconf 89' lang='lat' dir='ltr'><strong>anno</strong></span> <span class='ocrx_word' id='word_1_401' title='bbox 1677 3867 1782 3922; x_wconf 87' lang='lat' dir='ltr'><strong>Noe</strong></span> <span class='ocrx_word' id='word_1_402' title='bbox 1825 3884 1974 3927; x_wconf 84' lang='lat' dir='ltr'><strong>natus</strong></span> 
     </span>
    </p>
   </div>
   <div class='ocr_carea' id='block_1_55' title="bbox 434 3930 1973 4016">
    <p class='ocr_par' dir='ltr' id='par_1_55' title="bbox 434 3930 1973 4016">
     <span class='ocr_line' id='line_1_55' title="bbox 434 3930 1973 4016; baseline 0.026 -39"><span class='ocrx_word' id='word_1_403' title='bbox 434 3930 701 3996; x_wconf 78' lang='lat' dir='ltr'><strong>aSseritur,</strong></span> <span class='ocrx_word' id='word_1_404' title='bbox 749 3945 798 3986; x_wconf 91' lang='lat' dir='ltr'><strong>et</strong></span> <span class='ocrx_word' id='word_1_405' title='bbox 829 3943 1209 3998; x_wconf 84' lang='lat' dir='ltr'><strong>sexcentesimo</strong></span> <span class='ocrx_word' id='word_1_406' title='bbox 1251 3947 1486 4011; x_wconf 86' lang='lat' dir='ltr'><strong>ejusdem</strong></span> <span class='ocrx_word' id='word_1_407' title='bbox 1521 3953 1629 4006; x_wconf 85' lang='lat' dir='ltr'><strong>Noe</strong></span> <span class='ocrx_word' id='word_1_408' title='bbox 1673 3971 1809 4013; x_wconf 88' lang='lat' dir='ltr'><strong>anno</strong></span> <span class='ocrx_word' id='word_1_409' title='bbox 1833 3963 1973 4016; x_wconf 81' lang='lat' dir='ltr'><strong>dilu-</strong></span> 
     </span>
    </p>
   </div>
   <div class='ocr_carea' id='block_1_56' title="bbox 434 4015 1971 4107">
    <p class='ocr_par' dir='ltr' id='par_1_56' title="bbox 434 4015 1971 4107">
     <span class='ocr_line' id='line_1_56' title="bbox 434 4015 1971 4107; baseline 0.027 -45"><span class='ocrx_word' id='word_1_410' title='bbox 434 4015 569 4067; x_wconf 90' lang='lat' dir='ltr'><strong>vium</strong></span> <span class='ocrx_word' id='word_1_411' title='bbox 614 4020 821 4072; x_wconf 88' lang='lat' dir='ltr'><strong>venisse</strong></span> <span class='ocrx_word' id='word_1_412' title='bbox 862 4023 1062 4093; x_wconf 87' lang='lat' dir='ltr'><strong>legitur.</strong></span> <span class='ocrx_word' id='word_1_413' title='bbox 1108 4029 1160 4082; x_wconf 91' lang='lat' dir='ltr'><strong>Si</strong></span> <span class='ocrx_word' id='word_1_414' title='bbox 1193 4034 1332 4086; x_wconf 89' lang='lat' dir='ltr'><strong>enim</strong></span> <span class='ocrx_word' id='word_1_415' title='bbox 1373 4038 1792 4107; x_wconf 83' lang='lat' dir='ltr'><strong>quingentesimo</strong></span> <span class='ocrx_word' id='word_1_416' title='bbox 1835 4064 1971 4104; x_wconf 85' lang='lat' dir='ltr'><strong>anno</strong></span> 
     </span>
    </p>
   </div>
   <div class='ocr_carea' id='block_1_57' title="bbox 432 4104 1971 4194">
    <p class='ocr_par' dir='ltr' id='par_1_57' title="bbox 432 4104 1971 4194">
     <span class='ocr_line' id='line_1_57' title="bbox 432 4104 1971 4194; baseline 0.025 -40"><span class='ocrx_word' id='word_1_417' title='bbox 432 4104 507 4156; x_wconf 88' lang='lat' dir='ltr'><strong>sui</strong></span> <span class='ocrx_word' id='word_1_418' title='bbox 540 4106 700 4171; x_wconf 83' lang='lat' dir='ltr'><strong>patris</strong></span> <span class='ocrx_word' id='word_1_419' title='bbox 754 4121 904 4166; x_wconf 87' lang='lat' dir='ltr'><strong>natus</strong></span> <span class='ocrx_word' id='word_1_420' title='bbox 959 4125 1072 4178; x_wconf 88' lang='lat' dir='ltr'><strong>est,</strong></span> <span class='ocrx_word' id='word_1_421' title='bbox 1133 4120 1307 4187; x_wconf 82' lang='lat' dir='ltr'><strong>utique</strong></span> <span class='ocrx_word' id='word_1_422' title='bbox 1360 4140 1425 4178; x_wconf 88' lang='lat' dir='ltr'><strong>eo</strong></span> <span class='ocrx_word' id='word_1_423' title='bbox 1477 4143 1754 4186; x_wconf 80' lang='lat' dir='ltr'><strong>sexcentos</strong></span> <span class='ocrx_word' id='word_1_424' title='bbox 1805 4153 1971 4194; x_wconf 86' lang='lat' dir='ltr'><strong>annos</strong></span> 
     </span>
    </p>
   </div>
   <div class='ocr_carea' id='block_1_58' title="bbox 433 4194 1969 4284">
    <p class='ocr_par' dir='ltr' id='par_1_58' title="bbox 433 4194 1969 4284">
     <span class='ocr_line' id='line_1_58' title="bbox 433 4194 1969 4284; baseline 0.025 -41"><span class='ocrx_word' id='word_1_425' title='bbox 433 4194 652 4247; x_wconf 55' lang='lat' dir='ltr'><strong>habente</strong></span> <span class='ocrx_word' id='word_1_426' title='bbox 700 4203 910 4264; x_wconf 86' lang='lat' dir='ltr'><strong>quando</strong></span> <span class='ocrx_word' id='word_1_427' title='bbox 957 4203 1207 4259; x_wconf 84' lang='lat' dir='ltr'><strong>diluvium</strong></span> <span class='ocrx_word' id='word_1_428' title='bbox 1252 4214 1425 4277; x_wconf 91' lang='lat' dir='ltr'><strong>venit,</strong></span> <span class='ocrx_word' id='word_1_429' title='bbox 1481 4217 1591 4284; x_wconf 90' lang='lat' dir='ltr'><strong>ipse</strong></span> <span class='ocrx_word' id='word_1_430' title='bbox 1638 4231 1969 4282; x_wconf 76' lang='lat' dir='ltr'><strong>centenarias</strong></span> 
     </span>
    </p>
   </div>
   <div class='ocr_carea' id='block_1_59' title="bbox 436 4282 1966 4368">
    <p class='ocr_par' dir='ltr' id='par_1_59' title="bbox 436 4282 1966 4368">
     <span class='ocr_line' id='line_1_59' title="bbox 436 4282 1966 4368; baseline 0.023 -34"><span class='ocrx_word' id='word_1_431' title='bbox 436 4282 552 4344; x_wconf 84' lang='lat' dir='ltr'><strong>fuit,</strong></span> <span class='ocrx_word' id='word_1_432' title='bbox 585 4284 806 4354; x_wconf 81' lang='lat' dir='ltr'><strong>idquue</strong></span> <span class='ocrx_word' id='word_1_433' title='bbox 836 4291 1044 4346; x_wconf 87' lang='lat' dir='ltr'><strong>biennio</strong></span> <span class='ocrx_word' id='word_1_434' title='bbox 1082 4307 1195 4363; x_wconf 84' lang='lat' dir='ltr'><strong>post</strong></span> <span class='ocrx_word' id='word_1_435' title='bbox 1238 4282 1650 4361; x_wconf 35' lang='lat' dir='ltr'><strong>diluvium—duos</strong></span> <span class='ocrx_word' id='word_1_436' title='bbox 1680 4322 1730 4363; x_wconf 91' lang='lat' dir='ltr'><strong>et</strong></span> <span class='ocrx_word' id='word_1_437' title='bbox 1759 4324 1966 4368; x_wconf 82' lang='lat' dir='ltr'><strong>centum</strong></span> 
     </span>
    </p>
   </div>
   <div class='ocr_carea' id='block_1_60' title="bbox 431 4369 1962 4467">
    <p class='ocr_par' dir='ltr' id='par_1_60' title="bbox 431 4369 1962 4467">
     <span class='ocr_line' id='line_1_60' title="bbox 431 4369 1962 4467; baseline 0.023 -46"><span class='ocrx_word' id='word_1_438' title='bbox 431 4369 656 4425; x_wconf 81' lang='lat' dir='ltr'><strong>habebat</strong></span> <span class='ocrx_word' id='word_1_439' title='bbox 697 4391 862 4428; x_wconf 88' lang='lat' dir='ltr'><strong>annos</strong></span> <span class='ocrx_word' id='word_1_440' title='bbox 904 4383 1091 4435; x_wconf 72' lang='lat' dir='ltr'><strong>aetatis.</strong></span> <span class='ocrx_word' id='word_1_441' title='bbox 1133 4385 1196 4439; x_wconf 88' lang='lat' dir='ltr'><strong>Ut</strong></span> <span class='ocrx_word' id='word_1_442' title='bbox 1223 4403 1345 4456; x_wconf 85' lang='lat' dir='ltr'><strong>ergo</strong></span> <span class='ocrx_word' id='word_1_443' title='bbox 1385 4407 1629 4449; x_wconf 90' lang='lat' dir='ltr'><strong>numerus</strong></span> <span class='ocrx_word' id='word_1_444' title='bbox 1674 4409 1962 4467; x_wconf 78' lang='lat' dir='ltr'><strong>temporum</strong></span> 
     </span>
    </p>
   </div>
   <div class='ocr_carea' id='block_1_61' title="bbox 425 4459 1966 4546">
    <p class='ocr_par' dir='ltr' id='par_1_61' title="bbox 425 4459 1966 4546">
     <span class='ocr_line' id='line_1_61' title="bbox 425 4459 1966 4546; baseline 0.025 -38"><span class='ocrx_word' id='word_1_445' title='bbox 425 4459 731 4528; x_wconf 85' lang='lat' dir='ltr'><strong>sibitnetipsi</strong></span> <span class='ocrx_word' id='word_1_446' title='bbox 762 4479 864 4516; x_wconf 91' lang='lat' dir='ltr'><strong>non</strong></span> <span class='ocrx_word' id='word_1_447' title='bbox 895 4482 1166 4538; x_wconf 87' lang='lat' dir='ltr'><strong>repugnet,</strong></span> <span class='ocrx_word' id='word_1_448' title='bbox 1201 4476 1590 4544; x_wconf 87' lang='lat' dir='ltr'><strong>intelligendum</strong></span> <span class='ocrx_word' id='word_1_449' title='bbox 1623 4495 1701 4536; x_wconf 90' lang='lat' dir='ltr'><strong>est</strong></span> <span class='ocrx_word' id='word_1_450' title='bbox 1728 4459 1817 4540; x_wconf 83' lang='lat' dir='ltr'><strong>aut</strong></span> <span class='ocrx_word' id='word_1_451' title='bbox 1859 4492 1966 4546; x_wconf 85' lang='lat' dir='ltr'><strong>Noe</strong></span> 
     </span>
    </p>
   </div>
   <div class='ocr_carea' id='block_1_62' title="bbox 424 4548 2044 4659">
    <p class='ocr_par' dir='ltr' id='par_1_62' title="bbox 424 4548 2044 4659">
     <span class='ocr_line' id='line_1_62' title="bbox 424 4548 2044 4659; baseline 0.023 -61"><span class='ocrx_word' id='word_1_452' title='bbox 424 4548 527 4600; x_wconf 91' lang='lat' dir='ltr'><strong>dno</strong></span> <span class='ocrx_word' id='word_1_453' title='bbox 569 4551 682 4616; x_wconf 88' lang='lat' dir='ltr'><strong>plus</strong></span> <span class='ocrx_word' id='word_1_454' title='bbox 732 4566 883 4620; x_wconf 74' lang='lat' dir='ltr'><strong>quam</strong></span> <span class='ocrx_word' id='word_1_455' title='bbox 924 4561 1234 4627; x_wconf 88' lang='lat' dir='ltr'><strong>quingentos</strong></span> <span class='ocrx_word' id='word_1_456' title='bbox 1275 4566 1521 4622; x_wconf 83' lang='lat' dir='ltr'><strong>habuisse</strong></span> <span class='ocrx_word' id='word_1_457' title='bbox 1547 4587 1712 4626; x_wconf 87' lang='lat' dir='ltr'><strong>annos</strong></span> <span class='ocrx_word' id='word_1_458' title='bbox 1753 4581 1963 4643; x_wconf 85' lang='lat' dir='ltr'><strong>quando</strong></span> <span class='ocrx_word' id='word_1_459' title='bbox 1996 4601 2044 4659; x_wconf 75' lang='grc' dir='ltr'><strong>ι)</strong></span> 
     </span>
    </p>
   </div>
   <div class='ocr_carea' id='block_1_63' title="bbox 423 4641 1962 4733">
    <p class='ocr_par' dir='ltr' id='par_1_63' title="bbox 423 4641 1962 4733">
     <span class='ocr_line' id='line_1_63' title="bbox 423 4641 1962 4733; baseline 0.024 -46"><span class='ocrx_word' id='word_1_460' title='bbox 423 4647 576 4689; x_wconf 76' lang='lat' dir='ltr'><strong>nutus</strong></span> <span class='ocrx_word' id='word_1_461' title='bbox 606 4649 682 4691; x_wconf 90' lang='lat' dir='ltr'><strong>est</strong></span> <span class='ocrx_word' id='word_1_462' title='bbox 706 4641 850 4706; x_wconf 79' lang='lat' dir='ltr'><strong>Scin,</strong></span> <span class='ocrx_word' id='word_1_463' title='bbox 883 4656 975 4698; x_wconf 87' lang='lat' dir='ltr'><strong>aut</strong></span> <span class='ocrx_word' id='word_1_464' title='bbox 1004 4649 1106 4702; x_wconf 92' lang='lat' dir='ltr'><strong>duo</strong></span> <span class='ocrx_word' id='word_1_465' title='bbox 1134 4653 1306 4706; x_wconf 89' lang='lat' dir='ltr'><strong>minus</strong></span> <span class='ocrx_word' id='word_1_466' title='bbox 1345 4657 1405 4708; x_wconf 88' lang='lat' dir='ltr'><strong>ad</strong></span> <span class='ocrx_word' id='word_1_467' title='bbox 1437 4672 1714 4716; x_wconf 83' lang='lat' dir='ltr'><strong>sexcentos</strong></span> <span class='ocrx_word' id='word_1_468' title='bbox 1757 4669 1962 4733; x_wconf 86' lang='lat' dir='ltr'><strong>quando</strong></span> 
     </span>
    </p>
   </div>
   <div class='ocr_carea' id='block_1_64' title="bbox 421 4727 1960 4810">
    <p class='ocr_par' dir='ltr' id='par_1_64' title="bbox 421 4727 1960 4810">
     <span class='ocr_line' id='line_1_64' title="bbox 421 4727 1960 4810; baseline 0.023 -36"><span class='ocrx_word' id='word_1_469' title='bbox 421 4727 560 4777; x_wconf 81' lang='lat' dir='ltr'><strong>venit</strong></span> <span class='ocrx_word' id='word_1_470' title='bbox 597 4728 883 4797; x_wconf 88' lang='lat' dir='ltr'><strong>diluvium,</strong></span> <span class='ocrx_word' id='word_1_471' title='bbox 927 4749 1014 4788; x_wconf 88' lang='lat' dir='ltr'><strong>aut</strong></span> <span class='ocrx_word' id='word_1_472' title='bbox 1053 4737 1172 4791; x_wconf 92' lang='lat' dir='ltr'><strong>Sem</strong></span> <span class='ocrx_word' id='word_1_473' title='bbox 1219 4743 1458 4799; x_wconf 81' lang='lat' dir='ltr'><strong>habuisse</strong></span> <span class='ocrx_word' id='word_1_474' title='bbox 1495 4733 1704 4804; x_wconf 89' lang='lat' dir='ltr'><strong>centum</strong></span> <span class='ocrx_word' id='word_1_475' title='bbox 1750 4766 1800 4808; x_wconf 89' lang='lat' dir='ltr'><strong>et</strong></span> <span class='ocrx_word' id='word_1_476' title='bbox 1831 4757 1960 4810; x_wconf 87' lang='lat' dir='ltr'><strong>duos</strong></span> 
     </span>
    </p>
   </div>
   <div class='ocr_carea' id='block_1_65' title="bbox 419 4816 1956 4913">
    <p class='ocr_par' dir='ltr' id='par_1_65' title="bbox 419 4816 1956 4913">
     <span class='ocr_line' id='line_1_65' title="bbox 419 4816 1956 4913; baseline 0.025 -52"><span class='ocrx_word' id='word_1_477' title='bbox 419 4816 624 4877; x_wconf 76' lang='lat' dir='ltr'><strong>quando</strong></span> <span class='ocrx_word' id='word_1_478' title='bbox 680 4831 828 4874; x_wconf 89' lang='lat' dir='ltr'><strong>natus</strong></span> <span class='ocrx_word' id='word_1_479' title='bbox 877 4835 959 4876; x_wconf 80' lang='lat' dir='ltr'><strong>est</strong></span> <span class='ocrx_word' id='word_1_480' title='bbox 1011 4827 1245 4884; x_wconf 81' lang='lat' dir='ltr'><strong>Ariaxat.</strong></span> <span class='ocrx_word' id='word_1_481' title='bbox 1304 4832 1450 4888; x_wconf 77' lang='lat' dir='ltr'><strong>Solet</strong></span> <span class='ocrx_word' id='word_1_482' title='bbox 1504 4840 1643 4892; x_wconf 49' lang='lat' dir='ltr'><strong>enim</strong></span> <span class='ocrx_word' id='word_1_483' title='bbox 1693 4843 1770 4897; x_wconf 90' lang='lat' dir='ltr'><strong>sic</strong></span> <span class='ocrx_word' id='word_1_484' title='bbox 1817 4847 1956 4913; x_wconf 88' lang='lat' dir='ltr'><strong>loqui</strong></span> 
     </span>
    </p>
   </div>
   <div class='ocr_carea' id='block_1_66' title="bbox 418 4901 1958 5000">
    <p class='ocr_par' dir='ltr' id='par_1_66' title="bbox 418 4901 1958 5000">
     <span class='ocr_line' id='line_1_66' title="bbox 418 4901 1958 5000; baseline 0.024 -48"><span class='ocrx_word' id='word_1_485' title='bbox 418 4901 698 4968; x_wconf 83' lang='lat' dir='ltr'><strong>Scriptura</strong></span> <span class='ocrx_word' id='word_1_486' title='bbox 743 4924 1143 4982; x_wconf 89' lang='lat' dir='ltr'><strong>nonnunquam,</strong></span> <span class='ocrx_word' id='word_1_487' title='bbox 1194 4929 1250 4972; x_wconf 92' lang='lat' dir='ltr'><strong>ut</strong></span> <span class='ocrx_word' id='word_1_488' title='bbox 1279 4924 1373 4974; x_wconf 91' lang='lat' dir='ltr'><strong>etsi</strong></span> <span class='ocrx_word' id='word_1_489' title='bbox 1427 4927 1685 4981; x_wconf 88' lang='lat' dir='ltr'><strong>modicum</strong></span> <span class='ocrx_word' id='word_1_490' title='bbox 1730 4901 1958 5000; x_wconf 70' lang='lat' dir='ltr'><strong>supersit</strong></span> 
     </span>
    </p>
   </div>
   <div class='ocr_carea' id='block_1_67' title="bbox 421 4991 1954 5090">
    <p class='ocr_par' dir='ltr' id='par_1_67' title="bbox 421 4991 1954 5090">
     <span class='ocr_line' id='line_1_67' title="bbox 421 4991 1954 5090; baseline 0.025 -51"><span class='ocrx_word' id='word_1_491' title='bbox 421 4991 500 5042; x_wconf 90' lang='lat' dir='ltr'><strong>vel</strong></span> <span class='ocrx_word' id='word_1_492' title='bbox 533 4992 685 5059; x_wconf 88' lang='lat' dir='ltr'><strong>desit,</strong></span> <span class='ocrx_word' id='word_1_493' title='bbox 715 4998 1002 5061; x_wconf 89' lang='lat' dir='ltr'><strong>plenarinm</strong></span> <span class='ocrx_word' id='word_1_494' title='bbox 1037 5012 1208 5058; x_wconf 82' lang='lat' dir='ltr'><strong>tamen</strong></span> <span class='ocrx_word' id='word_1_495' title='bbox 1241 5021 1290 5061; x_wconf 92' lang='lat' dir='ltr'><strong>et</strong></span> <span class='ocrx_word' id='word_1_496' title='bbox 1318 5013 1602 5078; x_wconf 84' lang='lat' dir='ltr'><strong>perfectum</strong></span> <span class='ocrx_word' id='word_1_497' title='bbox 1637 5020 1687 5072; x_wconf 92' lang='lat' dir='ltr'><strong>in</strong></span> <span class='ocrx_word' id='word_1_498' title='bbox 1715 5036 1954 5090; x_wconf 83' lang='lat' dir='ltr'><strong>computo</strong></span> 
     </span>
    </p>
   </div>
   <div class='ocr_carea' id='block_1_68' title="bbox 418 5090 1954 5179">
    <p class='ocr_par' dir='ltr' id='par_1_68' title="bbox 418 5090 1954 5179">
     <span class='ocr_line' id='line_1_68' title="bbox 418 5090 1954 5179; baseline 0.023 -48"><span class='ocrx_word' id='word_1_499' title='bbox 418 5097 692 5137; x_wconf 86' lang='lat' dir='ltr'><strong>numerum</strong></span> <span class='ocrx_word' id='word_1_500' title='bbox 739 5098 910 5143; x_wconf 83' lang='lat' dir='ltr'><strong>sonet.</strong></span> <span class='ocrx_word' id='word_1_501' title='bbox 964 5090 1175 5148; x_wconf 75' lang='lat' dir='ltr'><strong>Videtur</strong></span> <span class='ocrx_word' id='word_1_502' title='bbox 1211 5095 1235 5132; x_wconf 69' lang='grc' dir='ltr'>δ</span> <span class='ocrx_word' id='word_1_503' title='bbox 1275 5111 1444 5155; x_wconf 86' lang='lat' dir='ltr'><strong>autem</strong></span> <span class='ocrx_word' id='word_1_504' title='bbox 1495 5103 1954 5179; x_wconf 81' lang='lat' dir='ltr'><strong>verisimillimtim,</strong></span> 
     </span>
    </p>
   </div>
   <div class='ocr_carea' id='block_1_69' title="bbox 414 5173 1951 5270">
    <p class='ocr_par' dir='ltr' id='par_1_69' title="bbox 414 5173 1951 5270">
     <span class='ocr_line' id='line_1_69' title="bbox 414 5173 1951 5270; baseline 0.024 -48"><span class='ocrx_word' id='word_1_505' title='bbox 414 5181 469 5223; x_wconf 91' lang='lat' dir='ltr'><strong>ut</strong></span> <span class='ocrx_word' id='word_1_506' title='bbox 501 5187 621 5225; x_wconf 82' lang='lat' dir='ltr'><strong>mea</strong></span> <span class='ocrx_word' id='word_1_507' title='bbox 661 5173 759 5227; x_wconf 84' lang='lat' dir='ltr'><strong>fert</strong></span> <span class='ocrx_word' id='word_1_508' title='bbox 802 5177 1047 5248; x_wconf 70' lang='lat' dir='ltr'><strong>suspicio,</strong></span> <span class='ocrx_word' id='word_1_509' title='bbox 1094 5187 1210 5252; x_wconf 84' lang='lat' dir='ltr'><strong>quia</strong></span> <span class='ocrx_word' id='word_1_510' title='bbox 1258 5205 1373 5242; x_wconf 90' lang='lat' dir='ltr'><strong>cum</strong></span> <span class='ocrx_word' id='word_1_511' title='bbox 1420 5205 1570 5246; x_wconf 82' lang='lat' dir='ltr'><strong>natus</strong></span> <span class='ocrx_word' id='word_1_512' title='bbox 1621 5212 1761 5254; x_wconf 86' lang='lat' dir='ltr'><strong>esset</strong></span> <span class='ocrx_word' id='word_1_513' title='bbox 1807 5203 1951 5270; x_wconf 91' lang='lat' dir='ltr'><strong>Sem,</strong></span> 
     </span>
    </p>
   </div>
   <div class='ocr_carea' id='block_1_70' title="bbox 414 5259 1956 5359">
    <p class='ocr_par' dir='ltr' id='par_1_70' title="bbox 414 5259 1956 5359">
     <span class='ocr_line' id='line_1_70' title="bbox 414 5259 1956 5359; baseline 0.023 -49"><span class='ocrx_word' id='word_1_514' title='bbox 414 5259 547 5313; x_wconf 79' lang='lat' dir='ltr'><strong>duos</strong></span> <span class='ocrx_word' id='word_1_515' title='bbox 593 5277 749 5330; x_wconf 88' lang='lat' dir='ltr'><strong>super</strong></span> <span class='ocrx_word' id='word_1_516' title='bbox 788 5269 1100 5336; x_wconf 84' lang='lat' dir='ltr'><strong>quingentos</strong></span> <span class='ocrx_word' id='word_1_517' title='bbox 1144 5288 1309 5329; x_wconf 85' lang='lat' dir='ltr'><strong>annos</strong></span> <span class='ocrx_word' id='word_1_518' title='bbox 1342 5281 1576 5338; x_wconf 80' lang='lat' dir='ltr'><strong>habuerit</strong></span> <span class='ocrx_word' id='word_1_519' title='bbox 1607 5287 1712 5341; x_wconf 86' lang='lat' dir='ltr'><strong>Noe</strong></span> <span class='ocrx_word' id='word_1_520' title='bbox 1746 5307 1758 5340; x_wconf 87' lang='lat'><strong>:</strong></span> <span class='ocrx_word' id='word_1_521' title='bbox 1791 5306 1956 5359; x_wconf 87' lang='lat' dir='ltr'><strong>neque</strong></span> 
     </span>
    </p>
   </div>
   <div class='ocr_carea' id='block_1_71' title="bbox 417 5348 1954 5440">
    <p class='ocr_par' dir='ltr' id='par_1_71' title="bbox 417 5348 1954 5440">
     <span class='ocr_line' id='line_1_71' title="bbox 417 5348 1954 5440; baseline 0.025 -43"><span class='ocrx_word' id='word_1_522' title='bbox 417 5348 556 5400; x_wconf 87' lang='lat' dir='ltr'><strong>enim</strong></span> <span class='ocrx_word' id='word_1_523' title='bbox 590 5350 777 5406; x_wconf 81' lang='lat' dir='ltr'><strong>falsum</strong></span> <span class='ocrx_word' id='word_1_524' title='bbox 808 5355 940 5410; x_wconf 80' lang='lat' dir='ltr'><strong>dixit</strong></span> <span class='ocrx_word' id='word_1_525' title='bbox 967 5359 1255 5427; x_wconf 89' lang='lat' dir='ltr'><strong>Scriptura,</strong></span> <span class='ocrx_word' id='word_1_526' title='bbox 1285 5368 1422 5433; x_wconf 89' lang='lat' dir='ltr'><strong>quod</strong></span> <span class='ocrx_word' id='word_1_527' title='bbox 1456 5373 1764 5440; x_wconf 84' lang='lat' dir='ltr'><strong>quingentos</strong></span> <span class='ocrx_word' id='word_1_528' title='bbox 1792 5348 1954 5435; x_wconf 78' lang='lat' dir='ltr'><strong>annos</strong></span> 
     </span>
    </p>
   </div>
   <div class='ocr_carea' id='block_1_72' title="bbox 417 5435 1951 5536">
    <p class='ocr_par' dir='ltr' id='par_1_72' title="bbox 417 5435 1951 5536">
     <span class='ocr_line' id='line_1_72' title="bbox 417 5435 1951 5536; baseline 0.023 -49"><span class='ocrx_word' id='word_1_529' title='bbox 417 5435 674 5506; x_wconf 80' lang='lat' dir='ltr'><strong>habuerit,</strong></span> <span class='ocrx_word' id='word_1_530' title='bbox 722 5443 928 5500; x_wconf 82' lang='lat' dir='ltr'><strong>etiamsi</strong></span> <span class='ocrx_word' id='word_1_531' title='bbox 978 5449 1286 5518; x_wconf 84' lang='lat' dir='ltr'><strong>quingentos</strong></span> <span class='ocrx_word' id='word_1_532' title='bbox 1318 5469 1370 5509; x_wconf 90' lang='lat' dir='ltr'><strong>et</strong></span> <span class='ocrx_word' id='word_1_533' title='bbox 1396 5435 1527 5512; x_wconf 85' lang='lat' dir='ltr'><strong>duos</strong></span> <span class='ocrx_word' id='word_1_534' title='bbox 1581 5435 1759 5519; x_wconf 81' lang='lat' dir='ltr'><strong>habuit</strong></span> <span class='ocrx_word' id='word_1_535' title='bbox 1793 5485 1804 5520; x_wconf 86' lang='lat'><strong><em>:</em></strong></span> <span class='ocrx_word' id='word_1_536' title='bbox 1835 5471 1951 5536; x_wconf 89' lang='lat' dir='ltr'><strong>quia</strong></span> 
     </span>
    </p>
   </div>
   <div class='ocr_carea' id='block_1_73' title="bbox 415 5527 1949 5615">
    <p class='ocr_par' dir='ltr' id='par_1_73' title="bbox 415 5527 1949 5615">
     <span class='ocr_line' id='line_1_73' title="bbox 415 5527 1949 5615; baseline 0.023 -38"><span class='ocrx_word' id='word_1_537' title='bbox 415 5527 656 5582; x_wconf 89' lang='lat' dir='ltr'><strong>nimirum</strong></span> <span class='ocrx_word' id='word_1_538' title='bbox 695 5536 864 5587; x_wconf 91' lang='lat' dir='ltr'><strong>minor</strong></span> <span class='ocrx_word' id='word_1_539' title='bbox 890 5553 1135 5594; x_wconf 87' lang='lat' dir='ltr'><strong>numerus</strong></span> <span class='ocrx_word' id='word_1_540' title='bbox 1178 5543 1310 5598; x_wconf 86' lang='lat' dir='ltr'><strong>intra</strong></span> <span class='ocrx_word' id='word_1_541' title='bbox 1343 5547 1597 5615; x_wconf 79' lang='lat' dir='ltr'><strong>majorem</strong></span> <span class='ocrx_word' id='word_1_542' title='bbox 1635 5557 1949 5612; x_wconf 87' lang='lat' dir='ltr'><strong>continetur.</strong></span> 
     </span>
    </p>
   </div>
   <div class='ocr_carea' id='block_1_74' title="bbox 413 5615 1950 5703">
    <p class='ocr_par' dir='ltr' id='par_1_74' title="bbox 413 5615 1950 5703">
     <span class='ocr_line' id='line_1_74' title="bbox 413 5615 1950 5703; baseline 0.025 -38"><span class='ocrx_word' id='word_1_543' title='bbox 413 5615 536 5670; x_wconf 79' lang='lat' dir='ltr'><strong>Nam</strong></span> <span class='ocrx_word' id='word_1_544' title='bbox 569 5629 620 5673; x_wconf 85' lang='lat' dir='ltr'><strong>et</strong></span> <span class='ocrx_word' id='word_1_545' title='bbox 652 5622 760 5688; x_wconf 86' lang='lat' dir='ltr'><strong>ipsa</strong></span> <span class='ocrx_word' id='word_1_546' title='bbox 787 5623 1051 5693; x_wconf 87' lang='lat' dir='ltr'><strong>Scriptura</strong></span> <span class='ocrx_word' id='word_1_547' title='bbox 1095 5635 1309 5688; x_wconf 90' lang='lat' dir='ltr'><strong>multum</strong></span> <span class='ocrx_word' id='word_1_548' title='bbox 1355 5636 1518 5694; x_wconf 88' lang='lat' dir='ltr'><strong>libere</strong></span> <span class='ocrx_word' id='word_1_549' title='bbox 1550 5655 1608 5697; x_wconf 88' lang='lat' dir='ltr'><strong>se</strong></span> <span class='ocrx_word' id='word_1_550' title='bbox 1635 5645 1858 5701; x_wconf 87' lang='lat' dir='ltr'><strong>locutam</strong></span> <span class='ocrx_word' id='word_1_551' title='bbox 1887 5663 1950 5703; x_wconf 89' lang='lat' dir='ltr'><strong>eo</strong></span> 
     </span>
    </p>
   </div>
   <div class='ocr_carea' id='block_1_75' title="bbox 475 5794 847 5860">
    <p class='ocr_par' dir='ltr' id='par_1_75' title="bbox 475 5794 847 5860">
     <span class='ocr_line' id='line_1_75' title="bbox 475 5794 847 5860; baseline 0.013 -13"><span class='ocrx_word' id='word_1_552' title='bbox 475 5802 498 5828; x_wconf 79' lang='grc'><strong><em>⁸</em></strong></span> <span class='ocrx_word' id='word_1_553' title='bbox 522 5794 631 5860; x_wconf 80' lang='lat' dir='ltr'><strong>AL,</strong></span> <span class='ocrx_word' id='word_1_554' title='bbox 672 5801 847 5852; x_wconf 78' lang='lat' dir='ltr'><strong>sancti.</strong></span> 
     </span>
    </p>
   </div>
   <div class='ocr_carea' id='block_1_76' title="bbox 392 5915 446 5959">
    <p class='ocr_par' dir='ltr' id='par_1_76' title="bbox 392 5915 446 5959">
     <span class='ocr_line' id='line_1_76' title="bbox 392 5915 446 5959; baseline 0.019 -1"><span class='ocrx_word' id='word_1_555' title='bbox 392 5915 446 5959; x_wconf 55' lang='grc' dir='ltr'><strong>λι</strong></span> 
     </span>
    </p>
   </div>
   <div class='ocr_carea' id='block_1_77' title="bbox 2109 2066 2300 2133">
    <p class='ocr_par' dir='ltr' id='par_1_77' title="bbox 2109 2066 2300 2133">
     <span class='ocr_line' id='line_1_77' title="bbox 2109 2066 2300 2133; baseline 0.01 -15"><span class='ocrx_word' id='word_1_556' title='bbox 2109 2082 2159 2128; x_wconf 87' lang='lat' dir='ltr'><strong>v,</strong></span> <span class='ocrx_word' id='word_1_557' title='bbox 2191 2066 2300 2133; x_wconf 71' lang='lat'><strong>24).</strong></span> 
     </span>
    </p>
   </div>
   <div class='ocr_carea' id='block_1_78' title="bbox 2178 2156 3652 2236">
    <p class='ocr_par' dir='ltr' id='par_1_78' title="bbox 2178 2156 3652 2236">
     <span class='ocr_line' id='line_1_78' title="bbox 2178 2156 3652 2236; baseline 0.01 -28"><span class='ocrx_word' id='word_1_558' title='bbox 2178 2156 2341 2210; x_wconf 80' lang='lat' dir='ltr'><strong>Porro</strong></span> <span class='ocrx_word' id='word_1_559' title='bbox 2371 2159 2583 2224; x_wconf 74' lang='lat' dir='ltr'><strong>Arfaxat</strong></span> <span class='ocrx_word' id='word_1_560' title='bbox 2612 2161 2734 2213; x_wconf 71' lang='lat' dir='ltr'><strong>vixit</strong></span> <span class='ocrx_word' id='word_1_561' title='bbox 2770 2162 2970 2232; x_wconf 77' lang='lat' dir='ltr'><strong>triginta</strong></span> <span class='ocrx_word' id='word_1_562' title='bbox 2995 2166 3208 2233; x_wconf 71' lang='lat' dir='ltr'><strong>quinque</strong></span> <span class='ocrx_word' id='word_1_563' title='bbox 3235 2183 3396 2222; x_wconf 74' lang='lat' dir='ltr'><strong>annos</strong></span> <span class='ocrx_word' id='word_1_564' title='bbox 3420 2181 3468 2221; x_wconf 82' lang='lat' dir='ltr'><strong>et</strong></span> <span class='ocrx_word' id='word_1_565' title='bbox 3487 2173 3652 2236; x_wconf 73' lang='lat' dir='ltr'><strong>genuit</strong></span> 
     </span>
    </p>
   </div>
   <div class='ocr_carea' id='block_1_79' title="bbox 2107 2246 3649 2328">
    <p class='ocr_par' dir='ltr' id='par_1_79' title="bbox 2107 2246 3649 2328">
     <span class='ocr_line' id='line_1_79' title="bbox 2107 2246 3649 2328; baseline 0.009 -28"><span class='ocrx_word' id='word_1_566' title='bbox 2107 2246 2248 2300; x_wconf 79' lang='lat' dir='ltr'><strong>Sale.</strong></span> <span class='ocrx_word' id='word_1_567' title='bbox 2276 2249 2330 2300; x_wconf 93' lang='lat' dir='ltr'><strong>In</strong></span> <span class='ocrx_word' id='word_1_568' title='bbox 2355 2248 2454 2302; x_wconf 89' lang='lat' dir='ltr'><strong>hoc</strong></span> <span class='ocrx_word' id='word_1_569' title='bbox 2479 2251 2593 2304; x_wconf 88' lang='lat' dir='ltr'><strong>loco</strong></span> <span class='ocrx_word' id='word_1_570' title='bbox 2614 2253 2947 2320; x_wconf 77' lang='lat' dir='ltr'><strong>Septuaginta</strong></span> <span class='ocrx_word' id='word_1_571' title='bbox 2974 2253 3292 2323; x_wconf 86' lang='lat' dir='ltr'><strong>interpretes</strong></span> <span class='ocrx_word' id='word_1_572' title='bbox 3315 2274 3470 2312; x_wconf 87' lang='lat' dir='ltr'><strong>unam</strong></span> <span class='ocrx_word' id='word_1_573' title='bbox 3493 2275 3649 2328; x_wconf 87' lang='lat' dir='ltr'><strong>gene-</strong></span> 
     </span>
    </p>
   </div>
   <div class='ocr_carea' id='block_1_80' title="bbox 2104 2337 3648 2416">
    <p class='ocr_par' dir='ltr' id='par_1_80' title="bbox 2104 2337 3648 2416">
     <span class='ocr_line' id='line_1_80' title="bbox 2104 2337 3648 2416; baseline 0.012 -28"><span class='ocrx_word' id='word_1_574' title='bbox 2104 2337 2356 2392; x_wconf 85' lang='lat' dir='ltr'><strong>rationem</strong></span> <span class='ocrx_word' id='word_1_575' title='bbox 2409 2342 2537 2408; x_wconf 88' lang='lat' dir='ltr'><strong>plns-</strong></span> <span class='ocrx_word' id='word_1_576' title='bbox 2567 2359 2720 2411; x_wconf 89' lang='lat' dir='ltr'><strong>quam</strong></span> <span class='ocrx_word' id='word_1_577' title='bbox 2766 2345 3016 2400; x_wconf 81' lang='lat' dir='ltr'><strong>ilebraica</strong></span> <span class='ocrx_word' id='word_1_578' title='bbox 3059 2348 3254 2402; x_wconf 81' lang='lat' dir='ltr'><strong>veritas</strong></span> <span class='ocrx_word' id='word_1_579' title='bbox 3292 2365 3537 2416; x_wconf 87' lang='lat' dir='ltr'><strong>posuere,</strong></span> <span class='ocrx_word' id='word_1_580' title='bbox 3578 2352 3648 2404; x_wconf 85' lang='lat' dir='ltr'><strong>di-</strong></span> 
     </span>
    </p>
   </div>
   <div class='ocr_carea' id='block_1_81' title="bbox 2102 2429 3647 2494">
    <p class='ocr_par' dir='ltr' id='par_1_81' title="bbox 2102 2429 3647 2494">
     <span class='ocr_line' id='line_1_81' title="bbox 2102 2429 3647 2494; baseline 0.012 -19"><span class='ocrx_word' id='word_1_581' title='bbox 2102 2435 2279 2481; x_wconf 85' lang='lat' dir='ltr'><strong>centes</strong></span> <span class='ocrx_word' id='word_1_582' title='bbox 2322 2429 2459 2494; x_wconf 88' lang='lat' dir='ltr'><strong>quod</strong></span> <span class='ocrx_word' id='word_1_583' title='bbox 2509 2430 2726 2484; x_wconf 82' lang='lat' dir='ltr'><strong>Arfaxat</strong></span> <span class='ocrx_word' id='word_1_584' title='bbox 2771 2447 2890 2486; x_wconf 91' lang='lat' dir='ltr'><strong>cum</strong></span> <span class='ocrx_word' id='word_1_585' title='bbox 2939 2444 3080 2487; x_wconf 88' lang='lat' dir='ltr'><strong>esset</strong></span> <span class='ocrx_word' id='word_1_586' title='bbox 3127 2450 3386 2490; x_wconf 90' lang='lat' dir='ltr'><strong>annorum</strong></span> <span class='ocrx_word' id='word_1_587' title='bbox 3440 2452 3647 2494; x_wconf 87' lang='lat' dir='ltr'><strong>centum</strong></span> 
     </span>
    </p>
   </div>
   <div class='ocr_carea' id='block_1_82' title="bbox 2101 2514 3645 2588">
    <p class='ocr_par' dir='ltr' id='par_1_82' title="bbox 2101 2514 3645 2588">
     <span class='ocr_line' id='line_1_82' title="bbox 2101 2514 3645 2588; baseline 0.013 -25"><span class='ocrx_word' id='word_1_588' title='bbox 2101 2514 2306 2579; x_wconf 76' lang='lat' dir='ltr'><strong>triginta</strong></span> <span class='ocrx_word' id='word_1_589' title='bbox 2338 2518 2565 2585; x_wconf 90' lang='lat' dir='ltr'><strong>quinque</strong></span> <span class='ocrx_word' id='word_1_590' title='bbox 2588 2521 2766 2587; x_wconf 78' lang='lat' dir='ltr'><strong>genuit</strong></span> <span class='ocrx_word' id='word_1_591' title='bbox 2790 2521 2992 2576; x_wconf 81' lang='lat' dir='ltr'><strong>Cainnn</strong></span> <span class='ocrx_word' id='word_1_592' title='bbox 3024 2543 3036 2575; x_wconf 89' lang='lat'><strong>:</strong></span> <span class='ocrx_word' id='word_1_593' title='bbox 3063 2526 3148 2588; x_wconf 86' lang='lat' dir='ltr'><strong>qui</strong></span> <span class='ocrx_word' id='word_1_594' title='bbox 3173 2540 3291 2578; x_wconf 86' lang='lat' dir='ltr'><strong>cum</strong></span> <span class='ocrx_word' id='word_1_595' title='bbox 3316 2539 3530 2582; x_wconf 88' lang='lat' dir='ltr'><strong>centum</strong></span> <span class='ocrx_word' id='word_1_596' title='bbox 3560 2533 3645 2583; x_wconf 89' lang='lat' dir='ltr'><strong>tri-</strong></span> 
     </span>
    </p>
   </div>
   <div class='ocr_carea' id='block_1_83' title="bbox 2099 2604 3644 2690">
    <p class='ocr_par' dir='ltr' id='par_1_83' title="bbox 2099 2604 3644 2690">
     <span class='ocr_line' id='line_1_83' title="bbox 2099 2604 3644 2690; baseline 0.014 -38"><span class='ocrx_word' id='word_1_597' title='bbox 2099 2604 2238 2669; x_wconf 78' lang='lat' dir='ltr'><strong>ginta</strong></span> <span class='ocrx_word' id='word_1_598' title='bbox 2277 2621 2533 2661; x_wconf 88' lang='lat' dir='ltr'><strong>annorum</strong></span> <span class='ocrx_word' id='word_1_599' title='bbox 2560 2610 2750 2686; x_wconf 85' lang='lat' dir='ltr'><strong>_i&#39;uerit,</strong></span> <span class='ocrx_word' id='word_1_600' title='bbox 2788 2615 3027 2682; x_wconf 81' lang='lat' dir='ltr'><strong>genuerit</strong></span> <span class='ocrx_word' id='word_1_601' title='bbox 3061 2616 3172 2684; x_wconf 85' lang='lat' dir='ltr'><strong>ipse</strong></span> <span class='ocrx_word' id='word_1_602' title='bbox 3208 2616 3332 2672; x_wconf 86' lang='lat' dir='ltr'><strong>Sale</strong></span> <span class='ocrx_word' id='word_1_603' title='bbox 3373 2638 3387 2672; x_wconf 88' lang='lat'><strong>:</strong></span> <span class='ocrx_word' id='word_1_604' title='bbox 3432 2635 3644 2690; x_wconf 87' lang='lat' dir='ltr'><strong>quorum</strong></span> 
     </span>
    </p>
   </div>
   <div class='ocr_carea' id='block_1_84' title="bbox 2106 2683 3644 2768">
    <p class='ocr_par' dir='ltr' id='par_1_84' title="bbox 2106 2683 3644 2768">
     <span class='ocr_line' id='line_1_84' title="bbox 2106 2683 3644 2768; baseline 0.014 -27"><span class='ocrx_word' id='word_1_605' title='bbox 2106 2693 2498 2749; x_wconf 77' lang='lat' dir='ltr'><strong>translaionem</strong></span> <span class='ocrx_word' id='word_1_606' title='bbox 2529 2683 2841 2768; x_wconf 64' lang='lat' dir='ltr'><strong>cvangelism</strong></span> <span class='ocrx_word' id='word_1_607' title='bbox 2873 2702 3039 2757; x_wconf 83' lang='lat' dir='ltr'><strong>Lucas</strong></span> <span class='ocrx_word' id='word_1_608' title='bbox 3069 2705 3167 2758; x_wconf 64' lang='lat' dir='ltr'><strong>huc</strong></span> <span class='ocrx_word' id='word_1_609' title='bbox 3199 2706 3250 2758; x_wconf 93' lang='lat' dir='ltr'><strong>in</strong></span> <span class='ocrx_word' id='word_1_610' title='bbox 3281 2706 3400 2761; x_wconf 87' lang='lat' dir='ltr'><strong>loco</strong></span> <span class='ocrx_word' id='word_1_611' title='bbox 3445 2709 3644 2763; x_wconf 87' lang='lat' dir='ltr'><strong>videtur</strong></span> 
     </span>
    </p>
   </div>
   <div class='ocr_carea' id='block_1_85' title="bbox 2096 2785 3643 2862">
    <p class='ocr_par' dir='ltr' id='par_1_85' title="bbox 2096 2785 3643 2862">
     <span class='ocr_line' id='line_1_85' title="bbox 2096 2785 3643 2862; baseline 0.013 -30"><span class='ocrx_word' id='word_1_612' title='bbox 2096 2791 2212 2833; x_wconf 84' lang='lat' dir='ltr'><strong>esse</strong></span> <span class='ocrx_word' id='word_1_613' title='bbox 2255 2795 2484 2838; x_wconf 85' lang='lat' dir='ltr'><strong>secutus.</strong></span> <span class='ocrx_word' id='word_1_614' title='bbox 2537 2785 2724 2840; x_wconf 80' lang='lat' dir='ltr'><strong>Verum</strong></span> <span class='ocrx_word' id='word_1_615' title='bbox 2770 2791 3151 2862; x_wconf 75' lang='lat' dir='ltr'><strong>chronographi</strong></span> <span class='ocrx_word' id='word_1_616' title='bbox 3201 2793 3506 2850; x_wconf 56' lang='lat' dir='ltr'><strong>Graecorum</strong></span> <span class='ocrx_word' id='word_1_617' title='bbox 3553 2799 3643 2852; x_wconf 79' lang='lat' dir='ltr'><strong>hac</strong></span> 
     </span>
    </p>
   </div>
   <div class='ocr_carea' id='block_1_86' title="bbox 2094 2870 3637 2952">
    <p class='ocr_par' dir='ltr' id='par_1_86' title="bbox 2094 2870 3637 2952">
     <span class='ocr_line' id='line_1_86' title="bbox 2094 2870 3637 2952; baseline 0.014 -31"><span class='ocrx_word' id='word_1_618' title='bbox 2094 2883 2358 2938; x_wconf 87' lang='lat' dir='ltr'><strong>comperta</strong></span> <span class='ocrx_word' id='word_1_619' title='bbox 2388 2875 2653 2940; x_wconf 74' lang='lat' dir='ltr'><strong>distantia,</strong></span> <span class='ocrx_word' id='word_1_620' title='bbox 2683 2870 3073 2947; x_wconf 79' lang='lat' dir='ltr'><strong>generationum</strong></span> <span class='ocrx_word' id='word_1_621' title='bbox 3107 2887 3318 2952; x_wconf 88' lang='lat' dir='ltr'><strong>quidem</strong></span> <span class='ocrx_word' id='word_1_622' title='bbox 3351 2890 3537 2943; x_wconf 90' lang='lat' dir='ltr'><strong>seriem</strong></span> <span class='ocrx_word' id='word_1_623' title='bbox 3575 2891 3637 2943; x_wconf 88' lang='lat' dir='ltr'><strong>ad</strong></span> 
     </span>
    </p>
   </div>
   <div class='ocr_carea' id='block_1_87' title="bbox 2093 2963 3638 3042">
    <p class='ocr_par' dir='ltr' id='par_1_87' title="bbox 2093 2963 3638 3042">
     <span class='ocr_line' id='line_1_87' title="bbox 2093 2963 3638 3042; baseline 0.013 -29"><span class='ocrx_word' id='word_1_624' title='bbox 2093 2963 2452 3029; x_wconf 79' lang='lat' dir='ltr'><strong>auctoritatem</strong></span> <span class='ocrx_word' id='word_1_625' title='bbox 2503 2967 2841 3038; x_wconf 87' lang='lat' dir='ltr'><strong>Ilebraicam,</strong></span> <span class='ocrx_word' id='word_1_626' title='bbox 2895 2974 3071 3029; x_wconf 87' lang='lat' dir='ltr'><strong>ablato</strong></span> <span class='ocrx_word' id='word_1_627' title='bbox 3117 2977 3340 3042; x_wconf 84' lang='lat' dir='ltr'><strong>Cainan,</strong></span> <span class='ocrx_word' id='word_1_628' title='bbox 3393 2984 3638 3036; x_wconf 87' lang='lat' dir='ltr'><strong>emenda-</strong></span> 
     </span>
    </p>
   </div>
   <div class='ocr_carea' id='block_1_88' title="bbox 2093 3062 3638 3139">
    <p class='ocr_par' dir='ltr' id='par_1_88' title="bbox 2093 3062 3638 3139">
     <span class='ocr_line' id='line_1_88' title="bbox 2093 3062 3638 3139; baseline 0.017 -37"><span class='ocrx_word' id='word_1_629' title='bbox 2093 3062 2212 3104; x_wconf 87' lang='lat' dir='ltr'><strong>runt</strong></span> <span class='ocrx_word' id='word_1_630' title='bbox 2245 3070 2257 3104; x_wconf 86' lang='lat'><strong>:</strong></span> <span class='ocrx_word' id='word_1_631' title='bbox 2291 3069 2386 3108; x_wconf 78' lang='lat' dir='ltr'><strong>nec</strong></span> <span class='ocrx_word' id='word_1_632' title='bbox 2431 3064 2601 3112; x_wconf 88' lang='lat' dir='ltr'><strong>tamen</strong></span> <span class='ocrx_word' id='word_1_633' title='bbox 2646 3078 2919 3117; x_wconf 89' lang='lat' dir='ltr'><strong>numerum</strong></span> <span class='ocrx_word' id='word_1_634' title='bbox 2959 3081 3211 3122; x_wconf 86' lang='lat' dir='ltr'><strong>annorum</strong></span> <span class='ocrx_word' id='word_1_635' title='bbox 3249 3072 3315 3124; x_wconf 80' lang='lat' dir='ltr'><strong>in~</strong></span> <span class='ocrx_word' id='word_1_636' title='bbox 3349 3077 3638 3139; x_wconf 78' lang='lat' dir='ltr'><strong>generatio-</strong></span> 
     </span>
    </p>
   </div>
   <div class='ocr_carea' id='block_1_89' title="bbox 2091 3139 3637 3216">
    <p class='ocr_par' dir='ltr' id='par_1_89' title="bbox 2091 3139 3637 3216">
     <span class='ocr_line' id='line_1_89' title="bbox 2091 3139 3637 3216; baseline 0.018 -27"><span class='ocrx_word' id='word_1_637' title='bbox 2091 3139 2263 3206; x_wconf 88' lang='lat' dir='ltr'><strong>nibus,</strong></span> <span class='ocrx_word' id='word_1_638' title='bbox 2311 3157 2442 3210; x_wconf 77' lang='lat' dir='ltr'><strong>qnas</strong></span> <span class='ocrx_word' id='word_1_639' title='bbox 2481 3161 2597 3200; x_wconf 89' lang='lat' dir='ltr'><strong>cum</strong></span> <span class='ocrx_word' id='word_1_640' title='bbox 2639 3149 2871 3205; x_wconf 70' lang='lat' dir='ltr'><strong>Hebraeis</strong></span> <span class='ocrx_word' id='word_1_641' title='bbox 2915 3155 3196 3211; x_wconf 73' lang='lat' dir='ltr'><strong>(Iudicibus</strong></span> <span class='ocrx_word' id='word_1_642' title='bbox 3247 3160 3476 3215; x_wconf 87' lang='lat' dir='ltr'><strong>habuere</strong></span> <span class='ocrx_word' id='word_1_643' title='bbox 3498 3179 3637 3216; x_wconf 89' lang='lat' dir='ltr'><strong>com-</strong></span> 
     </span>
    </p>
   </div>
   <div class='ocr_carea' id='block_1_90' title="bbox 2093 3234 3633 3326">
    <p class='ocr_par' dir='ltr' id='par_1_90' title="bbox 2093 3234 3633 3326">
     <span class='ocr_line' id='line_1_90' title="bbox 2093 3234 3633 3326; baseline 0.018 -46"><span class='ocrx_word' id='word_1_644' title='bbox 2093 3245 2298 3294; x_wconf 87' lang='lat' dir='ltr'><strong>munes,</strong></span> <span class='ocrx_word' id='word_1_645' title='bbox 2327 3234 2391 3287; x_wconf 85' lang='lat' dir='ltr'><strong>ad</strong></span> <span class='ocrx_word' id='word_1_646' title='bbox 2427 3251 2607 3290; x_wconf 91' lang='lat' dir='ltr'><strong>eorum</strong></span> <span class='ocrx_word' id='word_1_647' title='bbox 2637 3245 2996 3298; x_wconf 82' lang='lat' dir='ltr'><strong>auctoritatem</strong></span> <span class='ocrx_word' id='word_1_648' title='bbox 3030 3250 3311 3304; x_wconf 88' lang='lat' dir='ltr'><strong>emendare</strong></span> <span class='ocrx_word' id='word_1_649' title='bbox 3341 3267 3596 3326; x_wconf 20' lang='lat' dir='ltr'><strong>.curanmt</strong></span> <span class='ocrx_word' id='word_1_650' title='bbox 3621 3273 3633 3308; x_wconf 88' lang='lat'>:</span> 
     </span>
    </p>
   </div>
   <div class='ocr_carea' id='block_1_91' title="bbox 2090 3322 3635 3401">
    <p class='ocr_par' dir='ltr' id='par_1_91' title="bbox 2090 3322 3635 3401">
     <span class='ocr_line' id='line_1_91' title="bbox 2090 3322 3635 3401; baseline 0.019 -30"><span class='ocrx_word' id='word_1_651' title='bbox 2090 3322 2177 3374; x_wconf 89' lang='lat' dir='ltr'><strong>sed</strong></span> <span class='ocrx_word' id='word_1_652' title='bbox 2230 3326 2492 3390; x_wconf 85' lang='lat' dir='ltr'><strong>propriam</strong></span> <span class='ocrx_word' id='word_1_653' title='bbox 2538 3330 2701 3382; x_wconf 89' lang='lat' dir='ltr'><strong>seculi</strong></span> <span class='ocrx_word' id='word_1_654' title='bbox 2756 3336 3139 3401; x_wconf 86' lang='lat' dir='ltr'><strong>auctoritatem,</strong></span> <span class='ocrx_word' id='word_1_655' title='bbox 3199 3323 3462 3396; x_wconf 82' lang='lat' dir='ltr'><strong>dederunt</strong></span> <span class='ocrx_word' id='word_1_656' title='bbox 3517 3344 3635 3400; x_wconf 77' lang='lat' dir='ltr'><strong>huic</strong></span> 
     </span>
    </p>
   </div>
   <div class='ocr_carea' id='block_1_92' title="bbox 2088 3411 3633 3488">
    <p class='ocr_par' dir='ltr' id='par_1_92' title="bbox 2088 3411 3633 3488">
     <span class='ocr_line' id='line_1_92' title="bbox 2088 3411 3633 3488; baseline 0.017 -27"><span class='ocrx_word' id='word_1_657' title='bbox 2088 3411 2225 3463; x_wconf 72' lang='lat' dir='ltr'><strong>a-tuti</strong></span> <span class='ocrx_word' id='word_1_658' title='bbox 2269 3428 2385 3477; x_wconf 68' lang='lat' dir='ltr'><strong>quae</strong></span> <span class='ocrx_word' id='word_1_659' title='bbox 2424 3431 2450 3465; x_wconf 78' lang='lat' dir='ltr'><strong>a</strong></span> <span class='ocrx_word' id='word_1_660' title='bbox 2490 3417 2686 3472; x_wconf 87' lang='lat' dir='ltr'><strong>diluvio</strong></span> <span class='ocrx_word' id='word_1_661' title='bbox 2742 3421 2902 3474; x_wconf 84' lang='lat' dir='ltr'><strong>tendit</strong></span> <span class='ocrx_word' id='word_1_662' title='bbox 2944 3424 3008 3478; x_wconf 80' lang='lat' dir='ltr'><strong>ad</strong></span> <span class='ocrx_word' id='word_1_663' title='bbox 3060 3427 3324 3483; x_wconf 79' lang='lat' dir='ltr'><strong>Abraham</strong></span> <span class='ocrx_word' id='word_1_664' title='bbox 3378 3446 3633 3488; x_wconf 76' lang='lat' dir='ltr'><strong>annorum</strong></span> 
     </span>
    </p>
   </div>
   <div class='ocr_carea' id='block_1_93' title="bbox 2084 3507 3632 3578">
    <p class='ocr_par' dir='ltr' id='par_1_93' title="bbox 2084 3507 3632 3578">
     <span class='ocr_line' id='line_1_93' title="bbox 2084 3507 3632 3578; baseline 0.017 -28"><span class='ocrx_word' id='word_1_665' title='bbox 2084 3511 2380 3568; x_wconf 86' lang='lat' dir='ltr'><strong>summam;</strong></span> <span class='ocrx_word' id='word_1_666' title='bbox 2455 3507 2708 3562; x_wconf 90' lang='lat' dir='ltr'><strong>minorem</strong></span> <span class='ocrx_word' id='word_1_667' title='bbox 2765 3513 2975 3577; x_wconf 86' lang='lat' dir='ltr'><strong>quidem</strong></span> <span class='ocrx_word' id='word_1_668' title='bbox 3030 3515 3167 3569; x_wconf 70' lang='lat' dir='ltr'><strong>LXX</strong></span> <span class='ocrx_word' id='word_1_669' title='bbox 3238 3517 3632 3578; x_wconf 73' lang='lat' dir='ltr'><strong>&#39;l&#39;ranslatorum</strong></span> 
     </span>
    </p>
   </div>
   <div class='ocr_carea' id='block_1_94' title="bbox 2081 3590 3632 3670">
    <p class='ocr_par' dir='ltr' id='par_1_94' title="bbox 2081 3590 3632 3670">
     <span class='ocr_line' id='line_1_94' title="bbox 2081 3590 3632 3670; baseline 0.017 -28"><span class='ocrx_word' id='word_1_670' title='bbox 2081 3590 2310 3644; x_wconf 89' lang='lat' dir='ltr'><strong>editione</strong></span> <span class='ocrx_word' id='word_1_671' title='bbox 2346 3596 2497 3649; x_wconf 87' lang='lat' dir='ltr'><strong>annis</strong></span> <span class='ocrx_word' id='word_1_672' title='bbox 2544 3610 2753 3653; x_wconf 89' lang='lat' dir='ltr'><strong>centum</strong></span> <span class='ocrx_word' id='word_1_673' title='bbox 2803 3592 3035 3670; x_wconf 67' lang='lat' dir='ltr'><strong>triginta,</strong></span> <span class='ocrx_word' id='word_1_674' title='bbox 3069 3609 3160 3660; x_wconf 86' lang='lat' dir='ltr'><strong>sed</strong></span> <span class='ocrx_word' id='word_1_675' title='bbox 3202 3609 3457 3665; x_wconf 86' lang='lat' dir='ltr'><strong>Ilebraica</strong></span> <span class='ocrx_word' id='word_1_676' title='bbox 3501 3616 3632 3670; x_wconf 87' lang='lat' dir='ltr'><strong>veri-</strong></span> 
     </span>
    </p>
   </div>
   <div class='ocr_carea' id='block_1_95' title="bbox 2085 3680 3443 3765">
    <p class='ocr_par' dir='ltr' id='par_1_95' title="bbox 2085 3680 3443 3765">
     <span class='ocr_line' id='line_1_95' title="bbox 2085 3680 3443 3765; baseline 0.019 -35"><span class='ocrx_word' id='word_1_677' title='bbox 2085 3688 2187 3733; x_wconf 84' lang='lat' dir='ltr'><strong>tate</strong></span> <span class='ocrx_word' id='word_1_678' title='bbox 2215 3680 2365 3736; x_wconf 84' lang='lat' dir='ltr'><strong>annis</strong></span> <span class='ocrx_word' id='word_1_679' title='bbox 2386 3689 2656 3740; x_wconf 83' lang='lat' dir='ltr'><strong>sexcentis</strong></span> <span class='ocrx_word' id='word_1_680' title='bbox 2685 3699 2738 3742; x_wconf 90' lang='lat' dir='ltr'><strong>et</strong></span> <span class='ocrx_word' id='word_1_681' title='bbox 2762 3691 3132 3762; x_wconf 81' lang='lat' dir='ltr'><strong>quinquaginta</strong></span> <span class='ocrx_word' id='word_1_682' title='bbox 3165 3700 3443 3765; x_wconf 84' lang='lat' dir='ltr'><strong>majorem.</strong></span> 
     </span>
    </p>
   </div>
   <div class='ocr_carea' id='block_1_96' title="bbox 2146 3768 3625 3858">
    <p class='ocr_par' dir='ltr' id='par_1_96' title="bbox 2146 3768 3625 3858">
     <span class='ocr_line' id='line_1_96' title="bbox 2146 3768 3625 3858; baseline 0.017 -34"><span class='ocrx_word' id='word_1_683' title='bbox 2146 3768 2271 3824; x_wconf 80' lang='lat' dir='ltr'><strong>Sale</strong></span> <span class='ocrx_word' id='word_1_684' title='bbox 2312 3789 2505 3843; x_wconf 84' lang='lat' dir='ltr'><strong>quoque</strong></span> <span class='ocrx_word' id='word_1_685' title='bbox 2549 3777 2670 3830; x_wconf 75' lang='lat' dir='ltr'><strong>vixit</strong></span> <span class='ocrx_word' id='word_1_686' title='bbox 2706 3781 2912 3850; x_wconf 79' lang='lat' dir='ltr'><strong>triginta</strong></span> <span class='ocrx_word' id='word_1_687' title='bbox 2952 3789 3118 3852; x_wconf 76' lang='lat' dir='ltr'><strong>annis,</strong></span> <span class='ocrx_word' id='word_1_688' title='bbox 3150 3799 3196 3840; x_wconf 81' lang='lat' dir='ltr'><strong>et</strong></span> <span class='ocrx_word' id='word_1_689' title='bbox 3227 3793 3398 3858; x_wconf 81' lang='lat' dir='ltr'><strong>genuit</strong></span> <span class='ocrx_word' id='word_1_690' title='bbox 3439 3793 3625 3849; x_wconf 70' lang='lat' dir='ltr'><strong>Helm.</strong></span> 
     </span>
    </p>
   </div>
   <div class='ocr_carea' id='block_1_97' title="bbox 2074 3858 3475 3950">
    <p class='ocr_par' dir='ltr' id='par_1_97' title="bbox 2074 3858 3475 3950">
     <span class='ocr_line' id='line_1_97' title="bbox 2074 3858 3475 3950; baseline 0.018 -39"><span class='ocrx_word' id='word_1_691' title='bbox 2074 3858 2407 3931; x_wconf 86' lang='lat' dir='ltr'><strong>Septuaginta</strong></span> <span class='ocrx_word' id='word_1_692' title='bbox 2439 3865 2751 3935; x_wconf 84' lang='lat' dir='ltr'><strong>interpretes</strong></span> <span class='ocrx_word' id='word_1_693' title='bbox 2780 3870 2972 3926; x_wconf 87' lang='lat' dir='ltr'><strong>habent</strong></span> <span class='ocrx_word' id='word_1_694' title='bbox 3003 3886 3209 3931; x_wconf 91' lang='lat' dir='ltr'><strong>centum</strong></span> <span class='ocrx_word' id='word_1_695' title='bbox 3243 3884 3475 3950; x_wconf 78' lang='lat' dir='ltr'><strong>triginta.</strong></span> 
     </span>
    </p>
   </div>
   <div class='ocr_carea' id='block_1_98' title="bbox 2153 3949 3625 4041">
    <p class='ocr_par' dir='ltr' id='par_1_98' title="bbox 2153 3949 3625 4041">
     <span class='ocr_line' id='line_1_98' title="bbox 2153 3949 3625 4041; baseline 0.022 -43"><span class='ocrx_word' id='word_1_696' title='bbox 2153 3949 2290 4001; x_wconf 70' lang='lat' dir='ltr'><strong>Vixit</strong></span> <span class='ocrx_word' id='word_1_697' title='bbox 2354 3965 2521 4007; x_wconf 83' lang='lat' dir='ltr'><strong>autem</strong></span> <span class='ocrx_word' id='word_1_698' title='bbox 2586 3958 2753 4012; x_wconf 80' lang='lat' dir='ltr'><strong>Heber</strong></span> <span class='ocrx_word' id='word_1_699' title='bbox 2817 3964 3023 4031; x_wconf 82' lang='lat' dir='ltr'><strong>triginta</strong></span> <span class='ocrx_word' id='word_1_700' title='bbox 3088 3949 3327 4035; x_wconf 13' lang='lat' dir='ltr'><strong>quatuor,</strong></span> <span class='ocrx_word' id='word_1_701' title='bbox 3358 3978 3526 4041; x_wconf 75' lang='lat' dir='ltr'><strong>annis,</strong></span> <span class='ocrx_word' id='word_1_702' title='bbox 3579 3987 3625 4030; x_wconf 72' lang='lat' dir='ltr'><strong>et</strong></span> 
     </span>
    </p>
   </div>
   <div class='ocr_carea' id='block_1_99' title="bbox 2073 4039 3622 4122">
    <p class='ocr_par' dir='ltr' id='par_1_99' title="bbox 2073 4039 3622 4122">
     <span class='ocr_line' id='line_1_99' title="bbox 2073 4039 3622 4122; baseline 0.021 -35"><span class='ocrx_word' id='word_1_703' title='bbox 2073 4040 2240 4105; x_wconf 83' lang='lat' dir='ltr'><strong>genuit</strong></span> <span class='ocrx_word' id='word_1_704' title='bbox 2270 4039 2451 4112; x_wconf 82' lang='lat' dir='ltr'><strong>Fateg.</strong></span> <span class='ocrx_word' id='word_1_705' title='bbox 2479 4044 2818 4115; x_wconf 84' lang='lat' dir='ltr'><strong>Septuaginta</strong></span> <span class='ocrx_word' id='word_1_706' title='bbox 2844 4051 3160 4122; x_wconf 88' lang='lat' dir='ltr'><strong>interpretes</strong></span> <span class='ocrx_word' id='word_1_707' title='bbox 3187 4060 3383 4119; x_wconf 85' lang='lat' dir='ltr'><strong>habent</strong></span> <span class='ocrx_word' id='word_1_708' title='bbox 3406 4039 3622 4120; x_wconf 79' lang='lat' dir='ltr'><strong>centum</strong></span> 
     </span>
    </p>
   </div>
   <div class='ocr_carea' id='block_1_100' title="bbox 2073 4127 2551 4198">
    <p class='ocr_par' dir='ltr' id='par_1_100' title="bbox 2073 4127 2551 4198">
     <span class='ocr_line' id='line_1_100' title="bbox 2073 4127 2551 4198; baseline 0.021 -22"><span class='ocrx_word' id='word_1_709' title='bbox 2073 4127 2284 4194; x_wconf 83' lang='lat' dir='ltr'><strong>triginta</strong></span> <span class='ocrx_word' id='word_1_710' title='bbox 2306 4142 2551 4198; x_wconf 84' lang='lat' dir='ltr'><strong>quatuor.</strong></span> 
     </span>
    </p>
   </div>
   <div class='ocr_carea' id='block_1_101' title="bbox 2151 4215 3622 4315">
    <p class='ocr_par' dir='ltr' id='par_1_101' title="bbox 2151 4215 3622 4315">
     <span class='ocr_line' id='line_1_101' title="bbox 2151 4215 3622 4315; baseline 0.023 -48"><span class='ocrx_word' id='word_1_711' title='bbox 2151 4215 2282 4269; x_wconf 76' lang='lat' dir='ltr'><strong>Vixit</strong></span> <span class='ocrx_word' id='word_1_712' title='bbox 2312 4236 2424 4273; x_wconf 81' lang='lat' dir='ltr'><strong>vero</strong></span> <span class='ocrx_word' id='word_1_713' title='bbox 2455 4222 2613 4292; x_wconf 77' lang='lat' dir='ltr'><strong>Faleg</strong></span> <span class='ocrx_word' id='word_1_714' title='bbox 2645 4228 2850 4297; x_wconf 70' lang='lat' dir='ltr'><strong>triginta</strong></span> <span class='ocrx_word' id='word_1_715' title='bbox 2878 4233 3025 4287; x_wconf 76' lang='lat' dir='ltr'><strong>annis</strong></span> <span class='ocrx_word' id='word_1_716' title='bbox 3053 4245 3098 4288; x_wconf 82' lang='lat' dir='ltr'><strong>et</strong></span> <span class='ocrx_word' id='word_1_717' title='bbox 3124 4242 3294 4305; x_wconf 78' lang='lat' dir='ltr'><strong>genuit</strong></span> <span class='ocrx_word' id='word_1_718' title='bbox 3324 4240 3452 4298; x_wconf 63' lang='lat' dir='ltr'><strong>Rea.</strong></span> <span class='ocrx_word' id='word_1_719' title='bbox 3489 4245 3622 4315; x_wconf 82' lang='lat' dir='ltr'><strong>Sep-</strong></span> 
     </span>
    </p>
   </div>
   <div class='ocr_carea' id='block_1_102' title="bbox 2071 4301 3381 4399">
    <p class='ocr_par' dir='ltr' id='par_1_102' title="bbox 2071 4301 3381 4399">
     <span class='ocr_line' id='line_1_102' title="bbox 2071 4301 3381 4399; baseline 0.023 -44"><span class='ocrx_word' id='word_1_720' title='bbox 2071 4301 2261 4372; x_wconf 67' lang='lat' dir='ltr'><strong>tuagin&quot;</strong></span> <span class='ocrx_word' id='word_1_721' title='bbox 2332 4313 2644 4378; x_wconf 79' lang='lat' dir='ltr'><strong>interpretes</strong></span> <span class='ocrx_word' id='word_1_722' title='bbox 2674 4317 2864 4373; x_wconf 87' lang='lat' dir='ltr'><strong>habent</strong></span> <span class='ocrx_word' id='word_1_723' title='bbox 2893 4301 3381 4399; x_wconf 40' lang='lat' dir='ltr'><strong>centum-trigenta.</strong></span> 
     </span>
    </p>
   </div>
   <div class='ocr_carea' id='block_1_103' title="bbox 2151 4397 3615 4496">
    <p class='ocr_par' dir='ltr' id='par_1_103' title="bbox 2151 4397 3615 4496">
     <span class='ocr_line' id='line_1_103' title="bbox 2151 4397 3615 4496; baseline 0.025 -50"><span class='ocrx_word' id='word_1_724' title='bbox 2151 4397 2278 4448; x_wconf 71' lang='lat' dir='ltr'><strong>Vixit</strong></span> <span class='ocrx_word' id='word_1_725' title='bbox 2325 4410 2491 4452; x_wconf 76' lang='lat' dir='ltr'><strong>autem</strong></span> <span class='ocrx_word' id='word_1_726' title='bbox 2531 4404 2635 4456; x_wconf 78' lang='lat' dir='ltr'><strong>Heu</strong></span> <span class='ocrx_word' id='word_1_727' title='bbox 2674 4411 2878 4478; x_wconf 86' lang='lat' dir='ltr'><strong>triginta</strong></span> <span class='ocrx_word' id='word_1_728' title='bbox 2914 4414 3109 4470; x_wconf 77' lang='lat' dir='ltr'><strong>duobus</strong></span> <span class='ocrx_word' id='word_1_729' title='bbox 3156 4423 3322 4487; x_wconf 81' lang='lat' dir='ltr'><strong>annis,</strong></span> <span class='ocrx_word' id='word_1_730' title='bbox 3363 4438 3406 4477; x_wconf 79' lang='lat' dir='ltr'><strong>et</strong></span> <span class='ocrx_word' id='word_1_731' title='bbox 3445 4431 3615 4496; x_wconf 71' lang='lat' dir='ltr'><strong>genuit</strong></span> 
     </span>
    </p>
   </div>
   <div class='ocr_carea' id='block_1_104' title="bbox 2069 4483 3611 4573">
    <p class='ocr_par' dir='ltr' id='par_1_104' title="bbox 2069 4483 3611 4573">
     <span class='ocr_line' id='line_1_104' title="bbox 2069 4483 3611 4573; baseline 0.025 -39"><span class='ocrx_word' id='word_1_732' title='bbox 2069 4483 2256 4552; x_wconf 84' lang='lat' dir='ltr'><strong>Sarug.</strong></span> <span class='ocrx_word' id='word_1_733' title='bbox 2292 4490 2627 4560; x_wconf 82' lang='lat' dir='ltr'><strong>Septuaginta</strong></span> <span class='ocrx_word' id='word_1_734' title='bbox 2677 4496 2984 4573; x_wconf 81' lang='lat' dir='ltr'><strong>interpretes</strong></span> <span class='ocrx_word' id='word_1_735' title='bbox 3033 4507 3226 4562; x_wconf 88' lang='lat' dir='ltr'><strong>habent</strong></span> <span class='ocrx_word' id='word_1_736' title='bbox 3266 4483 3474 4568; x_wconf 71' lang='lat' dir='ltr'><strong>centum</strong></span> <span class='ocrx_word' id='word_1_737' title='bbox 3523 4521 3611 4572; x_wconf 79' lang='lat' dir='ltr'><strong>tri-</strong></span> 
     </span>
    </p>
   </div>
   <div class='ocr_carea' id='block_1_105' title="bbox 2069 4574 2932 4641">
    <p class='ocr_par' dir='ltr' id='par_1_105' title="bbox 2069 4574 2932 4641">
     <span class='ocr_line' id='line_1_105' title="bbox 2069 4574 2932 4641; baseline 0.022 -17"><span class='ocrx_word' id='word_1_738' title='bbox 2069 4574 2207 4641; x_wconf 88' lang='lat' dir='ltr'><strong>ginta</strong></span> <span class='ocrx_word' id='word_1_739' title='bbox 2237 4578 2386 4633; x_wconf 86' lang='lat' dir='ltr'><strong>duos.</strong></span> <span class='ocrx_word' id='word_1_740' title='bbox 2930 4601 2932 4603; x_wconf 74' lang='grc'><em>’</em></span> 
     </span>
    </p>
   </div>
   <div class='ocr_carea' id='block_1_106' title="bbox 2145 4662 3610 4758">
    <p class='ocr_par' dir='ltr' id='par_1_106' title="bbox 2145 4662 3610 4758">
     <span class='ocr_line' id='line_1_106' title="bbox 2145 4662 3610 4758; baseline 0.027 -45"><span class='ocrx_word' id='word_1_741' title='bbox 2145 4662 2280 4717; x_wconf 67' lang='lat' dir='ltr'><strong>Vixit</strong></span> <span class='ocrx_word' id='word_1_742' title='bbox 2308 4683 2418 4721; x_wconf 78' lang='lat' dir='ltr'><strong>vero</strong></span> <span class='ocrx_word' id='word_1_743' title='bbox 2447 4670 2615 4745; x_wconf 82' lang='lat' dir='ltr'><strong>Sarug</strong></span> <span class='ocrx_word' id='word_1_744' title='bbox 2653 4679 2853 4746; x_wconf 82' lang='lat' dir='ltr'><strong>triginta</strong></span> <span class='ocrx_word' id='word_1_745' title='bbox 2884 4686 3048 4747; x_wconf 75' lang='lat' dir='ltr'><strong>annis,</strong></span> <span class='ocrx_word' id='word_1_746' title='bbox 3077 4697 3123 4737; x_wconf 79' lang='lat' dir='ltr'><strong>et</strong></span> <span class='ocrx_word' id='word_1_747' title='bbox 3164 4694 3335 4758; x_wconf 82' lang='lat' dir='ltr'><strong>genuit</strong></span> <span class='ocrx_word' id='word_1_748' title='bbox 3383 4695 3610 4757; x_wconf 66' lang='lat' dir='ltr'><strong>Nnchor.</strong></span> 
     </span>
    </p>
   </div>
   <div class='ocr_carea' id='block_1_107' title="bbox 2062 4754 3463 4849">
    <p class='ocr_par' dir='ltr' id='par_1_107' title="bbox 2062 4754 3463 4849">
     <span class='ocr_line' id='line_1_107' title="bbox 2062 4754 3463 4849; baseline 0.024 -43"><span class='ocrx_word' id='word_1_749' title='bbox 2062 4754 2396 4826; x_wconf 80' lang='lat' dir='ltr'><strong>Sep:uagint:i</strong></span> <span class='ocrx_word' id='word_1_750' title='bbox 2428 4763 2736 4831; x_wconf 86' lang='lat' dir='ltr'><strong>interpretes</strong></span> <span class='ocrx_word' id='word_1_751' title='bbox 2765 4770 2956 4825; x_wconf 85' lang='lat' dir='ltr'><strong>habent</strong></span> <span class='ocrx_word' id='word_1_752' title='bbox 2994 4754 3202 4830; x_wconf 81' lang='lat' dir='ltr'><strong>centum</strong></span> <span class='ocrx_word' id='word_1_753' title='bbox 3235 4786 3463 4849; x_wconf 67' lang='lat' dir='ltr'><strong>triginta.</strong></span> 
     </span>
    </p>
   </div>
   <div class='ocr_carea' id='block_1_108' title="bbox 2142 4846 3610 4942">
    <p class='ocr_par' dir='ltr' id='par_1_108' title="bbox 2142 4846 3610 4942">
     <span class='ocr_line' id='line_1_108' title="bbox 2142 4846 3610 4942; baseline 0.025 -45"><span class='ocrx_word' id='word_1_754' title='bbox 2142 4846 2274 4900; x_wconf 75' lang='lat' dir='ltr'><strong>Vixit</strong></span> <span class='ocrx_word' id='word_1_755' title='bbox 2305 4863 2468 4905; x_wconf 81' lang='lat' dir='ltr'><strong>autem</strong></span> <span class='ocrx_word' id='word_1_756' title='bbox 2500 4854 2709 4910; x_wconf 81' lang='lat' dir='ltr'><strong>Naclter</strong></span> <span class='ocrx_word' id='word_1_757' title='bbox 2740 4861 2917 4915; x_wconf 64' lang='lat' dir='ltr'><strong>xx’vnn</strong></span> <span class='ocrx_word' id='word_1_758' title='bbox 2950 4868 3116 4933; x_wconf 73' lang='lat' dir='ltr'><strong>annis,</strong></span> <span class='ocrx_word' id='word_1_759' title='bbox 3147 4882 3190 4922; x_wconf 85' lang='lat' dir='ltr'><strong>et</strong></span> <span class='ocrx_word' id='word_1_760' title='bbox 3215 4846 3389 4942; x_wconf 50' lang='lat' dir='ltr'><strong>gen—itit</strong></span> <span class='ocrx_word' id='word_1_761' title='bbox 3419 4875 3610 4934; x_wconf 72' lang='lat' dir='ltr'><strong>Titan.</strong></span> 
     </span>
    </p>
   </div>
   <div class='ocr_carea' id='block_1_109' title="bbox 2058 4934 3222 5014">
    <p class='ocr_par' dir='ltr' id='par_1_109' title="bbox 2058 4934 3222 5014">
     <span class='ocr_line' id='line_1_109' title="bbox 2058 4934 3222 5014; baseline 0.024 -30"><span class='ocrx_word' id='word_1_762' title='bbox 2058 4934 2394 5005; x_wconf 87' lang='lat' dir='ltr'><strong>Septuaginta</strong></span> <span class='ocrx_word' id='word_1_763' title='bbox 2427 4943 2739 5010; x_wconf 81' lang='lat' dir='ltr'><strong>interpretes</strong></span> <span class='ocrx_word' id='word_1_764' title='bbox 2768 4949 2960 5006; x_wconf 81' lang='lat' dir='ltr'><strong>habent</strong></span> <span class='ocrx_word' id='word_1_765' title='bbox 2988 4934 3222 5014; x_wconf 54' lang='grc' dir='ltr'><strong>ικινηιιξ</strong></span> 
     </span>
    </p>
   </div>
   <div class='ocr_carea' id='block_1_110' title="bbox 2139 5025 3608 5120">
    <p class='ocr_par' dir='ltr' id='par_1_110' title="bbox 2139 5025 3608 5120">
     <span class='ocr_line' id='line_1_110' title="bbox 2139 5025 3608 5120; baseline 0.027 -45"><span class='ocrx_word' id='word_1_766' title='bbox 2139 5025 2364 5094; x_wconf 51' lang='grc' dir='ltr'><strong>νὶχὶιιιιε</strong></span> <span class='ocrx_word' id='word_1_767' title='bbox 2398 5030 2560 5086; x_wconf 78' lang='lat' dir='ltr'><strong>Thare</strong></span> <span class='ocrx_word' id='word_1_768' title='bbox 2592 5044 2905 5109; x_wconf 48' lang='lat' dir='ltr'><strong>septurginta</strong></span> <span class='ocrx_word' id='word_1_769' title='bbox 2933 5049 3096 5113; x_wconf 78' lang='lat' dir='ltr'><strong>annis,</strong></span> <span class='ocrx_word' id='word_1_770' title='bbox 3126 5063 3174 5102; x_wconf 78' lang='lat' dir='ltr'><strong>et</strong></span> <span class='ocrx_word' id='word_1_771' title='bbox 3203 5057 3379 5120; x_wconf 77' lang='lat' dir='ltr'><strong>genuit</strong></span> <span class='ocrx_word' id='word_1_772' title='bbox 3418 5059 3608 5114; x_wconf 79' lang='lat' dir='ltr'><strong>Abram</strong></span> 
     </span>
    </p>
   </div>
   <div class='ocr_carea' id='block_1_111' title="bbox 2058 5115 3609 5209">
    <p class='ocr_par' dir='ltr' id='par_1_111' title="bbox 2058 5115 3609 5209">
     <span class='ocr_line' id='line_1_111' title="bbox 2058 5115 3609 5209; baseline 0.03 -48"><span class='ocrx_word' id='word_1_773' title='bbox 2058 5123 2103 5163; x_wconf 83' lang='lat' dir='ltr'><strong>et</strong></span> <span class='ocrx_word' id='word_1_774' title='bbox 2135 5115 2338 5170; x_wconf 78' lang='lat' dir='ltr'><strong>Nacan</strong></span> <span class='ocrx_word' id='word_1_775' title='bbox 2374 5132 2421 5173; x_wconf 84' lang='lat' dir='ltr'><strong>et</strong></span> <span class='ocrx_word' id='word_1_776' title='bbox 2461 5125 2618 5181; x_wconf 78' lang='lat' dir='ltr'><strong>Aran.</strong></span> <span class='ocrx_word' id='word_1_777' title='bbox 2667 5127 3001 5202; x_wconf 85' lang='lat' dir='ltr'><strong>Septuaginta</strong></span> <span class='ocrx_word' id='word_1_778' title='bbox 3052 5138 3359 5209; x_wconf 83' lang='lat' dir='ltr'><strong>interpretes</strong></span> <span class='ocrx_word' id='word_1_779' title='bbox 3403 5147 3454 5200; x_wconf 92' lang='lat' dir='ltr'><strong>in</strong></span> <span class='ocrx_word' id='word_1_780' title='bbox 3511 5151 3609 5206; x_wconf 80' lang='lat' dir='ltr'><strong>hac</strong></span> 
     </span>
    </p>
   </div>
   <div class='ocr_carea' id='block_1_112' title="bbox 2058 5203 3604 5295">
    <p class='ocr_par' dir='ltr' id='par_1_112' title="bbox 2058 5203 3604 5295">
     <span class='ocr_line' id='line_1_112' title="bbox 2058 5203 3604 5295; baseline 0.027 -43"><span class='ocrx_word' id='word_1_781' title='bbox 2058 5203 2166 5255; x_wconf 83' lang='lat' dir='ltr'><strong>sola</strong></span> <span class='ocrx_word' id='word_1_782' title='bbox 2209 5215 2550 5274; x_wconf 75' lang='lat' dir='ltr'><strong>generaliOne</strong></span> <span class='ocrx_word' id='word_1_783' title='bbox 2582 5217 2709 5270; x_wconf 91' lang='lat' dir='ltr'><strong>nihil</strong></span> <span class='ocrx_word' id='word_1_784' title='bbox 2740 5237 2767 5271; x_wconf 84' lang='lat' dir='ltr'><strong>a</strong></span> <span class='ocrx_word' id='word_1_785' title='bbox 2800 5223 3016 5277; x_wconf 65' lang='lat' dir='ltr'><strong>vcsitale</strong></span> <span class='ocrx_word' id='word_1_786' title='bbox 3044 5203 3290 5282; x_wconf 47' lang='lat' dir='ltr'><strong>dirui-unt</strong></span> <span class='ocrx_word' id='word_1_787' title='bbox 3319 5233 3604 5295; x_wconf 76' lang='lat' dir='ltr'><strong>Hel-talea.</strong></span> 
     </span>
    </p>
   </div>
   <div class='ocr_carea' id='block_1_113' title="bbox 2062 5292 3608 5390">
    <p class='ocr_par' dir='ltr' id='par_1_113' title="bbox 2062 5292 3608 5390">
     <span class='ocr_line' id='line_1_113' title="bbox 2062 5292 3608 5390; baseline 0.028 -49"><span class='ocrx_word' id='word_1_788' title='bbox 2062 5292 2124 5342; x_wconf 83' lang='lat' dir='ltr'><strong>Et</strong></span> <span class='ocrx_word' id='word_1_789' title='bbox 2153 5294 2250 5346; x_wconf 90' lang='lat' dir='ltr'><strong>huc</strong></span> <span class='ocrx_word' id='word_1_790' title='bbox 2283 5313 2445 5368; x_wconf 80' lang='lat' dir='ltr'><strong>usque</strong></span> <span class='ocrx_word' id='word_1_791' title='bbox 2473 5309 2700 5360; x_wconf 86' lang='lat' dir='ltr'><strong>secunda</strong></span> <span class='ocrx_word' id='word_1_792' title='bbox 2733 5312 2910 5365; x_wconf 88' lang='lat' dir='ltr'><strong>mundi</strong></span> <span class='ocrx_word' id='word_1_793' title='bbox 2939 5327 3069 5368; x_wconf 66' lang='lat' dir='ltr'><strong>aetas</strong></span> <span class='ocrx_word' id='word_1_794' title='bbox 3097 5321 3364 5390; x_wconf 80' lang='lat' dir='ltr'><strong>pertingit,</strong></span> <span class='ocrx_word' id='word_1_795' title='bbox 3399 5292 3608 5385; x_wconf 71' lang='lat' dir='ltr'><strong>habetis</strong></span> 
     </span>
    </p>
   </div>
   <div class='ocr_carea' id='block_1_114' title="bbox 2053 5384 3602 5486">
    <p class='ocr_par' dir='ltr' id='par_1_114' title="bbox 2053 5384 3602 5486">
     <span class='ocr_line' id='line_1_114' title="bbox 2053 5384 3602 5486; baseline 0.028 -52"><span class='ocrx_word' id='word_1_796' title='bbox 2053 5384 2199 5452; x_wconf 82' lang='lat' dir='ltr'><strong>juxta</strong></span> <span class='ocrx_word' id='word_1_797' title='bbox 2249 5389 2554 5449; x_wconf 86' lang='lat' dir='ltr'><strong>Hebraicam</strong></span> <span class='ocrx_word' id='word_1_798' title='bbox 2599 5402 2868 5454; x_wconf 86' lang='lat' dir='ltr'><strong>veritatem</strong></span> <span class='ocrx_word' id='word_1_799' title='bbox 2908 5417 3075 5460; x_wconf 85' lang='lat' dir='ltr'><strong>annos</strong></span> <span class='ocrx_word' id='word_1_800' title='bbox 3099 5384 3428 5481; x_wconf 33' lang='lat' dir='ltr'><strong>cxcn,‘juxta</strong></span> <span class='ocrx_word' id='word_1_801' title='bbox 3459 5419 3602 5486; x_wconf 85' lang='lat' dir='ltr'><strong>Sep—</strong></span> 
     </span>
    </p>
   </div>
   <div class='ocr_carea' id='block_1_115' title="bbox 2055 5477 3603 5574">
    <p class='ocr_par' dir='ltr' id='par_1_115' title="bbox 2055 5477 3603 5574">
     <span class='ocr_line' id='line_1_115' title="bbox 2055 5477 3603 5574; baseline 0.026 -51"><span class='ocrx_word' id='word_1_802' title='bbox 2055 5477 2283 5544; x_wconf 77' lang='lat' dir='ltr'><strong>tuaginta</strong></span> <span class='ocrx_word' id='word_1_803' title='bbox 2319 5481 2634 5550; x_wconf 89' lang='lat' dir='ltr'><strong>interpretes</strong></span> <span class='ocrx_word' id='word_1_804' title='bbox 2679 5489 2819 5544; x_wconf 87' lang='lat' dir='ltr'><strong>mille</strong></span> <span class='ocrx_word' id='word_1_805' title='bbox 2863 5495 3189 5565; x_wconf 80' lang='lat' dir='ltr'><strong>septuaginta</strong></span> <span class='ocrx_word' id='word_1_806' title='bbox 3243 5477 3394 5570; x_wconf 79' lang='lat' dir='ltr'><strong>duos,</strong></span> <span class='ocrx_word' id='word_1_807' title='bbox 3440 5477 3603 5574; x_wconf 68' lang='lat' dir='ltr'><strong>juxta</strong></span> 
     </span>
    </p>
   </div>
   <div class='ocr_carea' id='block_1_116' title="bbox 2056 5576 3602 5654">
    <p class='ocr_par' dir='ltr' id='par_1_116' title="bbox 2056 5576 3602 5654">
     <span class='ocr_line' id='line_1_116' title="bbox 2056 5576 3602 5654; baseline 0.025 -39"><span class='ocrx_word' id='word_1_808' title='bbox 2056 5579 2175 5618; x_wconf 90' lang='lat' dir='ltr'><strong>vero</strong></span> <span class='ocrx_word' id='word_1_809' title='bbox 2213 5577 2401 5624; x_wconf 85' lang='lat' dir='ltr'><strong>statuta</strong></span> <span class='ocrx_word' id='word_1_810' title='bbox 2443 5576 2958 5645; x_wconf 83' lang='lat' dir='ltr'><strong>chronographorunt</strong></span> <span class='ocrx_word' id='word_1_811' title='bbox 2989 5600 3280 5648; x_wconf 79' lang='lat' dir='ltr'><strong>occccxut.</strong></span> <span class='ocrx_word' id='word_1_812' title='bbox 3314 5594 3385 5648; x_wconf 90' lang='lat' dir='ltr'><strong>Ita</strong></span> <span class='ocrx_word' id='word_1_813' title='bbox 3411 5608 3602 5654; x_wconf 74' lang='lat' dir='ltr'><strong>autem</strong></span> 
     </span>
    </p>
   </div>
   <div class='ocr_carea' id='block_1_117' title="bbox 2052 5654 3602 5759">
    <p class='ocr_par' dir='ltr' id='par_1_117' title="bbox 2052 5654 3602 5759">
     <span class='ocr_line' id='line_1_117' title="bbox 2052 5654 3602 5759; baseline 0.023 -51"><span class='ocrx_word' id='word_1_814' title='bbox 2052 5654 2239 5712; x_wconf 91' lang='lat' dir='ltr'><strong>dicitur</strong></span> <span class='ocrx_word' id='word_1_815' title='bbox 2261 5661 2436 5717; x_wconf 80' lang='lat' dir='ltr'><strong>Tlture</strong></span> <span class='ocrx_word' id='word_1_816' title='bbox 2457 5682 2574 5719; x_wconf 87' lang='lat' dir='ltr'><strong>cum</strong></span> <span class='ocrx_word' id='word_1_817' title='bbox 2597 5669 2747 5722; x_wconf 89' lang='lat' dir='ltr'><strong>annis</strong></span> <span class='ocrx_word' id='word_1_818' title='bbox 2767 5678 3087 5745; x_wconf 81' lang='lat' dir='ltr'><strong>septuaginta</strong></span> <span class='ocrx_word' id='word_1_819' title='bbox 3115 5682 3327 5741; x_wconf 78' lang='lat' dir='ltr'><strong>vixisset</strong></span> <span class='ocrx_word' id='word_1_820' title='bbox 3346 5691 3602 5759; x_wconf 63' lang='lat' dir='ltr'><strong>senuisse</strong></span> 
     </span>
    </p>
   </div>
   <div class='ocr_carea' id='block_1_118' title="bbox 2119 5824 2819 5903">
    <p class='ocr_par' dir='ltr' id='par_1_118' title="bbox 2119 5824 2819 5903">
     <span class='ocr_line' id='line_1_118' title="bbox 2119 5824 2819 5903; baseline 0.027 -22"><span class='ocrx_word' id='word_1_821' title='bbox 2119 5824 2142 5861; x_wconf 69' lang='grc' dir='ltr'>δ</span> <span class='ocrx_word' id='word_1_822' title='bbox 2176 5832 2276 5903; x_wconf 71' lang='lat' dir='ltr'><strong>AL,</strong></span> <span class='ocrx_word' id='word_1_823' title='bbox 2304 5838 2370 5888; x_wconf 83' lang='lat' dir='ltr'><strong>ad</strong></span> <span class='ocrx_word' id='word_1_824' title='bbox 2395 5842 2819 5900; x_wconf 78' lang='lat' dir='ltr'><strong>verisimittt&#39;mum.</strong></span> 
     </span>
    </p>
   </div>
  </div>
