3866 6248
73 471 162 527 153

1279 474 1750 531 IIEXAEMERON
1795 475 1915 528 Lm.
1961 475 2040 529 Ill.

3182 480 3270 538 154

71 595 259 643 Abram
286 598 336 643 et
366 589 567 642 Naeltor
596 600 647 643 et
671 591 832 652 Aran,
878 589 1012 642 sicut
1042 600 1161 642 ante
1204 590 1458 643 diluvium
1501 590 1610 642 Noe
1646 593 1693 649 Δ
1721 587 2100 652 Claudii-orum;
2129 598 2183 643 et
2224 588 2376 657 hujus
2416 590 2577 658 gratia
2622 591 2968 648 dissensionis
3007 595 3270 650 Abraham

69 687 176 732 tres
207 679 359 740 filios,
406 694 524 731 cunt
570 688 712 732 esset
754 693 1009 731 annorum
1055 679 1480 747 quingentorum,
1530 695 1622 746 ge-

71 768 245 820 nuisse
274 776 546 830 narratur;
580 782 698 819 cum
748 781 878 820 unus
911 770 990 818 vir
1028 767 1093 819 de
1126 781 1223 818 una
1252 766 1475 834 eonjnge
1520 781 1622 818 uno

69 871 208 910 anno
242 865 345 908 'res
389 857 522 910 fiitas
553 865 577 891 ⁸
606 870 886 924 generasse
927 871 1028 907 non
1075 865 1271 923 posset.
1314 855 1622 922 lntelligitnr

71 949 232 1013 enim,
269 950 391 1014 quia
418 946 749 1014 septuaginta
781 960 1039 998 annorum
1083 961 1200 998 cum
1245 956 1406 1011 esset,
1450 945 1625 1012 genuit

76 1039 292 1101 Abram,
325 1053 410 1105 qttt
441 1051 580 1090 nunc
613 1039 898 1100 Abraham,
943 1052 1004 1091 ac
1058 1038 1247 1090 deinde
1285 1039 1472 1091 fratres
1514 1039 1627 1103 ejus

79 1142 314 1199 tempore
336 1139 618 1199 sequente;
653 1131 742 1184 sed
775 1130 946 1183 minus
975 1129 1174 1183 curavit
1199 1129 1468 1196 Scriptura
1495 1129 1628 1181 nati-

77 1223 252 1275 vitatis
278 1236 458 1274 eorum
487 1231 689 1288 tempus
718 1222 1032 1288 exprimere,
1066 1234 1186 1273 cutn
1218 1219 1330 1272 sola
1360 1219 1629 1271 adnotatio

79 1313 332 1380 temporis
362 1327 468 1378 quo
517 1321 671 1364 natus
711 1318 793 1364 est
822 1308 846 1345 δ
881 1310 1146 1362 Abraham
1173 1308 1238 1360 ad
1275 1317 1294 1346 ε
1326 1307 1628 1374 significan-

81 1407 202 1458 tiam
231 1405 401 1458 atatis
423 1405 558 1458 illius
583 1401 608 1439 ἀ
641 1403 956 1470 exprimeret
985 1411 1037 1456 et
1065 1401 1306 1454 sufficere
1337 1411 1532 1468 posset.

149 1494 252 1548 Hte
271 1503 386 1548 sunt
409 1495 750 1562 generationes
771 1492 954 1543 Titare.
987 1491 1153 1543 Thare
1177 1492 1342 1558 genuit
1379 1491 1561 1541 Abram
1589 1499 1632 1541 et

86 1585 294 1636 Nacher
332 1591 377 1636 et
422 1584 577 1635 Aron.
633 1583 737 1635 Una
782 1581 954 1633 Thare
1000 1579 1185 1632 domus
1231 1588 1364 1643 erat,
1409 1579 1476 1631 de
1527 1593 1635 1644 quo

85 1684 240 1728 natus
271 1682 351 1727 est
383 1679 405 1706 °
437 1672 725 1733 Abraham,
769 1672 819 1724 in
850 1687 949 1738 qua
985 1671 1137 1722 unius
1171 1675 1278 1722 veri
1313 1670 1400 1723 Dei
1435 1670 1634 1731 cultus;

84 1775 155 1828 et,
197 1773 452 1833 quantum
497 1763 746 1816 credibile
787 1771 886 1825 est,
933 1763 982 1814 in
1021 1776 1119 1827 qua
1159 1759 1267 1826 jam
1315 1760 1427 1811 sola
1478 1761 1636 1812 etiant

87 1853 308 1908 Hebraea
343 1853 514 1919 lingua
552 1860 898 1912 remanserat,
942 1866 1058 1902 cum
1109 1859 1160 1901 et
1204 1849 1315 1913 ipse
1356 1849 1491 1900 sicut
1529 1848 1633 1915 jam

1720 677 1956 745 quamvis
1987 677 2158 744 ignem
2181 677 2426 740 evaserit,
2457 679 2590 744 apud
2621 679 2900 734 Chaldaeos
2925 691 3096 736 tamen
3128 685 3271 739 habi-

1726 779 1835 822 tare
1880 770 2204 836 nequiverit;
2239 769 2329 822 sed
2359 785 2474 823 cum
2515 785 2604 822 sua
2644 773 2958 838 cognatimie
3005 775 3074 828 sit
3109 790 3137 827 a
3180 790 3269 842 pa-

1726 869 1871 912 rente
1899 859 2053 910 aliato
2083 860 2368 912 translatus
2396 859 2444 910 in
2475 871 2668 912 terram
2699 879 2709 911 :
2737 864 2921 929 quibus
2950 866 3276 918 concordant

1725 949 1881 999 verba
1913 949 2107 1000 Achior
2137 949 2285 1001 ducis
2314 949 2547 1000 omnium
2579 949 2917 1004 Moabitarum
2962 962 3015 1007 et
3056 957 3276 1007 Ammo-

1729 1037 1974 1098 nitarum,
2003 1036 2090 1105 qui
2132 1040 2278 1104 quasi
2330 1037 2407 1088 vir
2451 1039 2694 1108 inclytus,
2747 1055 2860 1104 quae
2906 1043 2956 1093 in
3001 1043 3172 1096 vicina
3225 1053 3278 1096 et

1728 1136 1942 1191 cognata
2006 1127 2102 1178 sibi
2150 1137 2340 1194 gente,
2411 1127 2514 1180 imo
2561 1129 2626 1181 de
2676 1145 2774 1192 qua
2825 1132 2933 1197 ipse
2977 1145 3126 1185 ortus
3171 1144 3275 1199 est,

1732 1213 1862 1266 facta
1895 1213 2098 1265 fuerant
2127 1214 2365 1280 ignorare
2395 1231 2496 1266 non
2527 1219 2691 1281 potuit
2725 1235 2735 1268 :
2766 1217 2838 1270 ait
2871 1219 3010 1272 enim
3060 1220 3282 1288 loquens

1731 1305 1796 1356 de
1829 1305 2018 1370 papulo
2049 1303 2204 1356 Israel
2251 1305 2314 1356 ad
2366 1304 2699 1359 llolofernem
2743 1309 3035 1374 principem
3085 1311 3283 1364 militia:

1737 1394 2071 1462 Assyriorum
2106 1409 2119 1444 :
2155 1389 2386 1458 Populus
2435 1397 2524 1446 ἔδεε
2563 1411 2625 1447 ex
2675 1401 2909 1467 progenie
2937 1378 3284 1454 Cltaldteorunt

1732 1492 1801 1533 est
1838 1498 1855 1533 :
1885 1483 1964 1532 hic
1995 1483 2213 1546 primum
2269 1487 2510 1540 habitavit
2537 1490 2586 1540 in
2621 1491 3005 1556 Mesopotamia,
3049 1495 3284 1559 quoniam

1737 1573 2005 1624 noluerunt
2051 1579 2189 1642 sequi
2239 1577 2368 1630 Deos
2414 1590 2612 1645 patrum
2664 1597 2871 1633 suorum
2918 1583 3003 1650 qui
3048 1594 3187 1635 erant
3233 1586 3285 1636 in

1737 1671 1869 1712 terra
1900 1664 2268 1717 Cltafa'teorum.
2304 1665 2592 1720 Descrentes
2630 1668 2645 1706 ί
2679 1672 2845 1739 itaque
2869 1675 3166 1726 cerimonias
3197 1692 3289 1742 pa-

1739 1764 1869 1803 trum
1921 1769 2144 1820 suorum,
2202 1773 2311 1822 quia
2366 1762 2418 1810 in
2490 1764 2812 1815 multitudine
2868 1766 3074 1817 deorum
3124 1775 3289 1829 erant,

1742 1860 1895 1897 unum
1951 1844 2106 1898 Deum
2158 1848 2268 1899 ταςιί
2318 1852 2599 1914 coluerunt,
2645 1855 2731 1918 qui
2772 1864 2816 1905 et
2857 1857 3088 1923 praecepit
3128 1857 3197 1908 eis
3239 1867 3292 1909 ut

89 1910 532 1994 manifestioerc-i
572 1941 790 2006 pupulus
819 1910 1143 2007 ini/Egypto,
1190 1910 1254 1990 ita
1305 1939 1355 1989 in
1395 1910 1632 2001 Μέθη-ρο·
1667 1910 1711 1967 Β
1745 1935 1935 1986 exirent
1964 1935 2100 1999 inde,
2135 1947 2180 1987 et
2210 1937 2495 1991 habitarent
2525 1910 2804 1993 invi/aram
2835 1910 3036 2012 (duditli
3067 1961 3118 2008 v,
3148 1945 3225 2012 6).

91 2029 247 2082 tamia
274 2033 474 2082 servire
501 2029 601 2081 diis
630 2030 840 2092 alienis,
870 2028 991 2081 Jesu
1016 2029 1156 2080 Nate
1185 2037 1450 2090 narrante,
1481 2028 1642 2078 refer-

94 2128 202 2182 tur;
237 2118 446 2170 caeteris
475 2133 536 2169 ex
565 2118 810 2184 progenie
842 2116 976 2168 illius
1007 2116 1176 2168 Hi'ber
1201 2115 1253 2165 in
1283 2114 1485 2180 linguas
1514 2128 1643 2179 pint-

94 2207 237 2258 latim
270 2207 395 2258 alias
424 2215 475 2258 et
505 2205 556 2257 in
587 2206 826 2257 nationes
866 2206 996 2255 alias
1035 2201 1383 2255 defluentibus
1427 2201 1644 2266 proinde

94 2298 226 2350 sicut
257 2311 349 2364 per
377 2311 626 2363 aquarum
657 2295 907 2347 diluvium
939 2309 1036 2344 una
1084 2292 1272 2344 domus
1302 2291 1408 2343 Noe
1441 2305 1647 2342 reman-

95 2394 235 2440 serat
265 2385 330 2438 ad
363 2385 706 2450 reparandum
737 2399 903 2452 genus
935 2385 1240 2446 humanum,
1268 2385 1343 2437 sic
1373 2385 1422 2436 in
1455 2380 1650 2432 diluvio

98 2477 384 2530 multarum
424 2477 858 2542 superstitionum
909 2491 999 2542 per
1047 2478 1346 2529 universum
1399 2474 1648 2527 mundum

100 2582 197 2620 una
230 2574 556 2620 remanserat
595 2565 780 2618 domus
824 2566 1016 2630 'l‘hare,
1045 2568 1095 2618 in
1138 2583 1236 2634 qna
1277 2566 1533 2618 custodita
1573 2570 1655 2618 est

105 2655 357 2725 plantatio
383 2655 611 2710 civitatis
640 2655 750 2708 Dei.
787 2655 1021 2723 Denique
1045 2657 1177 2708 sicut
1202 2657 1306 2708 illic
1334 2658 1653 2709 enumeratis

103 2761 257 2814 supra
289 2744 716 2813 generationibus
747 2760 912 2812 usque
940 2747 1003 2798 ad
1027 2745 1138 2798 Noe
1163 2747 1319 2798 simul
1348 2762 1464 2799 cum
1497 2764 1654 2799 anno-

107 2850 218 2887 rum
262 2833 519 2896 numeris,
547 2844 600 2886 et
626 2835 860 2902 exposita
904 2834 1082 2887 diluvii
1128 2849 1304 2898 causa,
1355 2840 1653 2903 priusquam

109 2926 241 2977 Drus
278 2924 534 2990 inciperet
561 2923 625 2976 de
655 2938 771 2975 arca
805 2923 1101 2975 fabricanda
1134 2925 1275 2990 loqui
1306 2925 1368 2977 ad
1401 2926 1528 2992 Noe,
1573 2928 1656 2979 di-

106 3015 237 3066 citur
285 3013 365 3065 Ita:
404 3011 746 3082 generationes
803 3011 910 3064 Noe
943 3027 960 3064 .'
990 3013 1056 3064 ita
1105 3022 1156 3065 et
1204 3013 1287 3065 hic
1338 3016 1657 3069 enumeratis

113 3102 535 3171 generationibus
563 3118 591 3155 a
622 3102 742 3156 Sem
774 3103 878 3154 filio
909 3102 1015 3155 Noe
1044 3118 1203 3170 usque
1232 3105 1294 3155 ad
1323 3102 1338 3140 ¹
1371 3106 1657 3170 Abraham,

114 3193 546 3261 tleinde'insignis
577 3193 827 3245 articulus
855 3193 1099 3244 similiter
1127 3195 1356 3258 ponitur,
1383 3204 1437 3246 ut
1458 3195 1657 3249 dicatur

112 3288 186 3339 ha:
206 3287 553 3354 generationes
579 3282 764 3338 Tltare.
792 3281 953 3334 Thare
975 3283 1143 3352 genuit
1171 3284 1355 3335 Abram
1380 3296 1426 3337 et
1452 3285 1658 3338 Nae/tor

111 3387 153 3428 et
184 3379 346 3427 Aran.
376 3377 429 3429 Si
460 3375 670 3442 quidem
719 3372 786 3425 ihi
830 3373 1073 3426 secunda:
1116 3373 1294 3427 mundi
1336 3376 1527 3440 aetatis,
1579 3380 1661 3430 Iiic

117 3467 284 3520 tertiae
317 3466 610 3532 patriarcha
642 3463 970 3517 nascebatur.

183 3553 355 3607 Porro
400 3555 535 3606 Aron
563 3553 731 3620 genuit
761 3551 913 3616 Loth,
945 3561 1264 3620 mortuusque
1290 3562 1360 3605 est
1388 3554 1522 3605 Aran
1551 3566 1663 3606 ante

120 3642 287 3697 There
331 3652 518 3712 patrem
560 3658 705 3694 suum
733 3643 784 3693 in
814 3650 944 3692 terra
995 3642 1270 3693 nativitatis
1316 3659 1439 3703 sum,
1492 3645 1542 3694 in
1593 3643 1664 3694 Ur

121 3731 495 3786 Chaldaeorum.
538 3733 685 3797 Quod
729 3731 852 3784 dicit
888 3741 1000 3782 ante
1043 3730 1206 3782 Thare
1246 3741 1296 3784 et
1337 3737 1662 3797 prmsentiam

125 3819 292 3889 pateat
320 3835 372 3874 et
400 3830 603 3886 tempus
639 3821 943 3887 designare;
989 3827 1195 3886 tempus
1240 3817 1502 3885 videlicet,
1545 3821 1665 3888 quia

123 3921 241 3964 ante
271 3918 571 3963 moreretur
599 3922 754 3975 quam
787 3917 931 3974 pater
957 3922 1110 3970 suus;
1146 3912 1474 3973 prasetttiatn
1521 3925 1664 3975 vero,

124 4004 237 4073 quia
269 4013 324 4056 et
352 4015 525 4055 coram
556 4001 663 4064 illo,
696 4001 743 4052 id
772 4009 868 4064 est,
896 4009 1150 4067 pra-sente
1174 4001 1277 4064 illo,
1315 4000 1415 4052 vita
1449 4013 1526 4052 ex:
1547 4001 1671 4054 ede-

126 4106 222 4149 ret.
250 4096 484 4162 Denique
505 4092 711 4161 quidam
735 4093 954 4146 Codices
978 4092 1170 4144 habent
1193 4094 1312 4159 quia
1342 4101 1565 4144 mortuus
1594 4101 1668 4152 est

127 4195 240 4238 ante
283 4195 601 4254 conspectum
629 4184 797 4238 Thare
823 4185 982 4252 patris
1021 4187 1118 4237 sui.
1153 4184 1301 4248 Quod
1334 4199 1458 4238 vero
1485 4183 1673 4238 dicitur

129 4277 180 4328 in
212 4275 285 4330 Ur
317 4273 691 4341 Chafdtzorum,
733 4289 924 4329 nomen
959 4275 1164 4327 videtur
1191 4288 1308 4326 esse
1339 4273 1457 4339 loci,
1491 4276 1539 4328 in
1570 4289 1673 4342 quo

130 4368 365 4434 sepultus
392 4378 508 4432 est;
544 4368 690 4434 cujus
739 4365 912 4428 hodie,
960 4365 1091 4418 sicut
1135 4365 1390 4434 Joseplms
1424 4363 1583 4420 refert
1617 4376 1672 4432 ι,

135 4459 388 4511 tumultus
416 4457 708 4510 ostenditur
739 4471 749 4505 :
778 4468 842 4506 ex
869 4469 972 4522 quo
1001 4454 1204 4508 videtur
1231 4469 1430 4524 magna:
1457 4456 1676 4522 alicujus

1819 2021 2081 2075 Duxerunt
2107 2035 2271 2076 autem
2305 2027 2485 2079 Abram
2522 2041 2569 2081 et
2610 2030 2818 2083 Nae/tor
2840 2049 3036 2090 uxores.
3095 2035 3292 2088 Nomen

1745 2111 1920 2160 uroris
1949 2113 2128 2163 Abram
2154 2115 2327 2177 Sarni,
2360 2127 2404 2166 et
2431 2133 2606 2168 nomen
2637 2122 2807 2170 uxoris
2841 2119 3046 2172 Nae/tor
3069 2121 3286 2189 Mela/ta,

1745 2197 1854 2260 ﬁ‘ia
1876 2200 2011 2250 Aron
2034 2203 2188 2265 patris
2224 2201 2435 2255 Mclcha:
2463 2207 2680 2271 et'patris
2708 2206 2924 2261 Jrsclite.
2968 2211 3152 2266 Dicunt
3174 2230 3290 2267 nta-

1745 2287 1886 2352 j-ires
1928 2290 2092 2341 nostri
2121 2289 2364 2342 Jescltam
2389 2291 2521 2345 hanc
2552 2294 2715 2360 ipsam
2747 2312 2864 2350 esse
2892 2299 2904 2346 i
2941 2301 3122 2355 Saram
3168 2321 3297 2357 uxo-

1751 2393 1862 2430 rem
1919 2379 2167 2443 Ahrahm,
2201 2382 2319 2446 quia
2369 2384 2610 2437 vidi-licet
2641 2387 2792 2440 iidem
2846 2389 3033 2446 fratres
3064 2398 3299 2462 germani

1753 2465 2015 2518 Abraham
2051 2478 2101 2519 et
2145 2467 2354 2522 Nacltor
2383 2470 2514 2524 duas
2542 2489 2752 2527 sorores
2783 2475 2913 2530 filias
2937 2482 3074 2533 Aran
3107 2497 3300 2539 uxores

1757 2554 2048 2609 habuerint.
2091 2559 2239 2623 Quod
2270 2565 2311 2613 si
2347 2565 2412 2615 ita
2465 2575 2567 2627 est,
2614 2581 2714 2618 non
2750 2576 2918 2633 potest
2966 2573 3102 2623 Aran
3150 2581 3301 2639 pater

1755 2646 2056 2698 earumdem
2087 2647 2222 2702 idem
2257 2651 2476 2718 intelligi
2503 2655 2590 2720 qui
2620 2654 2717 2706 fuit
2745 2657 2905 2710 frater
2927 2658 3104 2724 juniur
3132 2661 3300 2716 Abra-

1758 2736 1836 2784 htn
1879 2745 1932 2786 et
1982 2735 2206 2802 Nacltor,
2240 2741 2331 2792 sed
2361 2743 2496 2794 alter
2542 2743 2775 2810 ejusdem
2825 2747 3052 2799 nominis
3078 2747 3101 2785 ι
3127 2750 3305 2806 homo.

1757 2820 1975 2875 Constat
1998 2827 2134 2878 enim
2157 2830 2273 2894 quia
2304 2829 2568 2882 Abraham
2602 2834 2785 2886 decem
2827 2837 2994 2888 Solum
3035 2842 3185 2891 annis
3207 2841 3304 2894 Sa-

1760 2927 1868 2962 ram
1901 2914 2178 2983 conjugetn
2208 2931 2355 2967 suam
2391 2921 2675 2984 praecessit,
2709 2923 2916 2977 dicente
2963 2926 3075 2993 ipso
3124 2943 3302 2985 coram

1761 3000 1980 3052 Domino
2007 3020 2016 3052 :
2048 3003 2269 3057 Putasne
2308 3011 2589 3060 centenario
2632 3023 2859 3064 nascetur
2881 3014 3018 3079 ﬁlius
3041 3059 3056 3082 ,
3089 3027 3133 3068 et
3177 3019 3308 3072 Sara

1761 3095 2097 3162 nonagenaria
2140 3097 2298 3163 pariet
2341 3097 2502 3164 ﬁlium
2541 3099 2743 3168 (Cenes.
2774 3119 2900 3167 xvtt,
2928 3105 3056 3173 57)?
3096 3107 3308 3176 thuo-

1764 3183 1920 3235 modo
1949 3183 2106 3237 frater
2126 3185 2240 3252 ejus
2267 3185 2444 3252 junior
2469 3190 2635 3254 potttit
2657 3191 2851 3245 habere
2876 3193 3058 3259 ﬁliam,
3082 3211 3199 3265 qum
3222 3198 3311 3251 illo

1763 3275 1941 3328 decem
1973 3290 2121 3329 annis
2152 3278 2323 3331 minor
2352 3291 2513 3343 esset,
2547 3296 2604 3336 se
2633 3292 2806 3335 autem
2841 3286 2953 3352 ipso
2983 3298 3189 3355 septem
3223 3298 3312 3342 aut

1766 3380 1866 3418 non
1894 3367 2118 3434 amplius
2145 3385 2299 3436 quam
2331 3375 2490 3423 octo?

1834 3454 1956 3505 Erat
1979 3467 2144 3509 autem
2176 3458 2326 3510 Sarni
2355 3459 2554 3521 sterilis,
2586 3474 2675 3509 nec
2705 3460 2912 3512 habebat
2934 3462 3132 3514 liberos.
3168 3464 3311 3517 Divi-

1768 3561 1847 3597 na:
1875 3547 2219 3611 Providentia:
2249 3549 2476 3598 consilio
2499 3557 2700 3611 gestum
2721 3560 2824 3613 est,
2864 3559 2921 3602 ut
2949 3553 3140 3606 sterilis
3168 3563 3311 3608 esset

1767 3634 1816 3685 i’n
1863 3634 2214 3685 adolescentia
2236 3674 2250 3697 ,
2308 3644 2566 3699 quatenus
2595 3640 2644 3690 itt
2677 3651 2948 3694 senccmte
2982 3643 3140 3696 ﬁlium
3189 3661 3309 3712 pro-

1767 3724 2029 3776 missionis
2057 3741 2340 3794 generatis,
2374 3728 2623 3781 Ecclesiae
2646 3742 2842 3784 sanctze
2871 3742 3048 3801 typum
3079 3737 3309 3790 insinua-

1771 3821 1867 3875 ret,
1900 3813 1980 3865 cui
2009 3814 2201 3867 dicitur
2224 3815 2416 3868 Ltvtare
2442 3821 2621 3870 sterilis
2649 3836 2760 3887 qut:
2787 3838 2882 3874 non
2909 3825 3045 3890 paris
3070 3824 3207 3894 (Cal.
3238 3841 3311 3893 Iv,

1771 3901 1883 3968 ‘27),
1917 3915 1972 3957 et
2003 3915 2214 3959 caetera.
2253 3908 2478 3962 Decebat
2507 3913 2644 3963 enim
2672 3921 2726 3963 ut
2749 3928 2862 3978 qtae
2889 3915 2939 3966 itt
2963 3916 3177 3982 figuram
3201 3917 3315 3969 uni-

1771 4009 1844 4047 cze
1870 3997 1988 4048 fidei
2011 4012 2070 4050 ac
2103 4000 2210 4064 spei
2242 4009 2435 4053 nostra:
2465 4017 2623 4053 unum
2657 4012 2769 4054 erat
2802 4003 2960 4076 filium
2996 4005 3063 4057 de
3088 4007 3319 4073 promis-

1773 4086 1922 4138 sione
1951 4089 2204 4152 paritura,
2238 4105 2341 4140 non
2374 4092 2508 4142 hunc
2541 4092 2590 4144 in
2611 4091 2879 4154 Clialda-a,
2914 4111 3016 4147 non
3062 4096 3113 4146 itt
3143 4095 3319 4151 Meso-

1776 4175 2000 4241 potamia
2025 4214 2040 4236 ,
2071 4176 2160 4228 sed
2189 4176 2239 4228 itt
2270 4188 2407 4229 terra
2441 4181 2806 4244 promissionis
2828 4192 3118 4246 generaret.

1847 4259 1979 4312 Tulit
2001 4262 2166 4328 itaque
2199 4262 2358 4316 Titare
2379 4267 2564 4316 Abram
2588 4269 2750 4332 filium
2772 4286 2914 4322 suum
2946 4283 2990 4323 et
3009 4273 3132 4324 Lotlt
3162 4275 3323 4340 ﬁlium

1776 4351 1945 4417 Aan,
1970 4353 2132 4418 ﬁlium
2160 4356 2254 4418 ﬁlii
2284 4359 2390 4418 sui,
2431 4368 2475 4410 et
2519 4350 2669 4412 Sarni
2709 4377 2888 4413 nurum
2926 4382 3068 4416 suam
3116 4383 3322 4421 uxorem

1778 4446 1961 4496 Abram
1993 4446 2185 4512 ﬁliisni
2209 4489 2222 4509 ,
2264 4459 2309 4499 et
2348 4450 2519 4501 eduxit
2549 4467 2630 4504 eos
2687 4455 2747 4504 de
2807 4453 2878 4506 Ur
2934 4454 3282 4512 Cftalda'orum
3306 4500 3322 4526 ,

136 4549 466 4602 excellentia:
496 4545 578 4599 vel
607 4544 872 4612 dignitatis
897 4526 1031 4596 idem
1066 4547 1202 4598 Aran
1232 4545 1519 4599 exstitisse.
1544 4546 1652 4611 Qtti:

1782 4547 1834 4588 ut
1865 4545 1987 4589 irent
2032 4539 2083 4589 in
2123 4548 2304 4591 terram
2357 4541 2613 4596 Chanaan.
2657 4543 2814 4596 Vetus
2848 4547 3118 4600 translatio
3147 4549 3321 4616 habet,

141 4651 264 4689 vero
285 4634 427 4701 apud
456 4634 724 4696 Hebraeos,
757 4633 826 4687 Ur
855 4631 1040 4686 dicitur
1069 4633 1220 4700 Ignis,
1247 4636 1273 4668 ιι
1302 4644 1512 4688 narrant
1541 4635 1677 4703 quod

143 4725 242 4790 igni
261 4722 626 4775 Chaldaeorum
643 4731 980 4787 consumptus
1002 4722 1097 4773 sit:
1121 4724 1241 4788 quia
1263 4723 1499 4777 videlicet
1520 4723 1679 4777 Deum

143 4825 320 4863 verum
352 4825 468 4863 cum
501 4810 755 4862 Abraham
788 4812 984 4874 majore
1026 4824 1120 4863 suo
1147 4811 1306 4865 fratre
1336 4827 1680 4882 cognoscens,

149 4901 316 4965 ignem
347 4912 500 4964 quem
532 4897 602 4948 illi
642 4896 948 4961 adorabant,
998 4898 1214 4952 adorare
1248 4902 1355 4965 ipse
1397 4905 1681 4970 respuerit;

150 4988 369 5056 ideoque
395 4985 646 5044 ambobus
687 4987 734 5038 in
776 4986 944 5052 ignem
973 4989 1144 5041 missis
1185 5003 1212 5039 a
1249 4989 1529 5052 Chaldaeis,
1576 4993 1687 5059 ipse

152 5081 373 5133 ﬂammis
400 5089 732 5144 assumptus;
766 5078 1024 5129 Abraham
1053 5093 1176 5131 vero
1219 5080 1540 5135 sublimioris
1569 5085 1686 5137 fidei

155 5171 340 5223 merito
381 5171 450 5222 sit
488 5169 736 5220 liberatus
765 5181 792 5218 a
824 5165 1044 5218 Domino
1075 5183 1086 5218 :
1120 5167 1257 5221 unde
1306 5171 1354 5220 in
1385 5175 1688 5238 sequentius

153 5257 213 5308 ad
242 5271 363 5309 eum
394 5257 616 5323 loquitur
646 5274 657 5308 :
693 5256 800 5326 Ego
834 5243 1094 5323 Dominus,
1124 5258 1210 5324 qui
1235 5258 1386 5311 eduxi
1414 5270 1459 5313 te
1488 5263 1550 5315 de
1578 5265 1690 5334 igne

221 5376 244 5400 ε·
278 5370 386 5430 AL,
419 5383 672 5434 generare.

222 5438 245 5471 ι’
275 5437 387 5498 AL,
417 5435 617 5486 Abram.

226 5515 248 5543 ιι
279 5507 388 5567 At"
417 5505 852 5570 signiﬁcationem.

223 5573 248 5608 ἀ
281 5577 388 5635 AL,
415 5587 648 5634 expressa
671 5574 906 5640 sumcere.

229 5645 250 5672 ⁸
280 5642 390 5704 AL,
416 5642 618 5693 Abram.

233 5705 248 5740 ί
280 5714 386 5774 AL,
419 5711 618 5762 Abram.

229 5787 252 5827 ι
285 5781 429 5836 llattc
457 5779 804 5838 narrationem
832 5796 924 5849 pro
949 5781 1120 5840 fabula
1146 5783 1301 5841 habet
1340 5784 1684 5856 Hieronymus

1781 4632 1896 4697 quia
1930 4629 2100 4681 eduxit
2122 4646 2204 4682 eos
2231 4633 2292 4682 de
2313 4632 2512 4698 regione
2545 4632 2916 4695 Chaldaeorum,
2962 4638 3099 4704 quod
3132 4643 3324 4693 nullatn

1781 4721 1992 4772 omnino
2018 4722 2357 4787 qrrmstionem
2392 4723 2564 4773 habet.
2601 4722 2751 4786 Quod
2777 4737 2902 4777 vero
2927 4723 3076 4792 juxta
3105 4728 3323 4782 llebrai-

1783 4824 1895 4861 cam
1932 4809 2203 4861 veritatem
2235 4808 2444 4870 dicitur,
2478 4809 2596 4875 quia
2629 4810 2804 4862 eduxit
2841 4827 2922 4864 eos
2948 4815 3009 4866 de
3043 4813 3136 4879 Ur,
3168 4819 3215 4870 id
3247 4830 3330 4874 est

1786 4901 1848 4952 de
1870 4901 1988 4966 igne
2033 4898 2112 4950 vel
2155 4897 2394 4951 incendio
2423 4897 2809 4967 Chaldaeorum,
2846 4913 3016 4967 potest
3061 4906 3129 4959 ita
3190 4921 3331 4963 recte

1787 4989 2022 5056 intelligi,
2053 4987 2189 5055 quod
2227 4985 2504 5041 leduxerit
2527 5004 2619 5043 eos
2651 4991 2714 5044 de
2738 4991 2821 5043 illa
2847 4995 3061 5060 regione
3085 4995 3170 5046 ubi
3198 4999 3328 5062 ignis

1787 5079 2075 5139 colebatur,
2123 5091 2216 5142 pro
2255 5091 2318 5129 eo
2340 5077 2704 5142 utdiceretur,
2737 5079 2916 5132 eduxit
2947 5095 3037 5133 eos
3071 5081 3135 5134 de
3164 5083 3328 5134 idolo—

1790 5171 1934 5222 latria
1965 5166 2345 5219 Chaldaeorum.
2379 5167 2526 5231 Quod
2553 5183 2678 5220 vero
2701 5168 2894 5221 dicitur
2921 5180 2974 5233 ut
3004 5172 3128 5222 irent
3161 5171 3211 5221 in
3236 5181 3328 5224 ter-

1787 5273 1894 5307 ram
1926 5255 2185 5317 Chanaan,
2214 5257 2491 5323 statimque
2534 5255 2868 5324 subjungitur
2887 5267 3217 5325 veneruntque
3243 5275 3332 5314 us-

1795 5374 1841 5424 in
1871 5368 2248 5434 QllfDSliOIIiiltIS
2275 5381 2430 5434 super
2461 5367 2649 5420 Gcnes.

1863 5436 1886 5472 δ
1918 5438 2090 5501 Antiq.
2120 5437 2262 5498 Jud.,
2297 5438 2382 5489 lib.
2414 5452 2449 5498 ι,
2477 5451 2588 5504 cap.
2620 5437 2672 5488 7.

1873 5508 1886 5543 ³
1919 5510 2020 5568 AL,
2051 5505 2196 5556 deest
2228 5509 2412 5573 itaque.

1872 5578 1884 5626 t'
1917 5577 2020 5639 AL,
2049 5573 2200 5626 Sara.

1868 5646 1889 5680 ι
1922 5645 2026 5708 AL,
2056 5645 2201 5694 deest
2225 5645 2392 5695 homo.

1869 5712 1885 5750 ι
1921 5712 2024 5778 AL,
2053 5711 2330 5765 deduxerit.
