3866 6248
507 443 608 498 11'!

995 441 1190 497 Bl-ZD/E
1232 442 1671 500 VENERARILIS
1708 442 1984 500 0N2le
2031 442 2050 497 1

2154 417 2307 497 ts‘u.
2333 472 2400 484 -
2433 440 2811 497 sxscencs
2854 443 3171 499 assum.

3593 448 3684 504 136

501 566 596 618 que
628 549 825 616 tiaran,
857 561 899 602 et
940 554 1284 607 habitaverunt
1303 555 1392 621 ibi,
1415 566 1457 606 et
1480 556 1732 621 {actisuut
1754 554 1860 606 dies
1884 551 2049 605 There
2077 552 2123 609 Α
2155 553 2392 614 oritur-1',
2436 541 2809 605 lsmaeiitarum
2841 551 3105 616 videlicet,
3128 552 3496 620 ldumzorutn,
3519 567 3574 611 et
3594 571 3684 611 eo-

504 642 829 691 durentorum
852 645 1064 710 quinque
1077 658 1347 705 annorum,
1367 654 1411 696 et
1435 655 1659 697 mortuus
1673 653 1746 696 est
1770 643 1822 696 in
1843 641 2043 707 Harax,

2147 654 2262 691 rum
2279 639 2363 706 qui
2395 639 2461 691 d‘e
2482 637 2731 692 Cbettura
2747 638 2974 693 secunda
2996 638 3110 707 ejus
3125 649 3239 707 post
3262 640 3474 695 Sarrana
3503 641 3530 680 ιι
3567 659 3686 696 eon-

510 728 831 795 pronositmn
881 731 1068 783 mentis
1119 731 1294 784 Thare
1322 731 1572 794 intendit,
1621 732 1742 800 quia
1791 733 2044 801 cogitabat
2143 731 2266 799 juge
2288 740 2436 784 erant
2468 729 2714 784 nascituri
2741 730 3086 798 populorum.
3115 731 3243 784 dicit
3267 732 3319 784 in
3347 733 3687 800 sequentibus

508 817 715 885 quidem
743 833 860 870 cunt
891 835 919 870 a
950 819 1210 872 Cltalda-is
1242 820 1577 889 profugeret,
1631 823 1708 874 ire
1753 822 1807 876 in
1857 832 2048 875 terram

503 905 752 960 Chanaan
781 925 792 959 :
827 909 918 960 sed
949 923 1067 960 cum
1108 907 1279 962 Haran
1310 911 1654 978 perveniens,
1701 920 2046 979 opportunam

507 996 558 1048 in
613 1011 673 1050 ea
720 996 818 1051 sibi
864 998 1076 1064 suisque
1103 1013 1165 1051 ac
1195 1008 1355 1054 tutam
1387 1015 1415 1052 a
1445 998 1813 1054 Chaldrorum
1842 1002 2049 1055 insecu-

511 1087 653 1138 tione
697 1087 877 1140 sedem
935 1089 1150 1155 reperit,
1205 1089 1420 1143 ulterius
1475 1098 1668 1144 terram
1707 1089 1953 1143 Chanaan
1983 1090 2047 1144 ad

509 1177 943 1246 peregrinandum
999 1177 1226 1232 invisere
1277 1181 1593 1246 supersedit,
1637 1181 1728 1234 sed
1760 1182 1809 1234 iu
1838 1181 2050 1234 civitate

501 1268 566 1320 ad
597 1283 749 1336 quam
780 1278 1090 1336 pervenant
1115 1268 1179 1323 ad
1204 1279 1422 1324 mortem
1451 1284 1615 1338 usque
1646 1278 1671 1306 ⁶
1699 1269 2044 1337 pertransiit:

505 1358 573 1410 ita
601 1367 656 1411 at
688 1372 753 1411 ne
779 1358 884 1412 (ilio
905 1359 1115 1428 quidem
1148 1360 1416 1414 Abraham
1439 1375 1500 1415 ac
1528 1369 1720 1429 nepote
1751 1360 1881 1435 Loth
1927 1360 2050 1415 inde

500 1447 565 1498 ad
595 1459 907 1516 praereptum
941 1449 1151 1504 Domini
1176 1451 1514 1518 exeuntibus,
1547 1451 1659 1520 ipse
1679 1467 1743 1506 ex
1776 1467 1836 1506 ea
1864 1453 2046 1521 pedem

501 1550 714 1591 movere
735 1548 960 1592 curaret.
989 1539 1121 1593 Nam
1169 1541 1307 1609 quod
1343 1541 1532 1595 dicitur
1558 1541 1774 1610 ibidem,
1799 1557 1922 1598 cum
1953 1544 2048 1598 ha-

503 1625 674 1680 buerit
697 1628 947 1684 ducentos
984 1641 1040 1684 et
1061 1630 1292 1699 quinque
1324 1649 1523 1694 annos.
1568 1648 1686 1688 esse
1735 1636 2044 1703 defunctus,

502 1713 656 1783 longo
719 1727 835 1782 post
887 1717 1275 1774 abscessionem
1323 1735 1505 1775 eorum
1554 1732 1792 1792 tempore
1850 1723 2046 1778 factum

503 1818 623 1857 esse
643 1815 867 1858 constat.
900 1805 955 1861 Si
982 1807 1191 1876 quidem
1217 1811 1502 1875 Abraham,
1532 1811 1618 1878 qui
1643 1816 2048 1882 septuageuario

505 1904 650 1961 patre
678 1904 835 1948 natus
854 1906 959 1962 est,
995 1875 1323 1968 septuaginta
1355 1875 1584 1968 quinque
1625 1875 1740 1954 erat
1766 1875 2042 1969 annorum,
2080 1875 2121 1929 Β

503 1997 621 2035 cum
650 1984 818 2037 exiret
838 1985 904 2038 de
924 1986 1116 2050 llaran,
1147 1989 1234 2055 qui
1261 1999 1381 2042 sunt
1404 1991 1524 2042 anni
1546 2003 1757 2045 centum
1777 1989 1806 2027 δ
1827 1993 2051 2059 quadra-

505 2074 646 2143 ginta
670 2077 914 2144 quinque.
943 2076 1049 2131 llac
1071 2093 1196 2148 ergo
1225 2090 1376 2135 a'tate
1399 2083 1560 2148 patris
1582 2083 1740 2136 exivit
1765 2083 1832 2137 de
1855 2085 2046 2147 liaran,

507 2164 772 2232 sexaginta
806 2165 1048 2220 videlicet
1101 2177 1222 2222 ante
1268 2170 1474 2224 obitum
1529 2172 1667 2225 illius
1722 2174 1893 2226 annis.
1943 2175 2047 2229 Sed

503 2251 781 2320 Scriptura
819 2267 1039 2309 mortem
1070 2257 1245 2311 Thura
1299 2271 1422 2312 ante
1472 2263 1776 2315 abscessqu
1826 2265 2048 2318 Abrahtn

512 2344 931 2410 praeoccupando
959 2346 1201 2400 adventui
1229 2349 1391 2419 ipsius
1408 2361 1459 2402 et
1481 2350 1789 2404 habitationi
1808 2352 1858 2404 in
1880 2353 2048 2405 llaran

503 2443 584 2483 co-
605 2431 796 2497 junxit,
816 2444 868 2484 ut
885 2434 1133 2503 deinceps
1144 2452 1211 2490 ex
1232 2453 1334 2503 quo
1347 2440 1828 2506 cmpissetliberum
1843 2455 2052 2494 narran-

505 2520 554 2572 di
570 2520 635 2574 de
661 2521 921 2576 Abraham
937 2533 990 2577 et
1012 2525 1145 2579 Loth
1167 2530 1389 2594 spatium
1413 2529 1646 2584 haberet.
1678 2530 1850 2585 Haran
1872 2541 2046 2586 autem

505 2611 689 2663 civitas
736 2624 813 2666 est
849 2615 1234 2682 Mesopotamia:
1262 2629 1406 2673 trans
1433 2617 1672 2675 Edissam
1694 2661 1709 2685 ,
1742 2637 1858 2689 quae
1890 2637 2052 2691 usque

507 2698 663 2751 hodie
695 2709 717 2736 ε
742 2700 941 2753 Charra
982 2703 1207 2768 dicitur,
1258 2707 1395 2772 apud
1447 2708 1709 2764 Romanos
1734 2710 1906 2764 Crassi
1928 2727 2054 2765 con-

507 2789 636 2841 solis
677 2787 909 2852 interitu,
943 2794 1079 2859 apud
1122 2808 1218 2846 nos
1275 2796 1691 2861 patriarcharum
1723 2801 2052 2856 habitatione

511 2879 729 2949 insignis
762 2896 777 2934 :
807 2898 924 2948 qua:
955 2886 1113 2938 etiam
1147 2885 1195 2938 iu
1259 2886 1393 2940 libro
1447 2891 1612 2942 sancti
1663 2889 1828 2944 Patris
1875 2891 2054 2947 Tobiae

505 2968 731 3036 hospitio
778 2969 1056 3040 Rapltaelis
1104 2975 1404 3044 archangeli
1436 2978 1708 3032 nobilitata
1733 2980 1980 3036 refertur.

579 3056 721 3111 Dixit
745 3069 911 3113 autent
943 3061 1180 3115 Dominus
1206 3064 1272 3115 ad
1304 3065 1486 3116 Abram
1510 3084 1521 3116 :
1549 3063 1807 3135 Egredere
1830 3073 1892 3121 de
1920 3079 2052 3122 terra

507 3157 614 3211 tua,
644 3157 690 3202 et
721 3150 783 3203 de
819 3154 1113 3219 cognatione
1166 3162 1282 3215 tua,
1313 3163 1357 3204 et
1387 3156 1449 3206 de
1482 3156 1632 3208 domo
1687 3159 1849 3225 patris
1876 3159 1950 3209 tui
2000 3158 2053 3211 in

2147 820 2210 872 ad
2257 835 2376 872 eum
2406 837 2420 872 :
2455 817 2758 885 Faciamque
2803 828 2850 872 te
2894 835 3112 872 crescere
3157 823 3597 885 uehementissime,
3647 833 3690 874 et

2147 929 2328 980 partam
2351 914 2402 964 in
2431 913 2678 984 gentibus,
2728 914 2949 978 atquein
2979 924 3026 964 te
3065 912 3414 965 benedicentur
3456 913 3691 966 universe

2147 1002 2469 1071 cognationes
2490 1011 2652 1054 teme.
2689 1001 2811 1054 Hac
2837 1014 2916 1055 est
2942 1004 3108 1070 major
3135 1003 3410 1070 superiore
3429 1018 3492 1056 ac
3542 1005 3690 1069 longe

2150 1091 2482 1157 prtestautior
2513 1090 2794 1157 promissio
2827 1090 3226 1144 benedictionis.
3278 1089 3365 1143 Illa
3400 1095 3539 1144 enim
3591 1101 3690 1145 tero

2148 1193 2292 1241 rena,
2330 1180 2440 1231 ικιςε
2467 1179 2700 1232 ctelestis
2724 1189 2845 1233 est:
2877 1180 2996 1248 quia
3047 1180 3295 1233 nimirum
3327 1180 3409 1233 illa
3443 1196 3690 1249 pr0pagao

2151 1268 2344 1322 tionem
2368 1269 2593 1346 carnalis
2622 1269 2799 1334 lsrael,
2832 1269 2929 1323 ista
2971 1269 3222 1336 spiritalis
3240 1269 3502 1335 significat
3545 1286 3562 1321 :
3615 1270 3691 1321 illa

2150 1358 2323 1425 populi
2356 1358 2470 1426 ejus
2498 1359 2584 1426 qui
2609 1358 2676 1412 de
2701 1372 2767 1412 eo
2813 1357 3099 1410 secundum
3147 1371 3362 1411 carnem
3411 1370 3565 1410 natus
3593 1369 3689 1418 est;

2149 1448 2263 1502 haec
2307 1448 2419 1515 ejus
2467 1447 2556 1513 qui
2586 1448 2652 1501 de
2695 1449 2952 1502 universis
3014 1448 3416 1515 cognationibus
3467 1456 3620 1500 terra
3650 1448 3689 1499 in

2148 1541 2363 1596 Christo
2383 1540 2647 1603 salvator,
2677 1541 2729 1594 in
2758 1541 2948 1607 quibus
2970 1550 3095 1592 sunt
3122 1548 3176 1592 et
3206 1539 3278 1592 illi
3307 1539 3616 1605 quicunque
3635 1553 3688 1592 ex

2146 1645 2212 1686 eo
2255 1631 2545 1685 secundum
2572 1643 2787 1684 carnem
2818 1631 2943 1691 nati,
2975 1630 3135 1682 etiam
3167 1627 3413 1695 pietatem
3442 1625 3560 1680 ﬁdei
3587 1628 3692 1693 ejus

2149 1723 2342 1776 imitari
2394 1722 2673 1774 voluerunt
2705 1738 2717 1772 :
2749 1720 2940 1788 quibus
2966 1721 3212 1773 omnibus
3255 1718 3383 1772 dicit
3432 1721 3692 1786 apostolus

2152 1815 2340 1868 Paulus
2373 1831 2384 1865 :
2411 1813 2469 1868 Si
2497 1822 2667 1866 autem
2695 1828 2780 1865 eos
2803 1809 3022 1877 Christi,
3051 1827 3170 1882 ergo
3191 1811 3409 1864 Abram:
3432 1827 3601 1864 semen
3625 1826 3694 1862 es-

2155 1905 2215 1956 tis
2241 1901 2379 1972 (σοι.
2412 1919 2488 1968 Ill,
2524 1900 2630 1964 i9).
2681 1901 2828 1967 Quod
2869 1915 2996 1970 ergo
3038 1902 3112 1954 ait
3143 1918 3155 1952 :
3183 1914 3329 1969 atque
3356 1900 3407 1951 in
3433 1908 3481 1952 te
3502 1901 3693 1952 benedi-

2153 2005 2323 2044 centur
2345 1992 2586 2045 universus
2605 1991 2919 2060 cognationes
2974 2001 3138 2051 terra,
3173 1991 3274 2042 tale
3296 1999 3375 2041 est
3402 2003 3465 2040 ac
3494 1990 3535 2040 si
3563 1989 3692 2042 dioe-

2153 2093 2250 2145 ret,
2285 2089 2339 2133 et
2366 2083 2416 2132 in
2452 2084 2655 2134 semine
2684 2091 2774 2132 tuo
2806 2079 3181 2132 b-nedicentur
3239 2077 3451 2129 familiae
3506 2089 3688 2129 terrae:

2154 2181 2209 2222 ut
2236 2171 2374 2223 enim
2407 2169 2642 2236 Apostoli
2683 2169 2865 2222 verbis
2894 2171 3099 2236 loquar,
3151 2170 3202 2220 in
3255 2167 3449 2219 lumbis
3483 2167 3692 2220 Αιυηιιε

2151 2267 2264 2322 erat
2283 2258 2440 2312 Maria
2467 2260 2574 2324 jam
2603 2269 2747 2322 tunc,
2770 2258 2836 2310 de
2859 2273 2958 2324 qua
2987 2256 3284 2308 nasciturus
3305 2270 3414 2307 erat
3441 2256 3690 2314 Christus,

2153 2347 2364 2412 quando
2411 2347 2523 2399 haec
2566 2346 2875 2400 dicebantur
2919 2345 2987 2396 ad
3024 2358 3165 2394 eum.
3201 2343 3264 2396 Et
3296 2346 3429 2394 mira
3462 2357 3695 2411 supernae

2159 2444 2180 2470 ο
2200 2435 2520 2502 dispensatio
2533 2433 2828 2487 severitatis
2843 2446 2904 2485 ac
2921 2430 3148 2499 pietatis.
3165 2429 3692 2485 Convenientesenint

2155 2524 2219 2575 ad
2247 2536 2375 2590 Opus
2404 2524 2686 2588 superbum
2719 2521 2994 2582 homines,
3032 2521 3240 2586 plurimi
3271 2519 3438 2573 dividi
3469 2523 3535 2572 ab
3565 2520 3694 2573 inri-

2154 2631 2270 2670 cem
2302 2630 2393 2683 per
2415 2614 2653 2669 diversas
2682 2614 2883 2682 linguas
2902 2622 2953 2666 ει
2981 2612 3326 2679 cognationes
3354 2621 3652 2664 meruerunt
3681 2627 3692 2661 :

2160 2705 2463 2771 relinquens
2492 2718 2618 2758 vero
2640 2703 2961 2771 provinciam
2991 2703 3129 2755 illam
3153 2717 3318 2766 unus,
3350 2713 3403 2756 et
3433 2701 3692 2768 sptuntead

2158 2793 2432 2859 imperium
2462 2790 2948 2854 Dominiexsulans,
2978 2805 3163 2844 omnes
3190 2792 3241 2843 in
3264 2804 3324 2844 se
3353 2801 3556 2859 gentes.
3591 2804 3694 2856 qua

2160 2881 2211 2933 in
2240 2879 2399 2933 variis
2428 2887 2577 2933 erant
2601 2878 2885 2946 provinciis
2907 2893 2968 2932 ac
2990 2878 3181 2946 linguis
3208 2878 3413 2942 divisa,
3442 2879 3694 2932 communi

2161 2969 2529 3023 benedictione
2574 2968 2950 3037 recolligendas
2997 2968 3216 3020 audivit.
3249 2967 3546 3021 Notandum
3577 2981 3693 3020 sane

2158 3063 2295 3128 quod
2331 3061 2454 3115 licet
2490 3076 2519 3113 a
2565 3060 2840 3113 nativitate
2877 3060 3100 3112 Abrahae
3151 3058 3304 3112 tertia
3353 3071 3485 3112 atas
3530 3057 3694 3110 mundi

2159 3150 2448 3220 computari
2520 3153 2706 3212 soleat,
2769 3149 2866 3202 hoc
2913 3157 3086 3202 tamen
3141 3148 3358 3201 oraculo
3411 3147 3618 3201 Domini
3641 3147 3698 3196 att

510 3245 694 3288 terrent
719 3214 1234 3305 quaru'rnonstrattero
1263 3214 1369 3305 tibi,
1396 3214 1743 3310 faciantque-te
1767 3245 1817 3298 in
1857 3256 2050 3315 gentem
2077 3214 2127 3277 ϐ
2160 3214 2420 3296 Abraham
2463 3239 2762 3309 specialiter
2813 3241 3105 3293 secundum
3145 3239 3310 3307 ipsam
3339 3237 3695 3291 sufficientiam

511 3340 766 3393 magnam,
788 3335 836 3376 et
865 3326 1147 3379 benedicam
1175 3329 1285 3392 tibi,
1315 3338 1359 3380 et
1386 3331 1716 3400 magniﬁcobo
1764 3349 1940 3388 nomen
1975 3345 2054 3389 tu-

508 3435 620 3484 um,
647 3420 847 3484 erisque
871 3415 1174 3470 benedictus.
1196 3417 1324 3487 Quia
1355 3420 1598 3475 distincte
1625 3422 1846 3492 loquens
1880 3425 2054 3479 Domi-

514 3524 632 3570 nus,
670 3518 887 3573 terram,
935 3513 1303 3577 cognationem
1350 3520 1403 3564 et
1446 3511 1657 3565 domum
1706 3515 1867 3581 patris
1903 3515 2053 3586 dicit,

510 3606 646 3649 terra
669 3597 888 3648 Ahraha
903 3607 986 3650 est
1004 3597 1340 3666 intelligenda
1360 3599 1409 3651 in
1435 3605 1648 3667 regione
1665 3603 2050 3671 Chaldmorum,

516 3686 652 3738 unde
695 3685 804 3754 jam
841 3696 1134 3740 recesserat
1161 3705 1172 3738 :
1200 3691 1438 3756 cognatio
1462 3691 1605 3758 ejus,
1661 3693 1821 3748 frater
1850 3696 2056 3751 Nachor

520 3794 638 3832 cum
663 3778 856 3832 familia
882 3793 1005 3843 sua,
1052 3795 1205 3848 quam
1243 3783 1349 3847 jam
1397 3784 1716 3850 reliquerat:
1750 3785 1944 3839 Domus
1968 3803 2059 3854 pa-

526 3870 643 3932 tris,
669 3872 719 3922 in
758 3886 858 3939 qua
889 3881 1009 3924 tunc
1039 3874 1282 3925 manebat
1312 3873 1360 3925 in
1393 3874 1585 3926 llaran.
1634 3875 1906 3940 Quomodo
1933 3893 2057 3947 ergo

518 3970 640 4012 tunc
662 3976 778 4015 cum
809 3963 967 4014 domo
982 3964 1140 4029 patris
1155 3963 1220 4016 de
1249 3972 1383 4015 terra
1410 3979 1616 4031 quoque
1641 3974 1694 4018 et
1721 3969 2054 4035 cognatione,

517 4051 583 4102 de
612 4066 710 4114 qua
737 4051 841 4117 jam
861 4065 1102 4118 egressus
1123 4065 1239 4104 esse
1264 4051 1445 4104 videba
1473 4068 1554 4115 ur,
1583 4069 1719 4106 nunc
1741 4057 1883 4109 exire
1904 4057 2054 4123 jube-

513 4151 586 4193 tut
609 4141 632 4191 ?
658 4139 764 4194 Nisi
794 4140 929 4193 forte
968 4142 1362 4211 intelligendum
1409 4144 1546 4210 quod
1579 4159 1642 4198 eo
1673 4149 1959 4215 proposito,
2000 4160 2055 4205 ut
2083 4163 2089 4170 ‘

511 4243 666 4295 supra
712 4230 819 4298 jam
851 4227 1098 4293 diximus,
1150 4232 1216 4284 tle
1245 4240 1380 4284 terra
1429 4233 1577 4288 etde
1606 4237 1917 4304 cognatione
1963 4255 2054 4294 sua

509 4333 630 4372 cum
660 4329 874 4387 parente
902 4320 1123 4385 exierat,
1150 4330 1204 4373 ut
1231 4322 1294 4374 ad
1321 4323 1476 4386 hanc,
1520 4327 1870 4380 reconciliatis
1893 4328 2052 4383 Chal-

510 4408 661 4470 daeis,
694 4421 805 4460 :evo
823 4419 1076 4475 sequente
1099 4412 1333 4464 rediret:
1362 4415 1443 4466 cui
1468 4430 1606 4468 nunc
1628 4432 1654 4466 a
1681 4417 1902 4471 Domino
1926 4435 2056 4487 prae-

2157 3349 2333 3388 rernm
2353 3373 2366 3394 ,
2401 3335 2566 3386 tertiae
2602 3330 2772 3385 aetatis
2796 3338 2924 3382 sunt
2952 3327 2969 3367 ί
3017 3337 3322 3382 con~ecrata
3377 3327 3658 3396 primordia
3686 3343 3696 3374 :

2157 3423 2412 3490 siquidem
2435 3432 2557 3474 tunc
2585 3435 2765 3474 semen
2783 3431 3018 3473 sanctum
3042 3434 3072 3470 a
3094 3417 3393 3472 nationibus
3421 3427 3698 3475 secretum,

2158 3524 2211 3568 ει
2255 3511 2550 3564 nasciturus
2580 3523 2744 3562 exeo
2775 3508 3015 3562 Salvator
3041 3506 3278 3560 omnium
3306 3506 3545 3575 gentium
3577 3518 3697 3573 pra:-

2159 3600 2327 3655 dictus
2381 3610 2459 3654 est
2527 3617 2537 3650 2
2593 3611 2759 3667 usque
2805 3597 2872 3649 ad
2921 3596 3022 3650 hoc
3078 3598 3223 3648 enim
3269 3604 3479 3663 tempus
3533 3593 3700 3646 ﬁdeles

2159 3691 2349 3759 ctjusti
2381 3704 2563 3743 omnes
2587 3688 2672 3742 illa
2702 3689 2824 3742 vitae
2853 3695 2877 3734 I
2903 3686 3126 3741 moralis
3143 3686 3365 3740 scientia
3407 3686 3703 3744 utebantur.

2161 3783 2186 3817 ιι
2210 3797 2364 3849 quam
2396 3780 2474 3833 vel
2505 3790 2685 3833 natura
2714 3778 2847 3832 duce
2866 3785 3148 3840 noverant,
3171 3777 3252 3828 vel
3269 3788 3549 3842 parentum
3579 3773 3700 3826 doc-

2162 3871 2295 3923 trina
2326 3870 2646 3936 originaliter
2668 3879 2937 3920 traxerunt
2961 3884 2974 3919 :
2999 3883 3135 3921 nunc
3154 3876 3328 3920 autem
3350 3867 3701 3935 cognitiones-

2163 3975 2256 4027 per
2275 3933 2488 4025 operam
2512 3958 2668 4007 etiam
2693 3957 2895 4007 venturi
2921 3957 2972 4007 itt
2994 3969 3151 4008 carne
3176 3955 3496 4015 Salvatoris,
3531 3955 3584 4006 in
3611 3967 3708 4016 quo

2159 4055 2302 4101 esset
2329 4044 2624 4100 benedictio
2682 4053 2737 4098 et
2788 4043 2930 4114 salus
2966 4043 3210 4095 omnibus
3235 4043 3434 4095 sanctis
3467 4051 3705 4097 ventura.

2161 4151 2214 4192 et
2240 4135 2323 4190 his
2350 4133 2590 4189 videlicet
2615 4133 2703 4202 qui
2735 4133 3152 4187 incarnationem
3175 4131 3290 4200 ejus
3316 4132 3463 4199 prius
3488 4145 3707 4186 nascen-

2159 4228 2228 4282 do
2263 4225 2278 4264 ί
2315 4225 2709 4295 νιεεεόετεηι,
2746 4232 2801 4278 ει
2831 4224 2981 4278 nobis
3014 4223 3101 4290 qui
3156 4223 3416 4290 posterius
3465 4225 3582 4277 uati
3628 4236 3710 4291 per

2162 4331 2350 4369 nomen
2380 4315 2615 4382 ejusdem
2643 4313 2847 4367 Domini
2876 4313 3023 4377 Jesu,
3043 4322 3104 4367 nt
3126 4312 3308 4368 Petrus
3327 4315 3420 4378 ait,
3447 4315 3712 4370 meditans

2159 4401 2348 4454 sa!vari
2379 4403 2819 4469 quemadmodum
2843 4412 2896 4455 et
2919 4401 3007 4454 illi.

507 4495 698 4562 cipitur
723 4505 779 4547 ut
807 4508 834 4546 a
869 4498 1152 4563 repetenda
1178 4497 1426 4597 ICt-taldzea
1483 4507 1810 4597 propositum
1862 4511 2052 4563 mentis
2079 4536 2132 4597 υ
2228 4510 2472 4582 Egressus
2503 4519 2573 4563 est
2597 4513 2763 4577 itaque
2784 4512 3120 4564 Abrant'sicut
3147 4525 3456 4576 μητερα-σι
3478 4514 3530 4566 ei
3553 4496 3714 4567 Dani-

509 4595 732 4649 avertat,
765 4601 862 4639 nec
908 4601 1010 4639 non
1042 4596 1095 4640 et
1141 4589 1208 4640 ab
1239 4589 1620 4645 inhabitatinne
1665 4593 2054 4664 Mesopotamia:

513 4686 743 4728 intentent
769 4675 925 4729 simul
951 4688 1002 4732 et
1030 4692 1222 4746 corpus
1250 4679 1474 4743 auferat,
1511 4682 1798 4752 relictaque
1832 4698 1972 4740 terra
2004 4689 2054 4744 in

509 4778 611 4827 qua
633 4765 820 4818 civitas
850 4768 1114 4836 superbia:
1137 4769 1291 4834 facta,
1317 4786 1376 4824 ac
1402 4771 1620 4827 Domino
1639 4772 1909 4841 iudicante
1929 4794 2058 4833 con-

511 4941 896 4994 lienedictionis
918 4946 1195 5014 acciperet,
1222 4963 1516 5015 novamque
1532 4966 1594 5005 ex
1614 4967 1672 5006 se
1698 4969 1759 5006 ac
1784 4959 2057 5024 meliorem

514 5034 813 5101 progeniem
834 5033 952 5088 fidei
983 5046 1035 5087 et
1063 5037 1374 5092 oboedientia!
1390 5055 1501 5093 suae
1525 5046 1714 5115 merito
1734 5060 2055 5114 procrearet.

509 5123 662 5187 Quod
691 5123 830 5176 enim
859 5123 949 5189 ait,
981 5123 1261 5194 faciamque
1290 5140 1334 5180 te
1369 5131 1421 5181 in
1450 5142 1642 5198 gentem
1695 5147 1947 5205 stagnant,
1991 5144 2055 5193 ad

518 5213 764 5277 pupulum
819 5211 981 5265 Israel
1038 5215 1244 5281 proprie
1296 5218 1542 5283 pertinet.
1576 5219 1704 5276 Nam
1734 5224 1800 5280 de
1836 5227 2056 5281 aliarum

516 5302 854 5367 generatione
918 5302 1190 5357 nationum
1251 5320 1365 5374 qua:
1394 5307 1460 5362 de
1491 5308 1582 5364 illo
1611 5313 1855 5370 similiter
1906 5326 2058 5372 erant

590 5471 612 5494 ⁸
655 5459 735 5528 ᾼΙ.
749 5503 762 5524 ,
784 5463 1066 5528 pertransit.

587 5531 616 5569 δ
643 5525 748 5587 AL,
780 5525 936 5581 Lxxv.

594 5605 613 5626 ί·
647 5598 752 5657 AL,
779 5594 991 5650 Carran.

587 5657 615 5693 ⁴
651 5664 707 5733 Al
737 5702 750 5725 ,
777 5666 1060 5733 cottjttgem.

588 5730 744 5795 'Al.,
790 5730 1155 5800 dispensatione
1201 5739 1471 5792 severitatis
1517 5756 1576 5794 ac
1620 5744 1815 5812 pietatis
1870 5760 2053 5802 conve-

2161 4619 2275 4667 nus,
2303 4611 2351 4654 et
2373 4602 2457 4654 ivit
2478 4615 2591 4653 cum
2609 4615 2665 4651 eo
2689 4597 2838 4651 Loth.
2869 4599 3204 4666 Septuaginta
3222 4600 3442 4669 quinque
3464 4617 3713 4654 aurata

2159 4703 2259 4746 erat
2290 4695 2472 4745 Abram
2497 4707 2608 4743 cum
2629 4690 2943 4759 egrederetur
2970 4688 3034 4740 de
3064 4687 3263 4740 Horon.
3309 4689 3500 4744 Claret
3526 4707 3596 4747 ex
3627 4693 3717 4745 hoc

2108 4839 2114 4845 _
2160 4801 2379 4838 numero
2406 4797 2663 4836 annorum
2687 4781 2936 4846 Abrahae,
2967 4780 3083 4846 quia
3103 4781 3310 4835 vivente
3339 4782 3525 4838 adhuc
3552 4794 3712 4852 patre.

517 4853 539 4903 t
544 4867 631 4903 usa
659 4862 763 4917 est,
790 4855 991 4907 veniret
1012 4858 1063 4909 in
1095 4867 1310 4920 terram,
1364 4859 1414 4911 in
1441 4875 1540 4926 qua
1570 4863 1788 4928 gratiam
1816 4879 2058 4933 superna
2123 4874 2131 4878 ’

2159 4884 2210 4924 ιιι
2241 4887 2392 4936 supra
2423 4871 2721 4937 expositum
2749 4878 2863 4933 est,
2901 4868 2968 4922 de
2992 4869 3162 4925 llaran
3189 4871 3415 4925 exierat.
3452 4871 3717 4927 Numerus

2158 4972 2331 5015 autem
2363 4962 2449 5014 ille
2469 4961 2793 5031 septuaginta
2818 4969 2873 5013 et
2903 4961 3134 5032 quinque
3163 4977 3426 5015 annorum
3464 4963 3718 5032 mysticus

2160 5065 2280 5106 esse
2303 5065 2405 5104 non
2433 5061 2518 5104 est
2543 5051 2914 5115 dubitandum,
2947 5053 3070 5106 dum
3101 5053 3153 5105 in
3183 5067 3248 5105 eo
3270 5060 3323 5104 et
3348 5050 3469 5117 ipse
3502 5052 3720 5120 promis-

2159 5142 2365 5194 sionem
2396 5140 2588 5194 divina:
2620 5142 3003 5196 benedictionis
3023 5143 3246 5208 accepit,
3273 5150 3327 5193 et
3352 5139 3514 5196 Isaac
3563 5142 3716 5197 ﬁliam

2158 5228 2394 5297 ejusdem
2425 5229 2806 5284 benedictionis
2856 5229 3119 5283 heredem
3170 5227 3382 5297 reliquit
3431 5231 3720 5289 mbas:

2157 5316 2223 5372 de
2250 5332 2353 5385 quo
2377 5327 2434 5374 ut
2463 5318 2696 5373 breviter
2725 5318 2982 5382 dicamus,
3005 5317 3335 5389 septuaginta
3366 5321 3501 5390 quia
3533 5325 3720 5390 septies

2157 5484 2357 5545 men-ter.

2230 5542 2246 5578 ί
2281 5542 2388 5605 AL,
2417 5544 2703 5596 constituta.

2226 5619 2250 5657 ι
2281 5611 2360 5663 ΑΙ.
2374 5655 2388 5676 ,
2416 5613 2658 5664 mortalis.

2226 5681 2250 5713 δ
2278 5678 2385 5742 AL,
2410 5680 2548 5746 quia.

2232 5746 2246 5784 ί
2284 5749 2396 5818 AL,
2425 5758 2797 5817 prccesserunt.

3813 2176 3815 2273 φ
