3866 6248
109 438 195 490 I37

1313 411 1775 472 ﬂl‘.XAEME|lU.\'
1819 411 1942 464 LIB.
1987 409 2064 463 Ill.

3194 404 3285 456 153

103 546 214 602 άτηῇ
251 549 404 601 sunt,
462 535 836 605 perfectionem
887 534 1038 585 bona:
1088 529 1361 596 designant
1393 521 1635 584 actionis,
1669 522 1716 578 Α
1743 520 1936 572 animos
1970 533 2092 584 quas
2117 517 2336 585 fecerant
2358 515 2407 566 in
2435 512 2480 565 ll
2501 527 2645 575 ναις
2669 521 2713 563 rt
2734 513 2918 579 egressi
2945 521 3131 564 suntut
3162 513 3287 564 irent

103 650 214 689 cum
244 629 488 684 mandata
517 625 754 694 decalogi
796 639 890 690 per
915 621 1134 690 gratiam
1180 617 1408 685 Spiritus
1455 614 1640 678 sancti,

103 736 213 791 qua:
237 717 556 786 semiformis
605 729 632 766 a
677 711 930 782 propheta
953 707 1288 771 describitur,
1319 705 1592 770 impleth
1629 717 1640 750 ε

101 810 284 878 quibus
312 806 539 874 quinque
559 800 1068 870 auperadjiciuutur,
1091 805 1148 849 ut
1173 796 1226 850 in
1248 794 1449 848 cunctis
1480 791 1644 845 nostri

101 896 333 964 corporis
357 892 602 948 settsibus
631 890 814 944 eadem
866 888 1043 940 divina
1075 893 1338 953 praecepta
1365 922 1380 946 ,
1430 882 1648 948 juvaute

103 985 322 1053 Spiritus
347 991 534 1050 gratia,
573 979 842 1031 faciamus.
875 974 1213 1042 Septuaginta
1232 970 1526 1040 etquinque
1553 985 1647 1020 au-

105 1088 286 1130 norum
332 1079 448 1125 erat
478 1069 671 1122 Abram
707 1064 912 1134 quando
942 1064 1007 1116 ad
1053 1071 1377 1129 praeceptum
1427 1059 1539 1112 sive
1585 1057 1648 1108 ad

105 1160 356 1230 promissa
385 1155 592 1210 Domini
613 1154 794 1208 exiens
815 1152 880 1204 de
911 1151 1106 1213 Ilaran,
1138 1161 1333 1203 terram
1365 1144 1642 1213 repromis-

106 1249 270 1305 sionis
299 1245 546 1307 intravit;
573 1251 629 1295 ut
655 1241 1028 1296 ostenderetur
1046 1237 1168 1306 quia
1187 1247 1239 1290 et
1259 1238 1367 1304 ipse
1389 1249 1482 1302 per
1505 1231 1651 1286 auxi-

104 1339 230 1394 lium
259 1335 485 1403 Spiritus
505 1369 523 1398 ,
580 1329 1033 1384 auatbematizatis
1062 1326 1326 1381 erroribus
1351 1323 1651 1392 Babylonia:

105 1423 546 1486 conversationis,
600 1421 692 1474 Dei
722 1429 980 1489 praecepta
1027 1425 1289 1479 servaret;
1340 1426 1389 1468 et
1445 1413 1545 1465 hoc
1599 1412 1648 1464 itt

106 1508 249 1572 omni
279 1515 418 1584 quod
463 1513 544 1566 vel
592 1509 817 1564 vivendo
870 1511 950 1562 vel
980 1506 1240 1561 audiendo
1269 1505 1350 1559 vel
1397 1502 1652 1574 gustaudo

108 1606 192 1661 vel
224 1605 485 1673 tangendo
507 1601 742 1670 gerebat,
773 1613 840 1654 ne
859 1598 982 1666 quid
1005 1611 1222 1666 prorsus
1241 1596 1293 1650 in
1316 1607 1412 1648 suo
1433 1607 1653 1660 corpore

104 1701 264 1760 esset,
297 1692 435 1760 quod
462 1706 565 1745 non
590 1688 907 1743 obedientite
947 1695 1327 1755 praeceptorum
1357 1683 1652 1739 ecclestium

107 1785 247 1838 dono
269 1783 498 1851 Spiritus
526 1779 693 1848 ipsius
717 1778 1012 1833 illustratus
1053 1785 1107 1830 et
1133 1775 1344 1842 adjutus
1376 1770 1653 1839 impende-

1744 607 1794 658 in
1820 619 2003 660 terram
2035 604 2297 658 Chanaan.
2345 602 2493 667 Quo.
2530 600 2668 652 tlisit
2694 600 2887 651 animos
2917 616 3040 666 quas
3071 600 3290 667 fecerant

1746 706 1841 765 pro
1868 709 1934 748 eo
1954 695 2179 761 positum
2211 701 2287 746 est
2311 730 2326 756 ,
2355 699 2411 743 ut
2438 689 2634 744 diceret
2661 687 2794 742 filios
2823 704 2954 755 quos
2982 701 3290 754 gruuerant.

1745 785 1892 840 Solet
1947 784 2089 836 enim
2146 781 2198 835 in
2253 779 2536 845 Scripturis
2586 777 2742 831 homo
2779 777 3059 843 aliptaudo
3103 780 3291 833 anitum

1747 875 1932 936 solius,
1958 872 2245 939 aliquando
2268 870 2442 925 carnis
2471 869 2683 923 nomine
2711 869 2872 922 solius
2893 869 3132 924 indicari.
3167 873 3291 926 Aut-

1749 979 1878 1028 tuae,
1911 963 2046 1023 sicut
2091 961 2289 1014 diotum
2319 969 2400 1013 est
2445 975 2455 1010 :
2499 959 2665 1010 animo
2711 954 2822 1025 qua:
2849 960 3157 1026 peccarerit,
3184 961 3294 1022 ipsa

1751 1051 1988 1102 morietur
2008 1048 2219 1118 (Επειδὴ.
2245 1047 2533 1116 svnt,20);
2585 1051 2782 1107 carnis,
2839 1057 2895 1100 ut
2931 1047 2980 1098 in
3036 1045 3284 1114 Psaltnu:

1749 1150 1801 1191 at
1828 1148 1873 1190 te
1893 1139 2051 1190 omnis
2073 1154 2188 1190 caro
2204 1138 2358 1190 veniet
2391 1134 2558 1206 (Paul.
2580 1149 2730 1200 utv,
2755 1135 2831 1204 5),
2849 1151 2966 1188 cunt
2987 1153 3156 1208 neque
3175 1152 3301 1190 mro

1751 1229 1864 1282 sine
1893 1229 2068 1282 anima
2097 1229 2158 1281 ad
2191 1230 2351 1282 Deum
2385 1229 2585 1294 venire,
2605 1240 2773 1291 neque
2803 1227 2916 1280 sine
2945 1243 3104 1280 carne
3132 1230 3299 1294 possit

1753 1320 1926 1372 anima
1952 1333 2173 1388 peccare
2190 1361 2202 1382 ,
2229 1319 2321 1373 sed
2343 1325 2554 1386 pr0pter
2574 1332 2728 1370 uuam
2751 1327 2948 1385 partem
2973 1327 3112 1369 totus
3138 1319 3295 1370 ltomu

1753 1409 2006 1477 signetur.
2055 1409 2233 1476 Neque
2261 1423 2326 1464 ex
2357 1408 2455 1462 hac
2484 1408 2746 1461 sententia
2774 1407 3058 1476 quidquam
3107 1407 3297 1463 habent

1753 1509 1932 1586 auxilii
1962 1509 2051 1576 qui
2085 1509 2221 1562 sicut
2271 1521 2481 1560 carnem
2537 1520 2602 1560 ex
2654 1520 2834 1570 carne,
2893 1505 2963 1559 ita
3016 1520 3084 1560 ex
3130 1506 3303 1561 anima

1753 1598 1977 1650 animam
2007 1595 2270 1649 aestimant
2301 1594 2568 1662 procreari
2605 1612 2615 1645 ε
2643 1609 2766 1648 cum
2799 1594 3063 1648 vocabulo
3091 1595 3302 1655 animm,

1757 1695 1812 1740 ut
1835 1685 2080 1747 diximus,
2117 1694 2254 1736 totus
2287 1685 2444 1736 homo
2488 1683 2811 1751 designetur.
2863 1683 3078 1736 Animas
3125 1693 3297 1737 autem

1759 1775 1974 1836 fecisse,
2028 1773 2076 1825 id
2126 1783 2228 1836 cst,
2268 1773 2470 1826 animas
2510 1786 2820 1840 procreasse
2870 1773 2920 1825 in
2974 1773 3142 1825 llaran
3195 1791 3298 1827 ttou

109 1882 207 1936 ret,
237 1881 290 1926 et
312 1839 563 1924 omnibus
585 1882 792 1937 quoque
811 1865 1009 1922 eisdem
1032 1839 1395 1932 promissionis
1422 1859 1650 1915 beredi-
1684 1839 1729 1899 Β
1761 1865 2026 1918 Abraham
2051 1872 2110 1915 et
2136 1861 2300 1923 Loth,
2336 1862 2427 1914 sed
2452 1839 2661 1914 familite
2710 1875 2892 1914 eorum
2943 1872 2995 1914 et
3041 1861 3300 1914 vernaculi

109 1963 208 2016 bus
256 1960 417 2012 simili
461 1957 646 2011 ordine
687 1958 846 2010 vitam
889 1953 1182 2008 ducendam
1237 1965 1354 2005 esse
1405 1950 1652 2017 signaret.

110 2049 240 2104 Nam
277 2055 334 2101 et
359 2047 459 2100 hoc
486 2045 626 2113 quod
649 2045 737 2098 ille
761 2045 940 2112 jussus
967 2043 1095 2096 exiit
1123 2041 1189 2094 de
1217 2050 1354 2093 terra
1383 2047 1437 2091 et
1464 2053 1658 2105 cogna-

112 2138 260 2191 tione
289 2143 345 2189 et
380 2134 448 2188 de
494 2133 651 2188 domo
683 2133 846 2202 patris
875 2133 978 2194 sui,
1011 2130 1266 2184 universis
1295 2127 1658 2197 promissionis

115 2226 283 2291 ipsius
315 2222 454 2286 tiliis,
488 2222 541 2274 in
569 2222 754 2288 quibus
777 2229 828 2274 et
860 2233 954 2272 nos
979 2233 1181 2279 sumus,
1209 2226 1415 2270 constat
1436 2214 1660 2268 imitan-

113 2315 262 2367 dum.
298 2312 606 2381 Egredimur
627 2313 820 2381 quippe
846 2310 914 2364 de
940 2319 1076 2365 terra
1109 2318 1312 2371 nostra,
1343 2323 1462 2361 cum
1486 2306 1660 2360 carnis

117 2402 410 2469 voluptates
438 2399 775 2463 abdicamus;
804 2399 871 2452 de
913 2399 1225 2467 cognatione
1277 2407 1491 2460 nostra,
1539 2410 1661 2449 cum
1692 2390 1710 2396 ’

117 2491 258 2544 vitiis
295 2490 536 2543 omnibus
574 2505 692 2543 cum
737 2490 924 2558 quibus
957 2490 1064 2543 nati
1091 2502 1292 2551 sumus,
1327 2489 1378 2541 in
1406 2498 1661 2556 quantum

121 2581 424 2636 hominibus
459 2582 703 2648 possibile
731 2593 832 2649 est,
888 2595 984 2635 nos
1013 2595 1207 2635 exuere
1255 2579 1555 2654 studemus;
1601 2578 1667 2632 tle

122 2671 282 2724 domo
310 2670 470 2738 patris
513 2672 704 2736 nostri,
728 2686 847 2723 cum
881 2673 1050 2737 ipsum
1090 2670 1341 2723 mundum
1371 2668 1667 2736 relinquere

114 2772 233 2810 cum
265 2757 496 2824 principe
525 2771 619 2809 suo
647 2757 856 2810 diabolo
877 2759 999 2810 vita:
1025 2757 1262 2811 celestis
1309 2769 1489 2808 amore
1539 2768 1667 2806 con-

117 2843 402 2898 tendimus.
427 2843 620 2897 Omnes
642 2843 780 2897 enim
803 2853 1018 2911 propter
1041 2853 1244 2898 reatum
1277 2841 1667 2911 prasvaricatio-

118 2935 200 2989 uis
249 2935 438 3004 prima:
481 2935 578 2988 filii
627 2935 816 2988 diaboli
848 2933 1159 2988 'nascitnur
1209 2933 1261 2986 in
1308 2933 1536 2996 mundo;
1575 2931 1667 2985 sed

120 3038 214 3092 per
237 3026 460 3094 gratiam
484 3024 898 3091 regenerationis
921 3023 1115 3091 quique
1141 3021 1206 3075 ad
1230 3036 1408 3075 semen
1438 3019 1667 3074 Abrahae

119 3118 470 3184 pertinemus,
492 3115 586 3168 lilii
621 3114 712 3168 Dei
741 3113 1026 3178 eflitcimur,
1045 3114 1250 3167 dicente
1279 3113 1448 3173 nobis.
1483 3111 1534 3166 id
1563 3119 1669 3174 est,

124 3206 386 3261 Ecclesia:
411 3219 540 3267 sua,
588 3204 744 3258 Patre
774 3214 954 3258 nostro
981 3205 1067 3271 qui
1099 3212 1180 3256 est
1219 3204 1269 3256 iu
1296 3203 1444 3257 cmlis
1471 3218 1483 3253 :
1515 3202 1670 3267 Audi,

119 3293 253 3360 ﬁlia,
271 3303 319 3345 et
341 3293 470 3357 ride,
494 3302 540 3345 et
563 3293 748 3346 inclina
769 3307 942 3344 aurem
967 3302 1124 3354 tuam,
1146 3302 1190 3342 et
1211 3291 1495 3344 obliviscere
1517 3306 1675 3359 popu-

120 3382 226 3431 lum
249 3388 396 3433 tuum
411 3389 462 3434 et
487 3381 691 3432 domum
719 3379 876 3448 patris
921 3379 994 3431 tui
1020 3377 1186 3445 (Psal.
1212 3392 1350 3440 μιν,
1377 3378 1467 3446 ll)
1501 3397 1512 3429 :
1541 3378 1677 3430 unde

125 3470 264 3525 bene
307 3471 504 3537 llaran,
528 3471 594 3524 de
623 3485 723 3538 qua
745 3483 987 3538 egressus
1006 3480 1088 3523 est
1111 3457 1393 3533 Abraham,
1419 3467 1494 3521 Ira
1517 3467 1677 3519 inter-

125 3569 392 3627 pretatur.
421 3559 698 3626 Chanaan,
729 3559 792 3612 ad
821 3558 974 3626 cujus
1003 3567 1196 3611 terram
1222 3557 1487 3616 invitatur,
1516 3555 1678 3609 Muta-

125 3659 208 3701 tus
233 3652 350 3702 sive
371 3647 670 3714 Negotiator
697 3647 914 3700 dicitur.
941 3645 1052 3698 Non
1076 3659 1201 3712 ergo
1238 3645 1385 3696 solus
1413 3644 1675 3697 Abraham

120 3752 243 3789 cum
277 3737 443 3789 fratre
473 3736 605 3789 Loth
636 3723 880 3803 egressus
900 3742 982 3788 est
1011 3733 1287 3796 dellaran,
1314 3742 1368 3784 ut
1401 3733 1606 3787 veniret
1626 3733 1679 3796 iu

124 3833 327 3879 terram
357 3825 605 3878 Utattaau
626 3864 642 3888 ,
673 3823 766 3876 sed
798 3831 850 3877 et
879 3836 1065 3876 omnes
1108 3821 1256 3875 electi
1305 3822 1392 3887 qui
1425 3822 1530 3874 nati
1557 3828 1682 3876 sunt

125 3916 342 3970 lavacro
395 3913 830 3983 regenerationis,
882 3920 1076 3966 exeunt
1127 3911 1358 3977 profecto
1410 3910 1478 3966 de
1507 3909 1678 3966 Haran

125 4006 452 4074 veniuntqne
481 4005 532 4056 in
558 4015 747 4058 terram
775 4003 1054 4066 Chanaan;
1103 4001 1195 4056 sed
1227 4012 1280 4055 et
1305 4016 1488 4056 omnes
1522 4003 1679 4055 electi

122 4109 244 4146 cum
290 4095 426 4145 iram
467 4092 618 4159 primi
652 4100 828 4145 reatus
856 4091 906 4144 in
960 4089 1216 4166 vitte‘suz
1241 4098 1376 4142 statu
1399 4128 1413 4153 ,
1444 4089 1680 4141 abdicata

123 4183 523 4236 consuetudine
575 4181 859 4242 vitiorum,
909 4180 1185 4232 virtutibus
1240 4178 1502 4247 operamb
1533 4179 1678 4240 dant,

125 4283 178 4323 et
199 4271 517 4325 felicissimo
537 4268 852 4321 commercio
875 4268 1246 4333 temporalibus
1269 4268 1516 4320 insistunt
1539 4266 1682 4318 labo-

126 4361 300 4422 ribus,
332 4366 392 4409 nt
419 4367 609 4410 interna
641 4355 853 4422 praemia
880 4363 1295 4422 consequantur;
1329 4365 1564 4407 terrenas
1604 4354 1682 4405 dio

1766 1951 2087 2018 intelligendi
2112 1959 2268 2004 sunt:
2298 1965 2418 2002 nam
2450 1949 2591 2016 ipsos
2631 1949 2960 2018 patriarchas
2984 1950 3152 2003 adhuc
3179 1951 3304 2004 abs-

1759 2056 1859 2106 que
1909 2040 2086 2092 ltthis
2141 2039 2491 2104 pet-mansisse
2547 2042 2816 2105 sequentia
2871 2053 3031 2091 sacra:
3081 2039 3310 2093 historia!

1759 2139 2036 2181 testantur.

1830 2215 2052 2278 Cumque
2080 2213 2106 2252 ά
2133 2217 2372 2268 antissent
2411 2217 2462 2268 ita
2488 2221 2614 2282 eam,
2655 2218 2971 2285 pertransirit
3003 2217 3186 2269 Abram
3220 2230 3308 2270 tero

1763 2321 1870 2357 rain
1900 2320 2050 2373 usque
2076 2308 2143 2356 art
2171 2304 2335 2357 locum
2360 2304 2592 2373 Sychem,
2622 2322 2776 2374 usque
2798 2307 2864 2358 ad
2903 2308 3171 2359 convallem
3202 2309 3310 2360 illu-

1763 2409 1930 2452 strem.
1951 2397 2266 2452 Cltanana'us
2287 2408 2452 2450 autem
2468 2407 2700 2451 tuncerat
2721 2400 2771 2450 in
2797 2409 2928 2452 terra
2950 2415 2966 2450 :
2991 2404 3315 2468 apparuitque

1769 2487 2012 2541 Dominus
2043 2488 2248 2550 Abram;
2281 2496 2326 2540 et
2360 2489 2488 2540 dixit
2515 2489 2560 2540 ei
2590 2503 2608 2540 :
2633 2486 2828 2541 Semiui
2855 2500 2939 2541 tuo
2971 2488 3097 2543 dabo
3135 2501 3318 2543 terram

1769 2581 1898 2631 hanc
1926 2593 1942 2629 :
1973 2579 2059 2644 qui
2091 2578 2356 2645 redi/ienuit
2385 2577 2451 2630 ibi
2478 2579 2635 2632 altare
2670 2577 2902 2632 Domina.
2935 2580 3101 2648 Supra
3135 2581 3319 2649 legitur

1769 2670 1889 2735 quia
1915 2679 2332 2722 commorantetn
2359 2668 2528 2723 adhuc
2560 2669 2611 2722 in
2638 2669 2809 2724 liarau
2845 2671 3036 2724 Abram
3068 2671 3319 2725 Dominus

1770 2761 2024 2813 allocutus
2054 2769 2156 2824 est,
2203 2774 2428 2827 eumque
2469 2760 2748 2826 multiplici
2796 2760 3160 2821 benedictione
3203 2777 3318 2829 pro-

1773 2851 1952 2912 missa,
1977 2849 2165 2903 exinde
2184 2849 2354 2916 abire,
2377 2859 2428 2902 et
2455 2849 2504 2902 in
2531 2859 2723 2903 terram
2745 2864 2901 2918 quam
2925 2851 3034 2918 ipse
3061 2861 3311 2906 ιιιοηειτειο

1773 2947 1876 3005 ret,
1919 2941 2102 2994 venire
2151 2939 2396 3008 praecepit
2429 2957 2440 2990 :
2470 2939 2610 3007 quod
2645 2940 2730 2992 ubi
2763 2939 2908 3002 fecit,
2944 2951 2996 2992 et
3026 2941 3216 2995 divinis
3258 2943 3314 2996 li'

1776 3027 1960 3082 benter
1989 3027 2222 3081 obedivit
2272 3027 2570 3096 praeceptis,
2623 3043 2739 3080 mox
2787 3029 2986 3096 majore
3026 3029 3116 3084 Dei
3162 3034 3323 3097 gratia

1779 3117 1967 3186 dignus
2003 3105 2264 3180 efﬁcitur;
2296 3116 2362 3168 ita
2394 3125 2445 3168 ut
2483 3131 2586 3169 llun
2634 3115 2802 3169 solum
2839 3118 3153 3172 allocutione
3191 3119 3324 3184 ejus,

1777 3208 1911 3261 sicut
1941 3207 2105 3275 titius,
2132 3206 2228 3259 sed
2256 3214 2310 3259 et
2338 3206 2547 3258 visione
2589 3203 2692 3258 frui
2723 3216 3032 3260 mereretur.
3064 3207 3160 3272 Qui
3211 3225 3327 3266 cum

1774 3295 1962 3349 eadem
1997 3294 2202 3348 visione
2249 3302 2407 3361 atque
2436 3293 2754 3346 allocutione
2795 3292 2971 3345 divina
3001 3295 3328 3362 cognovisset

1779 3385 1914 3437 hanc
1930 3395 2052 3438 esse
2084 3396 2298 3446 terram,
2331 3396 2485 3448 quam
2515 3380 2610 3432 sibi
2654 3379 3024 3444 possidendam
3069 3384 3327 3450 promise-

1778 3481 1890 3534 rat;
1926 3469 2202 3523 confestim
2229 3483 2346 3520 eatn
2376 3470 2525 3535 quasi
2558 3467 2638 3518 vir
2666 3466 2774 3519 Deo
2803 3469 3025 3522 devotus
3055 3473 3223 3536 posito
3253 3475 3326 3525 al-

1779 3561 1876 3614 tati
1929 3561 1976 3612 ei
2035 3559 2322 3620 attitulare,
2376 3568 2533 3626 atque
2581 3558 2646 3612 ad
2683 3558 2978 3617 oﬂ'erendas
3019 3564 3065 3618 ei
3097 3567 3331 3622 victimas

1778 3661 2090 3700 consecrare
2112 3647 2333 3700 curavit.
2365 3646 2556 3701 Verum
2579 3649 2698 3718 quia
2721 3664 2867 3703 sacra
2895 3651 3110 3708 historia
3138 3664 3332 3726 myste-

1781 3741 1872 3792 riis
1905 3738 2094 3808 typicis
2115 3748 2193 3791 est
2226 3738 2399 3807 plena,
2431 3741 2713 3793 notandum
2743 3742 2880 3810 quod
2912 3744 3096 3799 eadem
3127 3746 3330 3802 Domini

1781 3826 2038 3894 apparitio
2062 3837 2220 3894 atque
2265 3829 2445 3881 altaris
2480 3829 2680 3882 erectio
2710 3831 2760 3882 in
2791 3831 2906 3885 loco
2934 3831 3159 3901 Syr-hem
3189 3847 3243 3890 et
3279 3839 3330 3890 iu

1780 3918 2018 3972 convalle
2042 3919 2231 3972 illustri
2262 3917 2393 3972 facta
2426 3933 2544 3972 esse
2575 3930 2916 3988 memoratur,
2941 3939 3055 3991 qtae
3081 3928 3333 3980 convallis

1783 4008 2000 4062 illustris
2025 4010 2262 4077 figurate,
2290 4008 2388 4061 nisi
2413 4007 2675 4063 humilitas
2697 4011 3031 4078 intelligenda
3047 4015 3331 4083 estiquam

1783 4094 1952 4152 vocati
1977 4113 2004 4149 a
2032 4097 2252 4150 Domino
2281 4112 2308 4148 a
2341 4097 2608 4150 laboribus
2630 4109 2683 4151 et
2709 4100 2955 4152 oneribus
2977 4103 3151 4156 δείξουιὶ
3177 4104 3330 4172 hujus

1785 4187 2002 4254 primam
2024 4186 2157 4238 inter
2179 4185 2394 4238 virtutes
2425 4186 2615 4238 habere
2637 4186 2911 4250 debemus,
2937 4189 3145 4246 dicente
3176 4193 3285 4259 ipsi)
3313 4213 3324 4246 :

1784 4273 1970 4326 Discite
1991 4289 2021 4324 a
2056 4289 2132 4325 me
2161 4273 2277 4339 quia
2307 4273 2436 4324 mitis
2461 4289 2572 4325 sum
2605 4284 2652 4326 et
2681 4274 2883 4328 humilis
2907 4279 3076 4342 corde,
3106 4290 3154 4332 et
3185 4283 3331 4335 inve-

1782 4364 1926 4416 nietis
1950 4363 2168 4432 requiem
2212 4361 2472 4415 animabus
2517 4363 2687 4416 reatris
2729 4380 2748 4417 :
2771 4367 2951 4436 jugum
2989 4369 3122 4421 enim
3167 4387 3332 4424 meum

126 4449 290 4503 vitias
321 4455 601 4515 spernunt,
654 4453 710 4496 ut
757 4444 954 4511 possint
1002 4442 1240 4511 accipere
1277 4448 1548 4508 cmlestes;
1582 4445 1668 4497 ltu-

1785 4469 1933 4507 suove
1958 4463 2052 4517 est,
2080 4464 2125 4506 et
2155 4469 2275 4505 onus
2297 4469 2456 4505 meum
2480 4452 2582 4506 lere
2605 4465 2672 4508 est
2699 4453 2907 4522 (Matth.
2934 4473 3002 4522 XI,
3029 4458 3140 4526 29).
3171 4459 3333 4528 Cujus

128 4536 270 4588 tuaui
311 4535 504 4604 gaudia
535 4533 679 4601 regni
729 4542 1106 4596 contemnunt,
1162 4541 1218 4585 ut
1274 4534 1324 4584 itt
1377 4548 1537 4601 regno
1591 4532 1681 4585 Dei

128 4635 339 4691 partem
373 4623 569 4676 habere
591 4633 908 4676 mereantur.
941 4623 1061 4676 llaec
1079 4631 1160 4676 est
1189 4623 1329 4676 enim
1358 4633 1492 4677 terra
1529 4639 1682 4692 quam

126 4725 187 4764 se
216 4709 482 4764 Dominus
508 4709 820 4776 sequacibus
845 4712 953 4763 suis
983 4721 1388 4764 monstraturum
1425 4727 1545 4766 esse
1567 4727 1686 4778 pro-

127 4801 281 4855 misit
309 4817 323 4853 :
351 4799 474 4868 quia
498 4813 600 4850 non
628 4799 865 4851 humanae
895 4800 1104 4866 ingenio
1131 4802 1400 4868 sapientiae
1419 4842 1433 4866 ,
1485 4818 1585 4870 qua
1618 4809 1687 4855 sit

127 4889 410 4944 aetionum
441 4887 696 4940 bonarum
744 4885 822 4938 via
856 4887 1201 4941 incedendum
1223 4929 1237 4951 ,
1271 4902 1441 4958 potest
1473 4894 1688 4945 investi-

128 4978 269 5044 gari,
301 4977 403 5031 sed
428 4977 567 5028 illius
589 4984 671 5029 est
715 4977 766 5026 in
797 4975 1040 5031 omnibus
1068 4978 1286 5030 ducatus
1343 4981 1685 5047 expetendus,

128 5067 214 5118 cui
247 5067 388 5119 dicit
453 5066 729 5119 Psaltnista
778 5080 797 5117 :
836 5064 1060 5118 Tenuisti
1121 5082 1326 5119 manum
1383 5057 1688 5122 cdexteram

129 5169 297 5204 meam
320 5194 335 5215 ,
371 5163 419 5207 et
444 5156 497 5206 in
523 5156 770 5207 voluntate
796 5163 882 5207 tua
909 5155 1158 5207 deduxisti
1182 5170 1277 5218 nte,
1301 5166 1346 5208 et
1376 5172 1486 5209 cum
1531 5161 1690 5226 gloria

128 5243 459 5309 assumpsisti
491 5259 566 5295 me
591 5243 760 5312 (Psal.
792 5260 856 5307 ll,
881 5244 994 5311 24).

201 5333 350 5384 Tulit
381 5332 550 5397 itaque
579 5334 730 5386 Sarai
761 5353 966 5389 uxorem
989 5353 1149 5400 suam,
1182 5349 1228 5390 et
1252 5337 1376 5392 Lolli
1399 5340 1558 5404 filium
1584 5342 1691 5408 {ra-

133 5421 222 5473 tris
243 5422 350 5484 sui,
377 5422 754 5489 universamth
776 5425 1100 5479 substantiam
1121 5444 1267 5494 quam
1309 5431 1624 5498 possederunt
1647 5439 1691 5481 ct

206 5564 230 5588 ⁸
263 5554 381 5616 AL,
417 5561 694 5604 nascuntur
723 5555 773 5604 in
804 5558 1064 5610 mundum.

205 5620 234 5659 ιθ
265 5623 354 5674 ΔΙ.
372 5663 388 5684 ,
420 5624 558 5674 dent.

207 5701 231 5729 ε
258 5696 370 5753 AL,
402 5693 620 5743 dextera
641 5706 779 5742 metr.

429 5808 695 5868 ParnOL.
742 5809 870 5868 XC:

1789 4545 1965 4596 oneris
1995 4553 2018 4602 τ’
2051 4542 2330 4608 portatioui
2375 4544 2615 4610 congruit
2654 4546 2872 4614 mystice
2909 4548 3054 4602 locus
3084 4547 3329 4617 Sychetu,

1787 4631 1908 4699 quia
1931 4631 2014 4684 hic
2031 4646 2152 4685 cum
2177 4633 2306 4684 valle
2330 4632 2513 4684 illustri
2535 4635 2728 4699 pariter
2748 4636 3043 4691 nominatur
3067 4657 3079 4691 :
3103 4640 3328 4710 Sycbetu

1789 4723 1981 4791 quippe
2013 4722 2195 4776 Latine
2225 4724 2275 4776 in
2306 4723 2550 4776 humerus
2581 4725 2909 4791 transfertur,
2936 4733 3053 4797 quia
3084 4735 3329 4789 nimirutn

1789 4828 1908 4865 cum
1939 4811 2229 4866 humilitate
2259 4814 2449 4866 mentis
2481 4813 2732 4868 honorum
2762 4831 2856 4870 nos
2883 4833 3098 4887 operum
3129 4833 3334 4890 oportet

1789 4919 1946 4957 onera
1976 4904 2221 4972 gestanda
2261 4905 2528 4968 suscipere
2559 4924 2568 4954 :
2603 4905 2741 4970 quod
2767 4921 2884 4960 cum
2916 4925 3070 4976 agere
3108 4911 3330 4966 sollicite

1789 5008 2051 5056 curamus,
2084 5007 2205 5045 mox
2235 4993 2513 5046 dominica:
2536 4994 2846 5048 visitatiouis
2875 5006 2926 5048 et
2954 4999 3328 5052 consolationis

1789 5086 2024 5151 accipere
2053 5081 2271 5148 gratiam
2317 5081 2652 5146 merebimur,
2684 5092 2740 5134 ut
2785 5087 3026 5153 paulatim
3056 5087 3119 5138 ad
3168 5089 3331 5140 subli-

1793 5173 1985 5226 miores
2015 5170 2259 5224 virtutum
2299 5171 2492 5239 gradus
2535 5172 2798 5225 valeamus
2839 5174 3144 5228 ascendere.
3181 5174 3328 5229 Unde

1793 5271 1934 5312 recte
1959 5241 2024 5312 de
2059 5259 2076 5296 ί
2108 5260 2439 5327 processibus
2485 5261 2726 5312 itinerum
2772 5261 2990 5312 Abraltm
3015 5277 3131 5327 qua:
3169 5264 3331 5318 bono-

1793 5365 1905 5401 rutu
1933 5363 2144 5415 operum
2177 5349 2434 5413 profectus
2456 5347 2750 5413 designant,
2781 5348 3074 5414 adjungitur
3107 5367 3118 5400 :

1866 5439 1927 5489 Ιῗι
1976 5441 2090 5490 inde
2136 5439 2497 5508 transgrediens
2537 5438 2601 5489 ad
2646 5447 2855 5490 montem
2899 5441 2981 5506 qni
3018 5451 3120 5494 erat
3163 5454 3334 5497 contra

1863 5566 1886 5600 ι’
1915 5567 2018 5628 AL,
2045 5567 2270 5617 t'enisset.

1867 5649 1887 5672 ε
1922 5637 2025 5696 AL,
2051 5637 2284 5702 portioni.

1870 5704 1889 5741 ι
1927 5706 2027 5767 AL,
2057 5710 2459 5764 processionibus.
