3866 6248
156 345 241 400 ιιι

1369 328 1834 388 ιιεχδεωεκυκ
1876 329 2001 389 LIB.
2043 333 2123 388 Ill.

3240 337 3339 394 161

155 467 299 508 terrae
347 446 768 520 repromissionis
808 463 820 499 :
855 460 1023 514 neque
1068 445 1206 499 enim
1236 445 1302 500 de
1342 444 1570 515 Egypto
1615 445 1679 496 ad
1712 445 1752 501 A
1780 442 2022 498 invocavit
2069 459 2248 498 nomen
2303 442 2530 499 Domini.
2597 444 2902 505 Notandum
2958 419 3094 515 quod
3148 449 3335 506 beatus

152 551 373 596 austrum
403 539 525 594 fecit
551 539 673 600 iter,
695 535 834 605 quod
861 535 1154 604 quicunque
1189 535 1393 598 iecerit,
1427 535 1632 602 longius
1657 547 1686 586 a
1791 531 2049 587 Abraham
2074 532 2334 602 profectus
2355 534 2644 588 electorum
2671 535 2859 589 itinere
2883 549 2979 589 suo
2999 535 3250 606 figurans,
3275 537 3331 594 in

152 643 283 685 terra
319 623 739 704 repromissionis
787 624 1019 678 abscedit
1049 641 1062 676 :
1092 622 1186 678 sed
1212 621 1491 693 Alypium
1523 632 1684 676 totam
1792 621 1970 677 Bethel
1997 625 2206 692 quidem
2235 637 2266 677 a
2315 624 2529 680 meridie
2571 625 2680 679 sive
2723 640 2815 692 per
2842 627 3113 682 meridiem
3152 641 3337 684 rever-

153 722 424 783 deserens,
463 717 612 784 cujus
638 723 837 783 partem
857 709 1083 777 adierat,
1107 712 1402 766 AuStralem
1433 722 1589 765 terra
1611 726 1691 764 re-

1793 727 1882 767 sus
1909 728 2026 769 esse
2053 724 2313 780 narratur,
2359 729 2457 770 nec
2483 725 2656 770 tamen
2671 716 2909 770 eamdem
2946 717 3210 774 civitatem
3257 720 3336 774 in-

153 804 504 876 promissiouis
533 803 759 873 plagam,
807 814 925 868 qua
955 803 982 831 ⁸
1025 799 1257 868 proxima
1286 809 1420 864 erat,
1465 798 1689 868 primum
1794 819 2005 874 gressus
2023 819 2147 879 esse
2167 805 2496 875 subiungitur
2517 821 2534 870 ;
2557 807 2649 860 sed
2678 806 2813 862 inter
2838 805 2972 862 hanc
2998 816 3054 862 et
3073 809 3133 862 Ai
3155 823 3337 876 perve-

149 896 467 952 conscendit.
499 892 790 947 Notandum
838 905 1050 959 quoque
1089 889 1238 959 juxta
1279 891 1506 946 litteram
1553 889 1696 959 quod

1797 895 1958 957 uisse,
1992 893 2168 961 ibique
2196 892 2475 948 Dominum
2507 894 2531 924 °
2577 894 2851 949 invocasse
2885 897 3207 963 perhibetur.
3238 897 3337 965 Qui

147 1002 200 1044 et
243 1003 397 1054 supra
454 988 506 1039 in
560 983 846 1053 Egyptum
908 983 1284 1051 descendisse,
1339 992 1393 1036 et
1444 997 1586 1036 nunc
1629 983 1696 1037 de
1796 979 1944 1035 locus
1964 981 2217 1035 orationis
2247 982 2298 1035 in
2320 989 2496 1036 monte
2523 996 2643 1036 esse
2667 984 2864 1051 positus
2892 998 3048 1052 supra
3073 1001 3337 1042 memora-

147 1079 374 1149 Εενμο
397 1074 686 1130 ascendere
728 1081 1046 1127 memoratur
1077 1072 1362 1137 Abraham,
1392 1071 1512 1141 quia
1541 1071 1694 1126 nimi-

148 1183 262 1223 rum
285 1177 420 1220 terra
451 1163 662 1234 Egypti
695 1177 798 1216 non
833 1161 999 1215 solum
1029 1170 1184 1215 terra:
1211 1161 1482 1227 Chanaan,
1507 1164 1600 1214 sed
1642 1169 1699 1216 et

147 1257 352 1312 cates-is
374 1255 553 1309 mundi
578 1253 881 1320 regionibus
906 1250 1083 1318 jacere
1106 1251 1422 1319 perhibetur
1454 1250 1700 1330 inferior,

147 1347 278 1402 sicut
307 1354 519 1401 econtra
561 1343 880 1414 Scytharum
909 1343 1067 1413 {regio
1103 1342 1224 1397 aliis
1256 1351 1509 1398 terrarum
1540 1342 1702 1412 parti-

151 1438 247 1491 bus
287 1433 454 1488 fertur
499 1431 734 1486 eminere
763 1432 1076 1486 sublimior:
1123 1429 1263 1497 quod
1316 1445 1379 1484 ex
1427 1428 1698 1485 fluminum

149 1525 392 1579 cursibus
431 1524 481 1575 in
514 1523 648 1574 hanc
690 1520 901 1575 aliunde
928 1520 1291 1586 dentientium,
1332 1534 1401 1574 ex
1445 1519 1530 1574 illa
1573 1535 1700 1590 pro-

150 1615 446 1677 ﬂuentium,
475 1611 720 1665 facillime
763 1618 937 1680 potest
981 1609 1189 1678 conjici.
1235 1608 1486 1678 Congruit
1523 1620 1700 1665 autem

149 1706 421 1774 aptissime
471 1703 659 1772 typ'cis
703 1702 943 1756 sensibus
978 1709 1036 1756 ut
1082 1711 1219 1755 terra
1257 1698 1504 1756 Chanaan
1541 1702 1700 1757 altior

1799 1077 1905 1135 tur,
1933 1067 2053 1137 quia
2081 1069 2322 1124 nimirum
2349 1070 2502 1124 electi
2526 1072 2706 1126 carnis
2726 1073 2898 1128 adhuc
2923 1075 3133 1131 vinculo
3160 1086 3336 1133 reten-

1803 1159 1875 1223 ti,
1919 1167 1970 1212 et
1997 1159 2047 1212 itt
2075 1158 2311 1227 profectu
2336 1160 2586 1214 virtutum
2614 1162 2793 1228 positi,
2825 1173 2930 1217 tota
2950 1164 3161 1234 quidem
3190 1180 3338 1221 mett-

1802 1247 1868 1302 tis
1897 1248 2184 1302 inteutioue
2206 1247 2272 1302 ad
2301 1248 2512 1302 domum
2534 1264 2776 1318 superate
2795 1252 3128 1310 habitationis
3154 1269 3337 1326 perve-

1805 1339 1918 1392 nire
1942 1345 2206 1407 satagunt,
2235 1338 2500 1393 coutinuis
2543 1339 2799 1394 bonorum
2828 1356 3044 1411 operum
3073 1344 3339 1412 gressibus

1803 1427 1868 1480 ad
1919 1427 2050 1482 hanc
2079 1441 2358 1496 properare
2405 1428 2763 1496 contendunt;
2793 1431 2886 1486 sed
2931 1433 3150 1488 necdum
3198 1432 3334 1490 hanc

1805 1514 2017 1584 intrare,
2056 1518 2276 1573 necdum
2317 1519 2459 1575 cives
2485 1519 2787 1591 Regemque
2828 1523 2941 1592 ejus
2989 1523 3042 1579 in
3097 1523 3116 1562 ί
3147 1525 3340 1583 decore

1806 1619 1903 1661 suo
1928 1621 2145 1662 cernere
2162 1620 2378 1678 possunt
2403 1626 2416 1661 :
2449 1624 2626 1664 verum
2655 1611 2789 1666 inter
2813 1612 3164 1683 act-eptiouetn
3194 1615 3338 1681 ﬁdei,

1805 1710 1906 1765 qua
1938 1696 2155 1751 Domino
2195 1701 2481 1752 consecrati
2511 1709 2652 1765 sunt,
2677 1709 2733 1754 et
2777 1700 3066 1770 ingressum
3110 1705 3256 1773 regni
3285 1707 3338 1760 itt

147 1773 218 1853 ait
254 1797 504 1867 Egypto,
527 1795 645 1864 quia
675 1794 787 1849 haec
813 1796 1054 1850 nimirum
1089 1795 1484 1864 promissionem
1517 1798 1697 1866 patria

1808 1801 1900 1855 quo
1927 1801 2047 1842 eum
2075 1789 2250 1843 videre
2277 1788 2597 1857 desiderant,
2624 1790 2950 1847 altitudinem
2983 1794 3133 1850 bona
3168 1783 3340 1852 actio-

147 1884 406 1945 ctelestis,
429 1881 522 1935 illa
546 1881 787 1949 designat
809 1897 1077 1949 pressuras
1103 1897 1165 1937 ac
1190 1882 1400 1938 labores
1420 1884 1541 1938 vita:
1564 1899 1703 1954 pra.

147 1972 335 2027 sentis.
367 1971 494 2024 Nam
520 1973 653 2025 hanc
676 1971 930 2026 Dominus
953 1981 1006 2027 et
1025 1971 1262 2040 promisit
1289 1984 1343 2028 et
1365 1974 1509 2028 dedit
1536 1975 1704 2032 haere-

150 2062 374 2114 ditatem
401 2060 559 2114 Israel
590 2059 784 2129 populo
823 2074 919 2114 suo
949 2078 964 2114 :
997 2061 1049 2114 in
1080 2060 1164 2115 illa
1203 2075 1327 2115 vero
1354 2071 1410 2116 et
1436 2062 1699 2117 Abraham

153 2151 506 2223 periclitatus,
537 2152 780 2221 quamvis
806 2152 1058 2208 citissime
1097 2167 1128 2205 a
1161 2154 1378 2209 Domino
1405 2163 1619 2220 tutatus,
1647 2165 1703 2211 et

154 2244 434 2311 progenies
457 2245 570 2312 ejus
596 2244 913 2313 gravissimo
940 2254 1022 2300 est
1040 2245 1236 2300 diutius
1260 2249 1472 2303 servitio
1494 2262 1698 2318 pressa,

148 2332 393 2398 quamvis
430 2321 485 2385 et
523 2332 633 2400 ipsa
674 2331 740 2386 ad
787 2332 1023 2386 ultimum
1055 2334 1364 2391 mirabiliter
1407 2337 1697 2406 redempta,

151 2429 314 2490 atque
358 2421 478 2474 inde
501 2423 688 2475 educta
716 2429 818 2475 est.
863 2422 1032 2476 Altior
1074 2437 1199 2491 ergo
1223 2433 1303 2477 est
1342 2434 1477 2478 terra
1521 2440 1702 2494 repro-

150 2510 426 2563 missionis
470 2510 659 2564 linihus
703 2509 937 2580 Egypti,
982 2513 1189 2566 tametsi
1219 2514 1270 2566 in
1317 2512 1552 2582 proximo
1577 2516 1699 2583 sita,

152 2599 280 2666 quia
310 2601 409 2652 etsi
438 2614 766 2655 communem
785 2602 835 2654 in
863 2603 962 2656 hoc
987 2603 1179 2657 sarculo
1197 2602 1325 2672 justi
1353 2603 1380 2640 δ
1406 2619 1469 2660 ac
1493 2607 1700 2674 reprobi

150 2689 321 2739 vitam
347 2684 475 2740 foris
503 2702 660 2757 agere
678 2689 942 2754 videntur,
973 2705 1159 2756 magna
1183 2701 1354 2746 tamen
1383 2693 1703 2748 sublimitate

153 2774 371 2828 devota:
399 2777 588 2829 mentis
613 2778 732 2831 cteli
756 2777 896 2833 cives
914 2780 1154 2833 omnibus
1178 2781 1353 2833 mundi
1387 2780 1541 2855 hujus
1559 2796 1704 2835 anta-

154 2865 370 2917 toribus
393 2865 727 2920 antecellunt.
759 2864 905 2933 Quod
935 2882 1060 2938 ergo
1099 2866 1286 2920 dicitur
1323 2868 1390 2923 de
1439 2869 1700 2924 Abraham

151 2955 283 3021 quia
312 2954 606 3009 ascenderit
629 2957 695 3010 de
716 2957 963 3028 Aligypto,
990 2966 1045 3011 et
1069 2971 1188 3010 cum
1208 2956 1320 3011 suis
1345 2959 1585 3012 omnibus
1616 2974 1704 3013 ve-

153 3045 306 3099 nerit
332 3045 399 3098 ad
427 3047 705 3101 australem
736 3051 959 3115 plagam,
983 3048 1240 3116 signillcat
1275 3049 1446 3118 typioe
1470 3049 1611 3118 quod
1651 3058 1705 3105 et

155 3135 282 3198 ipse
309 3136 434 3189 dum
468 3137 666 3191 viveret
688 3138 738 3191 itt
768 3153 945 3205 carne,
971 3148 1026 3193 et
1048 3153 1227 3193 omnes
1252 3139 1424 3205 electi,
1450 3140 1538 3194 ﬁlii
1564 3141 1707 3196 vide-

151 3224 286 3278 licet
333 3224 572 3294 ejusdem
638 3229 1018 3295 promissionis,
1073 3229 1142 3282 ita
1194 3229 1562 3295 cogitationum
1610 3245 1706 3299 pro

151 3325 407 3381 tempore
431 3313 496 3366 ad
518 3315 748 3368 curanda
769 3302 1004 3386 corporis
1026 3319 1319 3370 necessaria
1341 3317 1624 3372 deﬂectunt
1651 3319 1704 3373 in

151 3400 385 3468 intimis,
412 3410 469 3453 ut
489 3416 630 3466 mox,
647 3402 852 3472 expleta
872 3404 1055 3481 eadem
1075 3403 1310 3472 corporis
1328 3418 1474 3469 cura,
1501 3406 1565 3459 ad
1580 3420 1707 3460 con-

150 3489 466 3556 templanda
492 3505 554 3544 ea
584 3506 700 3558 quin
725 3505 932 3544 sursum
967 3501 1091 3546 sunt
1121 3499 1282 3546 totam
1317 3493 1508 3547 mentis
1538 3495 1706 3547 inten-

151 3579 369 3642 tionem
397 3590 664 3642 revocent,
695 3595 756 3633 ac
794 3595 910 3635 sese
947 3580 1152 3635 fervore
1184 3582 1474 3637 dilectionis
1501 3591 1555 3636 et
1593 3581 1710 3658 luce

148 3668 351 3733 gratias
371 3665 598 3719 calcatis
623 3681 652 3719 a
674 3666 796 3720 Sole
814 3665 1033 3735 justitize
1052 3678 1287 3736 quatrant
1307 3669 1540 3722 innovari
1568 3685 1582 3723 :
1609 3670 1710 3723 hoc

151 3763 242 3807 est
287 3756 445 3814 enim,
467 3753 686 3824 mystice
709 3755 1048 3809 ascendentes
1079 3755 1142 3810 de
1166 3753 1398 3826 Egypto
1421 3757 1485 3811 ad
1510 3768 1709 3810 austra-

147 3856 262 3897 tcnt
299 3844 508 3912 plagam
537 3842 733 3906 venire,
778 3843 998 3911 expletis
1044 3846 1139 3898 no's
1170 3846 1344 3899 carnis
1381 3849 1708 3911 necessariis,

150 3947 418 4001 superna
455 3932 588 3986 lucis
629 3941 684 3986 et
729 3933 998 3987 charitatis
1039 3933 1327 4005 proiectum
1360 3947 1382 3974 ε
1423 3951 1452 3989 a
1493 3938 1711 3992 Domino

148 4025 356 4078 sedula
405 4022 694 4076 intentione
745 4022 1027 4090 postulare.
1076 4017 1188 4076 Tali
1221 4037 1443 4092 namque
1487 4032 1608 4078 voto
1653 4041 1712 4079 ac

149 4113 444 4180 proposito
472 4111 662 4164 mentis
687 4113 749 4164 ad
776 4113 1039 4167 colestem
1068 4126 1162 4166 nos
1184 4115 1401 4180 patriam
1425 4113 1524 4169 iter
1545 4116 1712 4170 lacere

149 4213 265 4256 non
298 4199 526 4255 dubium
553 4208 633 4253 est
663 4216 677 4251 :
709 4199 845 4254 unde
881 4209 1002 4266 apte
1026 4202 1285 4255 subditur.

230 4291 589 4358 Reversusque
630 4299 699 4342 est
742 4305 829 4357 per
869 4291 960 4342 iter
995 4306 1092 4358 quo
1118 4301 1314 4344 venerat
1341 4307 1373 4343 α
1411 4291 1617 4344 meridie
1660 4293 1712 4344 in

1800 1879 1882 1935 nis
1905 1881 2053 1950 quasi
2099 1882 2323 1936 medium
2373 1882 2564 1936 montis
2590 1881 2767 1938 eximii
2795 1885 3054 1940 verticem
3091 1900 3342 1944 conscen-

1800 1966 1948 2022 dunt.
1979 1969 2041 2023 Ai
2066 1984 2286 2038 namque
2324 1969 2434 2024 sive
2461 1970 2645 2038 Aggai,
2668 1979 2734 2044 9t
2759 1971 2960 2042 antiqui
3003 1974 3343 2030 translatores

1800 2069 1990 2110 nomen
2021 2055 2168 2110 urbis
2187 2055 2326 2127 illius
2355 2067 2661 2125 posuerunt,
2700 2059 3073 2129 interpretatur
3089 2062 3340 2130 Quaestio.

1799 2143 1910 2198 sive
1932 2143 2208 2199 Festivitas
2229 2161 2246 2198 :
2269 2145 2404 2214 quod
2424 2145 2674 2203 videlicet
2701 2163 2891 2204 nomen
2916 2153 3184 2219 aptissime
3209 2160 3341 2208 teut-

1803 2233 1914 2300 pori
1935 2232 2176 2302 congruit
2203 2233 2315 2300 illo,
2341 2249 2449 2305 quo
2475 2234 2696 2305 quisque
2719 2236 2948 2293 ﬁdelium
2975 2239 3194 2307 Domino
3215 2255 3363 2315 con-1

1800 2333 2036 2381 seuratur
2063 2327 2406 2382 sacramentis
2432 2327 2749 2383 salutaribus
2779 2346 2792 2381 :
2829 2329 2896 2385 de
2920 2345 3026 2400 quo
3057 2330 3343 2388 admonens

1802 2416 2083 2486 Apostolus
2118 2418 2193 2471 ait
2233 2435 2248 2471 :
2302 2416 2478 2473 Nolite
2511 2419 2804 2475 contristare
2838 2418 3084 2490 Spir-itaut
3118 2432 3343 2478 sanctum

1804 2502 1916 2572 Dei,
1941 2506 1992 2558 in
2011 2519 2111 2573 quo
2137 2505 2321 2573 signati
2343 2507 2460 2560 estis
2485 2507 2538 2560 ist
2561 2507 2642 2561 die
2661 2508 3011 2576 redemptionis
3029 2508 3244 2578 (Ephes.
3267 2527 3342 2577 tv,

1802 2591 1917 2661 30);
1949 2590 2151 2658 Quanta
2179 2592 2320 2646 enim
2354 2593 2608 2648 festivitas
2641 2594 2830 2648 utentis
2858 2605 2940 2650 est
2975 2597 3158 2652 redimi
3185 2613 3217 2652 a
3245 2614 3342 2668 po-

1806 2687 1992 2733 testate
2033 2679 2400 2743 tenebrarum,
2439 2689 2496 2734 et
2531 2681 2880 2737 illustrations
2915 2683 3139 2754 Spiritus
3175 2689 3347 2743 sancti

1802 2767 2122 2836 signaculum
2147 2768 2281 2831 ,veri
2331 2767 2488 2836 [tegis
2531 2769 2708 2838 emci?
2753 2785 2869 2839 quan
2911 2772 3095 2827 civitas
3138 2775 3345 2832 inv-cia

1804 2853 1923 2908 lidei
1961 2854 2120 2909 etiam
2159 2850 2378 2924 quaestio
2415 2864 2590 2924 potest
2629 2868 2771 2912 recte
2809 2862 2984 2915 vocari
3025 2878 3038 2914 :
3082 2877 3175 2931 per
3208 2864 3346 2935 hanc

1805 2943 1944 3018 enim
1971 2945 2087 2999 sive
2114 2944 2266 2999 electi
2295 2944 2573 3000 Dominum
2591 2984 2609 3012 ,
2650 2961 2681 3000 a
2707 2962 2811 3018 quo
2848 2948 3052 3018 longius
3079 2960 3105 2997 s
3131 2953 3344 3009 aberrao

1805 3017 2028 3099 verunt,
2058 3049 2295 3104 quarrere
2323 3034 2655 3105 didicerunt,
2697 3039 2810 3093 sive
2837 3039 2948 3107 ipse
2982 3040 3227 3098 Dominus
3252 3059 3346 3099 eos

1808 3122 1954 3192 quasi
1987 3137 2113 3178 oves
2141 3137 2265 3178 suas
2295 3127 2462 3178 bonus
2501 3135 2682 3194 pastor
2718 3140 2778 3183 se
2814 3130 3064 3198 qumsisse
3099 3131 3344 3198 innotuit,

1801 3210 1948 3280 juxta
1973 3211 2112 3282 quod
2149 3209 2262 3284 ipse
2290 3214 2363 3269 ait
2390 3232 2404 3267 :
2435 3212 2599 3271 Filius
2640 3218 2853 3276 hominis
2878 3221 3006 3274 venit
3031 3237 3263 3291 querere
3294 3236 3346 3278 et

1805 3301 2000 3355 soluunt
2024 3302 2189 3371 {acere
2214 3305 2346 3371 quod
2373 3306 2583 3373 perierat
2615 3305 2761 3375 (Luc.
2789 3322 2905 3373 ιιι,
2933 3307 3036 3378 l0).
3064 3309 3344 3376 Aﬂditicant

1806 3399 1980 3443 autem
2019 3390 2184 3444 sancti
2225 3390 2277 3444 in
2308 3391 2529 3458 praefato
2556 3401 2734 3446 monte
2763 3393 2912 3447 bona:
2935 3399 3342 3452 conversationis

1806 3477 1974 3537 altare
2003 3481 2242 3545 Domino,
2276 3496 2380 3536 non
2414 3481 2554 3535 aliud
2587 3481 2761 3549 utique
2787 3497 2940 3550 quant
2969 3496 3119 3539 suum
3154 3500 3344 3552 corpus

1804 3568 1856 3625 et
1882 3570 2140 3637 animam,
2174 3569 2225 3624 in
2255 3585 2359 3640 quo
2386 3580 2438 3625 et
2466 3585 2655 3627 nomen
2681 3571 2795 3641 ejus
2823 3571 3090 3637 invocant,
3119 3575 3347 3632 scientes

1806 3676 1864 3714 se
1908 3661 2104 3728 absque
2147 3662 2342 3716 auxilio
2388 3663 2615 3718 nominis
2659 3663 2772 3731 ejus
2817 3677 2912 3718 nec
2955 3664 3091 3719 viam
3127 3666 3346 3733 justitias

1805 3751 2059 3819 cmpisse,
2090 3768 2259 3821 neque
2283 3767 2494 3808 cursum
2536 3756 2656 3807 boni
2701 3755 2948 3823 propositi
2976 3769 3344 3815 consummare

1808 3843 2005 3900 valere.
2031 3844 2152 3899 llaec
2180 3845 2246 3898 de
2273 3845 2390 3899 loco
2416 3843 2596 3898 altaris
2624 3843 2883 3900 Abraham
2912 3845 3106 3914 idcirco
3130 3846 3348 3915 diligen-

1812 3932 1914 3986 tius
1952 3933 2236 4000 explanare
2276 3929 2595 3997 curavimus,
2638 3945 2706 3985 ne
2740 3932 2862 4001 quis
2899 3940 3100 4000 putaret
3137 3933 3344 3987 beatum

1811 4023 2021 4094 Moysen
2055 4024 2284 4078 historia:
2321 4024 2485 4089 gratia
2515 4024 2796 4090 diligentia:
2821 4032 2876 4077 et
2914 4039 3018 4077 non
3059 4022 3230 4091 potius
3260 4023 3343 4080 in-

1810 4111 1942 4163 tuitu
1983 4112 2234 4179 spiritalis
2274 4109 2626 4179 intelligentia:
2664 4119 2769 4164 tam
2799 4111 3020 4166 solerter
3058 4103 3230 4167 locum
3269 4124 3349 4167 ta.

1811 4200 2077 4253 bernaculi
2107 4210 2162 4253 et
2200 4200 2378 4254 altaris
2405 4201 2485 4254 vel
2517 4199 2768 4254 orationis
2794 4199 2908 4268 ejus
2947 4199 3129 4254 iterata
3165 4215 3346 4256 narra-

1815 4289 1953 4343 tione
1981 4289 2203 4343 voluisse
2230 4287 2553 4342 describere.
2581 4276 2676 4342 Ubi
2703 4301 2754 4341 et
2783 4288 2882 4343 hoc
2907 4289 3188 4344 notandum
3209 4291 3347 4359 quod

151 4375 365 4434 Bethel.
400 4377 499 4431 Per
537 4376 806 4431 meridiem
849 4393 946 4430 nos
972 4373 1162 4446 quippe
1188 4375 1254 4433 ad
1293 4378 1473 4434 Bethel
1501 4381 1715 4436 tendere
1743 4409 1791 4465 η
1816 4379 2071 4432 Abraham
2104 4393 2205 4432 non
2238 4379 2289 4431 in
2315 4377 2563 4447 Egypto,
2594 4378 2726 4432 sicut
2756 4393 2851 4432 nec
2878 4379 2928 4433 in
2949 4378 3213 4444 Chaldzea,
3238 4378 3349 4432 sive

149 4482 239 4524 cst
269 4484 377 4537 per
399 4470 572 4520 lumen
594 4468 826 4521 scientia
849 4469 1097 4533 caelestis,
1115 4484 1308 4537 perque
1328 4471 1716 4539 inspirationom

154 4558 342 4614 intimi
369 4556 570 4609 amoris
597 4556 662 4610 ad
696 4557 982 4626 ingressum
1022 4558 1208 4612 domus
1233 4558 1347 4624 Dei,
1376 4560 1511 4626 quod
1543 4559 1722 4614 Bethel

145 4643 464 4713 signiﬁcat,
485 4644 686 4699 crebris
715 4647 966 4700 bonorum
990 4661 1208 4716 operum
1238 4649 1501 4713 gressibus
1528 4664 1722 4717 prope-

149 4747 282 4787 rare
309 4749 328 4797 ;
360 4733 504 4785 illius
524 4733 763 4790 videlicet
783 4734 968 4788 domus
997 4751 1133 4804 quae,
1163 4738 1296 4790 sicut
1322 4738 1600 4804 Apostolus
1630 4742 1720 4806 ait,

149 4841 266 4879 non
290 4823 622 4888 tuanulacta,
647 4826 736 4879 sed
752 4835 832 4880 est
852 4837 1046 4880 aeterna
1075 4829 1127 4881 itt
1151 4830 1300 4885 ctelis
1321 4828 1403 4898 (ll
1429 4829 1546 4884 Cor.
1580 4835 1723 4901 v.1),

148 4929 326 4981 quam
385 4914 567 4968 videre
609 4915 941 4971 desiderabat
989 4918 1268 4987 PrOpbeta,
1310 4937 1426 4974 cum
1479 4922 1722 4977 dicebat:

153 5003 418 5068 nomine,
441 5003 594 5056 dilexi
631 5006 854 5058 decorent
878 5009 1051 5062 donius
1081 5021 1200 5076 tuat,
1235 5021 1282 5065 et
1308 5015 1472 5065 locum
1502 5010 1529 5050 ἀ
1561 5016 1725 5070 taber-

170 5094 343 5145 taculi
376 5092 682 5160 glorite'tua:
701 5094 865 5160 (Paul.
895 5114 1018 5163 xxv,
1049 5099 1124 5166 8.)

232 5182 431 5242 Usque
456 5185 523 5235 ad
557 5186 720 5236 locum
747 5186 830 5237 tibi
857 5192 992 5252 prius
1021 5191 1199 5257 ﬁxerat
1241 5195 1615 5252 tabernaculum
1645 5201 1724 5253 in-

1823 4471 1874 4522 itt
1899 4471 2087 4534 llaran,
2117 4469 2221 4523 sed
2239 4479 2434 4523 tantum
2461 4471 2511 4522 in
2535 4478 2668 4522 terra
2689 4469 2951 4531 Chanaan,
2974 4483 3125 4536 quam
3150 4472 3197 4541 in
3222 4483 3348 4534 pto-

1823 4558 2068 4612 missione
2093 4559 2324 4626 accepit,
2359 4559 2438 4612 vel
2467 4558 2651 4611 iecisse
2677 4559 2840 4613 altare
2861 4559 2940 4610 vel
2971 4557 3239 4611 Dominum
3269 4559 3350 4610 itt-

1823 4661 2033 4700 vocasse
2051 4646 2357 4700 describitur
2380 4665 2393 4698 :
2418 4647 2536 4714 quia
2567 4647 2810 4699 nimirum
2842 4645 3048 4699 nonnisi
3077 4646 3125 4699 in
3159 4646 3352 4700 unitate

1825 4737 1940 4791 lidei
1963 4735 2252 4799 catholicas,
2277 4736 2482 4789 nonnisi
2509 4736 2558 4788 itt
2585 4749 2678 4803 spe
2702 4749 2942 4804 supernae
2968 4737 3350 4804 promissionis,

1826 4823 2046 4891 perlecta
2087 4837 2244 4891 opera
2272 4820 2298 4859 ιι
2329 4824 2521 4889 facere,
2565 4838 2625 4877 ac
2663 4825 2812 4894 iligna
2861 4827 2967 4879 Deo
3007 4837 3128 4880 vota
3165 4825 3359 4880 oﬂ‘erre

1830 4913 2079 4968 valemus.
2114 4910 2289 4965 Bethel
2319 4923 2493 4966 autem
2525 4913 2634 4981 ipsa
2663 4925 2742 4968 est
2770 4928 2885 4982 quae
2915 4915 3057 4981 prius
3094 4913 3229 4966 Lttza
3261 4927 3351 4966 vo-

1826 5004 2055 5063 cabatur,
2085 5011 2138 5054 et
2161 5017 2190 5053 a
2219 5000 2398 5067 Jacob,
2429 5017 2545 5056 cum
2590 5003 2656 5055 ibi
2698 4997 2961 5056 dormiens
2995 5002 3224 5057 calamis
3256 5003 3351 5054 nti-

1829 5092 1998 5146 racula
2027 5101 2180 5159 atque
2207 5093 2410 5159 agmina
2441 5091 2678 5155 vidisset,
2710 5092 2884 5145 Betltel
2911 5105 3106 5157 nomen
3123 5090 3351 5157 accepit;

1827 5181 2007 5234 civitas
2047 5179 2178 5232 sicut
2213 5190 2264 5234 et
2304 5181 2364 5233 Ai
2404 5179 2712 5232 duodecimo
2751 5180 2962 5234 circiter
3000 5177 3238 5234 milliario
3285 5179 3372 5246 ab,

147 5284 233 5324 ter
263 5269 462 5324 Bethel
497 5274 625 5324 ειΑὲ
657 5288 676 5325 :
703 5274 753 5326 in
779 5276 886 5326 loco
914 5279 1091 5330 altoris
1126 5283 1259 5346 quod
1289 5283 1468 5348 fecerat
1500 5289 1655 5350 prius.
1678 5304 1706 5339 e

1830 5271 2146 5325 Hierusalem
2173 5271 2266 5323 sita
2297 5272 2537 5324 euntibus
2567 5269 2845 5335 Neapolim.

231 5414 259 5438 δ
288 5402 417 5461 AL,
440 5415 529 5465 pro
556 5403 792 5457 maxima.

230 5469 259 5507 δ
290 5469 414 5528 ΑΙ..
439 5474 805 5536 cumrreprobt's.

233 5551 256 5573 ο
289 5541 416 5594 ΑΙ..
448 5538 512 5583 ad
545 5535 826 5592 Dontinttnt.

229 5605 261 5642 Α
307 5605 433 5663 ΑΙ..
465 5602 796 5661 habitationis.

1900 5436 1922 5460 ⁸
1963 5426 2037 5478 Al.
2049 5465 2064 5488 ,
2095 5427 2337 5477 invocare.

1904 5492 1920 5527 ί
1965 5493 2067 5554 ΑΙ..
2097 5496 2263 5547 corde.

1900 5569 1922 5604 ι
1964 5561 2023 5612 ΑΙ
2053 5601 2068 5623 ,
2098 5573 2391 5614 erraverunt.

1899 5625 1925 5661 ³
1963 5629 2214 5696 Al.,tlecst
2240 5635 2411 5694 facem
