3866 6248
559 477 658 529 H3

1045 472 1243 527 131σίοΕ
1285 471 1729 528 νΕΝιςηΑοιιιε
1767 471 2042 528 ΟΡΕΙὶυΜ

2173 471 2354 540 RSIII.
2384 500 2451 515 -
2491 470 2869 527 EXEGETIC\
2910 473 3220 529 GENUINA.

3612 474 3700 529 ιη

615 563 718 618 Sed
756 571 801 614 et
844 561 966 613 Loth
996 563 1077 629 qui
1119 572 1223 614 erat
1259 577 1369 613 cum
1411 562 1590 613 Abram
1623 562 1824 624 fuerunt
1855 569 1877 596 ι
1909 577 2075 630 greges
2103 569 2151 626 Α
2177 558 2310 620 unde
2345 561 2451 627 jam
2482 561 2673 614 dudum
2702 561 3036 628 corporaliter
3067 561 3323 615 Abraham
3359 558 3585 617 ducente
3627 567 3702 618 di-

543 653 724 710 ovium.
758 660 800 702 et
826 659 1062 712 armenta,
1089 660 1136 702 et
1167 651 1478 707 tabernacula
1501 665 1519 710 ;
1548 667 1635 702 nec
1660 659 1850 713 poterat
1878 665 1957 703 eos
1985 668 2076 703 car

543 756 659 810 pere
685 751 813 793 terra
839 749 892 790 ut
929 739 1203 790 habitarent
1243 739 1390 790 simul
1419 753 1436 790 :
1466 749 1569 790 erat
1595 740 1776 808 quippe
1801 739 2076 791 substantia

540 846 716 886 eorum
753 832 926 891 multa,
965 839 1010 882 et
1055 845 1154 881 non
1197 829 1397 893 quibam
1441 827 1666 880 habitare
1706 831 2026 881 communiter
2054 844 2072 881 :

544 919 677 972 unde
702 929 747 970 et
772 919 904 987 facta
933 928 1005 970 est
1044 920 1154 970 rixa
1182 918 1306 969 inter
1342 927 1561 983 pastores
1589 933 1791 985 gregum
1820 917 1999 968 Abram
2027 925 2075 968 et

546 1009 788 1071 Loth,'et
823 1017 1012 1062 caetera
1054 1007 1242 1074 quibus
1287 1022 1350 1058 ex
1391 1007 1572 1058 ordine
1618 1007 1893 1073 replicatur
1939 1023 2073 1076 quo-

545 1098 701 1150 modo
725 1096 855 1160 Loth
877 1097 1219 1149 aerhraltam
1246 1095 1387 1148 salva
1409 1096 1660 1148 charitate
1682 1095 1940 1162 discussit,
1963 1112 2072 1148 ma-

543 1185 686 1239 lente
713 1185 802 1238 illo
829 1184 1038 1238 fratrem
1069 1176 1429 1237 eborissitnum
1459 1194 1510 1236 et
1549 1185 1928 1237 sanctissimum
1961 1199 1987 1235 a
2014 1199 2072 1237 se

545 1259 885 1340 corporaliter
912 1273 1160 1340 separari,
1191 1285 1343 1336 quam
1364 1285 1480 1324 cum
1502 1271 1744 1324 scaudalo
1763 1281 1817 1324 et
1839 1273 2023 1340 jurgiis
2043 1269 2070 1310 δ

545 1361 863 1414 infirmorum
892 1375 1066 1414 secum
1097 1361 1258 1414 teneri
1285 1377 1297 1412 :
1329 1375 1480 1429 quem
1511 1370 1680 1414 tamen
1706 1376 1736 1414 a
1770 1376 1828 1416 se
1855 1376 2072 1430 corpore

546 1461 840 1516 separatum
873 1465 1200 1518 nequaquam
1229 1450 1295 1502 ab
1334 1451 1516 1503 intimo
1542 1463 1651 1504 sua
1679 1451 1867 1504 mentis
1894 1466 2071 1506 amore

543 1537 823 1604 separavit,
853 1540 986 1592 sicut
1009 1538 1276 1604 sequentia
1304 1551 1467 1591 sacra:
1494 1537 1726 1592 historia
1758 1541 2072 1594 manifestis-

541 1626 675 1679 sime
716 1615 982 1694 probant:
1024 1625 1109 1678 ubi
1151 1640 1268 1677 eum
1314 1627 1379 1678 ab
1422 1625 1656 1679 hostibus
1694 1636 1898 1695 captum
1938 1637 2070 1682 stre-

539 1714 794 1766 nnissime
820 1727 936 1765 cum
964 1713 1071 1766 suis
1098 1713 1336 1765 omnibus
1364 1713 1609 1778 salvavit,
1651 1721 1704 1767 et
1740 1713 1923 1768 merito
1947 1714 2067 1783 quia

541 1815 640 1855 nec
667 1803 774 1868 ipse
801 1800 930 1853 Loth
957 1815 1089 1869 opus
1114 1803 1319 1854 virtutis
1343 1808 1404 1854 ac
1428 1801 1567 1866 ﬁdei,
1596 1801 1734 1871 quod
1760 1817 1878 1856 cum
1908 1803 2067 1857 fratre
2109 1796 2113 1800 ’

2173 659 2459 719 seetserat;
2503 651 2592 702 sed
2634 650 2751 718 quia
2777 649 2844 703 de
2880 652 3144 719 proposito
3183 650 3373 704 mcntis
3399 653 3518 718 ejus
3559 654 3701 708 dubi-

2173 745 2284 792 tare
2312 737 2476 792 lector
2499 749 2699 808 poterat
2721 748 3014 792 utrumnam
3038 740 3206 793 adhuc
3231 749 3412 795 amore
3439 744 3703 809 cognatio-

2173 829 2255 880 nis
2285 843 2347 881 ac
2375 831 2556 897 patria:
2600 839 2881 895 teneretur,
2921 845 2985 883 an
3024 829 3134 897 jam
3178 829 3408 898 perfecte
3445 834 3705 900 quomodo

2169 916 2431 970 Abraham
2460 927 2514 972 et
2550 918 2662 985 ipse
2692 916 2762 971 de
2789 929 2924 972 terra
2953 927 3007 971 et
3033 919 3338 988 coquatione
3375 928 3430 972 et
3458 920 3522 972 de
3549 919 3707 974 demo

2175 1007 2333 1074 patris
2363 1006 2443 1060 sui
2475 1006 2631 1060 fuerit
2654 1022 2916 1075 egressus,
2946 1009 3143 1062 curavit
3168 1009 3433 1075 Scriptura
3463 1011 3620 1063 etiam
3641 1010 3706 1064 de

2170 1096 2282 1162 ipso
2307 1096 2605 1163 specialiter
2631 1097 2890 1162 intimare,
2921 1097 3055 1164 quod
3083 1097 3150 1150 ab
3177 1095 3276 1150 illis
3301 1098 3430 1151 locis
3450 1111 3608 1167 atque
3629 1115 3706 1152 tn-

2170 1182 2300 1236 colis
2339 1198 2442 1236 non
2483 1183 2652 1237 solum
2680 1198 2920 1252 corpore,
2965 1185 3062 1243 sed.
3095 1194 3150 1238 et
3189 1197 3363 1241 mente
3405 1190 3703 1253 recesserit,

2169 1280 2328 1334 atque
2355 1270 2423 1321 ob
2448 1268 2601 1322 ﬁdem
2629 1284 2691 1322 ac
2718 1284 2862 1336 spem
2891 1270 3084 1323 divina:
3112 1271 3490 1326 benedictionis
3519 1290 3705 1342 perpe-

2171 1365 2290 1410 tuus
2317 1359 2611 1426 ubicunque
2649 1360 2872 1414 Abrahae
2911 1361 3192 1428 placuisset
3229 1363 3420 1426 hospes
3457 1379 3518 1416 ac
3561 1380 3704 1433 pere-

2168 1446 2346 1512 grinus
2375 1461 2587 1501 manere
2617 1451 2964 1504 consenserit.
2994 1447 3123 1501 Nam
3153 1452 3271 1517 quia
3300 1451 3494 1515 Haran,
3523 1455 3703 1508 civitas

2169 1535 2233 1587 ad
2262 1536 2566 1590 orientalem
2598 1537 2802 1604 plagam
2831 1551 2860 1589 a
2885 1546 3019 1590 terra
3046 1539 3472 1603 repromissionis
3496 1541 3597 1594 sita
3622 1543 3702 1605 sit,

2170 1629 2392 1674 testatur
2429 1621 2716 1690 Scriptura,
2758 1638 2872 1690 qua
2915 1622 2966 1675 iu
3007 1624 3342 1691 sequentibus
3369 1626 3498 1680 dicit
3528 1645 3542 1679 :
3578 1627 3702 1680 Pro-

2168 1709 2326 1775 fectus
2363 1725 2477 1778 ergo
2513 1709 2670 1763 ,εποὺ
2709 1710 2835 1763 venit
2872 1713 2940 1763 ad
2965 1719 2991 1757 ι
3016 1721 3195 1764 terram
3232 1714 3558 1781 orientalem,
3591 1731 3700 1769 cum

2173 1797 2349 1864 utique
2375 1797 2441 1849 de
2470 1797 2648 1850 Betltel
2678 1799 2741 1850 ad
2774 1798 2942 1850 llaran
2971 1798 3071 1851 iter
3096 1798 3320 1852 fecisset.

542 1890 737 1958 majore
761 1897 1102 1943 consueverat
1127 1903 1394 1952 exercere,
1425 1890 1580 1942 etiam
1623 1891 1898 1958 separatim
1937 1905 2062 1943 con-
2094 1885 2140 1942 Β
2238 1885 2471 1955 Dixitque
2512 1887 2752 1940 Dominus
2786 1889 2853 1941 ad
2890 1889 3072 1942 Abram
3114 1899 3376 1957 postquam
3412 1892 3601 1948 diuisus
3636 1905 3698 1947 est

539 1993 776 2035 versatus
805 1981 904 2033 ulla
935 1981 984 2032 in
1015 1990 1159 2049 parte
1190 1981 1424 2034 mutavit.
1888 2036 1897 2044 ,

551 2114 564 2130 .
614 2071 828 2125 Elevatis
855 2072 1020 2139 itaque
1046 2069 1170 2123 Loth
1194 2071 1370 2133 oculis,
1394 2070 1513 2123 uidit
1541 2086 1733 2123 omnem
1756 2071 1888 2124 circa
1910 2071 2070 2141 regio—

537 2175 653 2212 nem
676 2158 935 2234 Jordqnis,
959 2173 1072 2227 qua:
1098 2159 1322 2211 universa
1348 2160 1645 2228 irrigabatur
1670 2171 1929 2229 antequam
1958 2162 2069 2215 sub-

542 2256 744 2300 verteret
774 2247 1013 2300 Dominus
1037 2245 1309 2300 Sodomam
1331 2255 1378 2298 et
1405 2257 1427 2285 ε
1454 2243 1806 2314 Gomorrltam,
1832 2249 1956 2300 sicut
1980 2266 2070 2316 pa-

541 2333 740 2385 radisus
763 2332 960 2384 Domini
987 2343 1032 2383 et
1059 2333 1185 2383 sicut
1205 2329 1457 2400 Egypt”
1478 2332 1778 2385 uenientibus
1798 2334 1848 2384 in
1871 2332 2029 2403 Seqor
2049 2349 2069 2388 :

542 2423 778 2487 eleqitque
802 2421 891 2472 sibi
922 2419 1044 2470 Loth
1074 2419 1319 2489 regionem
1343 2421 1471 2472 circa
1494 2418 1784 2484 Iordanem,
1806 2432 1849 2473 et
1875 2425 2071 2475 recessit

543 2511 605 2560 ab
632 2511 850 2571 oriente;
875 2517 931 2562 et
956 2517 1142 2562 cetera
1171 2522 1330 2574 usque
1354 2508 1475 2560 dum
1503 2510 1574 2559 ait
1602 2527 1613 2560 :
1645 2509 1867 2561 homines
1905 2520 2071 2561 autem

544 2598 816 2652 Sodomin
842 2597 1039 2664 pessimi
1074 2607 1211 2648 erant
1251 2605 1295 2647 et
1336 2604 1613 2662 peccatores
1647 2611 1815 2647 coram
1859 2595 2073 2648 Domino

543 2687 711 2738 nimis.
741 2685 1076 2738 Fertilitatetn
1105 2693 1258 2736 terra:
1295 2682 1497 2746 laudat,
1525 2683 1678 2734 simul
1703 2690 1757 2734 et
1783 2683 2068 2735 incolarum

546 2785 691 2826 nutat
730 2773 1083 2838 impietatem,
1127 2781 1186 2823 ut
1232 2784 1296 2823 eo
1339 2770 1522 2837 majori
1562 2768 1893 2822 damnatione
1928 2769 2070 2837 digni

545 2877 664 2916 esse
710 2861 1081 2929 intelligantur,
1122 2858 1258 2926 quod
1306 2859 1528 2911 maxima
1576 2859 1663 2913 Dei
1711 2873 1921 2912 munera
1967 2875 2070 2915 non

547 2951 612 3002 ad
659 2950 879 3004 fructum
930 2949 1160 3014 pietatis,
1207 2947 1296 3000 sed
1341 2948 1404 2999 ad
1451 2947 1822 3001 incrementum
1871 2957 2072 3001 vertere

541 3039 758 3093 luxuria:
791 3059 805 3094 :
837 3039 924 3091 ubi
957 3040 1113 3091 etiam
1143 3038 1298 3092 tacite
1333 3036 1737 3090 laudibus'beati
1769 3037 1897 3091 Loth
1927 3039 2072 3092 addi-

545 3139 648 3194 tur,
675 3130 793 3196 quia
834 3129 884 3181 in
917 3129 1026 3194 ipsa
1075 3138 1205 3179 terra
1233 3126 1368 3179 inter
1398 3128 1535 3195 ipsos
1561 3126 1752 3193 degens
1782 3128 2068 3197 indigenas,

2168 1973 2296 2027 Loth
2322 1977 2384 2027 ab
2411 1991 2468 2028 eo
2493 1989 2514 2031 ζ
2541 1975 2671 2030 Leve
2707 1979 2872 2030 oculos
2912 1986 3041 2041 tuos,
3074 1990 3120 2031 et
3159 1981 3268 2033 vide
3300 1998 3333 2033 κ
3375 1983 3487 2036 loco
3522 1987 3575 2036 in
3612 2000 3700 2051 quo

2165 2082 2297 2119 nunc
2318 2083 2368 2120 es
2394 2069 2461 2120 ad
2487 2068 2796 2136 Aquilonem,
2825 2079 2871 2122 et
2895 2069 3178 2137 lleridiem,
3207 2082 3254 2124 et
3281 2075 3350 2125 ad
3382 2076 3637 2128 Orientem
3659 2089 3698 2128 et

2164 2154 2232 2206 ad
2273 2155 2585 2209 Occidentem
2629 2173 2649 2211 :
2693 2173 2886 2210 omnem
2924 2168 3106 2212 terram
3142 2177 3294 2230 quant
3333 2165 3581 2232 conspicis
3621 2167 3698 2217 tibi

2165 2246 2294 2299 dabo
2319 2257 2369 2300 et
2395 2250 2571 2300 semini
2599 2258 2688 2301 tuo
2713 2265 2866 2317 usque
2886 2250 2939 2302 in
2964 2252 3340 2318 sempiternum.
3360 2255 3582 2319 Quidam
3609 2257 3697 2308 Co-

2166 2335 2310 2390 dices
2354 2339 2544 2392 habent
2581 2356 2734 2407 usque
2770 2342 2822 2393 in
2851 2341 3120 2406 suculam,
3160 2345 3298 2409 quod
3340 2357 3616 2411 utrumque
3641 2363 3695 2399 ex

2167 2441 2269 2479 uno
2298 2426 2479 2480 Graeco
2507 2429 2643 2495 quod
2675 2438 2754 2481 est
2785 2429 2809 2464 δ
2842 2428 3098 2490 Ennion,
3131 2435 3250 2485 αἰὼν
3279 2434 3608 2489 transfertur.
3649 2438 3697 2488 Si

2165 2526 2292 2581 ergo
2336 2514 2537 2582 legatur
2567 2511 2730 2582 usque
2765 2516 2818 2567 in
2843 2527 3106 2581 ceternum,
3153 2519 3340 2575 merito
3379 2533 3555 2574 movet
3581 2537 3697 2588 quo-

2171 2602 2326 2654 modo
2343 2601 2392 2654 iu
2415 2605 2787 2670 sempiternum
2811 2607 3078 2670 possidere
3098 2607 3265 2659 valeat
3289 2621 3468 2661 semen
3487 2612 3698 2662 Abt—abte

2170 2702 2358 2745 terram
2404 2693 2566 2758 illam,
2606 2708 2723 2746 cum
2766 2699 2984 2749 humana
3015 2698 3345 2751 conversatio
3384 2700 3574 2753 in‘hac
3603 2703 3696 2753 vita

2171 2793 2273 2831 non
2306 2777 2470 2847 possit
2493 2794 2611 2833 esse
2637 2785 2978 2849 sempiterna.
3007 2784 3062 2836 Si
3095 2799 3216 2837 vero
3243 2786 3446 2853 legatur
3473 2789 3520 2839 in
3550 2804 3699 2839 scca-

2170 2865 2293 2931 lum,
2316 2856 2496 2935 sicque
2519 2868 2820 2936 accipiatur,
2849 2871 3284 2937 quemadmodum
3308 2875 3534 2928 ﬁdeliter
3565 2886 3699 2928 tene—

2170 2973 2307 3021 mus,
2340 2958 2540 3011 initium
2569 2957 2724 3011 futuri
2756 2961 2928 3014 seculi
2957 2976 2984 3010 a
3007 2960 3107 3015 line
3134 2963 3400 3028 praesentis
3426 2964 3611 3029 ordiri,
3638 2965 3700 3018 nil

2171 3047 2473 3113 quaestionis
2500 3047 2726 3101 movebit
2760 3062 2776 3102 :
2811 3051 2929 3115 quia
2961 3050 3061 3102 etsi
3083 3050 3280 3117 expulsi
3307 3062 3431 3105 sunt
3459 3051 3700 3107 Israelita:

2173 3137 2240 3189 de
2269 3135 2660 3206 Hierosolymis,
2706 3149 2917 3192 manent
2955 3149 3122 3193 tamen
3165 3141 3215 3193 in
3254 3142 3371 3194 aliis
3413 3143 3702 3196 civitatibus

548 3186 716 3286 neque
756 3186 990 3271 ubertate
1018 3217 1114 3269 soli
1146 3216 1336 3279 divitis,
1378 3186 1546 3284 neque
1581 3186 2069 3284 es-emplo'cohabi;
2097 3186 2145 3250 θ
2175 3186 3478 3292 mane-boni,
3497 3186 3703 3284 eis}:

550 3308 765 3360 tantium
799 3306 960 3374 potuit
990 3307 1246 3357 ullatenus
1287 3319 1314 3355 a
1357 3320 1464 3356 sua:
1504 3305 1742 3372 puritatis
1778 3306 2074 3374 integritate

545 3395 828 3462 corrumpi.
872 3393 1068 3457 Quibus
1105 3403 1277 3444 autem
1311 3393 1532 3459 peuatis
1560 3392 1846 3447 Sodomita
1888 3396 2084 3450 fuerint-

551 3485 837 3552 subjugati,
881 3491 1098 3549 excepto
1135 3481 1225 3533 illo
1257 3480 1463 3534 infando
1492 3479 1628 3548 quod
1657 3480 1709 3533 in
1738 3483 2075 3549 sequentibus

549 3577 812 3644 Scriptura
837 3583 1228 3636 commemorat,
1264 3574 1503 3627 Esechiel
1534 3576 1781 3643 propheta
1811 3575 2073 3629 sufﬁcien-

543 3677 629 3721 ter
645 3671 876 3733 exponit,
899 3667 1114 3733 loquens
1134 3667 1196 3718 ad
1217 3665 1563 3720 Hierusalem:
1585 3663 1714 3719 Ecce
1734 3668 1838 3720 hac
1864 3667 1958 3735 fuit
1979 3656 2075 3720 ini-

548 3757 709 3823 quitus
735 3754 966 3809 Sodoma:
993 3756 1178 3806 sororis
1201 3763 1329 3818 tute,
1361 3755 1607 3818 superbia,
1637 3757 1872 3807 saturitas
1907 3756 2071 3824 panis,

549 3857 598 3901 et
626 3847 924 3899 abundantia
941 3885 954 3908 ,
987 3856 1030 3897 et
1059 3846 1210 3896 otium
1236 3846 1389 3913 ipsius
1414 3854 1457 3896 et
1485 3844 1701 3910 ﬁliarum
1722 3843 1866 3912 ejus;
1893 3853 1936 3895 et
1964 3859 2074 3895 ma-

549 3952 667 3989 num
711 3951 860 4005 egeno
902 3947 946 3988 et
986 3937 1191 4004 pauperi
1239 3950 1335 3987 non
1363 3931 1387 3969 δ
1418 3934 1747 4002 porrigebant,
1795 3942 1838 3984 et
1879 3932 2078 3986 eleuata

546 4029 684 4089 bunt,
711 4035 759 4076 et
789 4029 1011 4092 fecerunt
1041 4024 1420 4075 abominationes
1450 4038 1615 4074 coram
1637 4037 1714 4074 nte
1734 4020 1937 4084 (Esech.
1970 4035 2073 4085 xvt,

553 4115 683 4183 b9).
735 4117 776 4166 Α
826 4113 1011 4176 quibus
1055 4113 1292 4163 omnibus
1341 4111 1618 4162 immunem
1666 4109 1824 4162 fuisse
1871 4110 2074 4162 beatum

554 4206 686 4258 Loth
707 4239 721 4267 ,
749 4212 799 4256 et
833 4211 1001 4256 textus
1029 4214 1190 4252 sacra:
1222 4200 1449 4252 historiae
1478 4209 1712 4260 testatur,
1745 4212 1896 4263 quem
1921 4213 2103 4265 επακ

550 4295 632 4346 los
660 4290 879 4358 hospitio
907 4291 1195 4356 recepisse,
1225 4303 1286 4342 ac
1315 4303 1406 4357 per
1432 4304 1523 4341 eos
1552 4306 1579 4339 a
1620 4288 1948 4355 pereuntibus
1978 4292 2075 4340 im-

554 4382 654 4448 piis
679 4390 912 4447 ereptum
954 4395 1071 4433 esse
1098 4381 1356 4442 declarat;
1392 4388 1442 4432 et
1483 4381 1733 4432 sententia
1767 4381 1897 4432 beati
1940 4381 2074 4432 Petri

553 4469 772 4536 apostoli
805 4469 1004 4533 probat,
1035 4484 1131 4534 qna
1158 4469 1345 4519 dicitur
1375 4485 1386 4517 :
1420 4467 1480 4518 Et
1502 4471 1694 4535 justum
1721 4468 1846 4518 Loth
1873 4483 2076 4533 oppreso
2103 4493 2152 4550 ο

553 4575 660 4611 sum
709 4572 739 4608 a
784 4557 1106 4623 nefandorum
1152 4557 1338 4623 injuria
1383 4564 1426 4606 et
1470 4557 1832 4609 conversatione
1880 4565 1904 4591 ε
1949 4558 2076 4607 eruit

553 4646 640 4714 (Il
671 4646 808 4699 Petr.
841 4660 875 4697 ll
898 4688 912 4710 ,
945 4645 1019 4711 7).
1051 4646 1273 4710 Aspectu
1305 4644 1440 4694 enim
1469 4651 1520 4695 et
1545 4644 1723 4694 auditu
1747 4642 1914 4708 justus
1944 4654 2074 4705 erat,

550 4735 793 4788 habitans
817 4734 948 4800 apud
978 4747 1069 4784 eos
1089 4733 1170 4800 qui
1195 4733 1258 4784 de
1288 4733 1370 4784 die
1399 4734 1448 4782 in
1478 4731 1611 4783 diem
1640 4730 1861 4782 animam
1885 4731 2076 4797 justam

550 4822 748 4889 iniquis
776 4821 1016 4885 operibus
1044 4819 1358 4872 cruciabam.
1405 4820 1531 4884 Quid
1561 4820 1699 4872 enim
1744 4819 1864 4872 boni
1910 4819 2076 4872 meriti

555 4913 601 4963 ei
633 4911 816 4961 deesse
848 4919 1079 4974 poterat,
1110 4911 1194 4976 qui
1221 4907 1390 4977 justus
1415 4911 1695 4975 apostolica
1723 4924 1847 4962 voce
1885 4911 2074 4961 astrui-

557 5000 676 5052 tur?
721 4999 771 5050 in
797 5013 900 5066 quo
932 5010 1211 5065 praesentes
1254 5017 1351 5051 non
1383 5001 1479 5052 nisi
1504 4999 1720 5068 justitite
1763 5001 1947 5053 famam
1986 5016 2078 5052 au-

557 5088 953 5146 direvalehaot,
986 5087 1129 5151 cujus
1155 5089 1317 5139 oculis
1347 5095 1400 5139 et
1425 5088 1635 5140 auribus
1666 5089 1869 5139 mundis
1907 5091 2076 5142 audita

556 5190 620 5227 ac
657 5175 764 5227 visa
809 5175 1158 5239 proximorum
1203 5174 1423 5224 facinora
1463 5191 1566 5226 non
1603 5177 1702 5226 nisi
1738 5178 1999 5227 cruciatus
2026 5185 2079 5227 et

558 5262 773 5316 afﬂictio
802 5265 981 5314 erant?
1020 5261 1155 5327 quod
1189 5276 1309 5312 vero
1335 5260 1520 5312 dicitur
1546 5262 1611 5314 de
1633 5277 1695 5313 eo
1721 5265 1837 5330 quia
1867 5262 2080 5315 recessit

560 5351 624 5401 ab
647 5353 846 5403 Oriente
875 5352 937 5402 ad
968 5351 1166 5412 Ilaran,
1210 5347 1463 5415 significat
1496 5345 1513 5384 τ
1547 5357 1600 5399 et
1637 5349 2074 5419 Mesopotamiam,

629 5471 653 5494 ⁸·
695 5462 796 5522 AL,
831 5461 1138 5512 tabernacula
1166 5470 1210 5512 et
1238 5471 1457 5510 armenta
1478 5472 1526 5512 et
1557 5476 1684 5513 oves.

629 5525 655 5562 δ
694 5531 772 5577 ΑΙ.
805 5531 951 5581 deest
977 5530 1304 5588 inﬁrmorum.

634 5604 655 5629 ‘
695 5596 799 5653 AL,
831 5596 1139 5645 Gomarrant.

631 5660 654 5693 ‘
695 5661 797 5722 AL,
828 5661 1118 5729 porrigebat,

635 5737 657 5761 ⁸
699 5732 798 5790 AL,
831 5731 1022 5795 eripuit.

2173 3326 2319 3366 versa
2352 3321 2486 3366 terra
2515 3313 2600 3366 illa
2628 3329 2744 3366 cum
2764 3313 3076 3370 Christianis
3105 3318 3436 3383 inhabitatnr,
3459 3329 3507 3371 et
3536 3321 3703 3386 ipsum

2171 3413 2349 3454 semen
2373 3412 2451 3454 est
2477 3401 2718 3455 Abrahae.
2764 3403 2942 3457 Potest
2979 3416 3153 3459 autem
3180 3407 3337 3459 etiam
3377 3407 3600 3475 mystice
3626 3408 3703 3460 di-

2170 3500 2309 3543 etnm
2355 3491 2568 3558 intelligi
2612 3492 2762 3545 beato
2805 3492 3056 3557 Abrahaz,
3095 3510 3287 3547 omnem
3333 3509 3512 3550 terram
3561 3512 3703 3564 quam

2173 3578 2413 3645 conspicis
2438 3572 2523 3630 tibi
2546 3579 2676 3630 dabo
2700 3589 2749 3632 et
2773 3582 2943 3632 semini
2969 3589 3053 3633 tuo
3080 3597 3230 3648 usque
3249 3582 3300 3634 in
3319 3586 3705 3648 sempiternam;

2173 3667 2291 3734 quia
2320 3667 2460 3734 regio
2489 3668 2668 3731 patriae
2689 3666 2938 3730 cmlestis,
2962 3682 3114 3735 quam
3144 3681 3278 3722 terra
3312 3671 3395 3725 illa
3428 3674 3704 3743 repromis-

2173 3754 2334 3807 sionis
2362 3755 2632 3822 flgttrabat,
2659 3757 2725 3808 ita
2753 3757 2820 3810 ab
2847 3758 3024 3811 electis
3052 3759 3316 3825 omnibus,
3344 3762 3549 3816 semine
3573 3764 3707 3817 vide-

2175 3841 2297 3894 licet
2331 3843 2551 3897 Abraha:
2580 3845 2883 3911 percipitur,
2913 3855 2966 3899 ut
3005 3847 3055 3900 in
3094 3862 3155 3901 ea
3195 3849 3309 3902 sine
3353 3850 3459 3904 ﬁne
3503 3867 3708 3919 pema~

2175 3938 2363 3994 neant,
2407 3931 2552 3999 juxta
2581 3932 2706 3985 illud
2748 3935 2881 4000 quod
2927 3934 2993 3987 de
3036 3936 3152 4002 igne
3190 3936 3481 3991 holocausti
3521 3940 3709 3993 dicitur

2175 4019 2226 4071 in
2261 4017 2274 4054 ί
2313 4022 2489 4072 Exodo
2515 4037 2528 4071 :
2563 4019 2703 4090 Ignis
2730 4033 2802 4074 est
2824 4022 2917 4076 iste
2943 4033 3208 4089 perpetuus
3230 4027 3316 4090 qui
3340 4042 3604 4095 nam”
3630 4031 3711 4080 ds-

2175 4108 2304 4174 ﬁciet
2333 4110 2394 4160 de
2415 4108 2583 4161 altari.
2626 4108 2803 4177 Neque
2829 4112 2964 4164 enim
2999 4112 3129 4180 ignis
3167 4114 3253 4166 ille
3291 4115 3584 4169 materialis
3612 4133 3710 4186 quo

2175 4196 2357 4259 hostia:
2392 4198 2757 4252 cremabantur
2797 4189 2859 4252 in'
2896 4201 3231 4254 tabernaculo
3276 4213 3562 4270 perpetuus
3601 4219 3713 4260 esse

2175 4299 2405 4355 poterat,
2448 4303 2565 4342 cum
2599 4299 2651 4340 et
2691 4291 2856 4358 ipsum
2890 4291 3272 4343 tabernaculum
3294 4333 3308 4352 ,
3340 4302 3393 4345 et
3422 4292 3602 4356 ipsum
3641 4296 3715 4348 al-

2176 4384 2303 4437 tare,
2326 4385 2376 4427 et
2406 4375 2570 4441 ipsum
2591 4376 2959 4438 sacerdotium,
2981 4378 3136 4431 etiam
3162 4379 3356 4431 dudum
3379 4382 3560 4434 ablata
3589 4382 3711 4435 sint.

2177 4461 2276 4513 Sed
2320 4463 2450 4528 ignis
2480 4463 2768 4516 dilectionis
2793 4479 2898 4530 quo
2921 4466 3070 4518 electi
3103 4468 3460 4521 accenduntur
3486 4470 3558 4523 ad
3589 4469 3714 4524 ole-

2177 4552 2333 4602 renda
2363 4551 2468 4603 Deo
2496 4551 2745 4605 sacrificia
2775 4555 3087 4615 orationum.
3117 4556 3228 4610 sive
3254 4558 3531 4610 actionum
3555 4558 3714 4613 bona.

2177 4652 2309 4700 rum,
2344 4653 2602 4707 nunquam
2633 4641 2805 4692 deficit
2831 4641 2897 4693 de
2935 4623 3200 4703 altari,'id
3228 4652 3329 4708 est,
3359 4639 3428 4698 de
3467 4651 3716 4703 cordibus

2175 4740 2374 4789 eorum,
2395 4744 2509 4794 quae
2533 4728 2620 4780 illo
2645 4729 2902 4796 Moysaico
2928 4730 3075 4784 altari
3106 4729 3528 4798 designabantur
3555 4756 3571 4792 :
3597 4739 3713 4803 quia

2176 4817 2227 4870 in
2257 4818 2352 4870 hac
2388 4819 2490 4870 vita
2519 4819 2696 4874 divino
2725 4819 2922 4870 fervent
2951 4834 3147 4880 amore,
3177 4831 3232 4874 et
3261 4824 3311 4874 in
3343 4822 3524 4878 futuro
3557 4827 3714 4882 Deam

2175 4905 2407 4958 videntes
2435 4903 2740 4969 perfectius,
2771 4919 2833 4959 ex
2875 4891 2983 4959 toto
3009 4909 3196 4973 corde,
3231 4918 3335 4962 tota
3363 4911 3588 4978 anima,
3617 4923 3717 4968 tota

2180 4992 2194 5040 l
2233 4997 2418 5044 virtute
2445 4993 2682 5059 diligunt,
2710 5003 2760 5046 et
2801 4996 2956 5048 multa
2987 4997 3280 5066 hujusmodi
3324 4999 3375 5051 in
3403 5003 3716 5055 cerimoniis

2177 5082 2303 5150 legis
2334 5083 2586 5146 invenies,
2629 5099 2743 5150 quae
2770 5099 2887 5139 cum
2917 5097 3162 5152 perpetuo
3183 5086 3305 5152 jure
3331 5087 3584 5144 facienda
3613 5097 3718 5145 sive

2179 5189 2416 5225 mansura
2445 5175 2578 5229 dicta
2605 5178 2742 5242 sint,
2774 5194 2874 5230 non
2907 5191 3074 5231 tamen
3104 5177 3264 5233 fuisse
3289 5193 3596 5249 perpetua,
3623 5187 3715 5241 nisi

2176 5260 2474 5329 spiritaliter
2502 5265 2775 5325 intellecta,
2809 5270 3107 5329 probantur.

2247 5351 2449 5405 blooens
2487 5354 2636 5421 igitur
2664 5355 2842 5405 Abram
2868 5357 3239 5434 tabernaculum
3267 5373 3410 5412 suum
3429 5401 3448 5425 ,
3480 5368 3654 5432 nuit,
3675 5377 3716 5419 et

2249 5462 2267 5498 τ
2445 5473 2490 5538 et
2522 5460 2910 5538 bfesopotamia;
2937 5468 3028 5526 al.,
3057 5478 3101 5519 et
3125 5482 3158 5518 a
3182 5464 3583 5538 Mesopotamia.

2248 5541 2270 5602 tt
2311 5531 2416 5602 AL,
2439 5531 2748 5602 intenta/em
2775 5537 2989 5602 plagam.

2247 5597 2272 5633 δι
2312 5600 2391 5646 ΑΙ.
2421 5598 2563 5648 deest
2596 5598 2832 5654 Αἶοηιοη»

2255 5666 2265 5699 ι
2314 5663 2417 5732 Ιιῃο
2449 5665 2497 5714 in
2533 5666 2771 5732 LCVlllCO,
2802 5685 2848 5721 c.
2879 5685 2948 5727 vt.
2984 5669 3063 5722 l5.

2249 5734 2262 5780 ὲ
2314 5729 2414 5793 ΔΙ.,
2449 5747 2621 5785 mente.
