3866 6248
283 331 384 385 “5

1366 291 1373 297 .
1477 333 1936 404 "EXAEMERON
1975 335 2098 390 LIB.
2139 336 2216 391 lii.

3320 339 3414 396 ιιι

279 426 512 478 habitauit
536 429 682 496 juxta
706 429 974 482 consultent
1003 428 1223 481 Mentire
1244 416 1377 498 quod
1400 435 1471 481 est
1494 427 1544 480 in
1574 425 1794 478 ﬂebron.
1824 427 1871 484 Α
1901 428 2187 504 benedictio
2205 427 2432 482 omnium
2455 431 2682 497 gentium
2706 442 2817 486 erat
2838 433 3109 500 promissa,
3132 434 3416 500 benedixit,

279 514 487 568 iiebron
512 516 694 570 civitas
717 527 794 570 est
817 518 1015 572 distans
1041 518 1106 572 ad
1134 518 1465 572 meridianam
1504 517 1704 586 plagam
1730 514 1796 569 ab

278 602 869 659 Hierusalem-millibus
914 606 1122 661 circiier
1170 606 1348 674 viginti
1394 605 1628 668 duobus,
1682 616 1798 671 qua

275 695 597 764 temporibus
620 696 779 767 Moysi
803 696 938 750 Arbe
965 699 1076 752 sive
1101 696 1487 760 Chariatbarbe,
1517 695 1567 749 id
1596 702 1699 762 est,
1724 694 1801 746 cio

274 782 408 841 vitas
431 785 661 855 Quatuor
688 785 983 848 vocabatur,
1008 801 1074 840 eo
1099 785 1234 854 quod
1266 786 1334 838 ibi
1363 794 1468 839 tres
1493 784 1798 851 patriarcha:

272 873 555 937 Abraham,
585 875 725 926 isaac
753 884 806 926 et
829 874 988 926 Jacob
1011 873 1194 940 sepulti
1227 881 1376 936 sunt,
1405 883 1456 925 et
1483 872 1646 924 Adam
1674 885 1796 938 pro-

271 961 542 1026 toplastos,
570 971 626 1014 ut
664 962 714 1015 in
740 959 863 1015 Jesu
892 963 1019 1014 libro
1046 963 1292 1029 scriptum
1319 970 1402 1014 est
1419 999 1432 1022 ,
1467 971 1648 1028 postea
1674 974 1797 1014 vero

269 1044 480 1099 llebron
522 1047 590 1100 ab
631 1063 734 1101 uno
776 1049 996 1103 ﬂliorum
1036 1049 1229 1102 Chaleb
1266 1050 1446 1101 sortita
1487 1048 1794 1102 vocabulum

267 1141 380 1197 est,
420 1143 474 1187 ut
500 1134 663 1188 Verba
702 1135 904 1190 dierum
943 1145 1174 1198 narrant.
1205 1137 1258 1192 Si
1289 1151 1440 1204 quem
1472 1143 1644 1188 movet
1665 1148 1800 1200 quo-

268 1221 429 1274 modo
455 1237 589 1277 nunc
614 1233 667 1275 et
699 1233 820 1277 ante
858 1231 1087 1290 tempora
1119 1222 1342 1276 ﬂliorum
1383 1222 1481 1274 hoc
1507 1221 1795 1289 appellatur

266 1311 497 1374 nomine,
527 1311 779 1378 intelligat
804 1312 870 1367 ab
899 1311 1029 1365 Ezra
1055 1314 1326 1366 sacerdote
1363 1327 1479 1366 cum
1519 1317 1795 1366 renovaret

264 1397 586 1467 Scripturam
615 1412 844 1465 sacram,
881 1414 998 1468 qua:
1025 1415 1053 1452 a
1082 1399 1341 1453 Chaldaeis
1382 1400 1548 1453 fuerat
1587 1408 1794 1465 exusta,

265 1487 369 1541 hoc
401 1489 452 1540 in
489 1487 604 1541 loco
628 1485 932 1540 vocabulum
961 1486 1135 1539 Ebron
1168 1487 1287 1539 addi
1326 1489 1596 1555 potuisse,
1625 1485 1796 1555 qualia
1828 1500 1836 1511 ·

263 1580 428 1634 multa
469 1580 520 1633 in
562 1577 845 1648 Scripturis
874 1580 938 1633 ab
974 1593 1040 1634 eo
1071 1579 1244 1634 addita
1273 1588 1297 1616 ι
1330 1580 1480 1661 periti
1507 1581 1795 1635 litterarum

259 1676 560 1721 sanctarum
585 1667 876 1732 reperiunt.
949 1697 952 1699 λ

1900 526 1954 568 ut
1983 531 2073 583 per
2097 519 2267 570 omnia
2293 527 2578 585 patesceret
2601 519 2720 588 quia
2748 520 3022 586 promissio
3046 523 3274 590 patribus
3295 524 3414 578 data

1897 619 2001 658 non
2032 621 2121 670 per
2146 607 2454 660 cerimonias
2481 607 2604 674 legis
2629 606 2917 675 Moysaicaa,
2946 609 3037 663 sed
3079 625 3170 677 per
3200 613 3418 680 gratiam

1896 703 2034 748 esset
2060 696 2332 749 dominica
2358 696 2608 762 passionis
2633 685 2910 763 implenda.

1967 784 2178 840 Factum
2203 796 2273 839 est
2300 795 2460 839 autem
2486 787 2538 838 in
2584 787 2671 838 illo
2700 796 2915 853 tempore
2936 795 2989 838 ut
3015 788 3280 850 Amropltel
3322 802 3411 841 rea:

1898 876 2142 940 Sennaur,
2159 883 2202 927 et
2222 875 2401 926 Arioch
2426 891 2512 927 rea:
2534 875 2704 938 Ponti,
2721 889 2764 928 et
2777 875 3202 930 Chodorlaltomor
3213 875 3410 931 rex/E-

1898 963 2197 1023 lomitorttm,
2219 971 2265 1016 et
2290 961 2488 1014 Thadal
2521 979 2610 1015 rex
2633 965 2852 1030 gentiam
2877 964 3056 1016 inirent
3079 964 3257 1016 bellum
3287 979 3417 1016 con-

1899 1061 1976 1105 tra
1996 1049 2022 1088 ά
2054 1050 2209 1103 Basra
2235 1067 2394 1120 regem
2422 1050 2754 1105 Sodomorum
2773 1062 2817 1104 et
2841 1061 3011 1104 contra
3036 1049 3189 1104 Bersa
3215 1066 3377 1119 regem
3393 1060 3417 1089 ⁸

1897 1136 2203 1202 Gomorrluz,
2228 1149 2279 1194 et
2298 1150 2480 1194 canem
2496 1180 2508 1192 .
2537 1142 2736 1205 Quibus
2749 1141 2970 1194 refertur
2988 1142 3250 1209 quomodo
3273 1140 3418 1197 Cho-

1899 1229 2257 1285 dorlachomor
2311 1245 2402 1284 rex
2451 1229 2831 1295 Elamitarum,
2884 1233 2932 1284 id
2978 1242 3082 1294 est,
3117 1229 3414 1293 Persarum.

1897 1333 2016 1372 cum
2065 1321 2219 1373 sociis
2269 1320 2369 1374 sibi
2421 1322 2626 1388 regibus
2668 1332 2847 1374 contra
2877 1321 3197 1388 Pentapolim
3227 1322 3417 1378 bellant

1895 1421 2052 1474 agens
2078 1408 2277 1470 vicerit,
2301 1424 2529 1476 quasque
2566 1419 2766 1476 gentes,
2797 1425 2914 1462 cum
2944 1409 3007 1461 ad
3031 1409 3126 1462 hoc
3154 1418 3416 1462 certamen

1898 1511 2252 1569 properarent,
2307 1503 2406 1554 sibi
2457 1503 2641 1556 itinere
2680 1512 3016 1558 occurrentes
3067 1505 3416 1571 peremerint:

1896 1605 1998 1644 non
2030 1597 2112 1644 est
2141 1599 2310 1643 autem
2341 1582 2622 1658 putandum
2655 1593 2765 1643 haec
2793 1587 2966 1644 sacrae“
2987 1601 3250 1645 auctorem
3279 1591 3418 1646 Scri-

1899 1684 2060 1744 ptura:
2089 1676 2316 1729 historici
2348 1685 2542 1729 tantum
2564 1676 2716 1729 studii
2738 1679 2899 1745 gratia
2926 1678 2944 1714 τ
2977 1681 3242 1732 memoriae
3271 1695 3417 1732 tuan-

330 1753 718 1824 aEdiﬁcavitque
740 1756 902 1810 altare
938 1755 1172 1809 Domino.
1211 1755 1543 1824 Tertiumquo
1583 1755 1682 1810 hoc
1719 1757 1797 1809 ai-
1822 1739 1869 1798 Β
1897 1739 2070 1828 dasse,
2099 1771 2278 1820 etnon
2325 1764 2512 1818 intuitu
2563 1739 2765 1833 potius-
2783 1766 3214 1820 commendandae
3263 1765 3415 1821 nobis

258 1849 375 1895 tare
401 1842 658 1895 Abraham
685 1845 908 1897 aedificat
934 1861 946 1895 :
979 1845 1198 1912 primum
1227 1845 1417 1912 quippe
1447 1844 1593 1912 juxta
1624 1845 1820 1900 locum‘

255 1927 509 1998 Sychem,
549 1931 832 1984 secundum
875 1932 1011 1984 inter
1050 1931 1226 1984 Betbel
1257 1941 1305 1984 et
1336 1933 1398 1985 Ai
1425 1931 1793 1985 adiﬁcaverat.

257 2017 318 2072 In
346 2019 533 2084 quibus
572 2018 814 2073 omnibus
852 2020 1134 2074 notandum
1173 2023 1291 2089 quia
1333 2035 1582 2089 nusquam
1626 2021 1692 2074 ab
1729 2036 1794 2075 eo

253 2105 572 2167 sacriﬁcium
600 2106 854 2173 oblatum,
881 2109 974 2161 sed
1022 2118 1218 2161 tantum
1259 2122 1447 2162 nomen
1485 2109 1686 2162 Domini
1716 2109 1797 2162 in-

259 2206 504 2250 vocatum
528 2195 788 2264 Scriptura
813 2204 1215 2259 commemorat;
1245 2196 1336 2248 sed
1359 2209 1456 2248 nec
1480 2195 1532 2248 in
1562 2195 1795 2263 Scriptu-

255 2283 335 2337 ris
373 2285 708 2353 sequentibus
735 2285 891 2338 ullam
935 2284 1039 2338 Deo
1067 2286 1328 2340 victimam
1357 2293 1446 2338 aut
1481 2278 1792 2338 sacrificium

254 2370 509 2425 obtulisse
547 2374 828 2441 reperitur,
871 2382 1088 2440 excepto
1132 2389 1235 2426 uno
1277 2374 1462 2435 ariete,
1498 2388 1653 2442 quem
1699 2389 1795 2442 pro

259 2458 370 2511 ﬂiio
396 2459 585 2512 obtulit
622 2460 976 2515 holocaustum
1009 2461 1247 2524 Domino,
1293 2463 1344 2538 in
1380 2477 1484 2530 quo
1514 2465 1688 2530 passio
1713 2470 1794 2517 est

253 2548 551 2604 Mediatoris
581 2550 668 2604 Dei
697 2561 749 2604 et
776 2553 1040 2605 hominum
1067 2551 1394 2620 apertissime
1421 2552 1657 2619 ﬁgurata.
1685 2554 1788 2610 Sed

254 2654 358 2695 nec
384 2639 523 2695 isaac
552 2641 684 2693 illius
707 2641 821 2708 ejus
859 2643 1084 2711 aliquam
1129 2642 1234 2697 Deo
1263 2641 1480 2697 hostiam
1509 2645 1788 2712 obtulisse,

251 2728 350 2783 sed
381 2738 578 2782 tantum
605 2731 768 2783 altare
799 2730 1019 2785 Domino
1044 2731 1330 2787 aediﬁcasse
1358 2732 1562 2802 legitur.
1592 2733 1791 2789 Simili-

253 2827 339 2872 tcr
365 2829 412 2872 et
442 2817 599 2872 Jacob
626 2833 744 2873 cum
767 2818 979 2886 jubente
1006 2821 1224 2875 Domino
1250 2823 1413 2876 altare
1437 2821 1639 2888 iecerit,
1673 2823 1790 2878 nul-

251 2909 332 2961 las
355 2917 526 2961 tamen
550 2908 785 2960 victimas
810 2918 1065 2961 mactasse
1093 2913 1367 2976 reperitur,
1394 2922 1617 2979 excepto
1640 2926 1783 2976 cum,

249 2997 435 3050 relicta
475 3005 612 3050 terra
651 2996 1091 3064 repromissionis,
1135 2996 1411 3066 Egyptuiu
1453 3008 1660 3068 prepter
1694 3000 1782 3054 Jo-

245 3085 380 3150 scph
407 3095 518 3138 erat
544 3088 890 3154 ingressurus.
923 3085 1067 3140 Tunc
1091 3089 1281 3141 etenim
1311 3091 1620 3155 perveniens
1651 3091 1778 3144 Ber-

243 3171 430 3234 sabee,
459 3173 694 3226 mactatis
734 3175 802 3228 ibi
833 3175 1072 3239 victimis,
1113 3177 1200 3229 Dei
1226 3177 1290 3228 ad
1324 3192 1381 3230 se
1407 3180 1671 3231 oraculum
1698 3194 1784 3233 ac-

243 3258 451 3324 cepisse
493 3261 792 3335 perhibetur
833 3279 845 3314 :
891 3277 1110 3330 quarum
1154 3272 1322 3316 tamen
1370 3263 1438 3316 ibi
1483 3271 1537 3318 et
1579 3265 1782 3333 species

242 3339 493 3401 rétieetur
539 3357 592 3402 et
639 3365 885 3405 numerus
922 3369 934 3404 :
973 3366 1139 3421 neque
1179 3354 1335 3406 ullam
1381 3353 1578 3408 exinde
1620 3369 1781 3424 usque

241 3434 314 3487 ad
342 3444 540 3504 tempus
569 3437 780 3493 Pascha:
808 3441 943 3508 quad
976 3442 1025 3493 in
1054 3440 1279 3510 {Egypto
1308 3445 1358 3496 in
1385 3446 1500 3512 agni
1529 3446 1778 3512 sanguine

241 3523 566 3576 immolatum
594 3537 704 3588 est,
733 3528 904 3580 oblata
936 3528 1044 3581 Deo
1070 3529 1240 3581 hostia
1269 3545 1298 3582 a
1333 3533 1562 3597 patribus
1587 3546 1678 3597 per
1705 3541 1781 3584 tot

240 3627 496 3665 armorum
537 3615 790 3669 curricula
822 3615 1097 3668 invenitur.
1143 3617 1275 3682 Quid
1310 3627 1390 3671 est
1427 3633 1550 3686 ergo
1583 3617 1720 3685 quod
1749 3634 1776 3672 a

241 3711 480 3768 tempore
509 3703 927 3769 repromissionis
961 3704 1107 3756 [astte
1134 3706 1196 3757 ad
1233 3707 1494 3760 Abraham
1526 3723 1688 3775 usque
1713 3711 1777 3764 ad

239 3801 449 3856 tempus
472 3791 605 3845 date
635 3793 763 3861 legis
788 3792 946 3846 nulla:
979 3792 1328 3848 oﬂerebantur
1358 3797 1612 3864 victimae,
1644 3813 1778 3865 prae-

238 3887 324 3931 ter
349 3895 500 3933 unam
530 3881 877 3946 solummodo,
913 3897 1065 3948 quam
1108 3897 1200 3950 pro
1231 3883 1336 3937 ﬂlio
1366 3895 1510 3952 pater
1536 3887 1774 3940 immola-

238 3970 318 4019 vit
345 3967 635 4038 in-ﬂguram
672 3969 761 4024 Dei
792 3969 976 4036 Patris,
1011 3971 1095 4038 qui
1136 3973 1345 4040 proprio
1383 3971 1513 4025 Filio
1541 3986 1637 4025 suo
1671 3989 1772 4026 non

237 4056 494 4120 pepercit,
541 4059 632 4110 sed
677 4073 769 4125 pro
808 4061 956 4112 nobis
998 4060 1236 4114 omnibus
1277 4059 1487 4113 tradidit
1527 4076 1680 4125 eum,
1721 4073 1776 4117 et

173 4144 176 4147 ’
235 4151 383 4194 tanta
422 4145 745 4210 postmodum
779 4147 828 4198 in
867 4145 980 4214 lege
1005 4148 1154 4213 copia
1185 4147 1508 4201 victimarum
1537 4147 1771 4215 quotidie

234 4245 348 4283 non
369 4231 610 4286 cessabat
634 4230 807 4284 oﬂerri
824 4271 840 4295 ,
871 4232 968 4286 nisi
993 4234 1111 4300 quia
1138 4234 1414 4289 manifeste
1443 4237 1769 4304 praesagaba-

1893 1856 2071 1922 gratia:
2095 1855 2344 1920 celestis,
2368 1855 2520 1909 docet
2543 1871 2763 1924 namque
2813 1872 2908 1912 nos
2936 1873 3027 1924 per
3051 1858 3320 1911 victoriam
3349 1858 3417 1911 A-

1891 1943 2090 2008 brahae,
2117 1959 2215 2013 qua
2247 1953 2416 1998 tantos
2452 1959 2600 2010 reges
2627 1959 2744 1998 cum
2769 1945 2944 2015 paucis
2972 1949 3273 2015 superavit;
3302 1961 3417 2014 quas

1890 2030 1959 2103 sit
1984 2031 2146 2085 virtus
2167 2030 2306 2096 lidei,
2338 2047 2439 2100 qua
2463 2041 2573 2086 erat
2603 2034 2713 2100 ipse
2761 2034 3019 2097 munitus;
3059 2045 3249 2102 quanta
3297 2049 3415 2102 gra-

1892 2119 1960 2172 tia
2009 2118 2385 2173 benedictionis
2430 2121 2638 2184 divinae,
2665 2138 2763 2190 qua
2818 2131 2929 2176 erat
2975 2123 3260 2192 praeditus:
3290 2123 3412 2192 quis

1883 2205 2046 2259 modo
2074 2221 2163 2274 per
2186 2206 2422 2262 eamdem
2444 2207 2598 2264 ﬂdem
2625 2210 2786 2263 sancti
2805 2211 3130 2279 postmodum
3146 2209 3412 2275 nascituri,

1891 2294 2146 2350 devicturi
2173 2310 2356 2367 regna,
2379 2300 2635 2365 operaturi
2653 2298 2925 2368 justitiam,
2958 2299 3191 2368 adepturi
3238 2307 3414 2353 essent

1889 2382 2277 2451 promissiones.
2306 2383 2408 2439 Sed
2437 2395 2487 2439 et
2505 2386 2600 2438 alia
2634 2400 2931 2454 permagna,
2955 2401 3121 2451 neque
3165 2384 3416 2441 ullatenus

1891 2473 2248 2541 pretereunda
2275 2489 2430 2528 causa
2456 2482 2559 2541 est,
2588 2490 2810 2544 quorum
2832 2490 2997 2544 pugna
3017 2490 3215 2543 regum,
3246 2476 3414 2530 etSo-

1887 2562 2160 2616 domorum
2190 2563 2360 2631 primo
2385 2562 2527 2633 iuga,
2554 2578 2614 2618 ac
2668 2573 2784 2632 post
2830 2563 3028 2631 ereptio
3076 2563 3412 2626 scriberetur,

1885 2668 2021 2722 quos
2046 2655 2200 2722 etiam
2229 2655 2281 2708 in
2305 2656 2639 2722 sequentibus
2667 2654 2866 2710 colesti
2889 2654 2962 2706 ira
2991 2655 3410 2720 penitusconsta’t

1886 2721 2006 2795 esse
2030 2721 2332 2796 subiersos.
2368 2721 2772 2809 Vidensquippe
2813 2755 2992 2795 eorum
3022 2742 3218 2794 scelera
3246 2739 3403 2803 Deus,

1885 2830 2052 2897 primo
2081 2831 2191 2895 haec
2219 2833 2362 2885 mede
2395 2831 2566 2886 hostili
2592 2840 2645 2885 et
2669 2830 2967 2898 captivitate
2991 2830 3241 2896 corripuit
3267 2846 3278 2881 :
3307 2829 3402 2885 sed

1883 2933 2003 2971 mox
2034 2933 2126 2987 per
2153 2920 2354 2974 lidelem
2383 2936 2534 2972 suum
2563 2929 2587 2966 8
2616 2919 2864 2974 famulum
2900 2921 2966 2972 ab
2990 2930 3169 2972 eadem
3196 2932 3290 2972 eos
3318 2933 3406 2970 ca-

1807 3052 1856 3117 c
1882 3004 2114 3074 ptivitate
2129 3021 2248 3061 cum
2269 3006 2508 3058 omnibus
2523 3020 2636 3074 qua:
2653 3013 2805 3059 erant
2824 3015 2972 3072 capta
2990 3007 3177 3072 eripuit
3201 3021 3213 3056 :
3235 3014 3288 3058 et
3309 3006 3408 3058 hoc

1889 3097 1948 3117 -._
1978 3097 2186 3117 ___.:-_
2212 3093 2343 3117 κως
2375 3094 2390 3117 Ι
2417 3094 2500 3117 -..,
2548 3095 2628 3117 -..ε
2659 3095 2793 3117 μη-
2817 3109 2903 3117 ,η
2935 3093 3154 3117 κως.--
3178 3095 3277 3117 η--
3299 3109 3385 3117 _-_

1885 3097 1952 3150 ob
1974 3097 2193 3164 gratiam
2210 3093 2344 3149 beati
2373 3094 2525 3157 Loth,
2545 3095 2633 3163 qui
2659 3095 2793 3160 inter
2814 3109 2905 3149 eos
2935 3093 3154 3148 lideliter
3177 3095 3280 3148 Deo
3297 3109 3412 3149 ser-

1885 3185 2028 3251 vivit,
2057 3194 2114 3238 ut
2137 3185 2224 3238 tali
2245 3186 2384 3239 dono
2403 3181 2590 3239 divina:
2621 3185 2958 3252 protectionis
2985 3184 3170 3253 adjuti,
3195 3199 3255 3237 ac
3277 3185 3408 3236 libe-

1884 3274 1981 3329 rati
1999 3277 2066 3328 de
2086 3275 2253 3340 malis,
2275 3274 2536 3328 discerent
2561 3285 2614 3328 et
2654 3276 2749 3342 ipsi
2773 3275 2966 3328 relictis
2988 3273 3252 3327 erroribus
3301 3271 3409 3326 Deo

1881 3366 2100 3427 servire,
2155 3364 2371 3432 ejusque
2396 3367 2460 3416 ad
2491 3365 2622 3416 bona
2649 3378 2808 3429 opera
2850 3371 3193 3431 sequerentur
3233 3376 3413 3416 exetuo

1880 3451 2023 3518 plum
2054 3466 2082 3502 a
2113 3464 2216 3518 quo
2235 3461 2286 3503 et
2310 3466 2401 3518 per
2427 3465 2579 3519 quem
2626 3451 2717 3504 Dei
2743 3461 2864 3505 sunt
2885 3451 3050 3520 gratia
3075 3453 3276 3505 salvati.
3311 3450 3409 3506 Ve-

1886 3555 1999 3590 rmn
2025 3540 2142 3608 quia
2173 3553 2269 3592 nec
2327 3540 2446 3607 ipsi,
2474 3555 2570 3594 nec
2617 3541 3036 3609 correptionlbus
3075 3541 3286 3606 divinis,
3313 3554 3410 3594 nec

1879 3630 2030 3684 donis
2055 3646 2083 3684 a
2106 3644 2198 3684 sua
2228 3631 2496 3698 iniquitate
2541 3634 2753 3687 voluere
2804 3635 2991 3702 corrigi
3019 3650 3034 3697 ;
3082 3633 3205 3699 quin
3236 3634 3405 3700 potius

1878 3721 2064 3788 prisce
2114 3721 2312 3775 scelera
2365 3721 2629 3785 pravitatis
2678 3720 2971 3774 recentibus
2997 3721 3224 3788 qu0tidie
3247 3733 3407 3775 accu-

1877 3811 2204 3862 mulat-erunt
2224 3808 2450 3876 ﬂagitiis,
2480 3810 2708 3861 restabat
2736 3817 2791 3861 ut
2819 3808 2892 3861 ira
2927 3809 3124 3862 cteiesti
3153 3819 3404 3877 perpetuo

1875 3899 2265 3963 damnarentur,
2296 3899 2446 3968 cujus
2470 3886 2810 3966 correptionis
2838 3913 2901 3952 ac
2946 3898 3227 3965 punitionis
3276 3900 3406 3952 ordo

1878 4003 2039 4056 usque
2067 3989 2244 4053 hodie,
2273 3989 2378 4041 imo
2405 4002 2568 4056 usque
2598 3989 2648 4041 in
2672 3987 2828 4041 ﬁnem
2859 3987 3036 4042 stcculi
3065 4002 3186 4057 erga
3219 3987 3408 4052 impios

1873 4083 1927 4127 et
1951 4085 2248 4142 peccatores
2271 4075 2454 4129 eodem
2485 4077 2638 4128 modo
2659 4099 2662 4101 λ
2683 4077 2763 4142 agi
2817 4091 2916 4126 nou
2946 4075 3155 4138 desiuit,
3179 4090 3296 4128 cum
3351 4076 3406 4128 bi

1872 4163 1958 4228 qui
1999 4175 2097 4213 nec
2148 4163 2436 4227 beneﬂciis,
2462 4176 2556 4216 nec
2608 4161 2825 4231 ﬂagellis
2871 4162 3173 4216 coelestibus
3220 4174 3408 4216 curant

1840 4270 1844 4274 ’
1871 4250 2138 4305 emendari
2155 4289 2171 4314 ,
2218 4253 2542 4319 postmodum
2569 4252 2772 4306 caelesti
2799 4249 2824 4287 δ
2848 4251 3043 4306 ultione
3071 4254 3401 4306 damnantur.

236 4331 328 4371 tur
346 4318 482 4388 quod
505 4318 666 4387 gratia
689 4326 742 4372 et
768 4319 958 4372 veritas
982 4334 1099 4388 quas
1127 4321 1348 4376 Abraha:
1375 4333 1428 4396 et
1451 4324 1636 4378 semini
1656 4324 1769 4392 ejus

1879 4337 1894 4375 ί
1928 4339 2119 4396 Taliter
2145 4350 2199 4394 et
2221 4318 2337 4409 ipse
2366 4343 2586 4396 mundus
2613 4351 2802 4395 statum
2832 4357 2981 4394 suum
3003 4341 3115 4395 sine
3141 4341 3243 4394 line
3264 4355 3396 4395 con-

232 4417 351 4462 erat
379 4412 661 4476 promissa,
689 4425 790 4464 non
821 4409 870 4463 in
900 4410 1245 4465 oblationibus
1273 4411 1299 4448 ⁵
1329 4413 1647 4481 hostiarum,
1675 4416 1767 4470 sed

1878 4441 2067 4496 sumet,
2124 4431 2247 4486 dum
2304 4432 2539 4486 homines
2578 4447 2668 4500 per
2713 4433 2892 4485 orbem
2939 4433 3233 4485 universum
3261 4443 3314 4484 et
3333 4432 3401 4484 ad

234 4498 292 4552 in
322 4496 511 4551 Christi
538 4509 648 4551 erat
678 4498 916 4566 passione
949 4499 1145 4552 mundo
1170 4500 1466 4554 reddenda?
1506 4518 1598 4568 per
1623 4505 1774 4573 cujus

234 4586 394 4641 Iidem
416 4600 479 4640 ac
505 4597 828 4641 sacramenta
857 4588 1108 4656 passionis
1132 4602 1233 4642 non
1260 4589 1426 4644 solum
1457 4606 1580 4660 nos,
1599 4596 1691 4648 sed
1721 4606 1772 4650 et

233 4677 310 4732 illi
360 4675 445 4745 qui
489 4675 723 4743 ejusdem
772 4678 1025 4744 passionis
1073 4689 1767 4748 tempora’praaocsserunt,

231 4769 373 4826 salvi
409 4768 526 4821 iacti
557 4776 679 4820 sunt
718 4767 860 4833 justi.
901 4770 992 4823 Cui
1021 4782 1042 4809 ο
1073 4771 1249 4840 ﬂgurze
1289 4772 1595 4840 astipulatur
1631 4776 1770 4841 quod

233 4854 618 4910 licichisedech
655 4854 898 4908 sacerdos
929 4854 1017 4910 Dei
1054 4861 1278 4926 excelsi,
1318 4863 1405 4930 qui
1446 4864 1769 4932 temporibus

233 4945 644 5011 patriarcharum
674 4942 796 5011 fuit,
828 4961 930 4999 non
954 4950 1257 5016 sanguinem
1284 4953 1608 5007 victimarum
1631 4993 1646 5018 ,
1678 4954 1771 5008 sed

233 5046 422 5100 panem
450 5045 502 5088 et
529 5036 702 5088 vinum
727 5035 946 5098 Domino
976 5037 1162 5105 legitur
1190 5039 1464 5110 obtulisse,
1487 5053 1542 5096 et
1566 5059 1671 5096 non
1698 5044 1772 5097 le-

228 5119 367 5190 galis
395 5123 705 5197 sacerdotii,
731 5124 823 5178 sed
860 5124 1138 5190 evangelici
1170 5124 1387 5180 formam
1429 5131 1721 5195 pratulisse
1749 5150 1764 5186 :

227 5211 324 5286 qui
351 5212 505 5265 etiam
535 5214 704 5280 ipsum
747 5217 1003 5270 Abraham
1025 5256 1040 5283 ,
1069 5216 1149 5271 cui
1184 5217 1476 5275 benedictio
1503 5233 1557 5277 et
1582 5224 1632 5277 in
1665 5239 1770 5293 quo

303 5307 332 5334 ⁸
374 5303 474 5368 AL,
507 5304 737 5371 imperiti.

302 5381 332 5410 ³
370 5375 476 5428 Αἱ..
505 5372 832 5428 victimarum.

304 5456 327 5479 ε
373 5441 476 5502 AL,
505 5441 730 5502 ﬁgurate.

298 5508 327 5545 δ
371 5511 472 5568 AL,
511 5508 658 5559 B-tra.

302 5580 328 5608 ⁸
365 5580 474 5643 AL,
502 5575 778 5630 Gouiarrlr.

1873 4519 2011 4572 dona
2062 4531 2285 4585 superna
2315 4521 2502 4588 ingrati
2522 4529 2574 4572 et
2600 4519 2664 4572 ad
2693 4518 2895 4586 ﬂagella
2916 4517 3243 4572 insensibiles
3271 4534 3392 4587 per-

1875 4614 2140 4676 durautes,
2164 4613 2337 4667 subito
2367 4613 2634 4666 novissimi
2659 4613 2911 4666 examinis
2939 4612 3141 4666 turbine
3153 4612 3218 4667 ad
3242 4621 3398 4667 atter-

1872 4721 1996 4760 num
2024 4703 2290 4770 rapientur
2317 4702 2600 4756 interitum.
2625 4702 2773 4767 Quod
2804 4717 2926 4756 vero
2968 4701 3177 4765 dicitur,
3227 4715 3396 4754 omnes

1872 4797 1926 4848 hi
1948 4802 2277 4847 conveneram
2297 4792 2349 4844 in
2376 4791 2556 4845 uallem
2581 4792 2848 4846 silvestrem
2873 4807 2984 4860 qua
2998 4806 3128 4843 nunc
3154 4800 3224 4857 est
3255 4806 3400 4844 mare

1798 4936 1799 4939 η
1868 4885 2074 4946 sebum,
2106 4882 2516 4949 pmoccupaudo
2539 4881 2866 4948 perstingitur
2892 4880 2979 4934 ubi
3000 4881 3070 4934 sit
3091 4893 3255 4947 pugna
3280 4894 3397 4948 per-

1869 4988 2003 5030 acta.
2053 4971 2180 5026 Nam
2221 4970 2600 5039 subsequenter
2643 4971 2931 5036 explicatur
2975 4985 3090 5038 quas
3125 4969 3398 5027 sitcausa

1823 5074 1830 5078 ‘
1871 5061 2071 5124 duellii,
2101 5075 2269 5130 quove
2295 5061 2483 5114 itinere
2508 5060 2710 5114 hostilis
2740 5059 2998 5113 exercitus
3023 5067 3212 5123 quanta
3224 5067 3398 5124 strage

1817 5166 1822 5170 '
1870 5157 2066 5220 patrata
2090 5148 2181 5216 illo
2207 5148 2478 5202 advenerit
2505 5166 2518 5200 :
2543 5156 2598 5200 ut
2624 5162 2727 5214 quo
2755 5153 2920 5214 major
2953 5144 3242 5201 ostenditur
3290 5146 3394 5201 vir-

1870 5255 1953 5298 tus
1970 5241 2407 5305 adversariorum,
2433 5255 2498 5294 eo
2520 5242 2700 5296 fortior
2727 5247 2968 5307 appareat
3001 5236 3127 5293 ﬂdes
3144 5237 3387 5304 Abrahae,

1943 5334 1962 5372 τ
2009 5336 2114 5395 ΑΙ..
2139 5345 2429 5387 Memorare.

1949 5413 1973 5447 κ
1999 5405 2080 5456 Al.
2129 5406 2276 5455 deost
2317 5402 2582 5466 (urnulam.

1940 5466 1966 5502 ³
2001 5473 2104 5534 AL,
2127 5471 2445 5522 damnatione
2479 5473 2769 5524 multantur.

1947 5555 1962 5584 I
1997 5543 2099 5604 AL,
2122 5542 2273 5594 tali...
2304 5551 2484 5594 stutum
2511 5556 2654 5594 suum
2697 5542 2810 5607 fine.
