3866 6248
521 375 625 462 tu

1020 404 1218 461 sena
1267 404 1712 461 VENEitABILlS
1746 403 2024 486 operiunt
2075 402 2250 462 rans
2288 408 2349 463 ιι.
2390 439 2456 452 -
2494 413 2875 472 EXEGETICA
2915 396 3228 475 cauum.

3614 426 3704 481 M8

520 530 785 588 perquam
804 493 1000 571 horum
1028 517 1188 572 robur
1201 532 1355 572 omne
1379 516 1624 574 facillime.
1644 493 2046 584 confregit.Val-
2080 513 2128 567 Δ
2154 513 2303 584 lange
2333 527 2447 582 post
2485 520 2607 574 illud
2656 536 2846 577 nomen
2894 525 3038 580 locus
3060 527 3342 594 acceperit,
3367 543 3437 584 eo
3465 533 3605 598 quod
3646 532 3701 589 iii

520 609 586 664 lis
606 615 777 663 autem
811 607 1064 662 silvestris
1087 607 1198 675 ipsa
1222 615 1302 660 est
1326 605 1469 674 regio
1499 607 1548 659 in
1576 619 1676 675 qua
1711 615 1834 660 tunc
1860 605 2050 659 Penta-

521 696 672 767 polis,
722 695 771 750 id
809 705 908 760 est,
941 677 1203 765 provincia
1255 695 1603 750 Sodomorum
1631 704 1686 749 et
1718 694 2048 748 ﬁnitimarum

518 785 924 850 eratcivitatum,
952 794 1273 839 nuncantem
1295 783 1586 852 superfusis
1618 791 1737 853 post
1758 783 2054 837 incendium

517 873 586 928 de
611 872 856 938 Jordanc,
885 886 1030 927 mare
1056 872 1200 934 salis,
1228 874 1342 928 sive
1368 887 1512 926 mare
1537 870 1794 925 bim-tuum
1826 872 1880 925 in
1909 871 2053 925 Scri-

517 973 664 1032 ptura
689 976 836 1018 sacra
863 1003 877 1027 ,
900 962 968 1015 ab
1009 961 1268 1016 historicis
1318 972 1489 1016 autem
1523 960 1820 1016 Grecorum
1847 962 1990 1016 lacus
2029 969 2055 997 ι

519 1051 780 1121 Asphalti,
806 1051 856 1104 id
887 1060 989 1115 est,
1020 1050 1286 1106 bituminis
1314 1051 1623 1120 appellatur.
1675 1059 1731 1106 et
1785 1058 1866 1105 est
1913 1051 2052 1104 inter

509 1140 764 1230 .liiericbo
802 1149 855 1196 et
874 1141 1056 1221 Segor.

591 1229 1041 1298 Percussertmtqse
1100 1229 1345 1296 Raphaim
1394 1231 1447 1283 in
1499 1231 1978 1295 Astarothearnafm,
2015 1239 2060 1282 et

519 1319 818 1373 Zasimctuu
844 1321 931 1380 eis,
955 1329 1000 1374 et
1026 1318 1192 1372 Earini
1212 1323 1264 1372 ia
1283 1319 1430 1386 Save,
1446 1318 1778 1382 Cariathaint,
1801 1319 2058 1386 Raphaim

519 1414 790 1476 ilebrsice.
811 1413 994 1469 Graece
1021 1411 1050 1452 δ
1075 1413 1321 1466 dicuntur
1347 1411 1595 1481 Gigantes
1628 1429 1640 1463 :
1679 1410 1931 1481 singulari
1957 1425 2053 1462 an-

517 1514 624 1560 tem
649 1519 868 1560 numero
913 1505 1092 1572 Rapha
1133 1504 1328 1573 Gigans
1356 1512 1591 1560 vocatur.
1622 1503 1782 1558 Terra
1812 1519 1934 1557 vero
1963 1518 2055 1557 eo-

516 1608 656 1662 rum,
685 1609 803 1664 que
823 1595 1104 1649 vocabatur
1148 1595 1645 1660 Astarothcarnaim,
1688 1595 1738 1648 in
1786 1593 2064 1663 supercilio
2100 1589 2109 1593 ”

514 1692 628 1740 erat
651 1685 1012 1741 Sodomorum.
1062 1684 1292 1753 Denique
1319 1700 1483 1754 usque
1525 1685 1680 1737 hodie
1728 1683 1874 1736 vicus
1924 1691 2063 1735 trans

514 1777 705 1831 fluenta
731 1775 975 1832 Jord'an‘s
1016 1778 1214 1831 Caroea
1248 1777 1417 1830 dictus
1452 1774 1760 1831 ostenditur.
1792 1775 2054 1841 interpre-

2156 603 2408 660 Dominus
2427 620 2694 673 egressum
2720 624 2783 664 ex
2813 610 3042 681 lgypto
3082 617 3326 684 populum
3369 616 3704 686 iudicaverit.

2225 690 2289 744 Et
2303 708 2648 762 percusserunt
2666 713 2861 762 omnem
2881 703 3126 769 regionem
3165 705 3588 765 Amatecitaraat.
3612 712 3704 764 Sa-

2157 784 2352 850 periori
2379 800 2531 840 versu
2559 789 2876 859 jungendum
2891 801 2993 856 est.
3017 803 3072 848 ut
3095 796 3416 861 intelligatur
3433 799 3586 866 juxta
3609 803 3704 852 Ca-

2153 873 2250 929 des
2277 875 2441 931 Barne
2467 893 2659 933 casum
2687 896 2807 938 esse
2830 885 3079 958 populum
3110 887 3384 950 Amalech,
3417 890 3510 942 ubi
3557 905 3704 944 accn-

2157 962 2264 1016 buit
2290 963 2475 1030 laris,
2501 976 2553 1020 et
2580 968 2784 1038 Moyses
2830 987 2961 1042 rupe
3009 989 3252 1043 percussa
3296 992 3465 1047 aquas
3509 981 3705 1034 sitienti

2157 1053 2347 1120 populo
2373 1053 2440 1106 de
2465 1065 2610 1120 petra
2638 1057 2900 1124 produxit.

2225 1140 2370 1204 Quod
2398 1156 2522 1194 vero
2543 1146 2776 1212 sequitur
2802 1165 2813 1198 :
2849 1146 2913 1200 Et
2941 1150 3290 1205 Amorrfuesm
3313 1156 3406 1225 qui
3439 1155 3704 1208 habitabat

2157 1227 2210 1279 in
2233 1229 2424 1283 Asasou
2445 1229 2556 1284 Tlta
2569 1247 2699 1291 utar,
2727 1233 2791 1286 ad
2822 1235 2982 1289 alium
3013 1239 3187 1294 locum
3213 1243 3464 1306 pertinet,
3501 1244 3608 1296 hoc
3633 1253 3704 1297 est

2157 1319 2403 1384 oppidum
2454 1321 2595 1390 quod
2640 1337 2778 1377 nunc
2825 1335 3045 1382 vocatur
3099 1328 3356 1398 Engaddi,
3403 1331 3704 1387 balsamiet

2159 1407 2446 1473 palmarum
2477 1410 2645 1466 fertile
2678 1429 2689 1464 :
2727 1413 2864 1467 unde
2880 1417 3081 1471 Asason
3110 1418 3341 1472 Thamar
3398 1419 3544 1473 Urbs
3600 1422 3701 1488 pal~

2160 1513 2361 1554 tuarum
2389 1501 2778 1571 interpretatur.
2805 1507 3035 1562 Thamar
3061 1511 3256 1578 quippe
3283 1511 3464 1564 Palma
3491 1511 3701 1567 dicitur.

2231 1590 2297 1644 Et
2317 1593 2604 1649 direxerant
2622 1608 2794 1651 contra
2821 1600 2904 1654 eos
2929 1603 3085 1655 aciem
3114 1603 3166 1655 in
3188 1605 3317 1656 ualle
3338 1605 3588 1671 silvestri.
3610 1607 3700 1660 Pr:

2160 1681 2293 1735 valle
2303 1677 2528 1741 silvestri
2542 1684 2592 1738 in
2619 1686 2837 1740 llebrao
2859 1688 3009 1743 habet
3024 1691 3074 1743 in
3089 1692 3213 1745 valle
3230 1690 3614 1763 Seddiin,quod
3637 1697 3701 1749 si-

2161 1771 2375 1835 gnillcat
2393 1787 2600 1829 amcena
2613 1785 2667 1830 et
2680 1792 2953 1833 nemorosa
2977 1779 3112 1835 loca.
3129 1781 3271 1836 Talis
3294 1784 3434 1837 enim
3445 1797 3566 1838 erat
3580 1785 3699 1838 Pco-

513 1872 655 1919 tatur
696 1874 868 1920 autem
919 1866 1395 1920 Astarothcarnaim
1442 1866 1604 1920 Ovilia
1627 1878 1899 1928 cornuum,
1926 1833 2043 1932 quia
2082 1833 2128 1891 Β
2154 1833 2342 1925 tapolis
2367 1867 2963 1931 quaproptermalitism

513 1953 756 2008 nimirum
790 1954 1000 2009 fortium
1024 1963 1175 2010 erant
1200 1955 1498 2030 mansiones
1518 1955 1768 2008 virorum.
1798 1953 1928 2007 Sara
1961 1967 2047 2006 au-

513 2055 617 2102 tem
646 2045 832 2101 civitas
860 2048 1121 2100 Emiornm
1150 2061 1308 2113 super
1348 2046 1610 2115 regionem
1661 2044 1828 2112 posita
1880 2044 2049 2098 Sodo-

511 2151 737 2201 morum,
770 2152 885 2205 qnte
915 2152 1077 2206 usque
1106 2135 1256 2190 hodie
1277 2137 1353 2189 sic
1372 2145 1604 2190 vocatur.
1635 2135 1782 2200 Quod
1811 2150 1937 2190 vero
1955 2135 2049 2188 ad-

510 2226 653 2281 ditur
677 2226 993 2280 Cariathaim
1026 2228 1394 2293 interpretatur
1418 2224 1613 2279 Civitas
1638 2240 1818 2280 eorum
1843 2241 1859 2289 ;
1884 2232 1940 2276 et
1959 2233 2051 2302 est

489 2330 720 2378 'sensus,
754 2328 1120 2383 percusserunt
1147 2304 1395 2372 et‘Emim
1434 2320 1486 2372 in
1524 2318 1660 2374 Save
1700 2318 1914 2373 civitate
1959 2333 2049 2372 eo-

511 2420 653 2469 rum,
683 2406 818 2459 sicut
843 2415 898 2460 et
926 2405 1261 2474 Septuaginta
1291 2405 1608 2476 interpretes
1651 2407 2047 2460 transtulerunt.

483 2503 486 2506 '
515 2493 685 2548 Emim
713 2509 842 2548 sane
868 2495 1005 2549 sicut
1027 2506 1078 2550 et
1105 2494 1279 2549 anim
1301 2503 1507 2564 gentem
1527 2494 1685 2549 fuisse
1712 2493 2047 2549 fortissimam

510 2583 667 2636 etiam
692 2583 808 2651 ipso
834 2586 1049 2640 nomine
1074 2586 1342 2652 probatur.
1371 2584 1549 2640 Zusim
1577 2600 1804 2656 namque
1821 2586 2050 2641 Terribi-

487 2671 609 2734 les,
638 2672 808 2727 Emim
827 2674 1070 2730 dicuntur
1097 2676 1374 2733 iiorrendi.
1581 2730 1585 2735 ,

581 2759 652 2815 Et
682 2761 904 2818 Horreos
927 2764 979 2818 in
1003 2766 1247 2820 montibus
1274 2765 1409 2820 Seir.
1441 2765 1547 2821 ηοξ
1593 2767 1803 2836 quidem
1844 2776 2050 2822 montes

517 2864 636 2905 cum
663 2850 896 2907 ﬁnitimis
917 2856 1215 2924 regionibus
1240 2856 1474 2925 sequenti
1503 2864 1619 2926 post
1661 2855 1773 2912 lucc
1820 2865 2052 2922 tempore

519 2941 613 2996 filii
644 2941 799 3009 Esau,
831 2945 918 3013 qui
945 2947 1227 3006 vocabatur
1250 2954 1303 2998 et
1331 2945 1468 3010 Sei‘r,
1494 2959 1560 3000 co
1600 2944 1735 3013 quod
1765 2955 1906 3000 esset
1922 2945 2050 3012 pilo-

514 3047 627 3104 sus,
658 3034 840 3102 ejectis
864 3034 1096 3095 liorreis,
1118 3035 1464 3101 possederunt
1495 3052 1507 3086 :
1541 3049 1642 3088 non
1691 3044 1864 3088 tamen
1917 3034 2048 3100 ipse,

2150 1951 2350 2018 ignibus
2384 1955 2603 2018 assumi,
2633 1957 2724 2009 sed
2771 1967 2826 2010 et
2849 1972 3097 2025 aquarum
3116 1961 3306 2028 abysm
3319 1961 3510 2014 meruit
3528 1975 3560 2012 a
3585 1975 3698 2014 cuu-

2147 2052 2349 2097 ctornm
2379 2045 2661 2098 viventium
2689 2047 2875 2100 intuitu
2906 2048 2956 2100 in
3001 2058 3311 2114 perpetuum
3359 2049 3640 2102 abscondi.

2217 2132 2283 2185 Et
2303 2150 2411 2187 ecce
2439 2133 2682 2204 uuastqui
2703 2147 2948 2200 euaserat,
2979 2131 3225 2191 nuntiarit
3249 2138 3437 2191 Abram
3457 2127 3697 2193 Hebre}.

2148 2223 2297 2278 Patet
2341 2239 2405 2279 es
2446 2227 2544 2278 hoc
2579 2228 2694 2280 loco
2742 2230 2864 2293 quia
2905 2241 3079 2282 errant
3111 2229 3328 2282 nimium
3349 2230 3436 2295 qui
3483 2239 3702 2294 gentem

2152 2310 2484 2366 Hebre-orum
2509 2328 2538 2366 a
2567 2315 2777 2367 nomine
2803 2315 3064 2369 Abraham
3097 2331 3232 2371 .esse
3272 2320 3700 2386 cognominatam

2150 2400 2298 2468 quasi
2328 2401 2546 2455 iibream
2574 2411 2777 2468 putant,
2801 2417 2922 2461 cum
2944 2414 2997 2458 ct
3027 2405 3137 2471 ipse
3162 2405 3425 2458 Abraham
3439 2403 3694 2460 llebrzrus

2149 2490 2470 2557 appellatur;
2499 2492 2743 2546 videlicet
2768 2493 2834 2545 ab
2848 2493 3020 2548 Hebcr
3050 2489 3155 2546 filio
3174 2494 3378 2555 Jectan,
3394 2494 3548 2561 cujus
3570 2505 3698 2547 tem-

2146 2582 2365 2648 poribus
2394 2584 2687 2649 linguarum
2716 2583 2903 2636 divisio
2931 2576 3062 2635 facta
3091 2593 3189 2637 est.
3211 2584 3592 2651 interpretatur
3609 2600 3698 2636 all-

2153 2679 2256 2724 tem
2289 2670 2538 2724 Hebraeus
2565 2671 2859 2734 Transitor,
2888 2673 3024 2738 quod
3057 2672 3181 2724 ildei
3208 2686 3271 2726 ac
3298 2673 3498 2725 meritis
3526 2673 3698 2725 Abra-

2151 2761 2271 2813 ham
2297 2761 2570 2814 manifeste
2597 2761 2856 2830 congruit.
2905 2759 3335 2816 Trauscendehat
3355 2777 3584 2830 namque
3605 2763 3694 2817 de-

2151 2852 2340 2906 sideria
2370 2853 2697 2920 temporalia,
2729 2861 2782 2905 et
2807 2853 2873 2906 de
2901 2852 3145 2920 presenti
3175 2852 3373 2906 saeculo
3424 2854 3487 2904 ad
3524 2853 3695 2906 futura

2153 2941 2336 3012 gaudia
2369 2943 2591 2995 transire
2622 2941 2918 2996 festinabtt.
2957 2942 2971 2992 l
3007 2931 3232 2996 Sanctus
3269 2941 3461 2996 etenim
3494 2941 3695 2996 habita-

2154 3042 2235 3087 tor
2257 3046 2410 3087 ιρι-ηε
2436 3048 2536 3086 non
2586 3043 2691 3096 est,
2724 3035 2816 3086 sed
2846 3034 3013 3086 viator
3043 3042 3095 3088 et
3120 3035 3341 3095 advena,
3369 3032 3555 3087 dicens
3598 3047 3695 3086 sse

511 3133 572 3178 ιιι
598 3122 882 3178 verisimile
911 3121 1132 3184 videtur,
1157 3123 1248 3178 sed
1275 3124 1406 3178 alter
1430 3132 1544 3177 erat
1565 3123 1702 3207 Seir,
1727 3138 1756 3176 a
1776 3136 1881 3192 quo
1906 3137 2053 3196 mon-
2153 3121 2444 3182 Conditori.
2473 3124 2718 3192 quoniam
2743 3123 2908 3176 incola
2939 3136 3038 3190 ego
3061 3136 3177 3176 sum
3218 3121 3352 3189 apud
3381 3130 3433 3175 te
3459 3123 3510 3174 in
3554 3131 3692 3175 terra

516 3221 595 3266 tes
611 3209 732 3266 Seir
749 3212 1058 3266 vocabulum
1083 3221 1430 3276 acceperunt:
1462 3212 1754 3280 patriarcha
1807 3211 2049 3265 videlicet
2150 3221 2203 3265 et
2227 3214 2528 3279 peregrinus
2555 3211 2692 3265 sicut
2711 3219 2895 3264 omnes
2918 3221 3092 3280 patres
3115 3211 3236 3265 mei.
3263 3209 3376 3265 Non
3405 3211 3547 3264 enim
3589 3211 3694 3264 tru-

521 3298 866 3361 llorreorum,
890 3299 954 3352 de
978 3299 1126 3369 cujus
1155 3300 1316 3369 stirpe
1344 3299 1478 3354 Esau
1500 3301 1698 3368 accepit
1719 3310 1957 3362 uxorem,
1980 3299 2050 3352 di-
2080 3366 2081 3369 η

515 3395 668 3442 cente
695 3375 962 3455 Scriptura
990 3387 1043 3443 in
1068 3388 1406 3457 sequentibus
1440 3407 1453 3442 :
1490 3387 1626 3443 Esau
1661 3390 1849 3454 accepit
1868 3373 2046 3442 urores

511 3478 574 3530 de
595 3477 794 3545 ﬁliabus
820 3477 1081 3541 Cbastaau,
1111 3479 1221 3532 Ada
1245 3479 1400 3547 filiuni
1422 3478 1601 3532 Helaut
1627 3478 1828 3545 Hetltei,
1855 3487 1900 3530 et
1946 3478 2048 3530 οο-

514 3567 701 3620 libama
719 3567 882 3635 ﬁliam
909 3569 1032 3621 Atra:
1053 3568 1148 3636 ﬁlii
1177 3566 1371 3622 Esebou
1408 3567 1579 3620 Evluri
1608 3566 1814 3634 (Cenes.
1865 3580 2042 3631 xxxvi,

517 3657 549 3710 Ξ
570 3657 616 3726 ).
637 3657 770 3723 Quae
793 3665 966 3711 autem
994 3657 1079 3712 vel
1109 3657 1246 3711 unde
1275 3660 1387 3710 hac
1414 3657 1691 3726 progenies
1717 3658 1870 3712 fuerit
1891 3656 2046 3725 paulo

519 3757 638 3818 post
658 3749 892 3814 aperitur
911 3762 1051 3810 cum,
1066 3757 1367 3803 enumerata
1389 3748 1550 3816 stirpe
1570 3748 1727 3812 Esau,
1757 3750 1824 3803 ita
1846 3748 2044 3802 conclm

515 3841 657 3894 ditur
683 3855 699 3894 :
721 3837 779 3891 lii
798 3839 947 3891 duces
976 3847 999 3876 ο
1024 3837 1283 3892 Ooiibauta
1309 3838 1430 3906 ﬂia
1450 3839 1573 3892 Amr
1597 3838 1770 3892 uxoris
1802 3837 1934 3892 Esau
1963 3837 2047 3895 isti

515 3929 613 3996 ﬁlii
631 3927 790 3992 Esau,
827 3936 876 3981 et
901 3927 953 3980 hi
981 3928 1129 3981 duces
1154 3943 1326 3982 eorum
1353 3923 1381 3962 ⁸
1399 3927 1503 3997 ipse
1524 3935 1595 3980 est
1624 3924 1819 3990 Edam;
1843 3927 2046 3980 statim-

515 4032 617 4088 que
646 4030 810 4072 novus
831 4015 1160 4086 subiungitur
1186 4015 1364 4071 titulus
1404 4015 1544 4085 quod
1573 4014 1761 4070 dicitur
1786 4031 1801 4069 :
1831 4011 1929 4069 Isti
1951 4015 2047 4082 ﬁlii

517 4106 635 4162 Seir
654 4105 838 4161 Horrei
868 4108 892 4137 °
913 4106 1210 4160 habitatores
1237 4116 1380 4160 terra
1397 4103 1604 4158 Lotham
1630 4115 1676 4157 et
1703 4103 1858 4158 Sobal
1881 4111 1927 4155 et
1949 4101 2046 4157 Se-

516 4196 662 4251 beoa.
694 4196 759 4252 Et
779 4205 894 4268 post
915 4211 1077 4267 pauca
1103 4216 1116 4250 :
1141 4196 1376 4259 Etliiﬁlii
1397 4195 1588 4253 Sebeoa
1611 4195 1766 4250 Acbia
1793 4205 1839 4249 et
1862 4195 2042 4248 Anam.

490 4271 494 4277 ’
518 4283 624 4339 Iste
647 4285 850 4340 αλιι.
876 4287 960 4356 qui
980 4287 1166 4340 uitiauit
1190 4302 1348 4355 aquas
1373 4285 1561 4340 calidas
1581 4287 1632 4339 ia
1656 4287 2045 4340 solitudinum

478 4380 488 4387 '
514 4361 737 4444 pasceret
769 4371 790 4410 τ
817 4375 984 4427 asinos
1027 4375 1220 4428 Sebsou
1261 4376 1415 4440 patris
1457 4376 1556 4441 sati,
1580 4374 1848 4443 habuitque
1884 4376 2046 4442 ﬁliam

2147 3311 2275 3364 stra,
2305 3315 2421 3353 cum
2451 3301 2608 3354 ambo
2635 3301 2822 3355 fratres
2851 3302 3113 3354 Abraham
3159 3300 3404 3356 videlicet
3455 3308 3514 3354 et
3559 3299 3692 3354 Loth

2147 3390 2215 3443 de
2247 3390 2416 3444 iieber
2441 3389 2607 3458 stirpe
2634 3389 3026 3452 descenderint,
3058 3404 3163 3444 non
3189 3400 3361 3445 tamen
3396 3389 3556 3444 ambo
3587 3389 3690 3444 ﬂe-

2147 3480 2290 3544 bra'i,
2321 3480 2415 3533 sed
2443 3479 2704 3534 Abraham
2735 3481 2880 3533 solus
2902 3488 3118 3533 vocatus
3141 3487 3259 3544 est;
3290 3488 3343 3532 et
3363 3479 3464 3532 hoc
3480 3491 3692 3546 quoque

2147 3581 2342 3626 nomen
2383 3563 2618 3623 nascenti
2639 3583 2706 3622 es
2737 3583 2800 3623 se
2829 3568 2916 3622 Dei
2954 3568 3148 3637 pupula
3177 3568 3384 3635 reliquit
3410 3581 3426 3631 ;
3457 3566 3690 3635 sedqaia

2146 3669 2260 3732 ipse
2272 3664 2550 3734 perfectius
2561 3659 2809 3715 mundum
2823 3658 3420 3728 transcat,ejusdemque
3440 3656 3690 3711 transitus

2098 3739 2099 3742 η
2142 3759 2289 3824 quasi
2306 3754 2686 3809 hzereditarium
2696 3752 2780 3831 jus
2793 3747 3236 3804 suasitransmisit
3247 3745 3300 3800 in
3315 3754 3577 3812 posterum.
3594 3746 3688 3799 dc-

2144 3847 2377 3915 signatur
2399 3860 2465 3896 ex
2487 3840 2927 3911 coguominequid
2954 3837 3356 3908 amplius'fratre
3373 3837 3690 3903 percepisset

2146 3938 2198 3991 in
2229 3949 2462 3990 munere.
2497 3934 2558 3986 Et
2582 3944 2702 4002 apte
2729 3932 2985 3986 Abraham
3007 3929 3106 3982 hoc
3148 3928 3264 3981 loco
3313 3927 3536 3995 prima.
3587 3925 3688 3978 ﬂe-

2146 4025 2337 4088 brzeus,
2370 4025 2419 4078 id
2452 4034 2552 4086 est,
2576 4022 2846 4075 Transitor
2866 4018 3176 4087 appellatur,
3188 4029 3307 4068 cum
3323 4011 3690 4079 frstrcmperi-

2146 4117 2412 4170 clitante
2434 4113 2502 4166 ab
2529 4111 2762 4165 hostibus
2783 4116 2897 4162 erat
2921 4115 3221 4176 erepturus,
3243 4113 3301 4156 ut
3319 4101 3592 4169 Scriptura
3610 4108 3686 4154 Is-

2147 4204 2250 4258 cite
2278 4202 2568 4262 intimaret,
2597 4198 2717 4267 quia
2759 4197 2964 4251 illorum
2988 4193 3200 4263 proprie
3224 4183 3462 4245 ωηιιά
3485 4203 3515 4241 a
3545 4188 3681 4256 peri-

2147 4293 2280 4347 culis
2307 4288 2645 4344 tentationum
2673 4300 2767 4342 sua
2799 4283 2882 4339 vel
2915 4281 3154 4338 doctrina
3180 4281 3267 4335 vel
3310 4278 3682 4335 intercessisse

2147 4381 2368 4433 salvare.
2395 4376 2485 4445 qui
2516 4389 2619 4428 non
2647 4374 2745 4440 ipsi
2777 4368 3114 4427 teuumentis
3135 4368 3378 4425 vitiorum
3425 4365 3683 4421 enea-vitat

519 4465 699 4530 Disau,
729 4473 777 4518 et
796 4450 956 4533 ﬁliam
985 4473 1011 4508 κ
1044 4463 1327 4518 Oolibama.
1367 4463 1498 4517 Cum
1526 4480 1650 4534 ergo
1677 4466 1810 4519 Esau
1837 4479 2051 4521 uxorem
2075 4462 2131 4522 Β
2155 4468 2514 4528 succumbere,
2543 4467 2635 4520 sed
2660 4466 2772 4518 haec
2796 4461 2955 4517 alacri
2978 4463 3157 4516 animo
3201 4459 3573 4516 masccndere
3592 4470 3682 4509 uo-

517 4551 784 4609 hahuitde
809 4567 1002 4624 genere
1022 4553 1364 4617 llorreorum,
1394 4553 1661 4626 Oolibama
1674 4553 1829 4607 tiliam
1854 4556 1965 4609 Ana
1991 4556 2050 4608 ιι-

517 4642 578 4698 lii
606 4639 812 4698 Seheou
842 4642 930 4697 lilii
959 4643 1095 4708 Seir,
1127 4651 1331 4697 constat
1347 4642 1524 4711 utique
1550 4645 1667 4711 quia
1693 4651 1894 4697 montes
1913 4644 2048 4710 εστίν,

511 4731 572 4785 in
602 4730 789 4799 quibus
812 4731 992 4788 Borrei
1025 4730 1049 4768 δ
1074 4732 1304 4800 percussi
1359 4741 1501 4795 sunt,
1545 4746 1646 4786 non
1696 4735 1762 4786 ab
1803 4733 1940 4786 Esau
1963 4734 2050 4802 qui

509 4821 674 4888 longe
700 4829 813 4886 post
844 4811 1018 4883 natus,
1047 4836 1107 4875 ea
1136 4822 1244 4876 loca
1274 4820 1544 4889 possidere
1562 4823 1738 4891 capit,
1767 4823 1858 4876 sed
1883 4838 1912 4877 a
1933 4822 2052 4878 Seir

517 4907 815 4980 patriarcha
847 4895 1150 4962 eorutndem
1189 4907 1204 4946 ι
1243 4910 1560 4964 iit-rreorum
1615 4925 1804 4964 nomen
1831 4911 2048 4979 accepit.

468 5002 475 5046 ξ
569 4996 868 5066 Βευιηῧφιι
894 5005 1028 5059 sant,
1049 5007 1096 5050 et
1115 5007 1348 5051 merant
1371 5000 1440 5051 ad
1467 5003 1652 5066 fontem
1673 4998 2052 5067 lesphathsa

520 5097 590 5142 est
609 5085 789 5142 Gades.
809 5084 1043 5156 Iesphat
1065 5086 1725 5154 interpretaturiudiciam:
1748 5093 1884 5144 unde
1903 5101 2052 5148 vetus

526 5176 794 5235 translatio
831 5177 989 5231 modo
1011 5175 1139 5230 dicit
1165 5177 1414 5245 apertius,
1432 5188 1670 5232 mersat
1690 5180 1758 5232 ad
1770 5182 2051 5252 fontem]:-

523 5266 662 5320 dirii.
691 5267 886 5322 Dicitur
903 5276 1074 5321 autem
1097 5277 1149 5320 et
1181 5265 1278 5318 huc
1319 5280 1411 5333 per
1455 5267 1901 5338 anticipationem.
1929 5287 2046 5329 cum

587 5362 610 5422 ξ
648 5354 755 5416 ΑΙ..
775 5354 947 5422 αβιηὶ.

595 5419 622 5457 ι’
663 5423 766 5484 ΑΙ..
800 5419 1002 5475 dicitur.

596 5496 620 5525 ⁸
662 5490 738 5541 ΑΙ.
751 5527 766 5551 ,
799 5491 1078 5543 Oolibaut'a.

589 5563 612 5592 "
654 5559 737 5610 ΑΙ.
784 5558 928 5612 deest
948 5558 1051 5624 ipse
1069 5573 1156 5616 est.

589 5636 610 5656 ”
651 5629 756 5687 ΑΙ..
784 5625 1087 5680 habitatoris.

601 5689 618 5729 ί
644 5697 724 5747 M.
737 5736 750 5760 ,
778 5695 967 5748 «siuas.

2152 4567 2291 4611 runt.
2318 4555 2588 4610 Liberavit
2615 4564 2789 4608 autem
2820 4552 3085 4605 Abraham
3114 4548 3248 4604 Loth
3278 4545 3488 4602 fratrem
3529 4557 3680 4599 suam

2149 4644 2317 4699 virum
2342 4645 2448 4699 Deo
2467 4645 2714 4698 devotum
2735 4641 2801 4695 ab
2821 4640 3079 4705 hostibus,
3106 4639 3351 4694 liberavit
3368 4646 3422 4691 ct
3440 4631 3680 4691 Suria-i-

2152 4742 2231 4788 tas
2259 4734 2499 4787 homines
2531 4733 2639 4787 Deo
2667 4730 2891 4787 multum
2917 4729 3153 4791 odiosus,
3182 4737 3237 4782 ut
3265 4726 3484 4797 mystice
3513 4721 3680 4793 prd.

2148 4831 2425 4893 guraretnr
2452 4822 2571 4891 quis
2604 4831 2700 4889 per
2727 4820 2915 4874 merits
2938 4827 2992 4873 et
3020 4817 3427 4873 intercessiones
3443 4816 3560 4885 ejus
3585 4826 3681 4869 sa-

2152 4928 2218 4981 pe
2241 4923 2296 4968 et
2317 4911 2474 4971 electi
2503 4911 2556 4964 in
2585 4908 2776 4978 populo
2798 4908 2954 4963 Israel
2982 4915 3038 4966 et
3055 4905 3264 4976 reprobi
3291 4905 3361 4960 de
3384 4900 3678 4980 temporari-

2150 5002 2248 5057 bus
2267 5009 2445 5056 essent
2482 4999 2638 5055 malis
2660 4992 2930 5053 erudiendi
2954 5013 2974 5076 ε
3006 4993 3169 5048 lcum
3218 5006 3322 5046 non
3375 4990 3476 5046 sisi
3525 4990 3676 5048 cleat

2149 5089 2476 5147 solummodo
2495 5090 2562 5144 ab
2589 5097 2790 5155 aeterno
2819 5086 3018 5156 possint
3067 5083 3278 5137 interitu
3306 5080 3524 5136 salvari.
3579 5080 3677 5136 ilo-

2149 5181 2465 5248 tandumque
2491 5168 2612 5246 quia
2634 5184 2884 5230 manente
2925 5171 3120 5232 adhuc,
3147 5182 3244 5225 nec
3265 5168 3444 5237 punita
3471 5168 3676 5239 provi-

2113 5273 2226 5348 :cia
2265 5271 2632 5331 Sodomorum,
2684 5275 2739 5319 et
2785 5270 2994 5332 propter
3028 5258 3282 5328 reprobus
3328 5257 3462 5314 Loth
3507 5258 3676 5330 iam

2218 5428 2781 5499 IIAL,percusserunt.
2905 5487 2942 5499 ,Α
3171 5485 3176 5487 _
3289 5476 3378 5499 ’τ

2224 5499 2238 5536 i
2279 5486 2439 5552 tzor'b'.
2450 5497 2817 5559 ,Ctiorreoram,
2830 5487 2918 5557 qui
2931 5497 3102 5543 tamen
3117 5486 3276 5557 supra
3289 5488 3420 5559 legit
3435 5486 3671 5544 [iam

2222 5569 2237 5616 i
2284 5569 2387 5631 ΑΙ..
2418 5565 2640 5632 spiritus.

2214 5636 2240 5673 ι
2283 5637 2385 5697 ΑΙ..
2417 5633 2780 5684 transmitteret.

2228 5704 2240 5742 ι
2288 5696 2390 5764 AL,
2414 5714 2525 5770 quis
2544 5700 2778 5764 nonnisi;
2806 5696 2896 5765 aL,
2919 5713 3018 5769 qua
3045 5696 3258 5752 nonnisi.
