3866 6248
194 343 303 397 1”

1419 341 1887 398 ilEXAEMERON
1930 344 2057 400 LIB.
2101 345 2182 400 ill.

3292 350 3392 405 ηε

199 454 571 520 temporalibus
597 465 677 509 est
698 465 723 492 ι
746 457 950 510 damnis
989 457 1242 519 afﬂictus,
1276 465 1329 510 et
1364 465 1577 524 propter
1599 454 1733 508 Loth
1769 458 1818 515 Α
1843 469 1900 508 se
1934 457 2250 511 extollentes
2299 472 2467 525 usque
2515 419 2579 513 ad
2619 458 2915 515 discrimen
2941 459 3103 516 divini
3134 461 3392 514 eaatuiuis

197 544 396 612 justum
438 543 649 612 reprobi
703 556 825 599 sunt
853 561 883 599 a
909 545 1287 612 temporalibus
1331 543 1612 607 aerumnis,
1640 542 1754 596 Deo

198 633 504 698 miserante,
531 636 790 690 subducti.
817 639 882 690 At
909 637 994 690 ubi
1020 637 1256 710 Qprobis
1274 635 1472 688 civibus
1491 635 1747 703 judicium

199 722 401 776 ultima:
420 724 764 779 districtionis
785 727 1042 790 incubuit,
1063 737 1198 779 ituuc
1227 741 1324 781 nec
1349 725 1519 798 qutus
1571 725 1740 778 scele-

199 822 438 866 ratorum
466 817 631 880 penis
657 816 921 870 ullatenus
952 809 1154 883 attingi,
1187 829 1357 882 neque
1382 813 1606 889 mirabili
1629 811 1751 879 ejus

198 900 483 955 saivationi
514 918 792 970 pravorum
821 903 1080 970 quispiam
1109 904 1275 955 valuit
1309 901 1626 969 participari.
1655 900 1746 954 scd

200 990 308 1043 soli
337 1001 456 1043 tunc
484 989 604 1043 boui
632 992 842 1056 salvatl,
867 992 962 1045 soli
989 1001 1110 1044 sunt
1134 993 1276 1059 pravi
1306 993 1492 1059 perditi
1533 1009 1545 1042 :
1577 992 1627 1044 in
1654 1006 1758 1058 quo

203 1077 408 1143 liquido
437 1079 613 1132 mundi
643 1080 802 1134 totius
826 1089 882 1134 et
909 1089 1078 1134 status
1113 1089 1195 1134 est
1219 1094 1502 1154 expressus
1529 1090 1581 1135 et
1613 1080 1754 1142 finis,

202 1167 328 1234 quia
360 1169 606 1221 nimirum
639 1169 690 1222 iu
723 1171 822 1223 hac
863 1173 963 1223 vita
1015 1154 1385 1239 nonuunqudm
1442 1179 1494 1222 et
1540 1178 1757 1237 propter

206 1259 471 1312 Italorum
501 1259 741 1311 viciniam
769 1259 1126 1328 temporaliter
1173 1258 1476 1326 ailliguntur
1507 1259 1649 1321 boni,
1703 1267 1758 1311 et

206 1355 428 1414 propter
455 1347 698 1402 viciniam
725 1350 978 1401 bonorum
1001 1348 1294 1414 eripiuntur
1336 1347 1404 1400 ab
1427 1347 1757 1401 adversitati-

210 1433 317 1488 bus
336 1435 695 1504 temperanter
719 1436 861 1490 mali.
893 1438 960 1488 At
1016 1437 1067 1489 in
1098 1436 1319 1489 articulo
1347 1434 1514 1489 ultimi
1562 1433 1760 1487 exami-

205 1523 298 1577 nis
326 1522 422 1576 soli
449 1525 770 1580 eternaliter
797 1524 1082 1595 perdeutur
1103 1525 1291 1594 iniqui,
1345 1525 1445 1578 soli
1490 1525 1606 1578 sine
1659 1524 1762 1578 fine

205 1609 580 1665 liberabuntur
595 1611 746 1681 justi.

283 1703 436 1768 Quod
456 1720 570 1757 cunt
597 1703 816 1758 audisset
835 1703 1020 1758 Abram
1070 1714 1270 1774 captum
1300 1701 1327 1740 δ
1356 1701 1584 1754 uidelicet
1631 1697 1758 1750 Loth

207 1793 426 1861 fratrem
445 1809 614 1856 suum,
646 1769 1194 1862 numeraritexpedit'us
1218 1794 1636 1855 vernaculossuos
1661 1798 1760 1842 tre-
1789 1769 1837 1828 Β

189 1888 378 1939 ecutos
401 1881 568 1932 decem
597 1889 643 1933 et
677 1891 806 1944 octo,
835 1891 888 1933 et
915 1891 1126 1935 caetera.
1187 1881 1491 1934 Miracnlum
1545 1876 1760 1943 quidem

203 1975 294 2018 est
320 1967 511 2020 divina:
538 1968 781 2034 p0tentia:
813 1968 1215 2034 permaximum,
1238 1965 1376 2034 quod
1407 1980 1525 2018 cum
1547 1965 1766 2017 cohorte

209 2066 323 2108 tam
353 2057 552 2109 modica
583 2066 776 2111 tantam
816 2056 1046 2110 hostium
1094 2067 1324 2123 stragem
1375 2055 1557 2109 iecerit
1601 2053 1767 2108 Abra-

209 2143 365 2208 ham,
391 2144 482 2199 sed
510 2144 666 2198 altius
689 2155 1075 2198 sacramentum
1104 2143 1247 2207 fidei,
1279 2144 1330 2196 in
1355 2157 1458 2211 qua
1487 2141 1636 2194 nobis
1662 2141 1768 2208 spi-

215 2233 388 2286 ritalis
417 2244 500 2288 est
523 2249 690 2303 piigna
733 2235 1050 2302 superanda,
1100 2234 1332 2288 continet
1386 2245 1633 2286 numerus
1681 2232 1768 2285 ille

211 2321 442 2376 militum
471 2337 589 2376 cum
619 2324 807 2391 quibus
828 2322 1114 2390 superavit.
1142 2322 1300 2376 Erant
1326 2321 1521 2391 quippe
1549 2318 1768 2373 trecenti

211 2414 402 2468 decem
416 2425 624 2479 etocto,
643 2434 747 2485 quo
774 2419 1019 2472 nimirum
1050 2431 1269 2472 numero
1290 2418 1496 2484 signum
1523 2415 1770 2469 victorio-

215 2506 443 2562 sissimz
457 2508 695 2561 cruciset
707 2523 896 2562 nomen
919 2508 1205 2562 Salvatoris
1223 2508 1386 2562 nostri
1400 2507 1526 2562 .lesu
1543 2503 1760 2567 Christi,

218 2610 317 2662 per
331 2612 483 2664 quem
497 2597 596 2651 hoc
618 2597 669 2651 in
693 2601 1071 2653 munimentum
1089 2605 1281 2652 nostra
1296 2596 1478 2650 salutis
1489 2609 1770 2650 consecra-

222 2692 337 2737 tum
367 2695 471 2746 est,
504 2686 824 2754 designatur.
848 2686 905 2740 Si
925 2688 1136 2756 quidem
1149 2686 1284 2754 apud
1305 2685 1519 2739 Grccos
1549 2683 1767 2739 trecenti

218 2785 319 2840 per
355 2781 396 2826 Τ
425 2775 651 2829 litteram
701 2785 969 2839 notantur,
1005 2789 1121 2844 qua
1157 2777 1208 2828 in
1235 2777 1406 2829 crucis
1436 2776 1658 2844 figuram
1682 2787 1772 2840 ap-

226 2875 387 2919 tatur.
418 2864 545 2918 Nam
575 2865 618 2918 si
642 2865 843 2933 apicem
871 2868 922 2919 in
944 2864 1119 2938 medio
1145 2864 1453 2943 recepisset,
1486 2882 1587 2918 non
1609 2867 1768 2933 ﬁgura

219 2956 422 3016 crucis,
447 2954 540 3008 sed
561 2953 729 3020 ipsum
752 2952 862 3024 jam
890 2954 1098 3023 signum
1129 2954 1302 3007 crucis
1331 2953 1609 3008 manifeste
1657 2970 1770 3008 cer-

222 3051 440 3097 neretur
460 3056 787 3111 expressum.
819 3043 1008 3097 Decem
1028 3057 1153 3097 vero
1176 3053 1230 3097 et
1255 3051 1375 3097 octo
1396 3041 1535 3111 apud
1563 3057 1652 3096 eos
1681 3057 1773 3110 per

225 3144 244 3187 ι
269 3142 329 3186 et
349 3144 381 3187 tt
411 3147 526 3201 quae
556 3133 607 3186 in
632 3132 846 3186 nomine
872 3132 998 3188 Jesu
1023 3133 1203 3202 prima:
1232 3142 1362 3188 sunt
1381 3133 1565 3186 littera
1591 3142 1771 3187 notau-

226 3229 315 3273 tur
348 3237 360 3270 :
391 3229 444 3273 et
466 3219 584 3274 ideo
612 3234 733 3274 cum
765 3221 985 3276 trecenti
1012 3221 1194 3274 decem
1227 3230 1281 3274 et
1317 3231 1440 3275 octo
1460 3220 1640 3275 Gr:ece
1683 3237 1776 3275 no-

224 3319 427 3374 tantur,
458 3323 560 3362 non
587 3305 812 3363 multum
842 3311 1001 3364 distat
1019 3312 1178 3370 abeo
1207 3320 1264 3363 ut
1315 3325 1445 3365 crux
1497 3311 1621 3366 Jesu
1676 3313 1775 3380 legi

226 3399 418 3469 possit.
462 3399 601 3454 Bene
627 3414 754 3467 ergo
783 3400 834 3454 in
858 3401 1110 3455 trecentis
1164 3400 1346 3456 decem
1396 3411 1452 3455 et
1476 3413 1596 3455 octo
1621 3402 1777 3457 sociis

229 3490 360 3542 vicit
390 3490 586 3550 hostes,
610 3503 673 3542 ac
698 3489 916 3543 fratrem
949 3487 1195 3543 liberavit
1218 3489 1504 3554 Abraham,
1553 3501 1610 3545 ut
1639 3503 1778 3558 mys-

231 3578 340 3632 tice
367 3576 610 3646 figuraret
638 3579 956 3631 nasciturum
973 3578 1042 3630 tle
1069 3592 1166 3632 suo
1189 3579 1398 3633 semine
1425 3593 1544 3631 eum
1567 3577 1654 3644 qui
1683 3590 1778 3643 per

232 3667 532 3735 passionem
577 3665 749 3719 crucis
801 3666 1053 3718 mundum
1091 3680 1119 3718 a
1167 3673 1336 3718 morte
1378 3673 1680 3728 revocaret;
1725 3673 1780 3717 et

233 3755 351 3822 ipse
375 3767 579 3821 quoque
605 3750 813 3806 nomine
832 3751 1142 3814 Salvatoris,
1171 3751 1221 3805 id
1270 3761 1377 3817 est,
1402 3750 1576 3815 lusus,
1621 3752 1781 3805 subli-

235 3842 345 3897 mis
369 3851 526 3910 atque
555 3840 696 3894 omni
745 3840 943 3894 mundo
963 3840 1218 3894 colendus
1245 3840 1501 3894 emineret
1529 3858 1540 3891 :
1588 3840 1681 3893 sed
1730 3849 1783 3894 et

234 3945 423 3985 omnes
451 3929 538 3999 qui
565 3930 630 3982 ad
656 3929 882 3983 salutem
911 3928 1256 3996 pertinerent,
1285 3944 1389 3983 non
1420 3928 1519 3982 nisi
1557 3943 1650 3995 per
1681 3931 1780 3982 huc

235 4017 446 4086 signum
474 4015 795 4081 venerabile,
816 4025 840 4053 ε
867 4030 1061 4085 perque
1091 4029 1282 4071 nomen
1305 4016 1420 4084 ejus
1443 4016 1678 4071 terribile
1701 4031 1784 4070 sa-

235 4109 400 4163 lutem
430 4122 559 4163 esse
594 4115 986 4161 consecuturos.

313 4193 382 4249 Et
401 4205 685 4264 persecutus
710 4203 784 4248 est
811 4208 893 4248 eos
917 4209 1075 4263 usque
1107 4191 1243 4258 Dan,
1273 4203 1321 4248 et
1343 4193 1517 4248 divisis
1542 4193 1692 4246 sociis
1716 4193 1787 4245 ir-

237 4287 346 4341 ruit
387 4301 533 4353 super
559 4299 641 4337 eos
682 4290 842 4346 nocte,
882 4283 1221 4350 percussitque
1255 4297 1361 4346 eos,
1405 4291 1454 4335 et
1497 4292 1784 4348 persecutas

1852 545 1918 598 de
1947 547 2056 600 suis
2085 547 2295 616 gloriari
2324 549 2700 615 permittuntur
2723 551 3006 615 aperibus;
3035 550 3127 604 sed
3149 560 3266 603 cum
3285 565 3383 603 ca:-

1853 635 2013 708 citate
2044 637 2364 701 improvida,
2394 638 2542 705 quasi
2574 638 2625 692 in
2652 639 2822 693 media
2851 648 3005 694 nocte
3033 639 3209 707 positi,
3241 639 3395 694 dixe-

1854 726 1958 778 rint
1990 741 2085 793 pas
2118 736 2175 780 et
2219 729 2510 792 securitas;
2538 739 2663 784 tunc
2702 731 3009 798 repentinus
3035 732 3113 784 eis
3152 745 3396 798 superve-

1853 816 1963 868 niet
1989 816 2272 871 interitus:
2302 819 2439 872 unde
2483 819 2626 874 bene
2659 819 2851 876 dicitur
2879 820 3240 888 percussisse,
3274 835 3394 888 per-

1853 915 2166 974 secutusque
2194 921 2287 960 eos
2316 922 2436 961 esse
2465 923 2632 976 usque
2660 909 2828 970 ηοω.
2866 909 2915 962 id
2947 918 3026 962 est
3060 908 3397 962 Coudemna-

1858 996 2075 1058 tionem,
2108 1011 2226 1064 qua:
2257 1012 2360 1050 non
2388 998 2492 1050 alia
2537 999 2909 1053 condemnatio
2935 1014 3091 1067 quam
3141 1000 3398 1067 repentini

1853 1095 1904 1136 et
1937 1086 2116 1138 aeterni
2167 1086 2408 1139 interitus
2449 1086 2608 1140 debet
2643 1087 2883 1156 intelligi.
2918 1087 3042 1155 Quae
3068 1099 3161 1151 est,
3208 1087 3397 1154 inquit,

1855 1172 1925 1224 ad
1950 1171 2127 1226 lanam
2148 1175 2404 1227 Damasci.
2438 1175 2745 1242 Damascus,
2777 1185 2834 1229 ut
2862 1176 3108 1239 diximus,
3147 1177 3401 1244 interpre-

1859 1269 1999 1316 tatur
2050 1263 2334 1333 Sanguinis
2378 1267 2666 1332 poculum;
2717 1281 2821 1335 quo
2868 1267 3082 1320 nomine
3124 1267 3402 1322 delectatio

1861 1353 2103 1408 vitiorum
2161 1361 2305 1408 recte
2353 1354 2700 1423 significatur.
2747 1356 2882 1422 Quid
2929 1357 3068 1410 enim
3121 1357 3402 1411 delectatio

1861 1442 2056 1507 peccati
2083 1441 2184 1496 nisi
2211 1443 2484 1512 sanguinis
2514 1455 2598 1499 est
2620 1446 2885 1510 poculum,
2910 1460 3026 1500 cum
3056 1447 3171 1513 quis
3191 1461 3248 1499 ea
3279 1460 3399 1512 qua:

1858 1528 2029 1582 carnis
2077 1539 2200 1583 sunt
2244 1541 2299 1585 et
2341 1531 2613 1600 sanguinis
2641 1534 2837 1599 absque
2880 1532 2985 1586 ulla
3037 1534 3402 1587 retractatione

1858 1617 2126 1684 complere
2163 1617 2466 1673 studuerit?
2503 1620 2564 1672 Et
2595 1629 2673 1673 cst
2715 1620 2859 1673 lloba
2891 1620 2979 1674 ubi
3025 1621 3279 1687 percussit
3305 1620 3400 1672 ad-

1862 1707 2121 1760 versarios
2149 1707 2414 1762 Abraham
2441 1708 2507 1761 ad
2540 1709 2728 1762 lzcvam
2759 1708 3018 1774 Damasci,
3044 1709 3163 1776 quia
3185 1710 3404 1762 damna-

1868 1800 1940 1850 tio
1964 1813 2080 1863 qua:
2111 1799 2298 1864 impios
2329 1799 2572 1864 punitura
2594 1809 2697 1863 est,
2733 1799 2782 1852 in
2832 1813 3039 1867 ptenam
3083 1812 3174 1852 eos
3214 1811 3404 1866 perpe-

1866 1895 2007 1938 tuam
2036 1900 2155 1939 cum
2197 1885 2406 1941 diabolo
2435 1896 2490 1940 et
2526 1887 2730 1955 angelis
2769 1885 2903 1955 ejus,
2942 1902 3060 1954 qua:
3101 1900 3192 1954 per
3217 1885 3402 1940 lavant

1867 1975 2006 2028 solet
2030 1974 2320 2042 designari,
2352 1974 2605 2028 retrudet.
2637 1975 2730 2028 Est
2765 1986 2939 2028 autem
2969 1974 3254 2028 Damascus
3279 1973 3406 2026 urbs

1867 2063 2059 2116 nobilis
2102 2063 2331 2116 Frenicis
2352 2073 2405 2115 et
2446 2065 2612 2132 Syriae
2640 2065 2899 2131 quendam
2932 2064 3092 2116 totius
3139 2073 3406 2128 metropo-

1865 2154 1950 2208 lis.
1987 2154 2094 2207 Dan
2121 2170 2329 2224 quoque
2355 2153 2581 2209 Faeuicis
2610 2155 2856 2223 oppidum
2888 2161 3001 2209 erat
3033 2154 3289 2206 terminus
3309 2152 3404 2206 .ln-
3512 2155 3516 2163 ’

1867 2246 1994 2299 data:
2025 2246 2305 2313 provincia:
2341 2256 2522 2299 contra
2551 2246 2977 2315 Septentrionem
3006 2245 3094 2300 ubi
3123 2244 3278 2298 hodie
3307 2244 3409 2299 Pa-

1869 2349 2018 2401 neas,
2061 2349 2180 2402 qute
2225 2333 2492 2404 quondam
2543 2333 2786 2389 Cazsarea
2820 2334 3045 2404 Philippi
3086 2333 3408 2388 vocabatur:

1871 2425 2008 2479 unde
2032 2434 2088 2479 et
2107 2424 2357 2479 Jordanis
2383 2425 2604 2479 sortitus
2624 2433 2706 2479 est
2724 2423 3056 2486 vocabulum,
3087 2425 3174 2490 qui
3203 2423 3319 2477 iluit
3345 2423 3414 2477 do

1874 2513 2096 2567 Libano.
2129 2511 2240 2566 Dan
2268 2512 2463 2582 quippe
2504 2527 2640 2566 unus
2683 2521 2767 2567 est
2787 2512 2856 2568 de
2881 2511 3125 2573 fontibus
3153 2510 3302 2580 ejus»;
3333 2511 3412 2564 al-

1846 2615 1950 2657 'lel'
1978 2614 2198 2658 vocatur
2221 2604 2338 2669 lor,
2377 2603 2518 2673 quod
2559 2603 2936 2673 interpretatur
2963 2603 3146 2662 Divus.
3195 2603 3406 2656 Duobus

1869 2707 1996 2760 ergo
2025 2692 2260 2745 fontibus
2289 2693 2377 2760 qui
2411 2692 2546 2746 haud
2579 2692 2760 2760 procul
2784 2707 2815 2746 a
2841 2707 2901 2746 se
2921 2692 3117 2747 distant
3161 2693 3213 2745 iu
3255 2705 3412 2744 uuutn

1871 2785 2099 2838 rivulum
2125 2784 2414 2849 foederatis,
2441 2783 2685 2837 Jordanis
2713 2785 2960 2852 deinceps
2974 2786 3283 2852 appellatur.

1939 2873 2003 2925 At
2033 2889 2146 2926 vero
2174 2871 2536 2926 Melchisedech
2560 2889 2647 2928 rea:
2682 2873 2854 2927 Solem
2879 2875 3137 2942 proferens
3161 2891 3340 2943 panem
3368 2884 3415 2929 et

1869 2961 2037 3013 riuum
2068 2962 2198 3028 (erat
2236 2962 2368 3015 enim
2389 2962 2624 3015 sacerdos
2667 2962 2759 3015 Dei
2783 2964 3040 3033 altissimi)
3066 2963 3316 3019 benedixit
3345 2967 3415 3026 ei.
3487 2996 3496 3006 ι

1873 3060 1918 3102 et
1942 3051 2012 3102 ait
2035 3065 2052 3101 :
2077 3047 2377 3103 Benedictus
2405 3050 2536 3104 Deus
2557 3050 2741 3104 Abram
2769 3049 2874 3104 Deo
2901 3053 3102 3106 excelso
3123 3053 3210 3121 qui
3235 3054 3417 3106 creavit

1875 3139 2050 3191 caelum
2090 3149 2135 3192 et
2182 3149 2389 3205 terram,
2435 3149 2482 3192 et
2525 3140 2814 3194 benedictus
2860 3140 2993 3194 Deus
3037 3140 3278 3206 excelsus,
3319 3156 3416 3209 quo

1875 3238 2160 3301 protegente
2187 3229 2351 3282 hostes
2372 3231 2425 3281 in
2465 3231 2696 3283 manibus
2721 3231 2820 3283 tuis
2846 3239 2982 3294 sunt,
3011 3239 3056 3283 et
3081 3229 3220 3282 dedit
3251 3231 3296 3282 ei
3324 3230 3417 3282 de-

1876 3319 2032 3372 cimas
2061 3334 2124 3371 ex
2149 3318 2401 3372 omnibus.
2447 3319 2746 3372 Notandum
2776 3320 2942 3381 primo
2982 3317 3034 3370 in
3065 3318 3160 3370 hac
3190 3317 3415 3373 lectione

1877 3407 2000 3474 quia
2031 3413 2566 3473 prmmoustrarerant
2609 3402 2918 3471 patriarcha
2956 3401 3092 3469 quod
3133 3402 3419 3471 praedicant

1876 3493 2098 3558 apostoli
2126 3510 2137 3542 :
2169 3491 2234 3544 Et
2271 3493 2315 3544 si
2362 3493 2485 3560 quid
2539 3494 2749 3561 patitur,
2794 3491 2961 3558 inquit
2999 3491 3208 3556 Paulus,
3263 3508 3419 3545 unum

1877 3581 2171 3642 membrum,
2200 3582 2576 3647 compatiuntur
2619 3582 2787 3634 omnia
2816 3581 3031 3635 membra
3057 3597 3076 3634 :
3101 3582 3201 3635 sive
3230 3581 3420 3649 gloria-

1879 3681 1959 3724 tur
2002 3689 2157 3724 unum
2223 3673 2537 3738 membrum,
2607 3674 2922 3742 congaudent
2972 3672 3142 3725 omnia
3203 3671 3420 3724 membra

1882 3761 1934 3832 (1
1959 3762 2075 3816 Cor.
2101 3778 2192 3827 su,
2215 3763 2328 3833 25).
2366 3763 2602 3817 Patieute
2621 3766 2814 3832 quippe
2839 3761 2972 3817 Loth
3006 3761 3247 3824 adversa,
3274 3775 3422 3833 com.-

1889 3866 2074 3916 passus
2110 3860 2192 3904 est
2227 3851 2524 3914 Abraham;
2555 3850 2900 3919 gaudentibus
2930 3849 3031 3904 illis
3055 3851 3119 3901 de
3147 3848 3419 3915 ereptione

1882 3955 1946 3993 ac
1994 3941 2208 3994 victoria
2261 3956 2373 4006 sua,
2421 3940 2884 4008 congratulabatur
2931 3937 3331 4002 Melchisedech,
3361 3951 3422 3990 ac

1885 4036 2178 4086 vincentem
2207 4048 2352 4096 eum,
2383 4033 2474 4100 qui
2504 4047 2597 4099 pro
2635 4032 2879 4086 fraternis
2906 4030 3156 4084 aerumnis
3184 4042 3301 4082 sese
3331 4043 3424 4094 pc-

1885 4122 2051 4176 riculo
2079 4124 2314 4183 dederat,
2349 4123 2552 4175 cmiestl
2603 4122 2965 4175 benedictione
2996 4119 3299 4186 perfundit:
3327 4133 3424 4172 nec

1886 4210 2220 4263 solummodo
2267 4210 2535 4263 hominem
2581 4211 2856 4274 victorem,
2903 4208 2995 4262 sed
3025 4219 3078 4262 et
3122 4209 3424 4276 largitorem

1888 4298 2126 4352 victoria:
2175 4298 2451 4352 Dominum
2499 4298 2653 4367 digna
2705 4299 2858 4352 laude
2905 4297 3229 4366 magnificat,
3274 4296 3420 4364 juxta

238 4385 314 4430 est
347 4390 495 4442 usque
527 4373 716 4440 Hobal,
743 4387 854 4441 qua:
877 4374 1036 4425 estad
1065 4371 1262 4428 Lanam
1291 4371 1543 4427 Damasci.
1580 4373 1772 4428 Cuncta

1887 4386 2016 4441 illud
2069 4388 2466 4454 evangelicum:
2501 4386 2712 4442 Videant
2762 4403 2916 4455 opera
2967 4396 3128 4439 uestra
3177 4388 3327 4450 boita,
3373 4393 3426 4438 et

238 4464 268 4500 ἀ
296 4463 436 4517 sacri
463 4461 658 4530 eloquii
699 4461 865 4516 series
892 4461 1128 4532 mysticis
1170 4469 1250 4515 est
1276 4462 1424 4530 plena
1453 4463 1648 4528 tignris,
1689 4475 1772 4518 net

1887 4474 2169 4545 gloriﬁcent
2191 4473 2394 4528 Patrem
2415 4485 2651 4542 vestrum,
2673 4477 2761 4544 qui
2791 4476 2846 4529 in
2872 4472 3008 4533 calls
3032 4483 3105 4526 est
3131 4472 3340 4540 (Matth.
3367 4486 3426 4535 v,

244 4562 454 4605 tantum
483 4551 642 4604 dictis
657 4559 721 4604 ‘et
749 4549 924 4613 factis,
955 4549 1047 4604 sed
1077 4558 1133 4604 et
1167 4549 1296 4618 ipsis
1324 4549 1377 4603 in
1404 4550 1593 4618 quibus
1620 4552 1809 4621 agitur:

239 4642 377 4700 locis
400 4657 462 4698 ac
489 4643 814 4711 temporibus
835 4643 1077 4711 congruit
1106 4640 1235 4694 illud
1262 4640 1638 4707 apostolicum,
1665 4641 1788 4709 quia

241 4735 487 4792 omniain
511 4735 676 4805 figura
710 4732 1058 4802 contingebant
1084 4731 1211 4796 illis,
1258 4731 1449 4797 scripta
1486 4739 1601 4783 sunt
1627 4741 1792 4783 autem

241 4834 450 4893 propter
487 4839 576 4876 nos
598 4820 648 4890 (Ι
678 4819 796 4873 Cor.
841 4835 896 4886 κ,
927 4820 1032 4887 ii).
1079 4817 1189 4873 Dan
1240 4819 1616 4887 interpretatur
1646 4817 1794 4873 ludi-

241 4919 410 4979 cium,
441 4916 584 4975 lloba
619 4911 1019 4974 Condemnatio,
1057 4910 1343 4964 Damascus
1372 4910 1654 4979 Sanguinis
1698 4924 1793 4978 po-

241 5004 445 5058 culum.
479 5004 805 5071 Pcrsequens
830 5016 957 5070 ergo
997 4998 1176 5054 hostes
1201 4999 1466 5053 Abraham
1499 4999 1704 5053 invenit
1741 5002 1792 5054 in

251 5091 390 5153 Dan,
413 5099 468 5143 et
496 5093 735 5145 incautos
755 5104 1075 5156 securosque
1101 5095 1256 5140 nocte
1285 5088 1544 5154 percussit
1563 5101 1680 5150 eos,
1703 5088 1793 5155 qui

247 5193 422 5245 usque
448 5180 510 5232 ad
545 5181 596 5234 id
624 5182 856 5235 locorum
887 5180 1100 5233 saavisse
1125 5176 1432 5247 gloriantes,
1466 5175 1615 5244 quasi
1639 5188 1794 5244 capta

248 5269 430 5340 przeda
460 5269 805 5332 laetabantur;
833 5271 954 5340 quia
983 5280 1290 5339 peccatores
1321 5267 1512 5335 quique
1540 5275 1595 5320 et
1623 5267 1674 5320 in
1701 5269 1795 5321 hn-

246 5362 343 5430 jus
378 5359 496 5411 vitae
523 5357 720 5413 divitiis
748 5370 904 5429 atque
950 5361 1000 5414 in
1043 5357 1386 5429 oppressione
1436 5356 1792 5410 innocentitun

325 5561 350 5586 ⁸
393 5549 495 5611 ΑΙ..
528 5548 692 5600 malis.

315 5618 349 5658 ι
386 5619 470 5674 ΑΙ.
498 5617 616 5673 add.
641 5633 764 5673 esse.

1890 4562 2004 4630 i6).
2037 4560 2238 4616 Deinde
2267 4563 2572 4616 intuendum
2598 4562 2736 4631 quod
2762 4569 2878 4628 post
2902 4571 3170 4615 certamen
3195 4569 3249 4614 et
3267 4560 3430 4614 victo.

1889 4648 2021 4701 riam
2051 4646 2381 4701 benedicitur
2411 4647 2675 4700 Abraham
2703 4686 2723 4712 ,
2758 4659 2814 4700 et
2855 4646 2955 4700 hoc
2998 4662 3027 4703 a
3067 4662 3189 4716 rege
3234 4661 3297 4702 ac
3344 4661 3429 4702 sa-

1890 4733 2109 4790 cerdote
2136 4733 2229 4786 Dei
2255 4731 2498 4786 altissimi
2528 4751 2540 4786 :
2562 4734 2686 4802 quia
2713 4742 2767 4788 et
2791 4748 2886 4788 nos
2904 4744 3088 4789 omnes
3115 4734 3180 4788 ad
3208 4735 3430 4803 promis-

1890 4825 2094 4878 sionem
2142 4821 2329 4888 patria:
2371 4821 2603 4876 celestis
2650 4823 2998 4890 pertinemus,
3051 4832 3167 4892 post
3224 4823 3429 4876 labores

1891 4910 2145 4965 honorum
2171 4922 2391 4974 operum
2419 4908 2840 4967 benedictionem
2887 4922 3254 4979 exspectamus
3281 4911 3424 4977 regni

1893 4999 2165 5070 perennis.
2198 4998 2338 5065 quod
2369 4998 2522 5052 nobis
2554 5009 2789 5068 paratum
2814 5009 2895 5055 est
2921 5002 2988 5053 ab
3016 4999 3217 5068 origine
3247 4998 3428 5051 mundi

1893 5104 1987 5158 per
2016 5102 2189 5156 regem
2221 5095 2274 5140 et
2301 5088 2632 5141 sacerdotem
2679 5103 2947 5158 magnum,
2989 5087 3323 5142 Mediaturcin
3353 5086 3428 5138 vi-

1892 5179 2083 5233 delicet
2111 5175 2201 5229 Dei
2233 5188 2286 5229 et
2327 5177 2595 5250 hominum
2624 5177 2800 5231 .lesum
2844 5178 3107 5232 Christum
3133 5190 3149 5240 ;
3177 5177 3243 5230 de
3273 5175 3427 5244 cujus

1897 5282 2056 5336 regno
2075 5265 2215 5329 quod
2245 5265 2401 5320 habet
2436 5268 2702 5334 coaequale
2749 5276 2801 5320 et
2827 5274 3148 5321 cozternum
3177 5280 3297 5320 cum
3329 5265 3426 5319 Pa-

1897 5368 1974 5413 tre
2019 5356 2146 5409 dicit
2199 5355 2248 5407 in
2294 5357 2531 5424 psalmo:
2562 5355 2700 5409 Dixit
2743 5353 2985 5409 Dominus
3034 5354 3245 5410 Domino
3295 5372 3426 5423 meo,

1976 5558 1997 5584 ε
2023 5548 2076 5599 .\i
2108 5586 2122 5606 ,
2156 5562 2240 5610 per
2265 5547 2417 5608 quod.

1975 5615 1997 5653 δ
2023 5617 2079 5668 ΑΙ
2093 5653 2124 5681 .,
2155 5621 2305 5680 [μετα.
