3866 6248
526 375 620 426 liii

1010 376 1209 433 BEDE
1253 379 1695 435 VENEHABILIS
1732 379 2011 436 OPERUM
2053 374 2225 437 PARS
2263 342 2330 440 ll.
2379 414 2435 426 —-
2475 388 2856 446 EXEGETICA
2895 390 3212 449 GENUINA.

526 485 658 536 Sede
679 501 709 534 α
729 485 914 538 dextris
942 488 1078 547 meis,
1105 488 1261 542 donec
1284 507 1465 558 penam
1493 491 1717 544 inimicos
1745 501 1858 545 tuos
1875 494 2063 546 scabel-
2094 494 2138 550 Α
2167 471 2516 549 ὑῶιεάὶσεηιιη*
2540 501 2783 554 universe
2818 505 3137 571 cognationes
3177 512 3364 567 terra;
3406 503 3504 558 sed
3536 505 3690 572 prius-

526 573 630 624 lnm
655 576 836 642 pedum
862 584 1056 628 tuorum
1078 577 1246 646 (Paul.
1266 595 1371 643 cu,
1396 581 1468 648 Ι),
1495 590 1547 634 et
1572 592 1761 635 caetera
1787 600 1798 633 :
1831 582 1896 636 tle
1917 582 2064 650 cujus

523 663 819 715 sacerdotio
860 665 910 718 in
939 680 1046 733 quo
1085 682 1203 721 sese
1254 669 1439 721 obtulit
1505 669 1732 722 hostiam
1783 670 1922 724 Patri
1972 685 2065 739 pro

525 751 696 816 nobis,
751 755 984 808 subdidit
1029 755 1080 809 iu
1128 758 1312 810 eodem
1357 762 1555 827 psalmo
1597 761 1782 814 dicens
1823 759 2064 816 :luravit

526 839 787 909 Dominus,
835 855 882 897 et
918 862 1016 898 non
1045 850 1294 914 paenitebit
1332 865 1467 914 eum,
1514 849 1590 903 Tn
1637 867 1688 904 es
1731 856 1963 906 sacerdos
2010 855 2062 907 in

523 942 758 985 uernum
799 936 1068 988 secundum
1119 938 1342 991 ordinem
1379 939 1738 994 Melchisedech
1788 941 1950 1010 (ibid.
1979 944 2057 1009 ι).

526 1020 597 1071 De
625 1022 776 1090 cujus
801 1026 1127 1088 espositioue
1158 1042 1341 1082 versus
1370 1039 1428 1082 et
1474 1031 1766 1084 sacerdotio
1794 1046 1854 1085 ac
1899 1048 2059 1098 regno

524 1107 727 1161 Dotnitti
758 1110 880 1164 Jestt
913 1113 1128 1176 Christi,
1160 1115 1295 1182 quod
1343 1116 1393 1169 in
1439 1117 1817 1173 Melchisedech
1860 1120 2056 1188 ﬁgura-

516 1208 624 1250 tum
653 1208 755 1261 est,
779 1202 898 1255 ideo
920 1212 1148 1255 nostram
1173 1206 1479 1272 parvitatem
1505 1207 1602 1260 hoc
1631 1209 1686 1260 in
1713 1210 1826 1262 loco
1849 1209 2051 1262 brevis-

515 1286 648 1340 sime
677 1289 813 1357 loqui
846 1306 906 1344 ac
935 1299 1161 1347 traCtare
1207 1305 1436 1361 Oportet,
1483 1300 1731 1364 quoniam
1766 1300 2050 1364 Apostolus

512 1378 790 1431 maximam
827 1391 1025 1446 partem
1053 1383 1284 1450 epistola:
1314 1384 1378 1437 ad
1409 1385 1659 1439 llehrmos
1687 1387 1757 1440 de
1789 1387 1868 1439 his
1891 1388 2054 1441 subli-

438 1483 445 1488 ·
510 1465 742 1522 tuissime
796 1469 1108 1536 disputando
1159 1481 1326 1542 atque
1363 1473 1689 1542 explanando
1735 1477 2037 1542 complevit,

511 1563 707 1607 tantum
783 1558 995 1627 vestigia
1055 1560 1169 1629 ejus
1214 1572 1478 1617 sectantes
1519 1579 1678 1632 pauca
1711 1565 1776 1619 de
1824 1567 2055 1633 pluribus

507 1659 620 1711 qua:
651 1644 738 1699 ille
769 1649 936 1714 posuit
963 1650 1046 1704 hic
1084 1651 1315 1706 inserere
1341 1655 1670 1710 commodum
1700 1657 1977 1712 duximus.

579 1735 752 1804 Itaque
773 1739 1151 1796 Melchisedech
1182 1744 1459 1798 Dominum
1490 1746 1815 1804 Salvatorem
1836 1750 2037 1818 signiti-

2163 600 2316 651 quam
2341 588 2476 641 ullus
2520 590 2566 642 ei
2596 591 2756 656 ﬁlius,
2783 592 2872 661 qui
2892 593 3126 660 ejusdem
3150 593 3532 648 benedictionis
3561 606 3691 651 esset

2162 673 2418 737 cohzeres,
2465 687 2801 741 nasceretur;
2843 680 3143 748 priusquam
3189 680 3415 749 aliquam
3458 681 3568 735 Deo
3604 683 3694 736 ho-

2161 765 2313 816 stiam
2358 779 2452 832 pro
2489 765 2680 822 donata
2727 769 3088 822 benedictione
3126 769 3317 838 gratias
3362 779 3581 824 acturus
3624 770 3694 824 oi-

2162 852 2343 917 lerret,
2391 857 2618 909 occurrit
2664 857 3042 912 Melchisedech
3099 872 3190 911 rex
3227 858 3403 913 Salem
3435 858 3695 926 proferens

2160 955 2344 1008 panem
2401 953 2454 996 rt
2492 931 2822 1012 vinumque:
2869 945 3294 1012 Deo—obtulerat,
3337 955 3393 1001 et
3429 948 3695 1002 benedixit

2156 1031 2229 1094 ei,
2261 1040 2316 1083 ut
2346 1040 2588 1098 patenter
2617 1033 2928 1102 intelligeret
2967 1035 3087 1102 quia
3115 1039 3427 1103 promissam
3465 1036 3565 1089 sibi
3610 1036 3692 1090 be-

2161 1120 2512 1176 nedictionem
2542 1139 2635 1191 per
2660 1123 2852 1194 Regem
2875 1124 3091 1190 iustitia:
3109 1133 3164 1178 et
3187 1135 3459 1178 auctorem
3478 1139 3694 1191 summa

2157 1213 2321 1279 pacis,
2352 1228 2445 1280 per
2474 1215 2773 1279 pontiﬁcem
2803 1215 3073 1279 eximium,
3106 1229 3201 1282 per
3226 1215 3540 1268 sacriﬁcium
3584 1231 3692 1284 my-

2154 1298 2344 1351 sticum
2367 1299 2516 1366 panis
2531 1311 2583 1354 et
2611 1299 2736 1364 vini,
2760 1310 2898 1354 esset
2920 1315 3038 1354 cum
3061 1302 3204 1354 omni
3228 1316 3323 1355 suo
3342 1302 3549 1355 semine
3574 1315 3692 1366 per-

2155 1397 2427 1454 cepturus.
2457 1388 2568 1442 Non
2614 1404 2742 1457 ergo
2766 1390 3057 1458 glorientur
3074 1389 3241 1444 Judaei
3289 1391 3356 1444 de
3397 1389 3689 1443 sacerdotio

2155 1477 2388 1532 Levilico
2414 1488 2596 1532 contra
2645 1479 2991 1542 Christianos,
3033 1495 3151 1533 cum
3181 1479 3254 1532 illi
3300 1480 3544 1532 victimas
3573 1493 3689 1530 car-

2154 1565 2321 1629 nium,
2356 1580 2452 1620 nos
2491 1581 2678 1631 panem
2710 1576 2764 1621 et
2793 1567 2968 1621 riuum
2999 1567 3221 1621 Domino
3258 1565 3564 1620 offeramus.
3598 1566 3690 1619 No-

2152 1663 2320 1707 strum
2369 1670 2593 1723 namque
2634 1664 2688 1709 et
2729 1669 2966 1723 tempore
3005 1664 3060 1710 et
3085 1654 3335 1724 dignitate
3383 1656 3690 1708 sacriﬁcium

2155 1753 2670 1812 prastatztempore
2713 1745 2973 1805 videlicet,
3017 1744 3136 1813 quia
3183 1743 3327 1811 prius
3369 1743 3469 1796 hoc
3507 1743 3694 1796 obtulit

506 1839 586 1882 cat
611 1845 629 1882 :
652 1831 868 1896 primum
893 1833 1116 1899 quidem,
1143 1843 1198 1887 ut
1223 1836 1504 1902 Apostolus
1526 1840 1620 1900 ait,
1641 1841 1728 1908 qui
1749 1810 2049 1908 interprete.
2078 1810 2124 1871 Β
2157 1810 2569 1894 Melchisedech,
2599 1846 2753 1899 quam
2778 1831 2903 1886 illud
2933 1810 3194 1885 Abraham
3223 1830 3301 1883 vel
3334 1829 3424 1898 qui
3451 1844 3516 1881 ex
3540 1845 3605 1882 eo
3630 1829 3693 1884 de

503 1930 584 1971 tur
620 1934 709 1973 rex
726 1921 959 1987 justitite,
1009 1922 1187 1976 deinde
1227 1934 1391 1978 autem
1439 1943 1528 1979 rex
1559 1926 1746 1993 Solem,
1789 1933 1926 2000 quod
1973 1940 2044 1986 est

501 2025 591 2062 rea:
611 2010 749 2077 pacis
769 2010 950 2080 (Hebr.
975 2027 1067 2074 ut,
1093 2013 1150 2082 2)
1175 2030 1188 2066 :
1211 2013 1402 2084 quibus
1424 2017 1602 2071 verbis
1623 2018 1806 2072 beatus
1836 2029 2048 2088 aposto-

505 2100 584 2151 lus
610 2100 690 2152 ita‘
715 2102 927 2169 ﬁguram
950 2101 1335 2158 Melchisedech
1363 2106 1586 2173 qualiter
1611 2109 1681 2160 sit
1709 2106 2046 2176 intelligenda

509 2187 865 2252 demonstrat,
896 2198 952 2241 ut
977 2199 1031 2242 et
1067 2205 1163 2243 nos
1186 2194 1522 2259 apertissime
1546 2195 1736 2249 doceat
1780 2196 1830 2248 in
1861 2197 2048 2251 litteris

513 2278 829 2330 Testameuti
860 2278 1058 2332 Veteris
1087 2295 1192 2333 non
1230 2280 1399 2337 solum
1435 2297 1632 2345 rerum,
1659 2283 1747 2336 sed
1779 2293 1833 2338 et
1861 2266 2030 2338 nomi-

507 2383 629 2421 num
683 2370 1090 2439 signiﬁcationes
1133 2386 1386 2440 quaerere.
1432 2373 1577 2427 Sicut
1616 2387 1742 2442 ergo
1770 2373 2048 2429 Melchise-

495 2459 629 2514 dech
685 2459 949 2514 vocabulo
985 2475 1088 2515 suo
1134 2470 1188 2516 et
1217 2477 1437 2530 persona
1489 2477 1580 2517 sua
1613 2461 1810 2533 Regem
1834 2463 2048 2530 justitim

497 2551 791 2614 (itu-istum,
813 2550 883 2603 ita
905 2551 1061 2604 etiam
1092 2552 1348 2604 vocabqu
1377 2567 1484 2604 suae
1511 2551 1734 2606 civitatis
1760 2551 2042 2605 Ecc'esiam

497 2648 823 2705 sanctorum,
849 2641 1113 2694 civitatem
1146 2640 1404 2694 videlicet
1435 2643 1607 2709 magni
1638 2642 1792 2706 Regis
1821 2642 2038 2710 ﬁgurate

497 2731 802 2793 denuntiat;
849 2733 913 2784 de
955 2747 1051 2797 qua
1105 2733 1354 2800 scriptum
1395 2740 1474 2785 est
1507 2747 1526 2783 :
1568 2732 1629 2784 Et
1658 2730 1826 2785 factus
1867 2740 1948 2785 est
1986 2732 2036 2783 in

499 2820 696 2882 Solem,
737 2820 786 2872 id
837 2829 919 2874 est
966 2823 1015 2873 in
1046 2835 1172 2888 pace
1227 2823 1371 2875 locus
1414 2821 1530 2889 ejus
1556 2819 1725 2892 (Psal.
1753 2837 1904 2885 an,
1948 2820 2026 2887 5).

499 2908 675 2962 Salem
704 2918 874 2962 autem
902 2909 1010 2978 ipsa
1040 2921 1120 2963 est
1157 2926 1272 2978 qua:
1305 2921 1483 2980 postea
1549 2912 1867 2966 Hierusalem
1896 2911 2034 2966 dicta

415 3021 422 3026 -
503 3013 530 3047 ει
564 2995 722 3049 David
767 3013 908 3067 rege,
958 2997 1115 3053 totius
1159 2999 1353 3054 induta:
1405 3001 1682 3068 provinciae
1729 3004 2038 3071 metropolis

497 3086 630 3138 facta
647 3097 746 3147 est,
774 3101 838 3138 eo
891 3087 1027 3153 quod
1065 3088 1131 3140 ibi
1164 3089 1337 3143 locum
1382 3091 1558 3156 templi
1583 3100 1606 3125 ⁸
1631 3093 1840 3155 emerit,
1870 3102 1921 3146 et
1949 3094 2044 3146 im-

500 3189 687 3237 pensas
725 3183 1002 3229 strueturte
1067 3178 1332 3230 Salumoni
1371 3179 1476 3232 tilio
1528 3178 1899 3247 dereliquerat,
1931 3196 2047 3248 qum

498 3263 735 3317 videlicet
794 3275 976 3318 cuncta
1004 3275 1056 3320 et
1078 3267 1178 3319 alia
1209 3268 1479 3322 innumera
1518 3283 1633 3337 quae
1661 3270 1726 3323 de
1757 3272 1936 3324 eadem
1969 3270 2047 3324 ci-

497 3354 653 3406 vitate
682 3352 816 3408 facta
845 3355 926 3407 Vel
958 3355 1096 3409 dicta
1139 3357 1407 3426 leguntur,
1441 3358 1504 3410 ad
1564 3358 1847 3412 Ecclesiam
1887 3359 2044 3424 perti-

2157 1921 2323 1990 stirpe
2351 1921 2474 1976 Levi
2505 1936 2699 1976 venere
2727 1922 3004 1991 pontiﬁces
3032 1939 3046 1974 :
3070 1922 3325 1990 dignitate
3351 1928 3552 1987 autem,
3573 1921 3688 1988 quii

2149 2011 2216 2066 de
2241 2011 2343 2066 hoc
2375 2028 2478 2066 non
2523 2011 2590 2066 de
2631 2013 2720 2066 illo
2747 2013 2945 2068 dictum
2993 2023 3076 2066 est
3119 2013 3183 2065 ad
3236 2011 3513 2064 Dominum
3542 2013 3692 2065 Chri-

2147 2117 2285 2160 stum
2313 2122 2340 2158 a
2369 2107 2524 2160 Patre
2550 2123 2562 2158 :
2589 2105 2668 2159 Tu
2698 2122 2749 2159 es
2791 2105 3022 2164 sacerdos
3057 2104 3108 2156 in
3149 2091 3391 2158 (ternum
3417 2105 3690 2156 secundum

2147 2197 2376 2249 ordinem
2427 2195 2792 2251 Melchisedech
2846 2194 3004 2248 'Psal.
3031 2207 3135 2258 cu,
3165 2192 3242 2262 4).
3291 2194 3440 2258 Quod
3486 2203 3540 2246 et
3581 2192 3690 2258 ipso

2150 2300 2314 2352 opere
2342 2301 2462 2341 esse
2483 2288 2821 2352 completum,
2854 2294 2909 2340 et
2936 2297 3074 2337 nunc
3101 2287 3150 2336 in
3177 2292 3285 2337 toto
3311 2284 3440 2337 orbe
3471 2282 3689 2337 manife-

2150 2386 2313 2441 stum,
2344 2391 2446 2428 non
2483 2377 2582 2429 nisi
2613 2377 2800 2428 stultus
2827 2384 2876 2427 et
2907 2374 3097 2440 impius
3119 2383 3294 2440 negat.
3328 2373 3548 2425 Constat
3565 2387 3690 2440 ergo

2148 2464 2400 2533 majorem
2466 2464 2627 2519 fuisse
2675 2463 3061 2518 Melchisedech
3117 2463 3443 2516 sacerdotem
3525 2463 3689 2516 Abra-

2149 2553 2267 2605 ham
2317 2553 2640 2620 patriarcha.
2688 2552 2812 2608 Sine
2848 2552 2955 2604 ulla
2992 2553 3124 2605 enim
3169 2553 3592 2616 contradictione,
3633 2560 3688 2604 ut

2149 2645 2428 2707 Apostolus
2457 2643 2550 2707 ait,
2579 2645 2713 2710 quod
2753 2643 2920 2694 minus
2960 2651 3034 2695 est
3073 2658 3106 2694 a
3146 2641 3357 2693 meliore
3385 2640 3688 2693 benedieitar

2147 2730 2332 2798 (Hebr.
2360 2747 2450 2796 vn,
2476 2731 2553 2802 7).
2584 2731 2752 2798 Maius
2798 2730 3116 2786 sacriﬁcium
3159 2728 3544 2783 Melchisedech
3589 2729 3687 2782 bo-

2144 2824 2258 2878 stiis
2283 2839 2399 2892 qnte
2427 2823 2478 2877 in
2505 2823 2842 2894 sequentibus
2863 2823 3115 2877 obtulisse
3151 2819 3340 2887 legitur
3372 2819 3633 2871 Abraham
3659 2835 3673 2869 :

2145 2915 2265 2981 quia
2303 2917 2403 2966 hoc
2432 2913 2680 2966 Dominus
2708 2912 2972 2979 Christus.
3014 2908 3143 2964 illud
3185 2910 3361 2962 Aaron
3391 2925 3404 2960 :
3429 2906 3685 2962 hocNovi

2144 3003 2467 3077 Testamenti
2497 3002 2820 3063 sacerdotes,
2851 3001 2979 3054 illud
3023 2999 3225 3052 Veteris
3259 3011 3412 3052 erant
3442 2998 3688 3053 oblaturi.

2149 3093 2298 3148 Unde
2335 3102 2387 3146 et
2415 3094 2547 3146 bene
2586 3093 2819 3145 subditur
2843 3105 2858 3144 :
2884 3087 2948 3142 Et
2984 3088 3121 3142 dedit
3149 3087 3195 3139 ei
3217 3088 3444 3141 decimus
3498 3102 3562 3139 es
3586 3101 3692 3137 oin-

2152 3185 2314 3236 nibus.
2343 3181 2491 3246 Quod
2521 3181 2740 3233 multum
2771 3179 3060 3232 sublimiter
3089 3177 3344 3230 intellexit
3404 3185 3560 3241 atque
3602 3189 3692 3226 es-

2149 3271 2317 3338 posuit
2342 3270 2654 3339 Apostolus;
2700 3280 2754 3321 ut
2794 3269 3024 3321 decimas
3051 3271 3097 3320 ei
3120 3269 3271 3320 daret
3300 3264 3565 3319 Abraham
3587 3279 3689 3316 non

2143 3363 2310 3416 stilum
2343 3353 2437 3426 pro
2461 3375 2540 3426 se,
2574 3374 2754 3413 verum
2811 3360 2967 3411 etiam
3013 3369 3062 3409 et
3093 3371 3188 3423 pro
3218 3356 3465 3410 omnibus
3503 3356 3582 3406 eis
3606 3352 3714 3420 qui,

503 3458 630 3496 nere
650 3442 856 3500 cunctis
882 3447 1168 3514 legentibus
1199 3461 1356 3516 patet.
1405 3449 1504 3516 Qui
1535 3454 1691 3505 etiam
1727 3457 1918 3522 genere
1941 3467 2037 3506 suo
2143 3469 2204 3506 ex
2236 3442 2296 3504 se
2331 3460 2481 3504 erant
2509 3449 2781 3508 nascituri,
2847 3449 2897 3499 in
2929 3447 3118 3513 quibus
3147 3446 3361 3500 luerunt
3399 3455 3452 3499 et
3482 3445 3582 3511 ipsi
3607 3459 3692 3510 sa-

502 3532 742 3585 sacrilicii
800 3535 905 3598 sui,
947 3537 1096 3601 cujus
1138 3547 1191 3590 et
1231 3540 1490 3594 Abraham
1543 3543 1665 3594 dum
1712 3541 2040 3596 benediceret
2143 3541 2381 3594 cerdotes
2405 3538 2493 3608 qui
2521 3538 2755 3592 decimas
2778 3550 2867 3590 era
2887 3535 3232 3611 ntaccepturi
3262 3549 3291 3587 a
3323 3535 3563 3602 populo:
3595 3531 3693 3586 Per

508 3624 814 3693 participem
865 3625 1005 3690 iecit,
1034 3627 1351 3682 oblationem
1388 3629 1522 3682 Novi
1559 3630 1878 3684 Testamenti
1907 3647 2043 3694 prze-
2143 3628 2414 3690 Abraham,
2442 3627 2702 3695 inquit,et
2749 3624 2864 3677 Levi
2890 3624 2974 3691 qui
3002 3624 3222 3677 decimas
3249 3626 3436 3692 occepit
3473 3624 3693 3676 decima-

497 3725 826 3780 tnonstravtt,
873 3731 1024 3785 quam
1075 3719 1327 3772 Dominus
1369 3717 1618 3773 ttosterin
1656 3731 2036 3774 sacramentum
2143 3729 2222 3770 tus
2250 3726 2320 3771 est
2346 3732 2364 3770 :
2390 3716 2557 3768 adhuc
2583 3716 2713 3768 enim
2739 3715 2790 3766 in
2832 3715 3014 3766 lumbis
3051 3714 3208 3780 patris
3233 3723 3343 3766 erat
3365 3713 3570 3783 quando
3600 3715 3692 3765 ob-

503 3807 583 3857 sui
614 3808 847 3870 corporis
873 3823 932 3861 ac
969 3811 1233 3878 sanguinis
1277 3818 1329 3863 et
1359 3811 1469 3877 ipse
1511 3809 1706 3876 primus
1744 3810 1949 3877 obtulit,
1988 3818 2045 3863 et
2142 3809 2289 3860 viavit
2309 3807 2353 3860 ei
2387 3803 2754 3859 Melchisedech
2775 3803 2960 3873 (Ibid.,
2992 3805 3068 3871 9).
3100 3803 3248 3857 Sicut
3267 3819 3395 3873 ergo
3418 3805 3691 3872 pracelle-

510 3897 753 3950 Ecclesia:
803 3911 1010 3964 semper
1052 3900 1101 3951 in
1160 3902 1523 3954 remissionem
1554 3889 1881 3968 peccatorum
1910 3901 2039 3955 oﬁ'e-

498 3989 710 4040 rendam
766 3989 973 4054 reliquit
1011 4007 1022 4040 :
1058 3991 1109 4041 in
1157 3992 1306 4056 cujus
1353 3993 1746 4058 participatiooe
1789 3993 2034 4062 singulari

499 4094 680 4132 omnes
728 4078 1087 4147 promissionis
1144 4079 1278 4132 ﬁlios
1327 4069 1709 4134 benedicendos
1761 4095 1878 4133 csse
1926 4097 2043 4147 per-

2146 3897 2232 3951 bat
2261 3895 2426 3949 tribus
2483 3893 2738 3956 Levitica,
2787 3893 2837 3945 id
2881 3901 2964 3944 est
3003 3893 3345 3945 sacerdotalis
3374 3894 3612 3957 populus,
3660 3907 3690 3944 a

2156 4002 2259 4054 quo
2286 3984 2520 4056 decimas
2541 3981 2831 4049 accipiebat
2854 3998 2867 4045 ;
2897 3981 2976 4034 sic
2994 3988 3049 4034 et
3074 3981 3201 4046 ipsis
3234 3980 3599 4034 sacerdmibus
3628 3995 3690 4034 ac

2144 4073 2315 4128 levitis
2345 4071 2681 4140 prtecellehat
2726 4067 3134 4131 Melchisedech,
3181 4068 3395 4135 quando
3431 4069 3500 4122 ab
3528 4070 3608 4123 eis
3635 4069 3690 4122 in

2145 4173 2290 4230 patre
2355 4161 2620 4216 Abraham
2657 4173 2677 4200 ε
2719 4159 2962 4232 accepit:
2988 4155 3162 4210 adhuc
3205 4157 3342 4209 enim
3395 4157 3444 4208 in
3500 4155 3688 4208 lumbis

498 4272 710 4310 consors
738 4257 1030 4324 possitesse
1057 4259 1296 4325 perennis
1324 4277 1334 4310 :
1361 4255 1483 4311 Nisi
1504 4259 1635 4311 enim
1659 4260 2038 4310 manducaveri-
2144 4260 2312 4306 erant.
2370 4251 2634 4303 Abraham
2676 4248 2868 4314 quippe
2911 4245 3020 4307 hoc
3067 4245 3183 4297 ¹⁰α⁰
3229 4245 3482 4312 [mimum
3532 4243 3689 4295 ¹⁵ηε¹

500 4348 578 4408 tis,
607 4348 792 4411 inquit,
822 4363 1017 4398 carnem
1046 4346 1166 4399 Filii
1194 4348 1430 4409 hominis,
1467 4357 1512 4401 et
1539 4349 1753 4400 biberitis
1784 4349 1892 4413 ejus
1912 4363 2030 4398 san-
2147 4355 2264 4393 cum
2309 4354 2411 4391 suo
2453 4336 2748 4390 sacerdotio
2788 4331 3054 4403 deSignat,
3103 4347 3261 4400 porro
3300 4329 3689 4386 Melchisedech

507 4441 730 4506 guinem,
759 4456 858 4491 non
899 4439 1132 4491 habebitis
1178 4442 1324 4490 vitam
1361 4441 1412 4491 in
1437 4440 1714 4506 vobis:qni
1755 4437 2023 4491 ntanducat
2066 4443 2120 4503 ι)
2153 4428 2488 4484 Mediatorem
2538 4427 2628 4480 Dei
2673 4435 2726 4480 et
2755 4425 3021 4478 hominum
3059 4437 3178 4474 cum
3222 4421 3523 4474 sacerdmio
3551 4420 3689 4486 quod

502 4543 659 4580 meam
687 4543 883 4579 carnem
913 4536 958 4579 et
997 4527 1114 4578 bibit
1159 4541 1321 4577 nteant
1348 4527 1661 4594 sanguinem,
1702 4523 1848 4574 habet
1891 4524 2041 4574 vitam
2143 4531 2199 4574 et
2235 4518 2533 4574 hmredibus
2578 4516 2704 4571 Novi
2736 4513 3060 4570 Testamenti
3091 4511 3324 4577 reliquit,
3354 4510 3690 4576 singulariter

510 4627 745 4670 «etei-nant
768 4618 946 4685 (Joau.
984 4633 1053 4686 Vl,
1077 4615 1188 4684 54).
1223 4618 1275 4670 In
1314 4617 1484 4683 magni
1515 4629 1640 4684 ergo
1668 4614 2044 4683 signiﬁcatione
2149 4605 2393 4677 exprimit
2418 4626 2429 4659 :
2459 4608 2525 4659 Et
2567 4602 2919 4690 benedicitur,
3035 4598 3328 4690 decimatur
3355 4612 3384 4650 a
3415 4597 3690 4690 Ielchise-

501 4711 812 4760 sacramenti
844 4710 1218 4762 Melchisedech
1270 4707 1514 4761 sacerdos
1566 4706 1832 4760 benedixit
1882 4705 2044 4757 Abra-
2149 4699 2281 4751 dcch
2318 4698 2602 4757 Abraham,
2631 4695 2751 4760 quia
2786 4690 2884 4757 ῙΡεί
2915 4687 3075 4760 "iam,
3097 4687 3188 4755 (ιιιί
3219 4688 3270 4740 in
3307 4688 3422 4755 ιοεε
3445 4702 3508 4740 ³⁸
3537 4687 3690 4739 “3'5"

508 4798 612 4859 hic,
645 4794 914 4861 proterens
942 4797 986 4847 ei
1029 4806 1229 4862 partem
1261 4797 1523 4858 sacriﬁcii,
1551 4797 1688 4864 quod
1723 4795 1944 4847 Domino
1985 4795 2036 4846 in
2153 4792 2256 4842 tico
2283 4787 2576 4840 sacerdotio
2607 4781 2865 4850 przecipui
2893 4781 3227 4843 exstiterunt,
3261 4793 3363 4832 non
3401 4776 3504 4830 nisi
3531 4789 3559 4827 a
3586 4772 3691 4826 Do-

510 4897 642 4953 pane
682 4892 732 4934 et
777 4882 896 4935 vino
949 4881 1207 4936 obtulerat
1239 4902 1250 4934 :
1286 4886 1456 4951 typice
1499 4886 1740 4938 nimirum
1773 4883 2043 4936 insinuans
2147 4877 2295 4929 mino
2327 4875 2453 4929 Jesu
2486 4872 2695 4925 Christo
2726 4869 3180 4931 benedicerentur,
3208 4882 3311 4920 non
3347 4865 3445 4917 nisi
3475 4864 3540 4914 ad
3567 4873 3692 4914 um

508 4977 629 5042 quia
666 4987 769 5025 non
800 4973 966 5025 solum
999 4988 1094 5026 nos
1143 4974 1228 5040 qui
1262 4984 1377 5039 post
1408 4977 1699 5039 passionem
1727 4973 2040 5026 dominicam
2143 4975 2327 5019 cuncta
2364 4979 2479 5033 quzc
2525 4963 2719 5017 habere
2761 4970 3002 5030 poterant
3031 4960 3282 5044 virtutum
3310 4955 3586 5018 reierrcnt,
3634 4959 3691 5006 et

504 5068 556 5117 in
587 5077 747 5118 carne
772 5061 1024 5128 venimus,
1052 5063 1142 5116 sed
1176 5072 1228 5115 et
1252 5060 1360 5129 ipse
1388 5063 1648 5116 Abraham
1686 5063 1773 5130 qui
1815 5073 2037 5128 accepe-
2147 5057 2258 5108 ικεο
2287 5055 2449 5124 ipsius
2471 5053 2630 5108 fuisse
2654 5053 2836 5123 gratia:
2863 5045 3261 5108 conﬁterentur.
3291 5044 3421 5141 83l'i
3449 5057 3568 5097 8⁸η
3595 5057 3696 5141 Ρ⁴ξ⁶

481 5166 586 5212 ἠιι
611 5155 1067 5224 repromissiones,
1090 5165 1140 5208 et
1169 5167 1323 5208 omne
1348 5167 1527 5206 semen
1557 5151 1669 5222 ejus
1693 5155 1915 5207 electum
1949 5165 2042 5218 per
2149 5144 2567 5198 lueruntzvunde
2619 5153 2674 5195 et
2724 5141 2908 5195 Petrus
2934 5177 2950 5202 ι
2992 5138 3317 5233 difﬁsum?
3354 5131 3464 5198 5³11³

505 5221 824 5303 oblationem
854 5261 972 5300 esse
1000 5246 1274 5299 dominica:
1313 5245 1569 5312 passionis
1588 5221 1796 5298 interna
1826 5242 2039 5296 bcnedi-
2151 5235 2436 5304 EVangelii,
2460 5234 2606 5302 quasi
2629 5231 2927 5285 sncerdotio
2953 5225 3092 5318 quod
3121 5223 3411 5318 secundum

503 5345 677 5397 etione
707 5341 1026 5392 donandum.
1054 5340 1116 5390 Et
1153 5339 1362 5403 quidem
1397 5336 1536 5388 idem
1568 5335 1831 5388 Abraham
1861 5334 2042 5385 audie-

2153 5325 2536 5378 Melchisedcch
2563 5321 2956 5390 promittebatur
2985 5315 3234 5376 lutttrum,
3263 5313 3335 5403 ait
3356 5312 3692 5403 minotauri-

507 5444 585 5484 rat
611 5449 636 5481 a
669 5431 885 5483 Domino
913 5449 924 5480 :
958 5430 1016 5482 Et
1057 5429 1340 5481 bcnedicam
1371 5429 1476 5486 tibi,
1527 5437 1571 5480 ct
1596 5426 1926 5493 magniﬁcabo
1957 5441 2051 5481 nos

509 5538 616 5574 men
648 5535 805 5581 tuum,
838 5521 1031 5584 erisque
1063 5519 1369 5570 benedictus.
1403 5518 1644 5571 Audierat
1671 5536 1681 5568 ;
1707 5515 1732 5555 δ
1753 5527 1898 5584 atquc
1927 5517 1975 5569 in
2000 5526 2045 5568 te

501 4170 712 4222 docuit:
738 4169 869 4223 adeo
922 4179 976 4220 ut
1024 4183 1179 4221 nemo
1208 4169 1401 4238 absque
1431 4168 1581 4238 hujus
1608 4171 1874 4224 consortio
1924 4170 2042 4222 vitae

2150 5417 2244 5470 bus
2282 5419 2628 5469 observantiae
2657 5411 2681 5450 ἀ
2713 5409 2894 5478 legalis
2919 5423 2933 5457 :
2960 5403 3094 5468 Quid
3117 5401 3316 5455 tentatis
3345 5399 3508 5453 Deut
3533 5398 3703 5460 impo-

2149 5511 2456 5575 nerejttgum
2484 5499 2726 5556 seruitutis
2747 5513 2894 5565 super
2913 5493 3124 5548 cervices
3145 5489 3545 5584 discipulorum,
3563 5487 3707 5555 μοι

2227 5637 2245 5660 c
2271 5620 2353 5674 Al.
2365 5657 2377 5678 ,
2416 5612 2646 5679 suscepit.

577 5643 597 5668 ·
630 5635 732 5692 AL,
765 5630 962 5692 clvqerit
989 5644 1003 5691 ;
1039 5629 1105 5682 al.
1137 5629 1388 5695 crnpscrit.
2227 5637 2245 5660 ε
2271 5629 2377 5678 ΑΙ..
2416 5630 2534 5694 suae

577 5700 600 5739 ι
621 5703 727 5751 ΔΙ..
755 5687 954 5751 itsaaea
2161 5734 2164 5737 .
2230 5689 2254 5725 ὸ
2278 5689 2384 5751 AL,
2413 5685 2534 5751 lcgts

2161 5734 2164 5737 .
2232 5719 2254 5725 -
2278 5719 2384 5752 μμ,
2413 5719 2554 5751 ausu.

575 5700 600 5739 ι
621 5703 728 5766 AL,
755 5703 955 5764 ἐιιςηιη
