3866 6248
203 365 299 422 153

1402 362 1857 418 ΙΙΕΧΑΕΜΕΒυΝ
1896 361 2022 416 LIB.
2060 361 2136 418 IV.

3260 361 3358 417 158

203 492 356 542 neque
377 486 541 547 patres
568 479 742 542 nostri,
776 492 929 545 neque
962 493 1052 531 nos
1082 484 1288 544 portare
1316 477 1563 543 potuimus
1586 477 1609 526 .’
1633 475 1720 528 sed
1751 477 1802 536 Α
1825 473 2040 534 intimas,
2062 479 2238 523 cetera
2266 470 2386 522 tolle
2416 471 2522 522 tibi.
2556 469 2654 536 Qui
2682 470 2938 535 respondit
2965 471 3013 524 ei
3037 486 3060 525 .°
3078 468 3210 525 Leno
3246 489 3357 526 mu-
3415 453 3418 456 ’

205 583 290 632 per
316 568 528 637 gratiam
559 566 754 619 Domini
779 563 900 620 less
924 568 1168 619 credimus
1191 565 1378 619 salvari
1402 566 1728 630 quemadmo-

203 655 322 707 dum
351 662 398 707 et
419 655 495 706 illi
519 655 656 722 (Act.
685 669 776 718 xv,
804 655 915 724 10).
949 655 1099 709 Dedit
1127 669 1252 722 ergo
1287 653 1555 706 Abraham
1586 652 1725 704 deci-

201 758 317 797 mas
340 759 402 797 ex
423 744 666 797 omnibus
693 744 1072 798 Melchisedech
1125 743 1405 804 sacerdoti,
1437 755 1465 793 a
1491 755 1595 807 quo
1634 741 1729 793 bc-

207 829 553 885 nedictionem
583 839 859 899 acceperat
883 849 896 883 :
922 831 1041 897 quia
1071 831 1314 884 nimirum
1344 829 1482 896 quod
1517 829 1602 882 ille
1623 841 1730 880 me-

203 920 348 974 lioris
379 920 634 974 intellexit
661 919 938 973 sacerdotii
967 928 1146 989 typum
1176 927 1230 972 et
1267 918 1544 983 imaginem
1573 929 1728 984 quam

204 1009 314 1074 ipse
335 1008 674 1075 praeierebat;
707 1007 804 1060 hoc
837 1007 1085 1075 estquod
1118 1007 1229 1072 ipse
1251 1006 1451 1072 legalis,
1479 1004 1568 1057 ille
1599 1017 1730 1069 pon-

200 1096 424 1150 tiﬁcatus
456 1103 485 1133 ⁸
525 1095 810 1162 evangelici
866 1099 1082 1162 ligni-am
1138 1095 1368 1162 gerebat.
1424 1093 1536 1160 Ipse
1586 1093 1726 1146 enim

203 1179 492 1250 temporale
529 1184 882 1237 sacerdotium
908 1183 1045 1252 quod
1077 1197 1172 1252 per
1199 1181 1558 1235 successiones
1599 1193 1730 1247 pon-

202 1274 400 1328 tilicum
430 1283 731 1329 servaretur
756 1289 824 1328 ex
868 1288 927 1327 se
954 1281 1069 1328 erat
1107 1281 1449 1342 generaturus
1475 1285 1489 1332 ;
1523 1269 1609 1324 ille
1637 1283 1731 1324 nc-

203 1379 305 1433 que
333 1365 539 1418 initium
565 1365 841 1419 sacerdotii
864 1379 1031 1434 neque
1059 1365 1214 1417 linem
1238 1377 1409 1428 neque
1439 1373 1728 1429 praecesso-

199 1465 313 1506 rem
335 1468 503 1522 neque
530 1468 886 1508 successorem
912 1453 1157 1506 habuisse
1179 1452 1364 1519 legitur
1391 1468 1403 1501 :
1433 1449 1573 1503 unde
1599 1463 1726 1502 con-

173 1539 478 1594 venienter
505 1542 783 1610 imaginem
827 1540 1038 1608 praefert
1079 1539 1219 1592 illius
1246 1538 1329 1592 cui
1372 1539 1566 1592 dictum
1608 1545 1726 1591 est:

192 1625 271 1680 Tu
294 1644 348 1681 es
373 1631 606 1684 sacerdos
626 1633 678 1683 in
702 1642 941 1684 teternum
974 1631 1243 1684 secundum
1273 1631 1495 1683 ordinem
1521 1630 1732 1683 Melchi-

191 1717 396 1770 sedech.
427 1719 547 1772 lla'c
573 1719 640 1774 de
667 1719 1046 1773 Melchisedech
1067 1719 1254 1787 paucis
1275 1719 1382 1770 sint
1407 1718 1544 1772 dicta
1572 1725 1728 1786 prout

1827 576 1945 613 nunt
1981 575 2134 612 meum
2164 560 2229 611 ad
2263 559 2524 610 Dominum
2564 557 2724 611 Deum
2752 560 3000 612 excelsam
3026 573 3355 627 possessorem

1824 649 1932 702 caeli
1965 658 2011 700 et
2039 658 2181 700 terra:
2203 647 2336 716 quod
2381 663 2411 698 a
2453 646 2538 712 ﬁlo
2568 645 2890 712 subtegminis
2931 661 3084 711 usque
3111 645 3179 699 ad
3199 649 3356 700 corrio

1826 743 1958 806 glans
1984 736 2158 803 caltgte
2177 753 2275 789 non
2299 736 2536 805 accipiunt
2557 750 2618 787 ex
2647 734 2868 787 omnibus
2895 751 3009 805 quae
3035 744 3118 787 tua
3141 745 3277 800 sunt,
3295 743 3352 790 et

1825 836 2034 878 caetera.
2068 825 2358 892 Diligenter
2388 825 2694 888 notandum,
2721 834 2776 878 et
2811 825 2876 880 ad
2909 825 3200 892 exemplum
3232 825 3350 878 vita

1827 917 2038 968 moralis
2063 915 2396 979 trahendum,
2435 915 2570 982 quod
2596 915 2857 968 Abraham
2879 915 2967 982 qui
2994 916 3138 983 quasi
3169 928 3348 968 neces-

1825 1004 2069 1060 sitatibus
2119 1004 2468 1071 proximorum
2499 1001 2526 1040 δ
2560 1005 2817 1058 veraciter
2868 1004 3210 1071 compatiens,
3259 1018 3356 1073 pro

1827 1096 2098 1151 liberanda
2129 1096 2259 1149 Loth
2289 1110 2347 1149 se
2378 1095 2605 1162 periculo
2638 1096 2918 1157 obtulerat,
2947 1093 3092 1162 quasi
3134 1092 3242 1146 Deo
3270 1093 3356 1148 deo

1825 1195 1974 1241 votus
1999 1187 2255 1240 sacerdoti
2301 1201 2329 1238 a
2360 1201 2464 1254 quo
2491 1185 2896 1240 benedicebatur
2930 1186 3163 1238 decimas
3191 1183 3352 1239 dede-

1826 1287 1904 1330 rat
1930 1295 1942 1329 :
1971 1279 2082 1342 ipse
2119 1277 2270 1345 quasi
2299 1277 2642 1344 pecuniarum
2670 1284 3020 1343 contemptor,
3049 1275 3243 1341 aliquid
3286 1273 3353 1327 de

1826 1368 1996 1435 praeda
2037 1381 2190 1436 quam
2234 1367 2520 1433 eripuerat,
2550 1367 2707 1420 etiam
2756 1380 2874 1418 cum
2905 1380 2993 1417 rex
3036 1365 3118 1418 cui
3158 1365 3356 1416 vicerat

1823 1456 2116 1520 obtulisset,
2164 1455 2403 1523 accipere
2447 1453 2638 1508 renuit.
2683 1452 2840 1520 Quasi
2887 1451 3102 1520 justiti:
3146 1459 3351 1505 amator

1826 1544 2070 1596 militibus
2099 1544 2184 1612 qui
2217 1558 2393 1597 secum
2423 1551 2780 1610 pugnaverant
2822 1557 2943 1594 suas
2967 1551 3142 1608 partes
3173 1540 3355 1593 distri-

1824 1634 1984 1700 buere
2013 1649 2114 1686 non
2159 1634 2402 1704 neglem.
2450 1631 2638 1686 Merito
2687 1632 2801 1684 talis
2849 1629 3167 1684 conscientia
3208 1639 3262 1681 ut
3287 1627 3354 1682 ad

1826 1738 1997 1778 arcem
2041 1725 2288 1776 virtutum
2316 1724 2593 1788 pervenire
2639 1723 2784 1779 ocius
2823 1725 3007 1788 possit,
3045 1719 3190 1772 novis
3217 1734 3354 1772 sem-

192 1815 373 1860 nostro
427 1811 574 1874 operi
626 1809 871 1864 sumcere
921 1782 1258 1863 videbantur.
1310 1782 1587 1861 Caeterum—
1616 1807 1722 1876 qui
1754 1782 1800 1841 Β
1830 1828 1920 1876 per
1944 1812 2122 1879 gratia:
2138 1782 2387 1880 superi-ne
2427 1810 2695 1864 beneﬂciis
2721 1782 3006 1862 adtollitur.
3042 1807 3190 1863 Unde
3211 1815 3354 1859 recte

193 1899 349 1964 plene
377 1898 443 1954 de
481 1899 593 1965 illo,
619 1904 788 1966 deque
810 1901 888 1953 eis
907 1915 1023 1966 qtne
1049 1899 1288 1966 llguravit
1315 1896 1402 1951 ille
1423 1910 1725 1951 sacramen-

188 1995 252 2047 tis
299 1995 438 2048 scire
482 1994 766 2058 desiderat,
816 2005 977 2050 totam
1019 1993 1085 2047 ad
1135 1992 1384 2047 llebracos
1433 1989 1720 2059 Epistolam

190 2084 405 2136 sedulus
432 2085 588 2155 legat.
997 2087 999 2093 λ

254 2170 395 2226 Dixit
422 2182 588 2226 autem
615 2189 702 2227 rea;
730 2172 1067 2229 Sodomorum
1089 2171 1157 2224 ad
1180 2168 1364 2223 Abram
1409 2182 1427 2220 :
1475 2165 1553 2221 Da
1595 2164 1720 2219 mihi

253 2311 278 2373 ξ
305 2303 410 2366 AL,
431 2303 717 2373 Evangelii.

253 2370 281 2408 δ
303 2374 386 2424 Al.
409 2372 558 2426 deest
583 2370 840 2425 ueraciter.

1829 1901 1912 1955 his
1952 1902 2020 1954 ita
2065 1901 2344 1954 transactis
2368 1900 2687 1953 econl'estim
2725 1898 2863 1953 dono
2890 1898 3120 1952 caelestis
3159 1895 3354 1950 oraculi

1836 2005 1898 2044 ac
1933 1990 2121 2043 divinae
2151 1989 2525 2044 benedictionis
2574 2002 2790 2054 compos
2836 1987 3081 2051 efﬁcitur,
3123 1997 3238 2050 qute
3265 1998 3352 2037 se.

1836 2077 2043 2143 quentis
2066 2075 2183 2129 libri
2216 2077 2400 2130 melius
2427 2077 2649 2130 lectione
2671 2075 3049 2131 consideranda
3069 2083 3124 2130 et
3140 2080 3354 2140 pertra-

1823 2164 2007 2219 ctanda
2033 2177 2323 2219 servemus.

1900 2305 1922 2333 °
1950 2294 2032 2352 Al.
2062 2296 2208 2351 deest
2231 2296 2510 2364 confestim.

193 2525 3352 2557 W

1255 2593 1259 2598 .
1291 2644 1300 2713 Ῐ
1351 2657 1642 2734 LIBER
1691 2651 2182 2747 QUARTUS.

255 2837 350 2892 His
390 2837 556 2902 itaque
584 2835 869 2895 transactis,
902 2799 1065 2903 {actus
1102 2840 1174 2886 est
1213 2846 1376 2884 sermo
1408 2829 1612 2884 Domini
1649 2829 1716 2882 ad
1744 2830 1787 2892 C
1817 2837 1956 2881 utero
1982 2836 2086 2887 tuo,
2115 2825 2277 2894 ipsum
2315 2823 2516 2883 habebis
2553 2820 2820 2878 hieredem.
2860 2822 3006 2891 Quod
3034 2822 3100 2876 de
3128 2822 3268 2877 Isaac
3289 2835 3348 2882 et

183 2928 368 2980 Abram
406 2941 493 2993 per
513 2926 773 2988 uisionem,
801 2925 968 2976 dicens
991 2938 1010 2976 :
1039 2919 1164 2974 Noli
1189 2921 1379 2982 timere,
1401 2917 1604 2980 Abram,
1631 2934 1723 2986 ego

185 3025 430 3083 protector
459 3024 573 3068 tuus
600 3030 712 3067 sum
737 3022 782 3066 et
809 3027 990 3066 merces
1026 3019 1111 3062 tua
1136 3025 1320 3077 magna
1349 3007 1518 3060 nimis.
1553 3006 1723 3058 Dene-

183 3106 466 3160 dictioncm
495 3119 650 3173 quam
689 3119 719 3156 a
751 3101 1022 3156 sacerdote
1051 3098 1433 3153 Melchisedech
1463 3108 1718 3164 percepe-

184 3204 264 3248 rat
293 3193 577 3258 Abraham,
627 3193 761 3245 hanc
791 3208 882 3260 per
907 3207 966 3246 se
994 3190 1249 3244 Dominus
1278 3188 1390 3258 ipse
1420 3185 1719 3240 confirmat.

188 3281 403 3334 Dixerat
425 3283 615 3348 quippe
639 3281 884 3334 sacerdos
916 3297 927 3330 :
971 3278 1036 3332 Et
1074 3279 1360 3331 benedictus
1398 3275 1532 3329 Deus
1558 3275 1723 3328 excel-

184 3384 290 3439 sus,
319 3386 416 3436 quo
438 3378 720 3436 protegente
746 3367 914 3420 hostes
942 3368 993 3420 in
1018 3369 1249 3429 manibus
1278 3367 1376 3419 tuis
1417 3377 1535 3418 sunt
1574 3363 1722 3432 (Gen.

186 3473 292 3521 xlv,
321 3456 437 3525 20).
486 3457 619 3511 Dicit
667 3458 952 3511 Dominus:
1007 3455 1119 3526 Ego
1150 3466 1394 3518 protector
1443 3467 1555 3508 tuus
1594 3470 1722 3508 sum.

184 3546 400 3598 Dixerat
426 3546 706 3599 sacerdos:
739 3544 1034 3599 Benedictus
1062 3553 1088 3581 ⁸
1133 3544 1268 3598 Deus
1307 3544 1545 3598 excelsus.
1595 3544 1725 3595 Dicit

186 3631 296 3698 ipse
324 3631 460 3685 Deus
489 3649 501 3682 :
536 3630 600 3685 Et
629 3646 822 3684 merces
850 3641 938 3682 tua
984 3621 1165 3699 magna
1217 3632 1382 3683 nimis.
1432 3629 1741 3684 Mercedem’

190 3730 365 3772 autem
415 3718 565 3782 dicit,
611 3733 713 3770 non
747 3726 947 3772 tantum
973 3717 1286 3784 dilectionis,
1314 3733 1466 3783 quam
1507 3721 1648 3772 fratri
1673 3718 1722 3770 in

184 3808 422 3876 angustia
454 3809 621 3876 posito
648 3807 986 3876 exhibuerat;
1026 3807 1117 3862 sed
1159 3818 1212 3862 et
1240 3809 1397 3862 totius
1427 3806 1454 3846 δ
1485 3807 1726 3864 dilectio—

185 3898 285 3964 nis,
319 3915 421 3965 qua
451 3900 548 3966 ipsi
583 3899 803 3952 Domino
849 3913 912 3952 ex
960 3913 1062 3966 quo
1105 3897 1324 3967 patriam
1375 3910 1722 3967 parentesque

184 3989 515 4053 deseruerat,
547 3989 751 4057 integro
778 4002 842 4040 ex
889 3988 1047 4040 corde
1075 3988 1347 4041 servierat.
1615 4048 1618 4049 ν

254 4069 498 4145 Dixitque
536 4079 760 4129 Abram:
801 4074 1013 4128 Domine
1057 4072 1212 4134 Deus,
1238 4075 1359 4140 quid
1399 4073 1540 4124 dabis
1578 4074 1717 4136 mihi,

1826 2917 2028 2971 semine
2055 2916 2167 2983 eius
2191 2915 2386 2968 dictum
2412 2919 2545 2967 ratio
2567 2915 2784 2982 probat;
2809 2915 2874 2967 de
2899 2929 3002 2982 quo
3027 2916 3354 2983 postmodum

1824 3005 2067 3058 audivit:
2115 3003 2247 3068 Quia
2284 3003 2336 3055 in
2377 3001 2524 3054 Isaac
2547 3003 2802 3055 vocabitur
2837 3004 2925 3054 tibi
2947 3018 3136 3056 semen.
3179 3003 3356 3073 Neque

1825 3093 1964 3147 enim
2009 3091 2098 3144 lilii
2126 3091 2556 3155 concubinarum,
2588 3090 2684 3141 etsi
2725 3089 2947 3144 Abralm
2984 3103 3168 3145 semen
3212 3101 3355 3157 sunt,

1827 3182 1851 3221 ἀ
1897 3180 2216 3236 Ιιωτεάίθιὶε
2265 3180 2381 3249 ejus
2413 3177 2718 3247 --particip'es
2761 3193 2882 3233 esse
2935 3187 3254 3245 potuerunt;
3304 3189 3360 3233 et

1825 3272 2072 3340 quoniam
2097 3271 2160 3324 ad
2193 3273 2322 3323 hanc
2352 3269 2709 3323 hereditatem
2739 3268 2845 3322 Deo
2873 3267 3118 3322 dilectam
3162 3269 3212 3321 in
3251 3283 3352 3336 qua

1827 3365 2077 3431 prott-ctio
2105 3361 2298 3423 divina,
2323 3370 2376 3414 et
2405 3373 2607 3413 merces
2642 3368 2785 3412 esset
2809 3373 2994 3421 magna
3019 3357 3214 3422 futura,
3243 3372 3354 3411 cm-

1825 3453 1986 3506 lesles
2008 3450 2182 3514 solum
2210 3449 2402 3500 animm
2432 3449 2714 3514 pertinent,
2743 3456 2861 3515 apte
2887 3447 3207 3500 subnectitur
3237 3463 3253 3500 :

1894 3539 2180 3603 Edaxitqne
2199 3552 2310 3589 eum
2348 3537 2503 3603 (oras,
2543 3545 2588 3589 et
2627 3538 2698 3589 ait
2737 3535 2862 3589 illi:
2906 3535 3117 3606 Suspice
3157 3537 3359 3600 ctelum,

1820 3642 1866 3684 et
1887 3645 2092 3684 numera
2108 3629 2295 3688 stellas,
2323 3629 2365 3680 si
2389 3637 2544 3696 potes,
2576 3637 2622 3681 et
2659 3627 2788 3679 dixit
2822 3627 2907 3680 ei:
2937 3627 3026 3679 Sic
3063 3628 3154 3679 erit
3183 3642 3349 3680 semen

1824 3731 1983 3785 tuum.
2017 3721 2198 3774 Stellis
2243 3720 2381 3772 enim
2409 3727 2549 3771 recte
2577 3725 2941 3784 comparantur
2980 3715 3107 3783 justi
3153 3724 3207 3770 et
3242 3717 3357 3771 ele-

1821 3811 1922 3874 cti;
1955 3825 2058 3863 non
2092 3810 2257 3860 solum
2284 3807 2402 3874 quia
2432 3807 2566 3859 sicut
2592 3805 2753 3858 stellae
2772 3789 2842 3856 ab
2871 3804 3169 3857 horninibus
3195 3804 3351 3858 dinu-

1822 3901 2008 3954 merari
2056 3909 2350 3967 nequeunt;
2386 3911 2566 3952 verum
2614 3897 2771 3950 etiam
2816 3896 2935 3964 quia
2982 3897 3184 3952 ccelesti
3235 3907 3357 3951 sunt

1821 3991 2066 4043 felicitate
2089 3990 2365 4052 sublimes,
2390 3987 2508 4057 quia
2536 3988 2740 4056 abjecta
2764 3987 2888 4042 vita:
2916 3988 3070 4055 hujus
3091 3997 3147 4043 et
3178 3988 3359 4060 intima

1817 4079 2072 4131 desideria
2114 4094 2298 4156 magna
2329 4080 2517 4130 ruentis
2559 4077 2882 4134 sublimitate
2933 4077 3350 4140 transcendunt;

184 4182 272 4235 ego
301 4166 481 4217 cadam
519 4167 702 4230 absque
725 4164 911 4226 liberis,
941 4171 984 4215 et
1015 4161 1151 4229 filius
1179 4162 1513 4228 procuratoris
1538 4161 1716 4213 domas
1745 4162 1791 4220 υ
1817 4166 1935 4228 qu‘a
1983 4167 2117 4216 inter
2162 4163 2412 4227 reprobos
2461 4165 2637 4216 lucent
2682 4171 2924 4228 tanquam
2977 4163 3249 4216 luminaria
3298 4163 3352 4217 in

184 4269 326 4315 mete,
399 4254 491 4305 iste
540 4253 815 4306 Damascus
875 4251 1089 4306 Elieser.
1140 4249 1441 4317 Addiditque
1492 4250 1717 4302 Abram:

184 4342 314 4396 Mihi
354 4343 520 4393 autem
563 4356 661 4391 non
689 4337 870 4394 dedisti
913 4355 1111 4404 semen;
1156 4347 1202 4391 et
1226 4353 1335 4390 ecce
1366 4346 1388 4375 ο
1428 4337 1720 4391 vernaculus

189 4451 326 4488 mens
381 4434 536 4484 haeres
585 4444 720 4482 meus
747 4415 877 4484 erit:
906 4429 1018 4485 Non
1067 4429 1210 4498 quasi
1257 4425 1443 4480 dubius
1487 4427 1553 4480 de
1603 4442 1722 4494 pro-

185 4518 359 4572 missis
415 4517 542 4578 Dei,
601 4513 837 4577 titubat;
906 4514 998 4569 sed
1057 4512 1362 4581 simpliciter
1433 4511 1721 4590 interrogat

105 4661 118 4664 _
185 4622 338 4675 quam
368 4603 438 4656 sit
483 4601 776 4656 merci-dem
805 4616 834 4654 a
871 4601 1094 4656 Domino
1124 4612 1485 4670 percepturus,
1527 4601 1614 4667 qui
1662 4601 1724 4651 ti-

187 4697 312 4749 liutn
345 4707 447 4747 non
482 4692 702 4754 habens,
733 4691 909 4757 inquo
933 4691 1144 4746 herede
1170 4707 1229 4746 ac
1253 4689 1504 4760 participe
1531 4688 1722 4742 divinae

187 4781 549 4851 promissionis
587 4780 833 4842 exsultet,
865 4781 1196 4833 vernaculum
1243 4794 1395 4834 suum
1439 4779 1628 4844 potius
1655 4779 1724 4832 sit

189 4873 462 4926 habiturus
508 4869 793 4924 hatredem.
821 4866 1117 4922 Vocabatur
1147 4869 1460 4923 vernaculus
1489 4869 1573 4922 ille
1596 4867 1725 4919 duo-

189 4961 283 5014 lius
316 4963 636 5036 nominibus,
669 4958 718 5013 id
767 4967 869 5021 est,
920 4957 1224 5021 Damascus,
1277 4959 1495 5022 Elieser,
1545 4972 1572 5010 a
1622 4972 1725 5024 quo

191 5049 504 5104 Damascum
532 5050 793 5104 civitatem
835 5057 889 5100 et
916 5044 1180 5099 conditam
1209 5045 1354 5100 aiunt
1378 5056 1430 5099 et
1460 5060 1726 5114 nuncupa-

192 5152 317 5197 tam.
349 5140 554 5196 Favens
582 5134 758 5196 autem
794 5138 1067 5193 desideriis
1115 5136 1339 5189 Abrahae
1370 5137 1645 5204 Dominus,
1674 5145 1728 5191 et

193 5235 328 5286 hanc
359 5214 439 5284 illi
466 5245 618 5297 quam
648 5229 916 5297 quaerebat
959 5226 1251 5280 mercedem
1298 5227 1554 5293 promisit,
1606 5243 1725 5282 cum

194 5322 433 5392 protinus
460 5319 728 5386 subjunxit
755 5337 764 5370 :

261 5413 385 5468 Non
421 5411 512 5466 erit
559 5409 639 5460 hic
681 5409 838 5460 heres
885 5417 1019 5473 tuus,
1074 5404 1159 5461 sed
1209 5403 1295 5472 qni
1346 5407 1620 5473 egrediemr
1668 5408 1728 5460 de

262 5535 285 5560 ο
331 5525 441 5586 ΑΙ..
471 5523 651 5575 Abram
680 5514 786 5570 Deo
813 5523 1027 5572 excelso.

260 5593 288 5633 δ
329 5596 436 5650 ΑΙ..
459 5587 729 5652 iterationis
752 5589 869 5653 quia
896 5588 1021 5654 ipse.

266 5673 286 5699 ε
331 5661 408 5715 ΑΙΔ
420 5701 436 5727 ,
456 5678 585 5722 unus
604 5658 915 5716 vernaculus.

1821 4252 2034 4321 mundo,
2066 4253 2278 4304 verbum
2302 4253 2420 4304 vita:
2455 4255 2803 4307 continentes.
2839 4253 2910 4307 De
2935 4254 3183 4322 qualibus
3208 4264 3261 4307 et
3298 4256 3348 4310 in

1821 4341 1922 4394 line
1950 4351 2089 4394 recte
2112 4332 2214 4394 dici
2248 4350 2271 4378 ⁸
2306 4341 2510 4408 possit:
2551 4342 2712 4398 Stella
2739 4353 2906 4396 autem
2944 4361 2976 4396 ι
3004 4343 3146 4396 stella
3185 4343 3356 4407 dilui

1820 4431 1872 4483 in
1900 4429 2141 4494 claritate,
2172 4429 2244 4483 iis
2271 4441 2318 4482 et
2345 4432 2638 4484 resurrectio
2675 4423 2989 4485 mortuorum
3031 4429 3084 4500 (ι
3114 4430 3230 4485 Cor.
3261 4446 3351 4498 xv,

1820 4521 1933 4589 41).
1963 4520 2112 4585 Quod
2149 4534 2322 4575 autem
2364 4523 2470 4575 ait:
2500 4523 2589 4577 Sic
2611 4523 2712 4577 erit
2747 4539 2912 4578 umeri
2960 4533 3121 4585 tum,
3155 4538 3256 4576 non
3281 4522 3353 4578 de

1823 4609 1924 4663 illis
1962 4611 2131 4661 solum
2159 4611 2288 4662 dicit
2315 4609 2497 4662 electis
2521 4610 2609 4677 qui
2639 4611 2706 4664 de
2730 4609 2843 4677 ejus
2871 4611 3034 4679 stirpe
3060 4612 3368 4678 corporali-7

1824 4707 1902 4752 ter
1923 4707 2072 4752 erant
2100 4697 2366 4760 nascituri,
2395 4698 2490 4751 sed
2530 4699 2688 4751 etiam
2727 4700 2793 4752 de
2839 4688 3012 4765 nobis,
3061 4700 3252 4768 quibus
3278 4701 3345 4753 ab

1825 4785 2069 4854 Apostolo
2095 4786 2284 4841 dicitur
2307 4804 2320 4839 :
2352 4786 2413 4842 Si
2439 4799 2608 4842 autem
2633 4805 2718 4842 vos
2758 4788 2968 4854 Christi,
2996 4806 3114 4860 ergo
3141 4790 3358 4845 Abraho

1823 4893 1986 4930 semen
2010 4877 2127 4928 estis
2153 4873 2293 4940 (Gal.
2326 4889 2406 4939 tu,
2452 4875 2566 4946 29).
2605 4876 2753 4931 Unde
2782 4880 2914 4932 bene
2949 4879 3174 4948 primum
3218 4879 3356 4948 intro

1825 4968 2022 5035 positus
2048 4966 2280 5017 audivit:
2330 4965 2432 5019 Sed
2459 4969 2545 5035 qui
2593 4968 2870 5037 egredietur
2897 4946 2964 5020 de
2985 4977 3123 5020 utero
3164 4976 3251 5040 tuo
3275 4946 3356 5034 ip-

1824 5072 1937 5108 sitm
1966 5053 2167 5107 habebis
2206 5054 2471 5108 heredem.
2503 5055 2725 5124 Propter
2759 5071 2851 5110 eos
2877 5053 3115 5112 videlicet
3157 5057 3246 5125 qui
3289 5072 3352 5110 ex

1826 5145 1940 5212 ejus
1992 5144 2190 5197 semine
2237 5143 2577 5208 prodeuntes,
2613 5145 2770 5198 etiam
2820 5147 3089 5212 promissa
3141 5144 3356 5198 benedi-

1827 5231 2014 5286 ctionis
2046 5244 2106 5282 ac
2136 5228 2452 5284 ltml’editatis
2483 5223 2632 5285 erani
2651 5230 2953 5285 cohteredes
2980 5229 3162 5284 futuri.
3205 5231 3354 5285 Posu

1829 5322 2038 5374 modum
2070 5332 2192 5370 vero
2232 5319 2460 5376 edocens
2488 5321 2629 5375 [oras
2661 5337 2802 5385 eum,
2834 5335 3108 5375 numerare
3149 5321 3350 5382 stellas,

1830 5408 1872 5462 si
1917 5407 2100 5474 possit,
2133 5403 2392 5474 imperat;
2425 5409 2525 5477 Sic,
2545 5410 2659 5476 erit,
2687 5407 2947 5479 inquiens,
2981 5423 3145 5464 semen
3171 5419 3286 5461 num
3315 5443 3334 5473 ,

1899 5518 1924 5556 δ
1961 5517 2062 5579 ΑΙ..
2094 5526 2138 5572 et
2166 5491 2486 5574 hereditatis.

1899 5587 1923 5618 ⁸
1961 5588 2066 5655 AL,
2108 5597 2284 5656 potest.
2387 5605 2389 5607 ί
