3866 6248
493 431 592 488 135
836 422 843 430 ’
978 432 1178 490 RBDA!
1219 430 1659 488 VENEltABlldS
1695 411 1968 484 ορεῑιυδι
2011 415 2183 490 PARS
2219 424 2285 481 ΙΙ.
2326 455 2392 468 -
2432 426 2816 483 EXEGI'ZTICA
2855 427 3180 485 CENUINA.
3463 418 3466 421 I
3573 433 3672 491 τες

486 552 702 611 propter
730 555 822 596 eos
867 540 1111 595 nimirum
1160 542 1249 608 qui
1296 555 1398 594 non
1429 556 1492 594 es
1539 539 1656 606 ejus
1705 546 1854 590 utero
1898 545 2024 600 pro-
2127 531 2216 584 dat
2244 533 2476 601 inquirit,
2531 535 2623 588 sed
2649 535 2889 589 obsecrat
2927 544 2984 590 ut
3009 539 3056 590 ei
3087 536 3161 590 rei
3185 552 3346 606 quam
3368 540 3670 593 crediderat

490 630 725 693 creandi,
772 629 861 683 sed
905 630 968 682 ad
1013 629 1128 697 ejus
1161 639 1334 681 tamen
1365 637 1513 682 erant
1563 641 1765 680 semen-
1795 639 1858 678 ex
1914 631 2025 676 toto
2123 619 2292 688 aliqua
2315 622 2596 679 similitudo
2623 624 2978 689 adhiberetur,
3006 639 3107 693 qua
3137 627 3253 692 ejus
3290 628 3478 680 modus
3498 644 3670 696 agno-

487 721 615 773 orbe
652 718 956 787 colligendi;
986 718 1134 787 juxta
1165 718 1301 784 quod
1350 718 1402 770 in
1456 714 1740 783 Evangelio
1788 711 2022 766 credenti
2124 719 2393 775 sceretnr;
2426 713 2562 765 unde
2587 713 2965 782 significantius
2993 724 3142 768 vetus
3166 714 3321 767 habet
3346 717 3667 769 translatio:

485 808 794 869 centurioni,
824 808 910 874 qui
963 822 1065 859 non
1117 805 1419 862 carnaliter.
1466 803 1559 856 sed
1610 799 1920 870 spiritaliter
1958 799 2021 851 ad
2125 795 2419 864 Dominotor
2451 798 2678 865 Domine,
2707 801 2980 854 secundum
3004 803 3126 870 quid
3161 810 3182 838 ε
3210 805 3365 855 sciam
3405 805 3523 867 quia
3567 805 3669 855 ha:-

485 913 661 951 semen
693 899 916 950 Abraha:
948 896 1264 961 pertinebat,
1302 893 1376 946 ait
1417 894 1529 960 ipse
1559 893 1807 945 Dominus
1835 907 1849 943 :
1897 889 2024 950 Dico
2121 903 2201 940 res
2229 890 2340 958 ejus
2365 903 2451 941 ero
2473 905 2492 941 :
2520 891 2656 941 sicut
2681 892 2896 942 uon'est
2919 889 3142 959 Virginis
3173 888 3348 942 “aria:
3375 889 3670 943 difﬁdentia

482 999 650 1040 autem
697 986 830 1039 uobis
871 989 1008 1055 quod
1053 984 1198 1036 multi
1241 985 1301 1036 ab
1349 984 1547 1036 Oriente
1573 992 1619 1035 et
1652 980 1918 1033 Occidente
1945 992 2050 1031 νου
2122 990 2240 1030 cum
2286 979 2398 1031 ait:
2449 978 2711 1044 Quomodo
2754 979 2840 1047 ﬁet
2887 980 3038 1040 istud,
3080 979 3314 1045 quoniam
3361 979 3528 1030 virum
3569 995 3670 1030 aea

484 1077 641 1136 nient,
667 1084 711 1126 et
737 1075 1017 1126 recumbent
1045 1089 1158 1125 cum
1183 1073 1459 1132 Abraham,
1488 1081 1532 1123 et
1564 1068 1733 1132 Isaac,
1762 1077 1806 1120 et
1837 1064 2016 1127 Iacob,

481 1166 533 1216 in
562 1179 713 1232 regno
741 1163 974 1216 caelorum
1002 1162 1209 1233 (Matth.
1240 1176 1349 1226 νιιι,
1382 1161 1490 1230 ll).
1517 1160 1704 1212 Eduxit
1732 1158 1872 1212 enim
1901 1170 2021 1208 eum

481 1254 624 1307 feras
648 1261 704 1306 ut
727 1253 776 1304 iu
804 1252 1075 1305 latitudine
1113 1253 1273 1304 totius
1298 1249 1473 1314 orbis,
1487 1262 1669 1302 semen
1715 1261 1774 1299 se
1803 1242 2018 1297 benedi-

482 1342 670 1394 ctionis
708 1350 1040 1405 accepturum
1070 1353 1187 1392 esse
1207 1337 1455 1390 disceret.
1506 1333 1788 1400 Suspicere
1823 1331 2014 1383 malum

477 1430 645 1500 jubet,
673 1437 728 1482 et
755 1441 1029 1482 numerare
1068 1427 1268 1489 stellas,
1295 1433 1348 1478 ut
1397 1425 1449 1478 in
1495 1423 1695 1477 cmlesti
1746 1421 1909 1489 patria
1962 1432 2020 1474 se

483 1517 582 1570 hae
613 1516 913 1570 haereditate
947 1513 1373 1583 locupletandum
1400 1526 1519 1567 esse
1547 1517 1912 1579 cognosceret.

549 1607 770 1662 Credidit
814 1607 939 1671 Deo,
969 1615 1015 1659 et
1067 1614 1346 1673 reputatur»
1392 1611 1464 1657 est
1512 1601 1588 1655 illi
1637 1599 1704 1653 ad
1739 1601 2022 1671 justitiam.

483 1697 645 1765 Hujus
684 1696 952 1750 sententiae
998 1695 1238 1749 meminit
1287 1693 1569 1760 Apostolus
1599 1690 1772 1761 (Rom.
1822 1704 1895 1749 tv,
1940 1687 2020 1755 3),

481 1799 689 1858 propter
723 1789 812 1841 Dei
860 1789 1076 1855 gratiam
1107 1787 1131 1813 ⁸
1160 1781 1653 1842 commendandam,
1699 1795 1765 1832 ne
1791 1779 2018 1830 circurn-

481 1880 612 1931 cisio
648 1879 980 1946 gloriaretur,
1021 1881 1304 1940 gentesque
1347 1869 1736 1923 incircumcisas
1764 1865 1827 1918 ad
1858 1865 2010 1918 [idem

479 1965 670 2018 Christi
698 1963 858 2016 nollet
895 1961 1136 2013 admitti:
1168 1963 1265 2013 hoc
1283 1958 1428 2014 enim
1457 1957 1662 2024 quando
1694 1956 1886 2009 factum
1918 1963 2020 2018 est,

2122 1085 2363 1141 cognosco
2411 1071 2560 1141 (Luc.
2611 1087 2647 1136 I,
2698 1074 2830 1141 δην
2877 1075 3013 1141 quod
3070 1074 3210 1126 enim
3267 1071 3495 1125 futurum
3555 1083 3667 1123 erat

2121 1168 2265 1213 certa
2291 1175 2428 1222 esse,
2468 1162 2679 1214 modum
2729 1163 2992 1229 quomodo
3035 1161 3184 1216 lieret
3224 1161 3550 1230 inquirebat.
3603 1158 3670 1212 Et

2125 1248 2224 1301 hoc
2267 1263 2385 1302 cum
2431 1252 2706 1318 quaesisset
2749 1250 2967 1304 audivit.
3001 1251 3238 1320 Denique
3263 1262 3318 1306 et
3349 1253 3434 1304 hie
3480 1250 3672 1304 simili-

2125 1337 2251 1390 tudo
2273 1347 2355 1391 est
2390 1339 2509 1391 data
2539 1339 2605 1392 de
2633 1340 2971 1404 animalibus,
3010 1339 3253 1408 juvenes,
3303 1348 3357 1393 et
3402 1353 3586 1406 capra.
3618 1345 3669 1391 et

2121 1429 2305 1492 ariete,
2336 1439 2390 1484 et
2411 1429 2614 1483 duabus
2643 1431 2960 1494 volucribus,
3001 1440 3202 1484 turture
3228 1440 3281 1484 et
3311 1429 3586 1486 columba,
3614 1438 3667 1478 ut

2121 1521 2407 1574 secundum
2455 1519 2565 1574 haec
2601 1521 2828 1574 futurum
2880 1525 3042 1575 sciret
3087 1521 3228 1590 quod
3278 1523 3506 1573 futurum
3542 1534 3672 1572 esse

2121 1626 2225 1664 non
2254 1599 2572 1681 ambigebat.
2602 1613 2850 1678 Sequitur
2890 1614 3029 1666 enim
3055 1631 3068 1665 :

2193 1701 2512 1766 Respondeas
2552 1701 2792 1754 Dominus
2819 1717 2839 1756 :
2869 1702 3046 1766 Sume,
3097 1702 3278 1769 inquit,
3315 1699 3334 1739 ι
3384 1701 3508 1753 mihi
3553 1715 3669 1752 sac-

2121 1805 2227 1840 cam
2257 1791 2514 1850 triennem,
2544 1797 2589 1840 et
2613 1805 2814 1854 capram
2844 1791 3047 1847 trinam.
3095 1799 3142 1843 et
3179 1790 3388 1843 arietem
3417 1805 3668 1841 annorum

2123 1876 2306 1934 trium.
2363 1885 2604 1928 turturem
2652 1891 2846 1944 quoque
2891 1887 2936 1928 et
2984 1877 3286 1930 columbam.
3343 1877 3440 1940 Qui
3481 1878 3665 1929 tollens

2119 1964 2347 2015 universa
2387 1963 2493 2016 lucc
2518 1964 2681 2017 divisit
2721 1981 2808 2032 per
2848 1965 3088 2029 medium,
3135 1976 3181 2017 et
3230 1973 3465 2030 utrasque
3491 1972 3665 2032 partes

483 2064 538 2106 ut
566 2051 796 2107 credenti
838 2051 1063 2105 Abraha:
1101 2050 1441 2116 deputaretur
1471 2047 1603 2100 lides
1631 2032 1695 2099 ad
1743 2045 2020 2114 justitiam,
2119 2060 2293 2103 contra
2319 2052 2679 2105 “altrinsecus
2723 2053 2909 2118 posuit,
2958 2069 3070 2105 ares
3114 2064 3282 2105 autem
3327 2068 3426 2104 non
3469 2053 3678 2108 divisit.

481 2145 708 2196 nondum
746 2145 913 2197 fuerat
951 2141 1320 2196 circumcisus.
1375 2138 1672 2206 Reptttatur
1717 2152 1842 2205 ergo
1892 2136 2022 2189 lidrs
2119 2139 2242 2194 Sive
2283 2140 2420 2194 enim
2468 2155 2560 2206 per
2581 2141 2857 2210 juveucam
2903 2143 3192 2209 signiﬁcata
3246 2151 3317 2195 sit
3369 2140 3518 2208 plebs
3567 2140 3668 2194 sub

477 2233 542 2285 ad
570 2232 842 2300 justitiam,
874 2247 977 2284 non
1009 2231 1180 2284 otiosa
1231 2239 1284 2283 et
1311 2230 1469 2292 nuda,
1508 2229 1601 2282 sed
1648 2241 1709 2282 ea
1758 2241 1876 2294 qua:
1930 2240 2024 2294 per
2115 2233 2242 2300 jugo
2280 2233 2409 2300 legis
2436 2233 2636 2298 posita;
2677 2248 2775 2302 per
2809 2247 3020 2300 capram
3065 2232 3250 2286 eadem
3304 2232 3452 2300 plebs
3481 2246 3667 2298 pecca-

477 2323 810 2376 dilectionem
832 2330 1112 2387 oneratur;
1141 2328 1412 2387 reputatur
1439 2329 1494 2374 et
1543 2335 1602 2373 ea
1629 2334 1746 2387 qu:e
1776 2315 1870 2371 etsi
1897 2330 2020 2369 nec-

477 2412 601 2462 dum
640 2408 886 2475 operandi
920 2419 1125 2476 tempus
1154 2408 1332 2470 habet,
1373 2409 1657 2474 perlectam
1685 2413 1859 2457 tamen
1890 2417 2019 2468 ope-

477 2499 624 2551 randi
659 2499 975 2551 voluntatem
1006 2497 1182 2550 habet.
1215 2496 1470 2563 lieptttala
1497 2504 1593 2566 est
1621 2509 1848 2560 namque
1887 2491 2018 2545 fides

477 2589 696 2643 latronis
722 2589 785 2641 ad
810 2587 1089 2656 justitiam,
1127 2586 1371 2653 quaeetsi
1414 2585 1642 2638 instante
1679 2583 1863 2635 mortis
1890 2581 2022 2634 arti-

477 2682 616 2742 culo,
646 2680 844 2731 nullum
888 2677 1139 2746 operandi
1171 2686 1376 2743 tempus
1419 2675 1613 2730 habere
1657 2675 1843 2743 potuit,
1889 2671 2024 2727 adeo

478 2769 703 2835 perlecta
733 2777 902 2822 tamen
953 2766 1020 2820 ab
1049 2766 1345 2833 inspectore
1369 2765 1544 2818 cordis
1583 2765 1810 2833 judicata
1839 2770 1942 2828 est,
1965 2771 2021 2814 ut

2119 2324 2220 2375 trix
2264 2320 2459 2381 futura,
2491 2337 2585 2388 per
2619 2323 2836 2375 arietem
2879 2321 3066 2376 eadem
3099 2321 3258 2388 ‘plcbs
3283 2321 3442 2375 etiam
3465 2335 3669 2389 ngas-

2120 2422 2255 2467 tura.
2302 2410 2586 2480 Propterea
2624 2414 2757 2464 trina
2787 2410 3028 2464 dicuntur
3075 2412 3192 2464 lure
3233 2411 3502 2473 animalia,
3542 2412 3662 2477 quia

2138 2502 2286 2556 tertia
2320 2510 2469 2553 :vlate
2494 2501 2669 2554 surculi
2715 2501 2931 2568 populus
2961 2501 3048 2554 ille
3086 2501 3335 2561 adolevit,
3365 2515 3428 2553 ac
3458 2509 3662 2552 terram

2119 2589 2539 2658 repromissionis
2593 2597 2618 2636 ε
2677 2588 2908 2642 intravit.
2963 2587 3133 2642 Prima
3185 2589 3376 2655 quippe
3421 2596 3553 2641 atas
3599 2589 3665 2640 ab

2120 2678 2284 2731 Adam
2323 2690 2487 2743 usque
2509 2676 2572 2728 ad
2603 2675 2730 2738 Noe,
2761 2675 2988 2729 secunda
3017 2691 3045 2727 a
3069 2675 3177 2728 Noe
3203 2691 3369 2741 usque
3396 2676 3458 2727 ad
3483 2675 3658 2740 ipsum

2119 2765 2406 2824 Abraham,
2455 2763 2604 2817 tertia
2652 2764 2718 2815 ab
2762 2764 3024 2817 Abraham
3076 2779 3240 2831 usque
3267 2763 3332 2816 ad
3385 2764 3579 2826 David;
3610 2764 3658 2814 in

376 2865 386 2873 ·
477 2859 590 2924 ipso
614 2857 698 2911 die
736 2857 786 2909 in
828 2855 1152 2910 habitatione
1189 2855 1414 2922 paradisi
1448 2870 1566 2908 cum
1614 2853 1727 2922 ipso
1773 2867 2018 2908 remune-

2118 2869 2217 2922 qua
2241 2853 2306 2906 de
2331 2851 2574 2921 Egyptia
2609 2854 2853 2906 servitute
2883 2851 2907 2889 δ
2946 2853 3196 2916 salvatus,
3227 2867 3384 2921 atque
3423 2853 3474 2906 in
3518 2862 3658 2906 terra

475 2957 588 2998 rata
637 2946 725 3000 sit.
777 2945 1034 3012 Reputata
1104 2953 1186 2999 est
1266 2945 1394 2998 lidcs
1448 2943 1680 2998 Cornelii
1720 2959 1782 3000 ac
1832 2943 2020 2998 domus
2121 2941 2490 3010 promissionis
2537 2942 2760 3009 populus
2809 2940 2897 2994 ille
2957 2937 2975 2977 ί
3027 2942 3308 2994 translatus
3369 2953 3468 2995 est.
3532 2942 3660 2995 Sive

473 3035 587 3102 ejus
632 3037 696 3087 ad
741 3035 1018 3103 justitiam,
1071 3036 1202 3088 adeo
1243 3045 1300 3088 ut
1362 3037 1518 3087 etiam
1572 3043 1696 3087 ante
1750 3034 2016 3086 lavacrum
2117 3032 2262 3086 aliud
2311 3032 2508 3101 aliquid
2557 3030 2962 3085 conveniendus
3006 3031 3104 3084 i~ta
3149 3032 3464 3099 significent.
3515 3034 3660 3084 uultu

474 3127 878 3189 regenerationis
938 3124 1132 3189 donum
1195 3124 1361 3178 sancti
1420 3123 1648 3192 Spiritus
1705 3123 1966 3189 acciperet
1996 3136 2014 3183 ;
2040 3164 2092 3228 ϐ
2121 3123 2276 3176 modo
2306 3131 2477 3175 tamen
2506 3121 2846 3174 dubitaverim
2877 3120 3140 3188 spiritales
3165 3121 3217 3173 in
3251 3136 3317 3174 eo
3359 3121 3662 3188 pra-[igura-

473 3215 592 3279 quia
665 3214 905 3266 nimirum
979 3229 1098 3268 mox
1164 3224 1413 3279 concepta
1474 3213 1528 3267 in
1579 3212 1737 3273 corde
1765 3251 1780 3275 ,
1835 3220 2014 3278 parata
2041 3208 2092 3228 “
2118 3219 2200 3263 tos
2234 3209 2589 3264 additamento
2637 3209 2850 3261 turturis
2891 3218 2944 3261 et
2989 3208 3388 3274 coluinbm;‘et
3433 3209 3552 3262 ideo
3580 3209 3662 3262 di-

478 3301 544 3353 ad
609 3302 930 3367 operandum
972 3315 1065 3368 per
1109 3300 1439 3355 dilectionem
1487 3312 1620 3354 erat.
1661 3301 1746 3356 Sic
1787 3309 1840 3355 et
1887 3301 2043 3376 lides‘
2115 3307 2257 3351 ctum
2283 3306 2399 3350 est:
2431 3313 2546 3349 ares
2571 3309 2863 3350 autemnon
2907 3299 3068 3351 divisit
3100 3313 3120 3351 :
3146 3299 3394 3365 quoniam
3421 3300 3659 3353 carnales

475 3390 699 3443 Abrahae
761 3397 1012 3454 quantum
1087 3388 1352 3443 sulticeret
1393 3387 1419 3425 δ
1512 3389 1742 3458 reputari
1799 3387 1861 3441 ad
1933 3387 2018 3456 ju-
2116 3388 2255 3470 inter
2292 3402 2351 3441 se
2381 3388 2704 3450 dividuntur,
2751 3386 3014 3453 spiritales
3061 3401 3235 3442 autem
3285 3388 3433 3441 nullo
3477 3389 3656 3454 modo,

471 3477 669 3529 stitiam
723 3477 987 3544 probavit,
1025 3490 1142 3531 cum
1191 3487 1366 3544 parata
1396 3487 1503 3530 erat
1535 3478 1689 3529 etiam
1720 3478 1926 3529 nnicnm
1955 3476 2017 3529 [ἰ-
2114 3480 2224 3532 sive
2251 3493 2278 3530 a
2311 3478 2592 3546 negotiosis
2638 3477 3122 3532 conversationibus
3163 3479 3432 3530 hominum
3476 3492 3535 3530 se
3578 3494 3660 3532 re.

473 3565 597 3616 liuius
618 3564 682 3618 ad
711 3576 1027 3631 preceptum
1061 3565 1290 3629 Domini,
1321 3567 1370 3618 in
1401 3566 1762 3618 holocaustum
1792 3563 2008 3620 olTerre.
2115 3577 2355 3622 moveant
2398 3568 2532 3618 sicut
2575 3574 2766 3629 turtur,
2820 3567 2930 3620 sive
2966 3567 3102 3620 inter
3143 3565 3260 3619 illas
3307 3565 3496 3635 degant
3522 3565 3661 3620 sicut

471 3648 649 3704 Justus
674 3665 789 3720 ergo
818 3665 880 3703 ea:
919 3650 1019 3718 ﬁde
1044 3653 1157 3702 sivit
1206 3652 1382 3717 (Rom.
1413 3666 1460 3716 t,
1502 3654 1610 3716 li).
1645 3653 1730 3705 illa
1770 3652 2011 3706 nimirum
2111 3655 2381 3719 columba;
2437 3666 2653 3724 utraque
2683 3664 2854 3708 tamen
2899 3657 3012 3709 avis
3057 3665 3139 3711 est
3183 3656 3406 3724 simplex
3459 3666 3510 3710 et
3565 3656 3653 3711 in-

471 3739 577 3792 tide
604 3754 718 3803 qua:
747 3749 923 3805 panta
967 3748 1050 3792 est
1099 3753 1194 3803 per
1238 3739 1572 3792 dilectionem
1611 3743 1840 3806 operari,
1871 3751 1924 3796 et
1965 3739 2012 3794 si
2112 3746 2292 3812 noxia,
2319 3745 2623 3816 signiﬁcans
2658 3756 2712 3800 et
2741 3747 2793 3800 iu
2837 3746 2952 3812 ipso
2991 3746 3281 3801 Israelitico
3327 3747 3542 3817 populo.
3571 3747 3662 3801 cui

479 3829 636 3883 habet
660 3835 888 3896 tempus,
915 3835 1182 3894 operatur.

543 3917 776 3993 Dixitque
800 3916 868 3969 ad
890 3933 1004 3972 cum
1031 3932 1052 3972 .'
1081 3913 1191 3985 Ego
1242 3915 1512 3981 Dominus,
1556 3919 1642 3986 qui
1689 3918 1843 3972 eduxi
1877 3927 1924 3971 te
1949 3919 2014 3973 tle

471 4005 545 4060 Ur
574 4005 948 4069 Chaldaicum,
975 4014 1028 4057 ut
1058 4006 1231 4058 darent
1277 4006 1364 4056 tibi
1395 4008 1580 4057 terram
1607 4007 1773 4072 istam,
1804 4017 1851 4079 et
1893 4024 2010 4077 pos-

467 4095 656 4148 sideres
684 4111 814 4148 eam.
843 4095 1067 4160 Quidam
1097 4092 1173 4148 Ur
1197 4108 1386 4146 nomen
1431 4094 1527 4147 loci
1566 4107 1685 4148 esse
1719 4105 2009 4164 autumant,

466 4185 558 4235 sed
598 4183 718 4247 quia
749 4182 822 4237 Ur
868 4184 1238 4251 interpretatur
1290 4181 1447 4250 Ignis,
1497 4183 1664 4250 magis
1709 4183 2009 4252 intelligen-

467 4273 590 4320 itunt
628 4279 708 4320 est
731 4272 875 4336 juxta
904 4271 1238 4325 traditionem
1282 4270 1646 4335 Hebraeorum,
1687 4282 1744 4324 ut
1771 4281 1825 4327 et
1850 4288 2005 4340 supra

469 4357 718 4418 diximus,
757 4357 824 4408 de
849 4355 970 4418 igne
997 4357 1362 4410 Chaldaeorum
1391 4367 1604 4424 ereptus
1638 4360 1726 4424 sit,
1749 4363 1836 4423 qui
1860 4375 2003 4427 eum,

2114 3843 2250 3888 terra
2310 3836 2393 3887 illa
2423 3836 2593 3888 danda
2652 3843 2787 3902 erat,
2832 3835 3031 3889 futuros
3085 3834 3382 3891 individuus
3436 3835 3660 3905 populos

2112 3920 2494 3991 promissionis,
2527 3933 2579 3977 ιιι
2607 3923 2848 3978 haredes
2873 3926 3020 3993 regni
3071 3925 3123 3977 in
3162 3934 3361 3979 aeterna
3406 3925 3660 3980 felicitate

2111 4016 2367 4070 mansuri.
3427 4075 3430 4082 λ

2184 4104 2643 4173 Descenderuntque
2671 4105 2889 4158 volucres
2911 4121 3060 4171 super
3097 4105 3365 4173 cadavera,
3388 4117 3456 4161 et
3481 4109 3655 4179 abige-

2109 4191 2189 4245 bat
2216 4208 2300 4244 eas
2345 4191 2550 4245 Abram.
2600 4192 2787 4246 Divisa:
2829 4193 3069 4248 volucres
3096 4196 3200 4260 b2,
3229 4210 3347 4264 qua
3388 4211 3552 4264 super
3595 4211 3656 4252 ea

2106 4295 2223 4347 quae
2252 4289 2404 4334 erant
2425 4280 2681 4335 cadavera
2705 4275 3110 4348 descenderunt,
3140 4300 3244 4339 non
3273 4286 3394 4340 boui
3427 4286 3654 4356 aliquid,

2105 4369 2200 4423 sed
2231 4370 2448 4439 spiritus
2477 4370 2710 4426 indicant
2751 4373 2888 4426 aeris
2919 4372 3075 4442 hujus
3118 4383 3324 4443 pastum
3365 4376 3652 4445 quemdam

465 4443 590 4495 dum
621 4443 811 4510 ignem,
838 4457 992 4510 quem
1021 4443 1118 4506 ipsi
1164 4458 1259 4511 pro
1294 4444 1398 4497 Deo
1426 4441 1897 4508 colebant,'culere
1923 4460 2004 4498 at-

2124 4472 2256 4511 suum
2287 4461 2354 4513 de
2380 4461 2667 4514 carnalium
2713 4462 2968 4516 divisione
2990 4441 3349 4532 iqurereutes;
3381 4441 3468 4520 vel
3508 4473 3656 4519 certe

465 4547 571 4597 que.
598 4533 818 4584 adorare
857 4531 1163 4599 respuissct,
1192 4532 1397 4598 ignibus
1425 4546 1740 4587 consumere
1781 4543 1805 4572 ο
1827 4537 2006 4590 volue-

2124 4547 2342 4600 :arnales
2370 4548 2604 4615 ejusdem
2636 4550 2808 4618 populi
2851 4531 3202 4616 adversarius,
3229 4554 3318 4620 qui
3339 4551 3492 4623 juxta
3519 4565 3655 4605 eoa-

457 4624 593 4684 riut,
625 4622 720 4676 sed
753 4622 860 4676 Deo
887 4621 1031 4690 illum
1076 4629 1381 4691 protegente
1412 4623 1511 4677 hoc
1542 4624 1800 4692 perlicere
1838 4622 1864 4661 ἀ
1909 4641 2005 4679 ne-

455 4721 758 4776 quiverant.
1048 4769 1056 4777 η

537 4798 730 4870 Atille
777 4800 895 4853 ait:
931 4799 1154 4854 \Doatine
1211 4801 1365 4865 Deus,
1422 4804 1556 4856 unde
1607 4803 1735 4857 seire
1780 4819 2002 4873 possunt,

464 4885 601 4954 quod
641 4900 954 4953 possessurus
995 4888 1087 4939 sim
1113 4890 1267 4941 eam?
1296 4889 1406 4941 Non
1432 4899 1513 4958 est
1540 4890 1804 4958 putandus
1842 4891 2007 4943 Abra-

466 4977 584 5027 h'am
624 4982 894 5041 postquam
940 4976 1165 5028 credidit
1209 4977 1337 5040 Deo,
1383 4987 1438 5031 et
1472 4987 1764 5047 reputatum
1811 4989 1892 5032 est
1932 4979 2003 5031 illi

465 5067 528 5118 ad
555 5064 831 5134 justitiam,
864 5063 914 5115 in
961 5063 1062 5116 lide
1088 5066 1364 5128 defecisse,
1395 5077 1453 5120 ttt
1500 5068 1739 5122 diceret:
1792 5066 2006 5119 Domine

465 5151 625 5222 Deus,
669 5153 803 5206 unde
830 5153 956 5204 scire
984 5168 1185 5221 possum
1213 5156 1343 5218 quod
1388 5173 1704 5225 possessurus
1730 5157 1822 5210 sint
1852 5172 1960 5209 eam
1979 5158 2007 5210 2

463 5241 575 5298 Non
605 5243 745 5296 enim
773 5241 925 5309 quasi
963 5241 1134 5293 adhuc
1179 5241 1499 5308 incredulus,
1527 5247 1734 5314 signum
1766 5245 1850 5300 cui
1889 5261 2005 5298 cre-

528 5426 554 5455 ·
595 5419 650 5470 ΑΙ
662 5453 702 5481 .,
740 5416 1164 5469 committendam.

528 5482 554 5518 δ
596 5488 678 5538 A‘l.
701 5486 849 5538 deest
873 5489 1092 5553 reputari

473 5547 482 5563 ⁴
534 5561 554 5586 ε
598 5557 700 5610 AL,
742 5547 1018 5603 coluerunt.

527 5617 553 5652 ἀ
598 5621 700 5677 .-\l.,
729 5624 1066 5683 nequiverunt.

532 5691 556 5718 ⁸
591 5688 700 5751 ΛΙ.,
730 5688 934 5752 factum.

2101 4639 2273 4692 silium
2303 4639 2488 4693 Palaan
2518 4640 2773 4703 arioli,de
2795 4641 3080 4695 sceleribus
3104 4658 3287 4698 eorum
3317 4643 3654 4699 occasionem

2102 4725 2201 4778 sibi
2251 4727 2484 4781 victoria
2528 4729 2939 4792 aucupabantur,
2979 4729 3047 4785 de
3090 4733 3278 4798 quibus
3331 4730 3464 4786 dicit
3513 4745 3644 4797 pro-

2102 4817 2297 4881 pheta:
2329 4814 2612 4870 Velociores
2643 4817 2841 4884 fuerunt
2871 4829 3211 4888 persecutores
3251 4822 3417 4874 nostri
3469 4818 3656 4886 agnitis

2103 4902 2212 4956 ccli
2244 4902 2454 4970 (Three.
2489 4920 2559 4969 tv,
2599 4906 2708 4975 19).
3395 4895 3423 4946 Ἀ

2173 4992 2408 5060 Abigebat
2429 5005 2595 5046 autem
2615 5011 2700 5050 eas
2729 4998 2934 5063 Abram,
2959 4999 3082 5067 quia
3113 4997 3230 5063 ejus
3255 4995 3462 5050 meritis
3484 5008 3655 5064 sape,

2101 5089 2157 5135 et
2179 5081 2246 5134 de
2285 5084 2520 5149 angustia
2558 5088 2921 5154 temporalium
2950 5088 3242 5152 malorum,
3271 5096 3328 5141 et
3351 5087 3419 5142 de
3446 5087 3658 5146 insidiis

2100 5171 2374 5240 spirituum
2406 5160 2751 5242 malignorum
2783 5159 3032 5228 liberatus
3069 5159 3152 5246 est
3183 5174 3368 5232 Israel.

2167 5262 2315 5328 Quod
2365 5277 2490 5317 vero
2517 5264 2884 5334 subjungitur:
2917 5261 3143 5332 Cumque
3189 5267 3266 5320 sol
3315 5268 3656 5330 occa-ibus,

2178 5433 2196 5470 ί
2231 5433 2315 5486 Al.
2342 5433 2492 5487 deest
2534 5434 2678 5486 mihi.

2170 5512 2192 5569 ε
2232 5504 2337 5561 AL,
2367 5504 2616 5569 ingressus
2635 5514 2732 5556 est.

2146 5571 2152 5577 ’
2175 5568 2195 5605 ιι
2246 5571 2352 5631 AL,
2376 5568 2598 5623 salvatus
2624 5579 2713 5624 est.

2243 5642 2347 5702 AL,
2394 5637 2636 5691 saltatus.
