  <div class='ocr_page' id='page_1' title='image "/cluster/home/n/w/nwhite01/storage/ocr_20150623/90-91/uva.x000827075/716.png"; bbox 0 0 3866 6248; ppageno 0'>
   <div class='ocr_carea' id='block_1_1' title="bbox 222 415 321 469">
    <p class='ocr_par' dir='ltr' id='par_1_1' title="bbox 222 415 321 469">
     <span class='ocr_line' id='line_1_1' title="bbox 222 415 321 469; baseline -0.02 0"><span class='ocrx_word' id='word_1_1' title='bbox 222 415 321 469; x_wconf 70' lang='grc'><strong>157</strong></span> 
     </span>
    </p>
   </div>
   <div class='ocr_carea' id='block_1_2' title="bbox 1429 402 2181 462">
    <p class='ocr_par' dir='ltr' id='par_1_2' title="bbox 1429 402 2181 462">
     <span class='ocr_line' id='line_1_2' title="bbox 1429 402 2181 462; baseline -0.004 0"><span class='ocrx_word' id='word_1_2' title='bbox 1429 402 1891 462; x_wconf 68' lang='grc' dir='ltr'><strong>ΠΕΧΛΕΜΕΒΟΝ</strong></span> <span class='ocrx_word' id='word_1_3' title='bbox 1932 405 2056 460; x_wconf 83' lang='lat' dir='ltr'><strong>LIB.</strong></span> <span class='ocrx_word' id='word_1_4' title='bbox 2099 407 2181 460; x_wconf 73' lang='lat' dir='ltr'><strong>IV.</strong></span> 
     </span>
    </p>
   </div>
   <div class='ocr_carea' id='block_1_3' title="bbox 218 512 3410 596">
    <p class='ocr_par' dir='ltr' id='par_1_3' title="bbox 218 512 3410 596">
     <span class='ocr_line' id='line_1_3' title="bbox 218 512 3410 596; baseline -0.001 -18"><span class='ocrx_word' id='word_1_5' title='bbox 218 539 371 596; x_wconf 82' lang='lat' dir='ltr'><strong>sopor</strong></span> <span class='ocrx_word' id='word_1_6' title='bbox 405 523 552 578; x_wconf 80' lang='lat' dir='ltr'><strong>irruit</strong></span> <span class='ocrx_word' id='word_1_7' title='bbox 597 538 746 592; x_wconf 87' lang='lat' dir='ltr'><strong>super</strong></span> <span class='ocrx_word' id='word_1_8' title='bbox 770 521 977 586; x_wconf 80' lang='lat' dir='ltr'><strong>Abram,</strong></span> <span class='ocrx_word' id='word_1_9' title='bbox 1014 528 1064 573; x_wconf 88' lang='lat' dir='ltr'><strong>et</strong></span> <span class='ocrx_word' id='word_1_10' title='bbox 1088 518 1267 572; x_wconf 85' lang='lat' dir='ltr'><strong>Itorror</strong></span> <span class='ocrx_word' id='word_1_11' title='bbox 1287 532 1499 587; x_wconf 85' lang='lat' dir='ltr'><strong>magnus</strong></span> <span class='ocrx_word' id='word_1_12' title='bbox 1530 525 1576 568; x_wconf 87' lang='lat' dir='ltr'><strong>et</strong></span> <span class='ocrx_word' id='word_1_13' title='bbox 1619 524 1759 568; x_wconf 76' lang='lat' dir='ltr'><strong>tene~</strong></span> <span class='ocrx_word' id='word_1_14' title='bbox 1790 513 1836 568; x_wconf 87' lang='lat' dir='ltr'><strong>A</strong></span> <span class='ocrx_word' id='word_1_15' title='bbox 1866 525 2004 579; x_wconf 87' lang='lat' dir='ltr'><strong>sum,</strong></span> <span class='ocrx_word' id='word_1_16' title='bbox 2055 512 2225 578; x_wconf 86' lang='lat' dir='ltr'><strong>idest,</strong></span> <span class='ocrx_word' id='word_1_17' title='bbox 2269 513 2334 568; x_wconf 85' lang='lat' dir='ltr'><strong>sd</strong></span> <span class='ocrx_word' id='word_1_18' title='bbox 2379 513 2547 582; x_wconf 87' lang='lat' dir='ltr'><strong>ipsum</strong></span> <span class='ocrx_word' id='word_1_19' title='bbox 2572 515 2680 581; x_wconf 86' lang='lat' dir='ltr'><strong>jam</strong></span> <span class='ocrx_word' id='word_1_20' title='bbox 2715 515 2893 582; x_wconf 83' lang='lat' dir='ltr'><strong>linem,</strong></span> <span class='ocrx_word' id='word_1_21' title='bbox 2943 517 3265 589; x_wconf 78' lang='lat' dir='ltr'><strong>signilcatur</strong></span> <span class='ocrx_word' id='word_1_22' title='bbox 3308 523 3410 575; x_wconf 81' lang='lat' dir='ltr'><strong>ista</strong></span> 
     </span>
    </p>
   </div>
   <div class='ocr_carea' id='block_1_4' title="bbox 221 603 1765 682">
    <p class='ocr_par' dir='ltr' id='par_1_4' title="bbox 221 603 1765 682">
     <span class='ocr_line' id='line_1_4' title="bbox 221 603 1765 682; baseline -0.012 -9"><span class='ocrx_word' id='word_1_23' title='bbox 221 620 399 673; x_wconf 79' lang='lat' dir='ltr'><strong>brosus</strong></span> <span class='ocrx_word' id='word_1_24' title='bbox 427 616 608 670; x_wconf 80' lang='lat' dir='ltr'><strong>invasit</strong></span> <span class='ocrx_word' id='word_1_25' title='bbox 657 631 770 670; x_wconf 82' lang='lat' dir='ltr'><strong>cum</strong></span> <span class='ocrx_word' id='word_1_26' title='bbox 791 652 808 678; x_wconf 96' lang='lat'><strong>,</strong></span> <span class='ocrx_word' id='word_1_27' title='bbox 859 612 1119 682; x_wconf 76' lang='lat' dir='ltr'><strong>signiﬁcat</strong></span> <span class='ocrx_word' id='word_1_28' title='bbox 1144 611 1281 664; x_wconf 90' lang='lat' dir='ltr'><strong>circa</strong></span> <span class='ocrx_word' id='word_1_29' title='bbox 1312 607 1488 661; x_wconf 76' lang='lat' dir='ltr'><strong>saeculi</strong></span> <span class='ocrx_word' id='word_1_30' title='bbox 1518 605 1671 674; x_wconf 80' lang='lat' dir='ltr'><strong>hujus</strong></span> <span class='ocrx_word' id='word_1_31' title='bbox 1701 603 1765 656; x_wconf 82' lang='lat' dir='ltr'><strong>li-</strong></span> 
     </span>
    </p>
   </div>
   <div class='ocr_carea' id='block_1_5' title="bbox 219 695 1764 776">
    <p class='ocr_par' dir='ltr' id='par_1_5' title="bbox 219 695 1764 776">
     <span class='ocr_line' id='line_1_5' title="bbox 219 695 1764 776; baseline -0.011 -13"><span class='ocrx_word' id='word_1_32' title='bbox 219 725 341 763; x_wconf 86' lang='lat' dir='ltr'><strong>nem</strong></span> <span class='ocrx_word' id='word_1_33' title='bbox 381 721 623 776; x_wconf 84' lang='lat' dir='ltr'><strong>magnam</strong></span> <span class='ocrx_word' id='word_1_34' title='bbox 676 702 1122 772; x_wconf 84' lang='lat' dir='ltr'><strong>perturbationem</strong></span> <span class='ocrx_word' id='word_1_35' title='bbox 1173 710 1330 764; x_wconf 90' lang='lat' dir='ltr'><strong>atque</strong></span> <span class='ocrx_word' id='word_1_36' title='bbox 1375 695 1764 750; x_wconf 82' lang='lat' dir='ltr'><strong>tribulationem</strong></span> 
     </span>
    </p>
   </div>
   <div class='ocr_carea' id='block_1_6' title="bbox 220 784 1762 859">
    <p class='ocr_par' dir='ltr' id='par_1_6' title="bbox 220 784 1762 859">
     <span class='ocr_line' id='line_1_6' title="bbox 220 784 1762 859; baseline -0.01 -7"><span class='ocrx_word' id='word_1_37' title='bbox 220 802 449 854; x_wconf 77' lang='lat' dir='ltr'><strong>fttturam</strong></span> <span class='ocrx_word' id='word_1_38' title='bbox 479 796 732 850; x_wconf 85' lang='lat' dir='ltr'><strong>lldelium.</strong></span> <span class='ocrx_word' id='word_1_39' title='bbox 781 794 854 847; x_wconf 92' lang='lat' dir='ltr'><strong>De</strong></span> <span class='ocrx_word' id='word_1_40' title='bbox 897 806 997 859; x_wconf 85' lang='lat' dir='ltr'><strong>qua</strong></span> <span class='ocrx_word' id='word_1_41' title='bbox 1047 789 1299 844; x_wconf 77' lang='lat' dir='ltr'><strong>Dominus</strong></span> <span class='ocrx_word' id='word_1_42' title='bbox 1342 786 1394 839; x_wconf 88' lang='lat' dir='ltr'><strong>in</strong></span> <span class='ocrx_word' id='word_1_43' title='bbox 1443 784 1762 851; x_wconf 84' lang='lat' dir='ltr'><strong>Evangelio:</strong></span> 
     </span>
    </p>
   </div>
   <div class='ocr_carea' id='block_1_7' title="bbox 156 874 1761 959">
    <p class='ocr_par' dir='ltr' id='par_1_7' title="bbox 156 874 1761 959">
     <span class='ocr_line' id='line_1_7' title="bbox 156 874 1761 959; baseline -0.011 -16"><span class='ocrx_word' id='word_1_44' title='bbox 156 957 164 959; x_wconf 14' lang='grc' dir='ltr'><strong><em>ἢ</em></strong></span> <span class='ocrx_word' id='word_1_45' title='bbox 225 889 335 942; x_wconf 75' lang='lat' dir='ltr'><strong>Erit</strong></span> <span class='ocrx_word' id='word_1_46' title='bbox 354 889 486 942; x_wconf 86' lang='lat' dir='ltr'><strong>enim</strong></span> <span class='ocrx_word' id='word_1_47' title='bbox 521 897 637 940; x_wconf 76' lang='lat' dir='ltr'><strong>tunc</strong></span> <span class='ocrx_word' id='word_1_48' title='bbox 663 883 914 938; x_wconf 72' lang='lat' dir='ltr'><strong>tribulatio</strong></span> <span class='ocrx_word' id='word_1_49' title='bbox 941 897 1123 951; x_wconf 80' lang='lat' dir='ltr'><strong>magna</strong></span> <span class='ocrx_word' id='word_1_50' title='bbox 1145 879 1308 949; x_wconf 81' lang='lat' dir='ltr'><strong>qualis</strong></span> <span class='ocrx_word' id='word_1_51' title='bbox 1353 893 1452 930; x_wconf 87' lang='lat' dir='ltr'><strong>non</strong></span> <span class='ocrx_word' id='word_1_52' title='bbox 1475 877 1572 946; x_wconf 74' lang='lat' dir='ltr'><strong>fuit</strong></span> <span class='ocrx_word' id='word_1_53' title='bbox 1597 874 1659 927; x_wconf 73' lang='lat' dir='ltr'><strong>ab</strong></span> <span class='ocrx_word' id='word_1_54' title='bbox 1687 874 1761 926; x_wconf 83' lang='lat' dir='ltr'><strong>in-</strong></span> 
     </span>
    </p>
   </div>
   <div class='ocr_carea' id='block_1_8' title="bbox 213 973 861 1045">
    <p class='ocr_par' dir='ltr' id='par_1_8' title="bbox 213 973 861 1045">
     <span class='ocr_line' id='line_1_8' title="bbox 213 973 861 1045; baseline -0.012 -13"><span class='ocrx_word' id='word_1_55' title='bbox 213 978 310 1033; x_wconf 83' lang='lat' dir='ltr'><strong>itio</strong></span> <span class='ocrx_word' id='word_1_56' title='bbox 339 975 547 1045; x_wconf 65' lang='lat' dir='ltr'><strong>(Matth.</strong></span> <span class='ocrx_word' id='word_1_57' title='bbox 582 973 861 1043; x_wconf 57' lang='lat' dir='ltr'><strong>xstvﬂl).</strong></span> 
     </span>
    </p>
   </div>
   <div class='ocr_carea' id='block_1_9' title="bbox 296 1053 1765 1136">
    <p class='ocr_par' dir='ltr' id='par_1_9' title="bbox 296 1053 1765 1136">
     <span class='ocr_line' id='line_1_9' title="bbox 296 1053 1765 1136; baseline -0.014 -12"><span class='ocrx_word' id='word_1_58' title='bbox 296 1071 591 1136; x_wconf 86' lang='lat' dir='ltr'><strong>Dictumque</strong></span> <span class='ocrx_word' id='word_1_59' title='bbox 616 1075 687 1120; x_wconf 87' lang='lat' dir='ltr'><strong>est</strong></span> <span class='ocrx_word' id='word_1_60' title='bbox 738 1064 805 1118; x_wconf 83' lang='lat' dir='ltr'><strong>ad</strong></span> <span class='ocrx_word' id='word_1_61' title='bbox 860 1079 972 1117; x_wconf 86' lang='lat' dir='ltr'><strong>eum</strong></span> <span class='ocrx_word' id='word_1_62' title='bbox 1002 1078 1021 1117; x_wconf 91' lang='lat'><strong><em>:</em></strong></span> <span class='ocrx_word' id='word_1_63' title='bbox 1075 1061 1216 1116; x_wconf 88' lang='lat' dir='ltr'><strong>Scito</strong></span> <span class='ocrx_word' id='word_1_64' title='bbox 1266 1071 1601 1126; x_wconf 78' lang='lat' dir='ltr'><strong>pratnoscens,</strong></span> <span class='ocrx_word' id='word_1_65' title='bbox 1649 1053 1765 1123; x_wconf 81' lang='lat' dir='ltr'><strong>quia</strong></span> 
     </span>
    </p>
   </div>
   <div class='ocr_carea' id='block_1_10' title="bbox 217 1149 1762 1233">
    <p class='ocr_par' dir='ltr' id='par_1_10' title="bbox 217 1149 1762 1233">
     <span class='ocr_line' id='line_1_10' title="bbox 217 1149 1762 1233; baseline -0.013 -18"><span class='ocrx_word' id='word_1_66' title='bbox 217 1163 533 1233; x_wconf 75' lang='lat' dir='ltr'><strong>peregrinum</strong></span> <span class='ocrx_word' id='word_1_67' title='bbox 557 1159 786 1227; x_wconf 71' lang='lat' dir='ltr'><strong>futurum</strong></span> <span class='ocrx_word' id='word_1_68' title='bbox 830 1155 892 1206; x_wconf 87' lang='lat' dir='ltr'><strong>sit</strong></span> <span class='ocrx_word' id='word_1_69' title='bbox 919 1167 1084 1208; x_wconf 89' lang='lat' dir='ltr'><strong>semen</strong></span> <span class='ocrx_word' id='word_1_70' title='bbox 1109 1161 1247 1204; x_wconf 85' lang='lat' dir='ltr'><strong>tuum</strong></span> <span class='ocrx_word' id='word_1_71' title='bbox 1275 1149 1326 1202; x_wconf 88' lang='lat' dir='ltr'><strong>in</strong></span> <span class='ocrx_word' id='word_1_72' title='bbox 1355 1158 1487 1201; x_wconf 83' lang='lat' dir='ltr'><strong>terra</strong></span> <span class='ocrx_word' id='word_1_73' title='bbox 1512 1162 1610 1198; x_wconf 89' lang='lat' dir='ltr'><strong>non</strong></span> <span class='ocrx_word' id='word_1_74' title='bbox 1647 1161 1762 1207; x_wconf 87' lang='lat' dir='ltr'><strong>sua,</strong></span> 
     </span>
    </p>
   </div>
   <div class='ocr_carea' id='block_1_11' title="bbox 215 1236 1765 1318">
    <p class='ocr_par' dir='ltr' id='par_1_11' title="bbox 215 1236 1765 1318">
     <span class='ocr_line' id='line_1_11' title="bbox 215 1236 1765 1318; baseline -0.012 -12"><span class='ocrx_word' id='word_1_75' title='bbox 215 1260 268 1306; x_wconf 81' lang='lat' dir='ltr'><strong>et</strong></span> <span class='ocrx_word' id='word_1_76' title='bbox 295 1250 554 1318; x_wconf 75' lang='lat' dir='ltr'><strong>subiicient</strong></span> <span class='ocrx_word' id='word_1_77' title='bbox 598 1263 678 1299; x_wconf 82' lang='lat' dir='ltr'><strong>eos</strong></span> <span class='ocrx_word' id='word_1_78' title='bbox 723 1243 967 1305; x_wconf 75' lang='lat' dir='ltr'><strong>servituti,</strong></span> <span class='ocrx_word' id='word_1_79' title='bbox 1009 1250 1055 1294; x_wconf 88' lang='lat' dir='ltr'><strong>et</strong></span> <span class='ocrx_word' id='word_1_80' title='bbox 1102 1239 1332 1309; x_wconf 76' lang='lat' dir='ltr'><strong>afﬂigant</strong></span> <span class='ocrx_word' id='word_1_81' title='bbox 1377 1236 1765 1307; x_wconf 79' lang='lat' dir='ltr'><strong>quadringentis</strong></span> 
     </span>
    </p>
   </div>
   <div class='ocr_carea' id='block_1_12' title="bbox 216 1321 1765 1406">
    <p class='ocr_par' dir='ltr' id='par_1_12' title="bbox 216 1321 1765 1406">
     <span class='ocr_line' id='line_1_12' title="bbox 216 1321 1765 1406; baseline -0.011 -13"><span class='ocrx_word' id='word_1_82' title='bbox 216 1342 390 1406; x_wconf 87' lang='lat' dir='ltr'><strong>annis,</strong></span> <span class='ocrx_word' id='word_1_83' title='bbox 419 1350 522 1393; x_wconf 88' lang='lat' dir='ltr'><strong>etc.</strong></span> <span class='ocrx_word' id='word_1_84' title='bbox 551 1337 661 1391; x_wconf 81' lang='lat' dir='ltr'><strong>Hoc</strong></span> <span class='ocrx_word' id='word_1_85' title='bbox 687 1335 751 1389; x_wconf 90' lang='lat' dir='ltr'><strong>de</strong></span> <span class='ocrx_word' id='word_1_86' title='bbox 781 1333 973 1400; x_wconf 89' lang='lat' dir='ltr'><strong>popqu</strong></span> <span class='ocrx_word' id='word_1_87' title='bbox 1007 1330 1165 1385; x_wconf 86' lang='lat' dir='ltr'><strong>Israel</strong></span> <span class='ocrx_word' id='word_1_88' title='bbox 1196 1329 1284 1395; x_wconf 86' lang='lat' dir='ltr'><strong>qui</strong></span> <span class='ocrx_word' id='word_1_89' title='bbox 1326 1327 1494 1379; x_wconf 85' lang='lat' dir='ltr'><strong>luerat</strong></span> <span class='ocrx_word' id='word_1_90' title='bbox 1523 1326 1573 1377; x_wconf 92' lang='lat' dir='ltr'><strong>in</strong></span> <span class='ocrx_word' id='word_1_91' title='bbox 1603 1321 1765 1392; x_wconf 66' lang='lat' dir='ltr'><strong>Egy-</strong></span> 
     </span>
    </p>
   </div>
   <div class='ocr_carea' id='block_1_13' title="bbox 220 1411 1763 1500">
    <p class='ocr_par' dir='ltr' id='par_1_13' title="bbox 220 1411 1763 1500">
     <span class='ocr_line' id='line_1_13' title="bbox 220 1411 1763 1500; baseline -0.016 -13"><span class='ocrx_word' id='word_1_92' title='bbox 220 1444 312 1500; x_wconf 75' lang='lat' dir='ltr'><strong>pto</strong></span> <span class='ocrx_word' id='word_1_93' title='bbox 366 1429 656 1483; x_wconf 73' lang='lat' dir='ltr'><strong>serviturus</strong></span> <span class='ocrx_word' id='word_1_94' title='bbox 707 1421 1039 1491; x_wconf 74' lang='lat' dir='ltr'><strong>apertissime</strong></span> <span class='ocrx_word' id='word_1_95' title='bbox 1089 1417 1455 1497; x_wconf 87' lang='lat' dir='ltr'><strong>prophetatum</strong></span> <span class='ocrx_word' id='word_1_96' title='bbox 1503 1421 1603 1465; x_wconf 89' lang='lat' dir='ltr'><strong>est.</strong></span> <span class='ocrx_word' id='word_1_97' title='bbox 1652 1411 1763 1463; x_wconf 79' lang='lat' dir='ltr'><strong>Non</strong></span> 
     </span>
    </p>
   </div>
   <div class='ocr_carea' id='block_1_14' title="bbox 218 1499 1764 1591">
    <p class='ocr_par' dir='ltr' id='par_1_14' title="bbox 218 1499 1764 1591">
     <span class='ocr_line' id='line_1_14' title="bbox 218 1499 1764 1591; baseline -0.017 -13"><span class='ocrx_word' id='word_1_98' title='bbox 218 1499 360 1591; x_wconf 81' lang='lat' dir='ltr'><strong>quod</strong></span> <span class='ocrx_word' id='word_1_99' title='bbox 394 1520 446 1573; x_wconf 91' lang='lat' dir='ltr'><strong>in</strong></span> <span class='ocrx_word' id='word_1_100' title='bbox 485 1517 668 1572; x_wconf 83' lang='lat' dir='ltr'><strong>eadem</strong></span> <span class='ocrx_word' id='word_1_101' title='bbox 701 1513 952 1569; x_wconf 88' lang='lat' dir='ltr'><strong>servitute</strong></span> <span class='ocrx_word' id='word_1_102' title='bbox 979 1510 1079 1564; x_wconf 90' lang='lat' dir='ltr'><strong>sub</strong></span> <span class='ocrx_word' id='word_1_103' title='bbox 1110 1505 1371 1590; x_wconf 64' lang='lat' dir='ltr'><strong>Egyptiis</strong></span> <span class='ocrx_word' id='word_1_104' title='bbox 1413 1499 1764 1572; x_wconf 82' lang='lat' dir='ltr'><strong>altligentibus</strong></span> 
     </span>
    </p>
   </div>
   <div class='ocr_carea' id='block_1_15' title="bbox 221 1597 1763 1680">
    <p class='ocr_par' dir='ltr' id='par_1_15' title="bbox 221 1597 1763 1680">
     <span class='ocr_line' id='line_1_15' title="bbox 221 1597 1763 1680; baseline -0.015 -15"><span class='ocrx_word' id='word_1_105' title='bbox 221 1611 634 1680; x_wconf 77' lang='lat' dir='ltr'><strong>quadringentos</strong></span> <span class='ocrx_word' id='word_1_106' title='bbox 663 1607 750 1659; x_wconf 92' lang='lat' dir='ltr'><strong>ille</strong></span> <span class='ocrx_word' id='word_1_107' title='bbox 777 1603 1000 1672; x_wconf 86' lang='lat' dir='ltr'><strong>p0pulus</strong></span> <span class='ocrx_word' id='word_1_108' title='bbox 1034 1605 1198 1652; x_wconf 85' lang='lat' dir='ltr'><strong>annos</strong></span> <span class='ocrx_word' id='word_1_109' title='bbox 1228 1597 1394 1650; x_wconf 78' lang='lat' dir='ltr'><strong>fuerat</strong></span> <span class='ocrx_word' id='word_1_110' title='bbox 1429 1599 1763 1659; x_wconf 88' lang='lat' dir='ltr'><strong>peracturus,</strong></span> 
     </span>
    </p>
   </div>
   <div class='ocr_carea' id='block_1_16' title="bbox 218 1684 1763 1764">
    <p class='ocr_par' dir='ltr' id='par_1_16' title="bbox 218 1684 1763 1764">
     <span class='ocr_line' id='line_1_16' title="bbox 218 1684 1763 1764; baseline -0.014 -11"><span class='ocrx_word' id='word_1_111' title='bbox 218 1699 313 1753; x_wconf 85' lang='lat' dir='ltr'><strong>sed</strong></span> <span class='ocrx_word' id='word_1_112' title='bbox 345 1700 396 1751; x_wconf 91' lang='lat' dir='ltr'><strong>iu</strong></span> <span class='ocrx_word' id='word_1_113' title='bbox 453 1697 577 1764; x_wconf 80' lang='lat' dir='ltr'><strong>ipsis</strong></span> <span class='ocrx_word' id='word_1_114' title='bbox 614 1691 1004 1764; x_wconf 76' lang='lat' dir='ltr'><strong>quadringentis</strong></span> <span class='ocrx_word' id='word_1_115' title='bbox 1041 1687 1194 1742; x_wconf 90' lang='lat' dir='ltr'><strong>annis</strong></span> <span class='ocrx_word' id='word_1_116' title='bbox 1239 1684 1648 1752; x_wconf 73' lang='lat' dir='ltr'><strong>prmnuntiatttm</strong></span> <span class='ocrx_word' id='word_1_117' title='bbox 1680 1686 1763 1732; x_wconf 89' lang='lat' dir='ltr'><strong>est</strong></span> 
     </span>
    </p>
   </div>
   <div class='ocr_carea' id='block_1_17' title="bbox 147 1770 1755 1853">
    <p class='ocr_par' dir='ltr' id='par_1_17' title="bbox 147 1770 1755 1853">
     <span class='ocr_line' id='line_1_17' title="bbox 147 1770 1755 1853; baseline -0.013 -12"><span class='ocrx_word' id='word_1_118' title='bbox 147 1808 150 1809; x_wconf 48' lang='grc' dir='ltr'><em>ν</em></span> <span class='ocrx_word' id='word_1_119' title='bbox 220 1790 320 1842; x_wconf 85' lang='lat' dir='ltr'><strong>ltoc</strong></span> <span class='ocrx_word' id='word_1_120' title='bbox 351 1787 598 1842; x_wconf 79' lang='lat' dir='ltr'><strong>futurum.</strong></span> <span class='ocrx_word' id='word_1_121' title='bbox 629 1782 1000 1853; x_wconf 81' lang='lat' dir='ltr'><strong>Quadringenti</strong></span> <span class='ocrx_word' id='word_1_122' title='bbox 1031 1793 1156 1832; x_wconf 88' lang='lat' dir='ltr'><strong>sane</strong></span> <span class='ocrx_word' id='word_1_123' title='bbox 1195 1777 1442 1829; x_wconf 89' lang='lat' dir='ltr'><strong>dicuntur</strong></span> <span class='ocrx_word' id='word_1_124' title='bbox 1477 1770 1598 1825; x_wconf 89' lang='lat' dir='ltr'><strong>anni</strong></span> <span class='ocrx_word' id='word_1_125' title='bbox 1631 1783 1755 1838; x_wconf 86' lang='lat' dir='ltr'><strong>pro-</strong></span> 
     </span>
    </p>
   </div>
   <div class='ocr_carea' id='block_1_18' title="bbox 220 1862 1759 1946">
    <p class='ocr_par' dir='ltr' id='par_1_18' title="bbox 220 1862 1759 1946">
     <span class='ocr_line' id='line_1_18' title="bbox 220 1862 1759 1946; baseline -0.015 -14"><span class='ocrx_word' id='word_1_126' title='bbox 220 1889 338 1946; x_wconf 87' lang='lat' dir='ltr'><strong>pter</strong></span> <span class='ocrx_word' id='word_1_127' title='bbox 381 1875 582 1931; x_wconf 90' lang='lat' dir='ltr'><strong>numeri</strong></span> <span class='ocrx_word' id='word_1_128' title='bbox 625 1872 1020 1941; x_wconf 84' lang='lat' dir='ltr'><strong>plenitudinem,</strong></span> <span class='ocrx_word' id='word_1_129' title='bbox 1062 1864 1301 1937; x_wconf 87' lang='lat' dir='ltr'><strong>quamvis</strong></span> <span class='ocrx_word' id='word_1_130' title='bbox 1341 1862 1607 1928; x_wconf 83' lang='lat' dir='ltr'><strong>aliquanto</strong></span> <span class='ocrx_word' id='word_1_131' title='bbox 1649 1872 1759 1910; x_wconf 82' lang='lat' dir='ltr'><strong>am-</strong></span> 
     </span>
    </p>
   </div>
   <div class='ocr_carea' id='block_1_19' title="bbox 221 1948 1760 2037">
    <p class='ocr_par' dir='ltr' id='par_1_19' title="bbox 221 1948 1760 2037">
     <span class='ocr_line' id='line_1_19' title="bbox 221 1948 1760 2037; baseline -0.013 -16"><span class='ocrx_word' id='word_1_132' title='bbox 221 1971 355 2037; x_wconf 82' lang='lat' dir='ltr'><strong>plius</strong></span> <span class='ocrx_word' id='word_1_133' title='bbox 383 1968 516 2027; x_wconf 85' lang='lat' dir='ltr'><strong>sint;</strong></span> <span class='ocrx_word' id='word_1_134' title='bbox 540 1965 650 2018; x_wconf 84' lang='lat' dir='ltr'><strong>sive</strong></span> <span class='ocrx_word' id='word_1_135' title='bbox 674 1978 736 2016; x_wconf 77' lang='lat' dir='ltr'><strong>ex</strong></span> <span class='ocrx_word' id='word_1_136' title='bbox 765 1961 863 2014; x_wconf 87' lang='lat' dir='ltr'><strong>boc</strong></span> <span class='ocrx_word' id='word_1_137' title='bbox 890 1969 1121 2024; x_wconf 87' lang='lat' dir='ltr'><strong>tempore</strong></span> <span class='ocrx_word' id='word_1_138' title='bbox 1141 1960 1511 2021; x_wconf 80' lang='lat' dir='ltr'><strong>computentur</strong></span> <span class='ocrx_word' id='word_1_139' title='bbox 1534 1963 1639 2016; x_wconf 90' lang='lat' dir='ltr'><strong>quo</strong></span> <span class='ocrx_word' id='word_1_140' title='bbox 1661 1948 1760 2002; x_wconf 85' lang='lat' dir='ltr'><strong>ista</strong></span> 
     </span>
    </p>
   </div>
   <div class='ocr_carea' id='block_1_20' title="bbox 220 2042 1762 2128">
    <p class='ocr_par' dir='ltr' id='par_1_20' title="bbox 220 2042 1762 2128">
     <span class='ocr_line' id='line_1_20' title="bbox 220 2042 1762 2128; baseline -0.01 -18"><span class='ocrx_word' id='word_1_141' title='bbox 220 2057 657 2128; x_wconf 75' lang='lat' dir='ltr'><strong>promittebantur</strong></span> <span class='ocrx_word' id='word_1_142' title='bbox 679 2052 922 2111; x_wconf 64' lang='lat' dir='ltr'><strong>Abrahae,</strong></span> <span class='ocrx_word' id='word_1_143' title='bbox 953 2050 1064 2103; x_wconf 85' lang='lat' dir='ltr'><strong>sive</strong></span> <span class='ocrx_word' id='word_1_144' title='bbox 1098 2062 1161 2101; x_wconf 78' lang='lat' dir='ltr'><strong>ex</strong></span> <span class='ocrx_word' id='word_1_145' title='bbox 1192 2062 1295 2115; x_wconf 87' lang='lat' dir='ltr'><strong>qtto</strong></span> <span class='ocrx_word' id='word_1_146' title='bbox 1327 2054 1482 2097; x_wconf 92' lang='lat' dir='ltr'><strong>natus</strong></span> <span class='ocrx_word' id='word_1_147' title='bbox 1509 2047 1589 2095; x_wconf 78' lang='lat' dir='ltr'><strong>est</strong></span> <span class='ocrx_word' id='word_1_148' title='bbox 1618 2042 1762 2095; x_wconf 82' lang='lat' dir='ltr'><strong>Isaac</strong></span> 
     </span>
    </p>
   </div>
   <div class='ocr_carea' id='block_1_21' title="bbox 221 2131 1759 2218">
    <p class='ocr_par' dir='ltr' id='par_1_21' title="bbox 221 2131 1759 2218">
     <span class='ocr_line' id='line_1_21' title="bbox 221 2131 1759 2218; baseline -0.012 -17"><span class='ocrx_word' id='word_1_149' title='bbox 221 2160 435 2218; x_wconf 82' lang='lat' dir='ltr'><strong>propter</strong></span> <span class='ocrx_word' id='word_1_150' title='bbox 464 2160 642 2199; x_wconf 84' lang='lat' dir='ltr'><strong>semen</strong></span> <span class='ocrx_word' id='word_1_151' title='bbox 697 2141 922 2196; x_wconf 72' lang='lat' dir='ltr'><strong>Altrattte</strong></span> <span class='ocrx_word' id='word_1_152' title='bbox 967 2139 1031 2191; x_wconf 92' lang='lat' dir='ltr'><strong>de</strong></span> <span class='ocrx_word' id='word_1_153' title='bbox 1084 2151 1188 2204; x_wconf 91' lang='lat' dir='ltr'><strong>quo</strong></span> <span class='ocrx_word' id='word_1_154' title='bbox 1233 2138 1331 2188; x_wconf 80' lang='lat' dir='ltr'><strong>ista</strong></span> <span class='ocrx_word' id='word_1_155' title='bbox 1381 2131 1759 2200; x_wconf 68' lang='lat' dir='ltr'><strong>praedicuntur.</strong></span> 
     </span>
    </p>
   </div>
   <div class='ocr_carea' id='block_1_22' title="bbox 218 2219 1764 2300">
    <p class='ocr_par' dir='ltr' id='par_1_22' title="bbox 218 2219 1764 2300">
     <span class='ocr_line' id='line_1_22' title="bbox 218 2219 1764 2300; baseline -0.013 -9"><span class='ocrx_word' id='word_1_156' title='bbox 218 2237 606 2300; x_wconf 87' lang='lat' dir='ltr'><strong>Computantur</strong></span> <span class='ocrx_word' id='word_1_157' title='bbox 628 2232 767 2285; x_wconf 82' lang='lat' dir='ltr'><strong>enim</strong></span> <span class='ocrx_word' id='word_1_158' title='bbox 809 2229 876 2283; x_wconf 88' lang='lat' dir='ltr'><strong>ab</strong></span> <span class='ocrx_word' id='word_1_159' title='bbox 903 2241 1042 2280; x_wconf 88' lang='lat' dir='ltr'><strong>anno</strong></span> <span class='ocrx_word' id='word_1_160' title='bbox 1070 2222 1460 2299; x_wconf 79' lang='lat' dir='ltr'><strong>septuagesimo</strong></span> <span class='ocrx_word' id='word_1_161' title='bbox 1487 2228 1542 2273; x_wconf 81' lang='lat' dir='ltr'><strong>et</strong></span> <span class='ocrx_word' id='word_1_162' title='bbox 1582 2219 1764 2284; x_wconf 88' lang='lat' dir='ltr'><strong>quinto</strong></span> 
     </span>
    </p>
   </div>
   <div class='ocr_carea' id='block_1_23' title="bbox 224 2308 1762 2392">
    <p class='ocr_par' dir='ltr' id='par_1_23' title="bbox 224 2308 1762 2392">
     <span class='ocr_line' id='line_1_23' title="bbox 224 2308 1762 2392; baseline -0.014 -10"><span class='ocrx_word' id='word_1_163' title='bbox 224 2327 451 2382; x_wconf 76' lang='lat' dir='ltr'><strong>Abrsltte</strong></span> <span class='ocrx_word' id='word_1_164' title='bbox 479 2323 688 2392; x_wconf 79' lang='lat' dir='ltr'><strong>quando</strong></span> <span class='ocrx_word' id='word_1_165' title='bbox 724 2319 788 2373; x_wconf 88' lang='lat' dir='ltr'><strong>ad</strong></span> <span class='ocrx_word' id='word_1_166' title='bbox 827 2333 945 2372; x_wconf 90' lang='lat' dir='ltr'><strong>eum</strong></span> <span class='ocrx_word' id='word_1_167' title='bbox 995 2315 1126 2369; x_wconf 79' lang='lat' dir='ltr'><strong>iacta</strong></span> <span class='ocrx_word' id='word_1_168' title='bbox 1158 2323 1240 2366; x_wconf 83' lang='lat' dir='ltr'><strong>est</strong></span> <span class='ocrx_word' id='word_1_169' title='bbox 1270 2312 1432 2379; x_wconf 81' lang='lat' dir='ltr'><strong>prima</strong></span> <span class='ocrx_word' id='word_1_170' title='bbox 1463 2308 1762 2376; x_wconf 84' lang='lat' dir='ltr'><strong>promissio,</strong></span> 
     </span>
    </p>
   </div>
   <div class='ocr_carea' id='block_1_24' title="bbox 222 2398 1764 2487">
    <p class='ocr_par' dir='ltr' id='par_1_24' title="bbox 222 2398 1764 2487">
     <span class='ocr_line' id='line_1_24' title="bbox 222 2398 1764 2487; baseline -0.017 -13"><span class='ocrx_word' id='word_1_171' title='bbox 222 2433 392 2487; x_wconf 87' lang='lat' dir='ltr'><strong>usque</strong></span> <span class='ocrx_word' id='word_1_172' title='bbox 414 2417 480 2471; x_wconf 91' lang='lat' dir='ltr'><strong>ad</strong></span> <span class='ocrx_word' id='word_1_173' title='bbox 510 2415 705 2469; x_wconf 77' lang='lat' dir='ltr'><strong>exitum</strong></span> <span class='ocrx_word' id='word_1_174' title='bbox 746 2411 900 2464; x_wconf 72' lang='lat' dir='ltr'><strong>Israel</strong></span> <span class='ocrx_word' id='word_1_175' title='bbox 929 2423 993 2462; x_wconf 76' lang='lat' dir='ltr'><strong>es</strong></span> <span class='ocrx_word' id='word_1_176' title='bbox 1034 2405 1283 2474; x_wconf 60' lang='lat' dir='ltr'><strong>Egypto.</strong></span> <span class='ocrx_word' id='word_1_177' title='bbox 1323 2398 1764 2487; x_wconf 60' lang='lat' dir='ltr'><strong>quadringentiet</strong></span> 
     </span>
    </p>
   </div>
   <div class='ocr_carea' id='block_1_25' title="bbox 224 2484 1766 2580">
    <p class='ocr_par' dir='ltr' id='par_1_25' title="bbox 224 2484 1766 2580">
     <span class='ocr_line' id='line_1_25' title="bbox 224 2484 1766 2580; baseline -0.019 -15"><span class='ocrx_word' id='word_1_178' title='bbox 224 2484 434 2580; x_wconf 84' lang='lat' dir='ltr'><strong>triginta</strong></span> <span class='ocrx_word' id='word_1_179' title='bbox 473 2506 618 2568; x_wconf 90' lang='lat' dir='ltr'><strong>anni,</strong></span> <span class='ocrx_word' id='word_1_180' title='bbox 650 2515 870 2572; x_wconf 76' lang='lat' dir='ltr'><strong>quorum</strong></span> <span class='ocrx_word' id='word_1_181' title='bbox 913 2496 1194 2565; x_wconf 84' lang='lat' dir='ltr'><strong>Apostolus</strong></span> <span class='ocrx_word' id='word_1_182' title='bbox 1241 2492 1312 2546; x_wconf 91' lang='lat' dir='ltr'><strong>ita</strong></span> <span class='ocrx_word' id='word_1_183' title='bbox 1345 2487 1579 2544; x_wconf 88' lang='lat' dir='ltr'><strong>meminit</strong></span> <span class='ocrx_word' id='word_1_184' title='bbox 1605 2484 1766 2580; x_wconf 72' lang='lat' dir='ltr'><strong>:_ttoc</strong></span> 
     </span>
    </p>
   </div>
   <div class='ocr_carea' id='block_1_26' title="bbox 225 2575 1768 2662">
    <p class='ocr_par' dir='ltr' id='par_1_26' title="bbox 225 2575 1768 2662">
     <span class='ocr_line' id='line_1_26' title="bbox 225 2575 1768 2662; baseline -0.017 -10"><span class='ocrx_word' id='word_1_185' title='bbox 225 2575 392 2652; x_wconf 55' lang='lat' dir='ltr'><strong>autem</strong></span> <span class='ocrx_word' id='word_1_186' title='bbox 414 2597 548 2662; x_wconf 84' lang='lat' dir='ltr'><strong>dico,</strong></span> <span class='ocrx_word' id='word_1_187' title='bbox 581 2592 764 2658; x_wconf 86' lang='lat' dir='ltr'><strong>inquit,</strong></span> <span class='ocrx_word' id='word_1_188' title='bbox 795 2596 1142 2642; x_wconf 87' lang='lat' dir='ltr'><strong>testamentum</strong></span> <span class='ocrx_word' id='word_1_189' title='bbox 1162 2581 1514 2649; x_wconf 75' lang='lat' dir='ltr'><strong>conﬁrmatum</strong></span> <span class='ocrx_word' id='word_1_190' title='bbox 1556 2592 1587 2629; x_wconf 90' lang='lat' dir='ltr'><strong>a</strong></span> <span class='ocrx_word' id='word_1_191' title='bbox 1618 2575 1724 2627; x_wconf 91' lang='lat' dir='ltr'><strong>Deo</strong></span> <span class='ocrx_word' id='word_1_192' title='bbox 1748 2588 1768 2627; x_wconf 90' lang='lat'><strong><em>:</em></strong></span> 
     </span>
    </p>
   </div>
   <div class='ocr_carea' id='block_1_27' title="bbox 227 2665 1815 2756">
    <p class='ocr_par' dir='ltr' id='par_1_27' title="bbox 227 2665 1815 2756">
     <span class='ocr_line' id='line_1_27' title="bbox 227 2665 1815 2756; baseline -0.017 -16"><span class='ocrx_word' id='word_1_193' title='bbox 227 2699 256 2726; x_wconf 84' lang='grc' dir='ltr'>ιι</span> <span class='ocrx_word' id='word_1_194' title='bbox 282 2701 394 2756; x_wconf 73' lang='lat' dir='ltr'><strong>qua:</strong></span> <span class='ocrx_word' id='word_1_195' title='bbox 420 2692 530 2754; x_wconf 89' lang='lat' dir='ltr'><strong>post</strong></span> <span class='ocrx_word' id='word_1_196' title='bbox 567 2681 959 2752; x_wconf 78' lang='lat' dir='ltr'><strong>quadringentos</strong></span> <span class='ocrx_word' id='word_1_197' title='bbox 1002 2685 1047 2727; x_wconf 90' lang='lat' dir='ltr'><strong>et</strong></span> <span class='ocrx_word' id='word_1_198' title='bbox 1086 2673 1292 2740; x_wconf 83' lang='lat' dir='ltr'><strong>triginta</strong></span> <span class='ocrx_word' id='word_1_199' title='bbox 1337 2683 1494 2721; x_wconf 88' lang='lat' dir='ltr'><strong>annos</strong></span> <span class='ocrx_word' id='word_1_200' title='bbox 1533 2665 1767 2756; x_wconf 48' lang='lat' dir='ltr'><strong>facta—est</strong></span> <span class='ocrx_word' id='word_1_201' title='bbox 1812 2690 1815 2692; x_wconf 90' lang='lat'><em>-</em></span> 
     </span>
    </p>
   </div>
   <div class='ocr_carea' id='block_1_28' title="bbox 231 2751 1764 2839">
    <p class='ocr_par' dir='ltr' id='par_1_28' title="bbox 231 2751 1764 2839">
     <span class='ocr_line' id='line_1_28' title="bbox 231 2751 1764 2839; baseline -0.019 -6"><span class='ocrx_word' id='word_1_202' title='bbox 231 2751 356 2837; x_wconf 72' lang='lat' dir='ltr'><strong>Lex.</strong></span> <span class='ocrx_word' id='word_1_203' title='bbox 387 2751 486 2828; x_wconf 85' lang='lat' dir='ltr'><strong>non</strong></span> <span class='ocrx_word' id='word_1_204' title='bbox 514 2751 738 2839; x_wconf 72' lang='lat' dir='ltr'><strong>infirmat</strong></span> <span class='ocrx_word' id='word_1_205' title='bbox 765 2768 831 2820; x_wconf 85' lang='lat' dir='ltr'><strong>ad</strong></span> <span class='ocrx_word' id='word_1_206' title='bbox 856 2763 1190 2820; x_wconf 78' lang='lat' dir='ltr'><strong>evacuandam</strong></span> <span class='ocrx_word' id='word_1_207' title='bbox 1225 2758 1599 2827; x_wconf 77' lang='lat' dir='ltr'><strong>promissionem</strong></span> <span class='ocrx_word' id='word_1_208' title='bbox 1625 2751 1764 2824; x_wconf 84' lang='lat' dir='ltr'><strong>(Gal.</strong></span> 
     </span>
    </p>
   </div>
   <div class='ocr_carea' id='block_1_29' title="bbox 228 2846 1769 2934">
    <p class='ocr_par' dir='ltr' id='par_1_29' title="bbox 228 2846 1769 2934">
     <span class='ocr_line' id='line_1_29' title="bbox 228 2846 1769 2934; baseline -0.02 -11"><span class='ocrx_word' id='word_1_209' title='bbox 228 2884 314 2934; x_wconf 76' lang='grc' dir='ltr'><strong>ιιι,</strong></span> <span class='ocrx_word' id='word_1_210' title='bbox 345 2866 451 2931; x_wconf 79' lang='lat' dir='ltr'><strong>l7).</strong></span> <span class='ocrx_word' id='word_1_211' title='bbox 478 2862 592 2917; x_wconf 82' lang='lat' dir='ltr'><strong>Jam</strong></span> <span class='ocrx_word' id='word_1_212' title='bbox 623 2875 749 2929; x_wconf 68' lang='lat' dir='ltr'><strong>ergo</strong></span> <span class='ocrx_word' id='word_1_213' title='bbox 787 2856 870 2910; x_wconf 86' lang='lat' dir='ltr'><strong>isti</strong></span> <span class='ocrx_word' id='word_1_214' title='bbox 911 2849 1274 2922; x_wconf 80' lang='lat' dir='ltr'><strong>quadringenti</strong></span> <span class='ocrx_word' id='word_1_215' title='bbox 1304 2857 1358 2901; x_wconf 89' lang='lat' dir='ltr'><strong>et</strong></span> <span class='ocrx_word' id='word_1_216' title='bbox 1384 2846 1611 2912; x_wconf 83' lang='lat' dir='ltr'><strong>triginta,</strong></span> <span class='ocrx_word' id='word_1_217' title='bbox 1641 2857 1769 2934; x_wconf 84' lang='lat' dir='ltr'><strong>qua-</strong></span> 
     </span>
    </p>
   </div>
   <div class='ocr_carea' id='block_1_30' title="bbox 169 2932 1770 3024">
    <p class='ocr_par' dir='ltr' id='par_1_30' title="bbox 169 2932 1770 3024">
     <span class='ocr_line' id='line_1_30' title="bbox 169 2932 1770 3024; baseline -0.018 -11"><span class='ocrx_word' id='word_1_218' title='bbox 169 2973 173 2978; x_wconf 72' lang='lat'><strong>‘</strong></span> <span class='ocrx_word' id='word_1_219' title='bbox 229 2932 493 3024; x_wconf 84' lang='lat' dir='ltr'><strong>dringenti</strong></span> <span class='ocrx_word' id='word_1_220' title='bbox 538 2955 781 3020; x_wconf 82' lang='lat' dir='ltr'><strong>poterant</strong></span> <span class='ocrx_word' id='word_1_221' title='bbox 826 2941 1134 3011; x_wconf 79' lang='lat' dir='ltr'><strong>nuncupari,</strong></span> <span class='ocrx_word' id='word_1_222' title='bbox 1170 2939 1256 3006; x_wconf 82' lang='lat' dir='ltr'><strong>qui</strong></span> <span class='ocrx_word' id='word_1_223' title='bbox 1299 2951 1401 2990; x_wconf 89' lang='lat' dir='ltr'><strong>non</strong></span> <span class='ocrx_word' id='word_1_224' title='bbox 1449 2944 1572 3024; x_wconf 77' lang='lat' dir='ltr'><strong>sunt</strong></span> <span class='ocrx_word' id='word_1_225' title='bbox 1599 2932 1770 2986; x_wconf 92' lang='lat' dir='ltr'><strong>multo</strong></span> 
     </span>
    </p>
   </div>
   <div class='ocr_carea' id='block_1_31' title="bbox 229 3022 1767 3113">
    <p class='ocr_par' dir='ltr' id='par_1_31' title="bbox 229 3022 1767 3113">
     <span class='ocr_line' id='line_1_31' title="bbox 229 3022 1767 3113; baseline -0.017 -15"><span class='ocrx_word' id='word_1_226' title='bbox 229 3022 492 3113; x_wconf 82' lang='lat' dir='ltr'><strong>amplius;</strong></span> <span class='ocrx_word' id='word_1_227' title='bbox 521 3046 717 3109; x_wconf 78' lang='lat' dir='ltr'><strong>quanto</strong></span> <span class='ocrx_word' id='word_1_228' title='bbox 742 3036 905 3104; x_wconf 85' lang='lat' dir='ltr'><strong>magis</strong></span> <span class='ocrx_word' id='word_1_229' title='bbox 924 3046 1042 3088; x_wconf 88' lang='lat' dir='ltr'><strong>cum</strong></span> <span class='ocrx_word' id='word_1_230' title='bbox 1072 3029 1272 3098; x_wconf 86' lang='lat' dir='ltr'><strong>aliquot</strong></span> <span class='ocrx_word' id='word_1_231' title='bbox 1311 3025 1416 3095; x_wconf 81' lang='lat' dir='ltr'><strong>jam</strong></span> <span class='ocrx_word' id='word_1_232' title='bbox 1447 3037 1513 3078; x_wconf 78' lang='lat' dir='ltr'><strong>es</strong></span> <span class='ocrx_word' id='word_1_233' title='bbox 1538 3022 1642 3076; x_wconf 89' lang='lat' dir='ltr'><strong>isto</strong></span> <span class='ocrx_word' id='word_1_234' title='bbox 1671 3035 1767 3074; x_wconf 83' lang='lat' dir='ltr'><strong>nu-</strong></span> 
     </span>
    </p>
   </div>
   <div class='ocr_carea' id='block_1_32' title="bbox 1866 601 3409 681">
    <p class='ocr_par' dir='ltr' id='par_1_32' title="bbox 1866 601 3409 681">
     <span class='ocr_line' id='line_1_32' title="bbox 1866 601 3409 681; baseline 0.01 -26"><span class='ocrx_word' id='word_1_235' title='bbox 1866 601 1983 667; x_wconf 74' lang='lat' dir='ltr'><strong>igne</strong></span> <span class='ocrx_word' id='word_1_236' title='bbox 2009 603 2120 656; x_wconf 88' lang='lat' dir='ltr'><strong>dies</strong></span> <span class='ocrx_word' id='word_1_237' title='bbox 2160 603 2342 672; x_wconf 87' lang='lat' dir='ltr'><strong>judicii</strong></span> <span class='ocrx_word' id='word_1_238' title='bbox 2387 607 2635 660; x_wconf 83' lang='lat' dir='ltr'><strong>dirimens</strong></span> <span class='ocrx_word' id='word_1_239' title='bbox 2663 609 2901 665; x_wconf 81' lang='lat' dir='ltr'><strong>carnales</strong></span> <span class='ocrx_word' id='word_1_240' title='bbox 2952 625 3047 677; x_wconf 88' lang='lat' dir='ltr'><strong>per</strong></span> <span class='ocrx_word' id='word_1_241' title='bbox 3086 611 3256 681; x_wconf 87' lang='lat' dir='ltr'><strong>ignem</strong></span> <span class='ocrx_word' id='word_1_242' title='bbox 3303 616 3409 670; x_wconf 79' lang='lat' dir='ltr'><strong>sal-</strong></span> 
     </span>
    </p>
   </div>
   <div class='ocr_carea' id='block_1_33' title="bbox 1865 690 2752 762">
    <p class='ocr_par' dir='ltr' id='par_1_33' title="bbox 1865 690 2752 762">
     <span class='ocr_line' id='line_1_33' title="bbox 1865 690 2752 762; baseline 0.012 -23"><span class='ocrx_word' id='word_1_243' title='bbox 1865 690 2064 762; x_wconf 78' lang='lat' dir='ltr'><strong>vandos</strong></span> <span class='ocrx_word' id='word_1_244' title='bbox 2094 699 2145 744; x_wconf 92' lang='lat' dir='ltr'><strong>et</strong></span> <span class='ocrx_word' id='word_1_245' title='bbox 2178 694 2226 743; x_wconf 89' lang='lat' dir='ltr'><strong>in</strong></span> <span class='ocrx_word' id='word_1_246' title='bbox 2263 693 2382 759; x_wconf 91' lang='lat' dir='ltr'><strong>igne</strong></span> <span class='ocrx_word' id='word_1_247' title='bbox 2406 693 2752 750; x_wconf 83' lang='lat' dir='ltr'><strong>damnandos.</strong></span> 
     </span>
    </p>
   </div>
   <div class='ocr_carea' id='block_1_34' title="bbox 1936 797 3408 875">
    <p class='ocr_par' dir='ltr' id='par_1_34' title="bbox 1936 797 3408 875">
     <span class='ocr_line' id='line_1_34' title="bbox 1936 797 3408 875; baseline 0.01 -25"><span class='ocrx_word' id='word_1_248' title='bbox 1936 797 1998 851; x_wconf 89' lang='lat' dir='ltr'><strong>lu</strong></span> <span class='ocrx_word' id='word_1_249' title='bbox 2028 800 2114 851; x_wconf 85' lang='lat' dir='ltr'><strong>illo</strong></span> <span class='ocrx_word' id='word_1_250' title='bbox 2143 801 2223 853; x_wconf 89' lang='lat' dir='ltr'><strong>die</strong></span> <span class='ocrx_word' id='word_1_251' title='bbox 2248 801 2436 871; x_wconf 81' lang='lat' dir='ltr'><strong>pepigit</strong></span> <span class='ocrx_word' id='word_1_252' title='bbox 2470 803 2714 858; x_wconf 81' lang='lat' dir='ltr'><strong>Dominus</strong></span> <span class='ocrx_word' id='word_1_253' title='bbox 2755 807 2917 875; x_wconf 66' lang='lat' dir='ltr'><strong>{udus</strong></span> <span class='ocrx_word' id='word_1_254' title='bbox 2958 825 3068 862; x_wconf 87' lang='lat' dir='ltr'><strong>cum</strong></span> <span class='ocrx_word' id='word_1_255' title='bbox 3092 810 3292 869; x_wconf 70' lang='lat' dir='ltr'><strong>Abram.</strong></span> <span class='ocrx_word' id='word_1_256' title='bbox 3321 811 3408 865; x_wconf 82' lang='lat' dir='ltr'><strong>di-</strong></span> 
     </span>
    </p>
   </div>
   <div class='ocr_carea' id='block_1_35' title="bbox 1864 887 3408 970">
    <p class='ocr_par' dir='ltr' id='par_1_35' title="bbox 1864 887 3408 970">
     <span class='ocr_line' id='line_1_35' title="bbox 1864 887 3408 970; baseline 0.007 -28"><span class='ocrx_word' id='word_1_257' title='bbox 1864 907 1975 943; x_wconf 90' lang='lat' dir='ltr'><strong>cens</strong></span> <span class='ocrx_word' id='word_1_258' title='bbox 1998 907 2016 943; x_wconf 90' lang='lat'><strong><em>:</em></strong></span> <span class='ocrx_word' id='word_1_259' title='bbox 2041 891 2230 944; x_wconf 85' lang='lat' dir='ltr'><strong>Semini</strong></span> <span class='ocrx_word' id='word_1_260' title='bbox 2275 902 2360 945; x_wconf 87' lang='lat' dir='ltr'><strong>tuo</strong></span> <span class='ocrx_word' id='word_1_261' title='bbox 2378 887 2523 946; x_wconf 71' lang='lat' dir='ltr'><strong>‘dalto</strong></span> <span class='ocrx_word' id='word_1_262' title='bbox 2562 905 2744 948; x_wconf 60' lang='lat' dir='ltr'><strong>ttrram</strong></span> <span class='ocrx_word' id='word_1_263' title='bbox 2773 902 2924 962; x_wconf 77' lang='lat' dir='ltr'><strong>hanc,</strong></span> <span class='ocrx_word' id='word_1_264' title='bbox 2958 917 2990 952; x_wconf 94' lang='lat' dir='ltr'><strong>a</strong></span> <span class='ocrx_word' id='word_1_265' title='bbox 3017 901 3168 962; x_wconf 68' lang='lat' dir='ltr'><strong>ﬂuvio</strong></span> <span class='ocrx_word' id='word_1_266' title='bbox 3194 899 3408 970; x_wconf 65' lang='grc' dir='ltr'><strong>ιεῃςριί</strong></span> 
     </span>
    </p>
   </div>
   <div class='ocr_carea' id='block_1_36' title="bbox 1863 981 3410 1057">
    <p class='ocr_par' dir='ltr' id='par_1_36' title="bbox 1863 981 3410 1057">
     <span class='ocr_line' id='line_1_36' title="bbox 1863 981 3410 1057; baseline 0.007 -26"><span class='ocrx_word' id='word_1_267' title='bbox 1863 995 2016 1047; x_wconf 78' lang='lat' dir='ltr'><strong>usque</strong></span> <span class='ocrx_word' id='word_1_268' title='bbox 2042 983 2109 1032; x_wconf 84' lang='lat' dir='ltr'><strong>ad</strong></span> <span class='ocrx_word' id='word_1_269' title='bbox 2139 981 2345 1047; x_wconf 54' lang='lat' dir='ltr'><strong>[lucinam</strong></span> <span class='ocrx_word' id='word_1_270' title='bbox 2372 998 2608 1049; x_wconf 87' lang='lat' dir='ltr'><strong>magnum</strong></span> <span class='ocrx_word' id='word_1_271' title='bbox 2634 981 2949 1050; x_wconf 81' lang='lat' dir='ltr'><strong>Euphraten.</strong></span> <span class='ocrx_word' id='word_1_272' title='bbox 2985 985 3220 1040; x_wconf 77' lang='lat' dir='ltr'><strong>Fluvtutn</strong></span> <span class='ocrx_word' id='word_1_273' title='bbox 3243 987 3410 1057; x_wconf 65' lang='lat' dir='ltr'><strong>Egy-</strong></span> 
     </span>
    </p>
   </div>
   <div class='ocr_carea' id='block_1_37' title="bbox 1866 1069 3404 1144">
    <p class='ocr_par' dir='ltr' id='par_1_37' title="bbox 1866 1069 3404 1144">
     <span class='ocr_line' id='line_1_37' title="bbox 1866 1069 3404 1144; baseline 0.009 -28"><span class='ocrx_word' id='word_1_274' title='bbox 1866 1069 1958 1135; x_wconf 88' lang='lat' dir='ltr'><strong>pti.</strong></span> <span class='ocrx_word' id='word_1_275' title='bbox 1991 1069 2089 1122; x_wconf 86' lang='lat' dir='ltr'><strong>ltoc</strong></span> <span class='ocrx_word' id='word_1_276' title='bbox 2119 1080 2198 1121; x_wconf 90' lang='lat' dir='ltr'><strong>est</strong></span> <span class='ocrx_word' id='word_1_277' title='bbox 2224 1072 2418 1132; x_wconf 79' lang='lat' dir='ltr'><strong>Nilum,</strong></span> <span class='ocrx_word' id='word_1_278' title='bbox 2449 1087 2551 1122; x_wconf 87' lang='lat' dir='ltr'><strong>non</strong></span> <span class='ocrx_word' id='word_1_279' title='bbox 2583 1072 2709 1125; x_wconf 83' lang='lat' dir='ltr'><strong>dicit</strong></span> <span class='ocrx_word' id='word_1_280' title='bbox 2749 1089 2994 1144; x_wconf 81' lang='lat' dir='ltr'><strong>maguum</strong></span> <span class='ocrx_word' id='word_1_281' title='bbox 3041 1077 3132 1128; x_wconf 82' lang='lat' dir='ltr'><strong>sed</strong></span> <span class='ocrx_word' id='word_1_282' title='bbox 3161 1091 3404 1142; x_wconf 81' lang='lat' dir='ltr'><strong>parvum,</strong></span> 
     </span>
    </p>
   </div>
   <div class='ocr_carea' id='block_1_38' title="bbox 1862 1157 3406 1230">
    <p class='ocr_par' dir='ltr' id='par_1_38' title="bbox 1862 1157 3406 1230">
     <span class='ocr_line' id='line_1_38' title="bbox 1862 1157 3406 1230; baseline 0.01 -24"><span class='ocrx_word' id='word_1_283' title='bbox 1862 1159 1950 1224; x_wconf 89' lang='lat' dir='ltr'><strong>qui</strong></span> <span class='ocrx_word' id='word_1_284' title='bbox 1994 1157 2179 1212; x_wconf 78' lang='lat' dir='ltr'><strong>dividit</strong></span> <span class='ocrx_word' id='word_1_285' title='bbox 2225 1162 2359 1214; x_wconf 85' lang='lat' dir='ltr'><strong>inter</strong></span> <span class='ocrx_word' id='word_1_286' title='bbox 2385 1161 2667 1230; x_wconf 69' lang='lat' dir='ltr'><strong>IEgyptutu</strong></span> <span class='ocrx_word' id='word_1_287' title='bbox 2711 1174 2759 1216; x_wconf 91' lang='lat' dir='ltr'><strong>et</strong></span> <span class='ocrx_word' id='word_1_288' title='bbox 2796 1164 3162 1230; x_wconf 73' lang='lat' dir='ltr'><strong>Palaestinam,</strong></span> <span class='ocrx_word' id='word_1_289' title='bbox 3209 1168 3293 1219; x_wconf 86' lang='lat' dir='ltr'><strong>ubi</strong></span> <span class='ocrx_word' id='word_1_290' title='bbox 3325 1177 3406 1221; x_wconf 86' lang='lat' dir='ltr'><strong>est</strong></span> 
     </span>
    </p>
   </div>
   <div class='ocr_carea' id='block_1_39' title="bbox 1861 1244 3407 1320">
    <p class='ocr_par' dir='ltr' id='par_1_39' title="bbox 1861 1244 3407 1320">
     <span class='ocr_line' id='line_1_39' title="bbox 1861 1244 3407 1320; baseline 0.006 -21"><span class='ocrx_word' id='word_1_291' title='bbox 1861 1246 2050 1299; x_wconf 80' lang='lat' dir='ltr'><strong>civitas</strong></span> <span class='ocrx_word' id='word_1_292' title='bbox 2083 1244 2102 1283; x_wconf 68' lang='grc' dir='ltr'><em>τ</em></span> <span class='ocrx_word' id='word_1_293' title='bbox 2140 1246 2485 1302; x_wconf 82' lang='lat' dir='ltr'><strong>Riuncorttra.</strong></span> <span class='ocrx_word' id='word_1_294' title='bbox 2543 1251 2747 1320; x_wconf 83' lang='lat' dir='ltr'><strong>Pepigit</strong></span> <span class='ocrx_word' id='word_1_295' title='bbox 2786 1267 2912 1319; x_wconf 85' lang='lat' dir='ltr'><strong>ergo</strong></span> <span class='ocrx_word' id='word_1_296' title='bbox 2957 1253 3204 1308; x_wconf 84' lang='lat' dir='ltr'><strong>Dominus</strong></span> <span class='ocrx_word' id='word_1_297' title='bbox 3243 1255 3407 1309; x_wconf 80' lang='lat' dir='ltr'><strong>ltedus</strong></span> 
     </span>
    </p>
   </div>
   <div class='ocr_carea' id='block_1_40' title="bbox 1862 1337 3405 1406">
    <p class='ocr_par' dir='ltr' id='par_1_40' title="bbox 1862 1337 3405 1406">
     <span class='ocr_line' id='line_1_40' title="bbox 1862 1337 3405 1406; baseline 0.007 -19"><span class='ocrx_word' id='word_1_298' title='bbox 1862 1349 1980 1387; x_wconf 88' lang='lat' dir='ltr'><strong>cum</strong></span> <span class='ocrx_word' id='word_1_299' title='bbox 2011 1337 2202 1390; x_wconf 82' lang='lat' dir='ltr'><strong>Abram</strong></span> <span class='ocrx_word' id='word_1_300' title='bbox 2237 1339 2285 1389; x_wconf 93' lang='lat' dir='ltr'><strong>in</strong></span> <span class='ocrx_word' id='word_1_301' title='bbox 2319 1338 2405 1392; x_wconf 85' lang='lat' dir='ltr'><strong>die</strong></span> <span class='ocrx_word' id='word_1_302' title='bbox 2447 1340 2556 1400; x_wconf 73' lang='lat' dir='ltr'><strong>itlo,</strong></span> <span class='ocrx_word' id='word_1_303' title='bbox 2591 1356 2694 1406; x_wconf 83' lang='lat' dir='ltr'><strong>quo</strong></span> <span class='ocrx_word' id='word_1_304' title='bbox 2730 1345 2778 1393; x_wconf 86' lang='lat' dir='ltr'><strong>ei</strong></span> <span class='ocrx_word' id='word_1_305' title='bbox 2822 1342 3019 1393; x_wconf 86' lang='lat' dir='ltr'><strong>hostias</strong></span> <span class='ocrx_word' id='word_1_306' title='bbox 3067 1345 3405 1398; x_wconf 85' lang='lat' dir='ltr'><strong>animantium</strong></span> 
     </span>
    </p>
   </div>
   <div class='ocr_carea' id='block_1_41' title="bbox 1863 1426 3408 1500">
    <p class='ocr_par' dir='ltr' id='par_1_41' title="bbox 1863 1426 3408 1500">
     <span class='ocr_line' id='line_1_41' title="bbox 1863 1426 3408 1500; baseline 0.006 -24"><span class='ocrx_word' id='word_1_307' title='bbox 1863 1434 1916 1476; x_wconf 89' lang='lat' dir='ltr'><strong>et</strong></span> <span class='ocrx_word' id='word_1_308' title='bbox 1945 1428 2118 1476; x_wconf 78' lang='lat' dir='ltr'><strong>avium</strong></span> <span class='ocrx_word' id='word_1_309' title='bbox 2145 1426 2438 1488; x_wconf 82' lang='lat' dir='ltr'><strong>obtulerat;</strong></span> <span class='ocrx_word' id='word_1_310' title='bbox 2473 1427 2596 1479; x_wconf 86' lang='lat' dir='ltr'><strong>illud</strong></span> <span class='ocrx_word' id='word_1_311' title='bbox 2624 1427 2868 1480; x_wconf 86' lang='lat' dir='ltr'><strong>nimirum</strong></span> <span class='ocrx_word' id='word_1_312' title='bbox 2901 1427 3091 1494; x_wconf 60' lang='lat' dir='ltr'><strong>(cadus,</strong></span> <span class='ocrx_word' id='word_1_313' title='bbox 3121 1439 3179 1483; x_wconf 92' lang='lat' dir='ltr'><strong>ut</strong></span> <span class='ocrx_word' id='word_1_314' title='bbox 3211 1431 3320 1500; x_wconf 86' lang='lat' dir='ltr'><strong>ipse</strong></span> <span class='ocrx_word' id='word_1_315' title='bbox 3347 1447 3408 1486; x_wconf 89' lang='lat' dir='ltr'><strong>ac</strong></span> 
     </span>
    </p>
   </div>
   <div class='ocr_carea' id='block_1_42' title="bbox 1863 1514 3406 1580">
    <p class='ocr_par' dir='ltr' id='par_1_42' title="bbox 1863 1514 3406 1580">
     <span class='ocr_line' id='line_1_42' title="bbox 1863 1514 3406 1580; baseline 0.005 -14"><span class='ocrx_word' id='word_1_316' title='bbox 1863 1527 2043 1566; x_wconf 83' lang='lat' dir='ltr'><strong>semen</strong></span> <span class='ocrx_word' id='word_1_317' title='bbox 2090 1514 2204 1580; x_wconf 79' lang='lat' dir='ltr'><strong>eius</strong></span> <span class='ocrx_word' id='word_1_318' title='bbox 2235 1515 2452 1568; x_wconf 89' lang='lat' dir='ltr'><strong>Domino</strong></span> <span class='ocrx_word' id='word_1_319' title='bbox 2491 1527 2607 1568; x_wconf 87' lang='lat' dir='ltr'><strong>vota</strong></span> <span class='ocrx_word' id='word_1_320' title='bbox 2653 1517 2945 1572; x_wconf 88' lang='lat' dir='ltr'><strong>orationum</strong></span> <span class='ocrx_word' id='word_1_321' title='bbox 2990 1533 3050 1572; x_wconf 84' lang='lat' dir='ltr'><strong>ac</strong></span> <span class='ocrx_word' id='word_1_322' title='bbox 3079 1521 3406 1574; x_wconf 80' lang='lat' dir='ltr'><strong>victimarum</strong></span> 
     </span>
    </p>
   </div>
   <div class='ocr_carea' id='block_1_43' title="bbox 1860 1598 3408 1676">
    <p class='ocr_par' dir='ltr' id='par_1_43' title="bbox 1860 1598 3408 1676">
     <span class='ocr_line' id='line_1_43' title="bbox 1860 1598 3408 1676; baseline 0.008 -24"><span class='ocrx_word' id='word_1_323' title='bbox 1860 1598 1998 1653; x_wconf 80' lang='lat' dir='ltr'><strong>lideli</strong></span> <span class='ocrx_word' id='word_1_324' title='bbox 2028 1614 2236 1668; x_wconf 82' lang='lat' dir='ltr'><strong>semper</strong></span> <span class='ocrx_word' id='word_1_325' title='bbox 2269 1604 2430 1656; x_wconf 80' lang='lat' dir='ltr'><strong>corde</strong></span> <span class='ocrx_word' id='word_1_326' title='bbox 2461 1604 2707 1668; x_wconf 77' lang='lat' dir='ltr'><strong>oﬂerret;</strong></span> <span class='ocrx_word' id='word_1_327' title='bbox 2740 1617 2794 1658; x_wconf 91' lang='lat' dir='ltr'><strong>et</strong></span> <span class='ocrx_word' id='word_1_328' title='bbox 2821 1608 3072 1661; x_wconf 87' lang='lat' dir='ltr'><strong>Dominus</strong></span> <span class='ocrx_word' id='word_1_329' title='bbox 3113 1610 3209 1676; x_wconf 87' lang='lat' dir='ltr'><strong>ipsi</strong></span> <span class='ocrx_word' id='word_1_330' title='bbox 3237 1624 3297 1662; x_wconf 87' lang='lat' dir='ltr'><strong>ac</strong></span> <span class='ocrx_word' id='word_1_331' title='bbox 3324 1625 3408 1664; x_wconf 76' lang='lat' dir='ltr'><strong>se-</strong></span> 
     </span>
    </p>
   </div>
   <div class='ocr_carea' id='block_1_44' title="bbox 1864 1688 3406 1766">
    <p class='ocr_par' dir='ltr' id='par_1_44' title="bbox 1864 1688 3406 1766">
     <span class='ocr_line' id='line_1_44' title="bbox 1864 1688 3406 1766; baseline 0.006 -26"><span class='ocrx_word' id='word_1_332' title='bbox 1864 1688 1990 1742; x_wconf 90' lang='lat' dir='ltr'><strong>tuini</strong></span> <span class='ocrx_word' id='word_1_333' title='bbox 2032 1688 2145 1757; x_wconf 70' lang='lat' dir='ltr'><strong>ejus</strong></span> <span class='ocrx_word' id='word_1_334' title='bbox 2192 1698 2385 1744; x_wconf 83' lang='lat' dir='ltr'><strong>terram</strong></span> <span class='ocrx_word' id='word_1_335' title='bbox 2428 1691 2678 1746; x_wconf 84' lang='lat' dir='ltr'><strong>Cltattaau</strong></span> <span class='ocrx_word' id='word_1_336' title='bbox 2729 1705 2987 1762; x_wconf 86' lang='lat' dir='ltr'><strong>perpetuo</strong></span> <span class='ocrx_word' id='word_1_337' title='bbox 3033 1697 3406 1766; x_wconf 83' lang='lat' dir='ltr'><strong>possidendam</strong></span> 
     </span>
    </p>
   </div>
   <div class='ocr_carea' id='block_1_45' title="bbox 1864 1777 2102 1831">
    <p class='ocr_par' dir='ltr' id='par_1_45' title="bbox 1864 1777 2102 1831">
     <span class='ocr_line' id='line_1_45' title="bbox 1864 1777 2102 1831; baseline 0.004 -1"><span class='ocrx_word' id='word_1_338' title='bbox 1864 1777 2102 1831; x_wconf 81' lang='lat' dir='ltr'><strong>donaret.</strong></span> 
     </span>
    </p>
   </div>
   <div class='ocr_carea' id='block_1_46' title="bbox 1931 1865 3408 1940">
    <p class='ocr_par' dir='ltr' id='par_1_46' title="bbox 1931 1865 3408 1940">
     <span class='ocr_line' id='line_1_46' title="bbox 1931 1865 3408 1940; baseline 0.004 -22"><span class='ocrx_word' id='word_1_339' title='bbox 1931 1865 2095 1936; x_wconf 80' lang='lat' dir='ltr'><strong>Igitur</strong></span> <span class='ocrx_word' id='word_1_340' title='bbox 2125 1867 2279 1922; x_wconf 89' lang='lat' dir='ltr'><strong>Sarai</strong></span> <span class='ocrx_word' id='word_1_341' title='bbox 2323 1883 2449 1922; x_wconf 69' lang='lat' dir='ltr'><strong>uxor</strong></span> <span class='ocrx_word' id='word_1_342' title='bbox 2487 1869 2634 1922; x_wconf 73' lang='lat' dir='ltr'><strong>Alme</strong></span> <span class='ocrx_word' id='word_1_343' title='bbox 2658 1886 2758 1924; x_wconf 91' lang='lat' dir='ltr'><strong>non</strong></span> <span class='ocrx_word' id='word_1_344' title='bbox 2799 1880 3036 1940; x_wconf 83' lang='lat' dir='ltr'><strong>genuerat</strong></span> <span class='ocrx_word' id='word_1_345' title='bbox 3083 1871 3284 1934; x_wconf 89' lang='lat' dir='ltr'><strong>liberos,</strong></span> <span class='ocrx_word' id='word_1_346' title='bbox 3320 1875 3408 1926; x_wconf 87' lang='lat' dir='ltr'><strong>sed</strong></span> 
     </span>
    </p>
   </div>
   <div class='ocr_carea' id='block_1_47' title="bbox 1857 1953 3408 2029">
    <p class='ocr_par' dir='ltr' id='par_1_47' title="bbox 1857 1953 3408 2029">
     <span class='ocr_line' id='line_1_47' title="bbox 1857 1953 3408 2029; baseline 0.005 -24"><span class='ocrx_word' id='word_1_347' title='bbox 1857 1953 2043 2007; x_wconf 76' lang='lat' dir='ltr'><strong>habens</strong></span> <span class='ocrx_word' id='word_1_348' title='bbox 2069 1958 2308 2008; x_wconf 74' lang='lat' dir='ltr'><strong>ancillam</strong></span> <span class='ocrx_word' id='word_1_349' title='bbox 2329 1957 2628 2027; x_wconf 67' lang='lat' dir='ltr'><strong>1Egyptiam</strong></span> <span class='ocrx_word' id='word_1_350' title='bbox 2654 1961 2854 2012; x_wconf 84' lang='lat' dir='ltr'><strong>nomine</strong></span> <span class='ocrx_word' id='word_1_351' title='bbox 2889 1962 3055 2029; x_wconf 78' lang='lat' dir='ltr'><strong>Agar,</strong></span> <span class='ocrx_word' id='word_1_352' title='bbox 3079 1963 3204 2014; x_wconf 74' lang='lat' dir='ltr'><strong>dirit</strong></span> <span class='ocrx_word' id='word_1_353' title='bbox 3229 1964 3408 2015; x_wconf 85' lang='lat' dir='ltr'><strong>marita</strong></span> 
     </span>
    </p>
   </div>
   <div class='ocr_carea' id='block_1_48' title="bbox 1858 2045 3409 2120">
    <p class='ocr_par' dir='ltr' id='par_1_48' title="bbox 1858 2045 3409 2120">
     <span class='ocr_line' id='line_1_48' title="bbox 1858 2045 3409 2120; baseline 0.003 -22"><span class='ocrx_word' id='word_1_354' title='bbox 1858 2061 1950 2098; x_wconf 89' lang='lat' dir='ltr'><strong>suo</strong></span> <span class='ocrx_word' id='word_1_355' title='bbox 1975 2061 1993 2097; x_wconf 92' lang='lat'><strong><em>:</em></strong></span> <span class='ocrx_word' id='word_1_356' title='bbox 2020 2045 2143 2098; x_wconf 77' lang='lat' dir='ltr'><strong>Ecce</strong></span> <span class='ocrx_word' id='word_1_357' title='bbox 2171 2047 2413 2100; x_wconf 82' lang='lat' dir='ltr'><strong>conclusit</strong></span> <span class='ocrx_word' id='word_1_358' title='bbox 2438 2065 2514 2100; x_wconf 89' lang='lat' dir='ltr'><strong>me</strong></span> <span class='ocrx_word' id='word_1_359' title='bbox 2538 2048 2779 2102; x_wconf 85' lang='lat' dir='ltr'><strong>Dominus</strong></span> <span class='ocrx_word' id='word_1_360' title='bbox 2801 2066 2861 2102; x_wconf 88' lang='lat' dir='ltr'><strong>ne</strong></span> <span class='ocrx_word' id='word_1_361' title='bbox 2882 2067 3128 2116; x_wconf 85' lang='lat' dir='ltr'><strong>parerent,</strong></span> <span class='ocrx_word' id='word_1_362' title='bbox 3150 2053 3409 2120; x_wconf 79' lang='lat' dir='ltr'><strong>ingredere</strong></span> 
     </span>
    </p>
   </div>
   <div class='ocr_carea' id='block_1_49' title="bbox 1858 2133 3403 2205">
    <p class='ocr_par' dir='ltr' id='par_1_49' title="bbox 1858 2133 3403 2205">
     <span class='ocr_line' id='line_1_49' title="bbox 1858 2133 3403 2205; baseline 0.006 -23"><span class='ocrx_word' id='word_1_363' title='bbox 1858 2133 1926 2183; x_wconf 86' lang='lat' dir='ltr'><strong>ad</strong></span> <span class='ocrx_word' id='word_1_364' title='bbox 1952 2134 2190 2185; x_wconf 77' lang='lat' dir='ltr'><strong>ancillam</strong></span> <span class='ocrx_word' id='word_1_365' title='bbox 2233 2151 2414 2199; x_wconf 76' lang='lat' dir='ltr'><strong>meam,</strong></span> <span class='ocrx_word' id='word_1_366' title='bbox 2450 2137 2493 2187; x_wconf 89' lang='lat' dir='ltr'><strong>si</strong></span> <span class='ocrx_word' id='word_1_367' title='bbox 2520 2137 2694 2188; x_wconf 83' lang='lat' dir='ltr'><strong>saltem</strong></span> <span class='ocrx_word' id='word_1_368' title='bbox 2724 2153 2788 2190; x_wconf 75' lang='lat' dir='ltr'><strong>ea:</strong></span> <span class='ocrx_word' id='word_1_369' title='bbox 2824 2137 2917 2189; x_wconf 88' lang='lat' dir='ltr'><strong>illa</strong></span> <span class='ocrx_word' id='word_1_370' title='bbox 2957 2139 3224 2196; x_wconf 82' lang='lat' dir='ltr'><strong>suscipiam</strong></span> <span class='ocrx_word' id='word_1_371' title='bbox 3248 2139 3403 2205; x_wconf 82' lang='lat' dir='ltr'><strong>ﬁlios.</strong></span> 
     </span>
    </p>
   </div>
   <div class='ocr_carea' id='block_1_50' title="bbox 1859 2221 3406 2296">
    <p class='ocr_par' dir='ltr' id='par_1_50' title="bbox 1859 2221 3406 2296">
     <span class='ocr_line' id='line_1_50' title="bbox 1859 2221 3406 2296; baseline 0.002 -20"><span class='ocrx_word' id='word_1_372' title='bbox 1859 2221 2078 2290; x_wconf 81' lang='lat' dir='ltr'><strong>Cumque</strong></span> <span class='ocrx_word' id='word_1_373' title='bbox 2110 2223 2198 2275; x_wconf 68' lang='lat' dir='ltr'><strong>ille</strong></span> <span class='ocrx_word' id='word_1_374' title='bbox 2234 2225 2564 2292; x_wconf 78' lang='lat' dir='ltr'><strong>acquiesceret</strong></span> <span class='ocrx_word' id='word_1_375' title='bbox 2591 2225 2901 2291; x_wconf 85' lang='lat' dir='ltr'><strong>deprecanti,</strong></span> <span class='ocrx_word' id='word_1_376' title='bbox 2933 2229 3043 2277; x_wconf 85' lang='lat' dir='ltr'><strong>tutit</strong></span> <span class='ocrx_word' id='word_1_377' title='bbox 3083 2225 3218 2296; x_wconf 74' lang='lat' dir='ltr'><strong>Agar</strong></span> <span class='ocrx_word' id='word_1_378' title='bbox 3238 2225 3406 2295; x_wconf 67' lang='lat' dir='ltr'><strong>ngy-</strong></span> 
     </span>
    </p>
   </div>
   <div class='ocr_carea' id='block_1_51' title="bbox 1861 2311 3409 2381">
    <p class='ocr_par' dir='ltr' id='par_1_51' title="bbox 1861 2311 3409 2381">
     <span class='ocr_line' id='line_1_51' title="bbox 1861 2311 3409 2381; baseline 0.003 -19"><span class='ocrx_word' id='word_1_379' title='bbox 1861 2312 2014 2376; x_wconf 87' lang='lat' dir='ltr'><strong>ptiam</strong></span> <span class='ocrx_word' id='word_1_380' title='bbox 2039 2311 2273 2362; x_wconf 87' lang='lat' dir='ltr'><strong>ancillam</strong></span> <span class='ocrx_word' id='word_1_381' title='bbox 2301 2327 2442 2364; x_wconf 85' lang='lat' dir='ltr'><strong>suam</strong></span> <span class='ocrx_word' id='word_1_382' title='bbox 2470 2320 2579 2380; x_wconf 86' lang='lat' dir='ltr'><strong>post</strong></span> <span class='ocrx_word' id='word_1_383' title='bbox 2615 2329 2774 2366; x_wconf 88' lang='lat' dir='ltr'><strong>annos</strong></span> <span class='ocrx_word' id='word_1_384' title='bbox 2804 2313 2972 2366; x_wconf 74' lang='lat' dir='ltr'><strong>decem</strong></span> <span class='ocrx_word' id='word_1_385' title='bbox 2991 2352 3005 2375; x_wconf 97' lang='lat'><strong>,</strong></span> <span class='ocrx_word' id='word_1_386' title='bbox 3037 2315 3238 2381; x_wconf 83' lang='lat' dir='ltr'><strong>quando</strong></span> <span class='ocrx_word' id='word_1_387' title='bbox 3265 2315 3409 2367; x_wconf 77' lang='lat' dir='ltr'><strong>habi-</strong></span> 
     </span>
    </p>
   </div>
   <div class='ocr_carea' id='block_1_52' title="bbox 1863 2401 3408 2466">
    <p class='ocr_par' dir='ltr' id='par_1_52' title="bbox 1863 2401 3408 2466">
     <span class='ocr_line' id='line_1_52' title="bbox 1863 2401 3408 2466; baseline 0.002 -13"><span class='ocrx_word' id='word_1_388' title='bbox 1863 2410 1966 2454; x_wconf 86' lang='lat' dir='ltr'><strong>tare</strong></span> <span class='ocrx_word' id='word_1_389' title='bbox 2001 2411 2215 2466; x_wconf 72' lang='lat' dir='ltr'><strong>caperat</strong></span> <span class='ocrx_word' id='word_1_390' title='bbox 2242 2401 2293 2452; x_wconf 88' lang='lat' dir='ltr'><strong>iu</strong></span> <span class='ocrx_word' id='word_1_391' title='bbox 2333 2411 2467 2453; x_wconf 84' lang='lat' dir='ltr'><strong>terra</strong></span> <span class='ocrx_word' id='word_1_392' title='bbox 2498 2401 2767 2466; x_wconf 84' lang='lat' dir='ltr'><strong>Chanaan,</strong></span> <span class='ocrx_word' id='word_1_393' title='bbox 2797 2412 2847 2456; x_wconf 91' lang='lat' dir='ltr'><strong>et</strong></span> <span class='ocrx_word' id='word_1_394' title='bbox 2878 2404 3010 2454; x_wconf 82' lang='lat' dir='ltr'><strong>dedit</strong></span> <span class='ocrx_word' id='word_1_395' title='bbox 3035 2419 3146 2456; x_wconf 89' lang='lat' dir='ltr'><strong>eam</strong></span> <span class='ocrx_word' id='word_1_396' title='bbox 3183 2405 3287 2455; x_wconf 79' lang='lat' dir='ltr'><strong>uiro</strong></span> <span class='ocrx_word' id='word_1_397' title='bbox 3315 2419 3408 2456; x_wconf 87' lang='lat' dir='ltr'><strong>suo</strong></span> 
     </span>
    </p>
   </div>
   <div class='ocr_carea' id='block_1_53' title="bbox 1863 2492 3409 2562">
    <p class='ocr_par' dir='ltr' id='par_1_53' title="bbox 1863 2492 3409 2562">
     <span class='ocr_line' id='line_1_53' title="bbox 1863 2492 3409 2562; baseline 0.001 -20"><span class='ocrx_word' id='word_1_398' title='bbox 1863 2505 2088 2554; x_wconf 72' lang='lat' dir='ltr'><strong>uxorem,</strong></span> <span class='ocrx_word' id='word_1_399' title='bbox 2114 2493 2199 2556; x_wconf 82' lang='lat' dir='ltr'><strong>qui</strong></span> <span class='ocrx_word' id='word_1_400' title='bbox 2227 2492 2472 2560; x_wconf 82' lang='lat' dir='ltr'><strong>ingressus</strong></span> <span class='ocrx_word' id='word_1_401' title='bbox 2501 2501 2570 2544; x_wconf 91' lang='lat' dir='ltr'><strong>est</strong></span> <span class='ocrx_word' id='word_1_402' title='bbox 2594 2495 2660 2562; x_wconf 84' lang='lat' dir='ltr'><strong>ad</strong></span> <span class='ocrx_word' id='word_1_403' title='bbox 2689 2507 2829 2554; x_wconf 87' lang='lat' dir='ltr'><strong>eam;</strong></span> <span class='ocrx_word' id='word_1_404' title='bbox 2856 2502 2906 2543; x_wconf 89' lang='lat' dir='ltr'><strong>at</strong></span> <span class='ocrx_word' id='word_1_405' title='bbox 2935 2493 3025 2544; x_wconf 88' lang='lat' dir='ltr'><strong>illa</strong></span> <span class='ocrx_word' id='word_1_406' title='bbox 3051 2493 3330 2555; x_wconf 85' lang='lat' dir='ltr'><strong>concepisse</strong></span> <span class='ocrx_word' id='word_1_407' title='bbox 3357 2508 3409 2544; x_wconf 84' lang='lat' dir='ltr'><strong>se</strong></span> 
     </span>
    </p>
   </div>
   <div class='ocr_carea' id='block_1_54' title="bbox 1862 2580 3408 2648">
    <p class='ocr_par' dir='ltr' id='par_1_54' title="bbox 1862 2580 3408 2648">
     <span class='ocr_line' id='line_1_54' title="bbox 1862 2580 3408 2648; baseline 0.001 -16"><span class='ocrx_word' id='word_1_408' title='bbox 1862 2581 2062 2643; x_wconf 75' lang='lat' dir='ltr'><strong>videns,</strong></span> <span class='ocrx_word' id='word_1_409' title='bbox 2105 2580 2325 2648; x_wconf 72' lang='lat' dir='ltr'><strong>despext</strong></span> <span class='ocrx_word' id='word_1_410' title='bbox 2361 2581 2614 2634; x_wconf 84' lang='lat' dir='ltr'><strong>dominam</strong></span> <span class='ocrx_word' id='word_1_411' title='bbox 2679 2598 2852 2648; x_wconf 87' lang='lat' dir='ltr'><strong>suam,-</strong></span> <span class='ocrx_word' id='word_1_412' title='bbox 2895 2591 2996 2635; x_wconf 86' lang='lat' dir='ltr'><strong>etc.</strong></span> <span class='ocrx_word' id='word_1_413' title='bbox 3057 2581 3127 2632; x_wconf 89' lang='lat' dir='ltr'><strong>De</strong></span> <span class='ocrx_word' id='word_1_414' title='bbox 3171 2582 3325 2648; x_wconf 81' lang='lat' dir='ltr'><strong>Agar</strong></span> <span class='ocrx_word' id='word_1_415' title='bbox 3355 2590 3408 2633; x_wconf 89' lang='lat' dir='ltr'><strong>et</strong></span> 
     </span>
    </p>
   </div>
   <div class='ocr_carea' id='block_1_55' title="bbox 1865 2670 3407 2740">
    <p class='ocr_par' dir='ltr' id='par_1_55' title="bbox 1865 2670 3407 2740">
     <span class='ocr_line' id='line_1_55' title="bbox 1865 2670 3407 2740; baseline 0.001 -16"><span class='ocrx_word' id='word_1_416' title='bbox 1865 2670 2051 2724; x_wconf 83' lang='lat' dir='ltr'><strong>lsmael</strong></span> <span class='ocrx_word' id='word_1_417' title='bbox 2080 2672 2341 2739; x_wconf 84' lang='lat' dir='ltr'><strong>quomodo</strong></span> <span class='ocrx_word' id='word_1_418' title='bbox 2368 2673 2698 2740; x_wconf 83' lang='lat' dir='ltr'><strong>Syuagogam</strong></span> <span class='ocrx_word' id='word_1_419' title='bbox 2747 2681 2800 2726; x_wconf 87' lang='lat' dir='ltr'><strong>et</strong></span> <span class='ocrx_word' id='word_1_420' title='bbox 2831 2673 2990 2727; x_wconf 79' lang='lat' dir='ltr'><strong>Vetus</strong></span> <span class='ocrx_word' id='word_1_421' title='bbox 3019 2673 3407 2726; x_wconf 81' lang='lat' dir='ltr'><strong>Testamentum</strong></span> 
     </span>
    </p>
   </div>
   <div class='ocr_carea' id='block_1_56' title="bbox 1868 2759 3408 2827">
    <p class='ocr_par' dir='ltr' id='par_1_56' title="bbox 1868 2759 3408 2827">
     <span class='ocr_line' id='line_1_56' title="bbox 1868 2759 3408 2827; baseline 0.003 -18"><span class='ocrx_word' id='word_1_422' title='bbox 1868 2768 1892 2804; x_wconf 75' lang='grc' dir='ltr'><em>ε</em></span> <span class='ocrx_word' id='word_1_423' title='bbox 1919 2759 2213 2826; x_wconf 81' lang='lat' dir='ltr'><strong>designent.</strong></span> <span class='ocrx_word' id='word_1_424' title='bbox 2246 2762 2379 2813; x_wconf 83' lang='lat' dir='ltr'><strong>sicut</strong></span> <span class='ocrx_word' id='word_1_425' title='bbox 2405 2760 2534 2812; x_wconf 83' lang='lat' dir='ltr'><strong>Sara</strong></span> <span class='ocrx_word' id='word_1_426' title='bbox 2564 2771 2618 2812; x_wconf 91' lang='lat' dir='ltr'><strong>et</strong></span> <span class='ocrx_word' id='word_1_427' title='bbox 2647 2761 2792 2814; x_wconf 86' lang='lat' dir='ltr'><strong>Isaac</strong></span> <span class='ocrx_word' id='word_1_428' title='bbox 2820 2762 2956 2814; x_wconf 88' lang='lat' dir='ltr'><strong>lilius</strong></span> <span class='ocrx_word' id='word_1_429' title='bbox 2985 2763 3098 2827; x_wconf 80' lang='lat' dir='ltr'><strong>ejus</strong></span> <span class='ocrx_word' id='word_1_430' title='bbox 3126 2762 3408 2814; x_wconf 84' lang='lat' dir='ltr'><strong>Ecclesiant</strong></span> 
     </span>
    </p>
   </div>
   <div class='ocr_carea' id='block_1_57' title="bbox 1865 2845 3407 2915">
    <p class='ocr_par' dir='ltr' id='par_1_57' title="bbox 1865 2845 3407 2915">
     <span class='ocr_line' id='line_1_57' title="bbox 1865 2845 3407 2915; baseline 0.002 -17"><span class='ocrx_word' id='word_1_431' title='bbox 1865 2859 1928 2898; x_wconf 87' lang='lat' dir='ltr'><strong>ac</strong></span> <span class='ocrx_word' id='word_1_432' title='bbox 1959 2845 2157 2898; x_wconf 85' lang='lat' dir='ltr'><strong>Novum</strong></span> <span class='ocrx_word' id='word_1_433' title='bbox 2186 2847 2580 2900; x_wconf 81' lang='lat' dir='ltr'><strong>Testamentum</strong></span> <span class='ocrx_word' id='word_1_434' title='bbox 2604 2890 2618 2910; x_wconf 90' lang='lat'><strong>,</strong></span> <span class='ocrx_word' id='word_1_435' title='bbox 2654 2848 2933 2914; x_wconf 80' lang='lat' dir='ltr'><strong>Apostolus</strong></span> <span class='ocrx_word' id='word_1_436' title='bbox 2961 2849 3024 2900; x_wconf 85' lang='lat' dir='ltr'><strong>ad</strong></span> <span class='ocrx_word' id='word_1_437' title='bbox 3057 2848 3266 2901; x_wconf 66' lang='lat' dir='ltr'><strong>Galatas</strong></span> <span class='ocrx_word' id='word_1_438' title='bbox 3294 2850 3407 2915; x_wconf 79' lang='lat' dir='ltr'><strong>ple-</strong></span> 
     </span>
    </p>
   </div>
   <div class='ocr_carea' id='block_1_58' title="bbox 1867 2934 3410 3006">
    <p class='ocr_par' dir='ltr' id='par_1_58' title="bbox 1867 2934 3410 3006">
     <span class='ocr_line' id='line_1_58' title="bbox 1867 2934 3410 3006; baseline 0.005 -21"><span class='ocrx_word' id='word_1_439' title='bbox 1867 2934 2086 2987; x_wconf 85' lang='lat' dir='ltr'><strong>nissimo</strong></span> <span class='ocrx_word' id='word_1_440' title='bbox 2107 2935 2372 2990; x_wconf 87' lang='lat' dir='ltr'><strong>disseruit.</strong></span> <span class='ocrx_word' id='word_1_441' title='bbox 2425 2937 2572 3001; x_wconf 85' lang='lat' dir='ltr'><strong>Quod</strong></span> <span class='ocrx_word' id='word_1_442' title='bbox 2604 2946 2777 2990; x_wconf 88' lang='lat' dir='ltr'><strong>autem</strong></span> <span class='ocrx_word' id='word_1_443' title='bbox 2822 2937 2887 2989; x_wconf 90' lang='lat' dir='ltr'><strong>ad</strong></span> <span class='ocrx_word' id='word_1_444' title='bbox 2919 2952 3028 2990; x_wconf 76' lang='lat' dir='ltr'><strong>rem</strong></span> <span class='ocrx_word' id='word_1_445' title='bbox 3059 2938 3282 3004; x_wconf 88' lang='lat' dir='ltr'><strong>pertinet</strong></span> <span class='ocrx_word' id='word_1_446' title='bbox 3320 2953 3410 3006; x_wconf 84' lang='lat' dir='ltr'><strong>ge-</strong></span> 
     </span>
    </p>
   </div>
   <div class='ocr_carea' id='block_1_59' title="bbox 1868 3023 3412 3096">
    <p class='ocr_par' dir='ltr' id='par_1_59' title="bbox 1868 3023 3412 3096">
     <span class='ocr_line' id='line_1_59' title="bbox 1868 3023 3412 3096; baseline 0.002 -20"><span class='ocrx_word' id='word_1_447' title='bbox 1868 3033 2024 3088; x_wconf 84' lang='lat' dir='ltr'><strong>stam,</strong></span> <span class='ocrx_word' id='word_1_448' title='bbox 2057 3025 2202 3077; x_wconf 91' lang='lat' dir='ltr'><strong>nullo</strong></span> <span class='ocrx_word' id='word_1_449' title='bbox 2231 3027 2387 3078; x_wconf 87' lang='lat' dir='ltr'><strong>modo</strong></span> <span class='ocrx_word' id='word_1_450' title='bbox 2414 3037 2496 3079; x_wconf 86' lang='lat' dir='ltr'><strong>est</strong></span> <span class='ocrx_word' id='word_1_451' title='bbox 2538 3023 2564 3063; x_wconf 80' lang='grc' dir='ltr'><strong>Ιι</strong></span> <span class='ocrx_word' id='word_1_452' title='bbox 2609 3027 2934 3079; x_wconf 77' lang='lat' dir='ltr'><strong>inferendum</strong></span> <span class='ocrx_word' id='word_1_453' title='bbox 2956 3067 2971 3090; x_wconf 91' lang='lat'><strong>,</strong></span> <span class='ocrx_word' id='word_1_454' title='bbox 3008 3025 3315 3096; x_wconf 68' lang='lat' dir='ltr'><strong>inurendum</strong></span> <span class='ocrx_word' id='word_1_455' title='bbox 3343 3027 3412 3079; x_wconf 87' lang='lat' dir='ltr'><strong>de</strong></span> 
     </span>
    </p>
   </div>
   <div class='ocr_carea' id='block_1_60' title="bbox 230 3111 3410 3200">
    <p class='ocr_par' dir='ltr' id='par_1_60' title="bbox 230 3111 3410 3200">
     <span class='ocr_line' id='line_1_60' title="bbox 230 3111 3410 3200; baseline -0.009 -11"><span class='ocrx_word' id='word_1_456' title='bbox 230 3111 383 3188; x_wconf 83' lang='lat' dir='ltr'><strong>mero</strong></span> <span class='ocrx_word' id='word_1_457' title='bbox 411 3130 760 3200; x_wconf 68' lang='lat' dir='ltr'><strong>praeterirent,</strong></span> <span class='ocrx_word' id='word_1_458' title='bbox 802 3121 1010 3193; x_wconf 83' lang='lat' dir='ltr'><strong>quando</strong></span> <span class='ocrx_word' id='word_1_459' title='bbox 1041 3119 1128 3174; x_wconf 89' lang='lat' dir='ltr'><strong>illa</strong></span> <span class='ocrx_word' id='word_1_460' title='bbox 1173 3119 1224 3171; x_wconf 90' lang='lat' dir='ltr'><strong>in</strong></span> <span class='ocrx_word' id='word_1_461' title='bbox 1256 3117 1370 3170; x_wconf 86' lang='lat' dir='ltr'><strong>visu</strong></span> <span class='ocrx_word' id='word_1_462' title='bbox 1413 3114 1766 3168; x_wconf 81' lang='lat' dir='ltr'><strong>demonstrata</strong></span> <span class='ocrx_word' id='word_1_463' title='bbox 1797 3135 1844 3198; x_wconf 65' lang='grc' dir='ltr'>ε</span> <span class='ocrx_word' id='word_1_464' title='bbox 1873 3111 1970 3166; x_wconf 78' lang='lat' dir='ltr'><strong>huc</strong></span> <span class='ocrx_word' id='word_1_465' title='bbox 1999 3112 2291 3167; x_wconf 83' lang='lat' dir='ltr'><strong>concubina</strong></span> <span class='ocrx_word' id='word_1_466' title='bbox 2318 3116 2517 3166; x_wconf 70' lang='lat' dir='ltr'><strong>crimen</strong></span> <span class='ocrx_word' id='word_1_467' title='bbox 2549 3115 2790 3178; x_wconf 76' lang='lat' dir='ltr'><strong>Ahraltzr,</strong></span> <span class='ocrx_word' id='word_1_468' title='bbox 2841 3129 2964 3167; x_wconf 87' lang='lat' dir='ltr'><strong>usus</strong></span> <span class='ocrx_word' id='word_1_469' title='bbox 2999 3124 3080 3177; x_wconf 84' lang='lat' dir='ltr'><strong>est</strong></span> <span class='ocrx_word' id='word_1_470' title='bbox 3117 3129 3178 3168; x_wconf 83' lang='lat' dir='ltr'><strong>ea</strong></span> <span class='ocrx_word' id='word_1_471' title='bbox 3219 3116 3410 3181; x_wconf 75' lang='lat' dir='ltr'><strong>quippe</strong></span> 
     </span>
    </p>
   </div>
   <div class='ocr_carea' id='block_1_61' title="bbox 227 3204 1769 3278">
    <p class='ocr_par' dir='ltr' id='par_1_61' title="bbox 227 3204 1769 3278">
     <span class='ocr_line' id='line_1_61' title="bbox 227 3204 1769 3278; baseline -0.016 -2"><span class='ocrx_word' id='word_1_472' title='bbox 227 3229 292 3276; x_wconf 74' lang='lat' dir='ltr'><strong>et</strong></span> <span class='ocrx_word' id='word_1_473' title='bbox 319 3220 454 3274; x_wconf 81' lang='lat' dir='ltr'><strong>dicta</strong></span> <span class='ocrx_word' id='word_1_474' title='bbox 482 3226 606 3272; x_wconf 89' lang='lat' dir='ltr'><strong>sunt</strong></span> <span class='ocrx_word' id='word_1_475' title='bbox 647 3213 891 3277; x_wconf 72' lang='lat' dir='ltr'><strong>Abrabm,</strong></span> <span class='ocrx_word' id='word_1_476' title='bbox 921 3211 999 3264; x_wconf 86' lang='lat' dir='ltr'><strong>vel</strong></span> <span class='ocrx_word' id='word_1_477' title='bbox 1029 3204 1238 3278; x_wconf 84' lang='lat' dir='ltr'><strong>quando</strong></span> <span class='ocrx_word' id='word_1_478' title='bbox 1266 3207 1413 3260; x_wconf 88' lang='lat' dir='ltr'><strong>Isaac</strong></span> <span class='ocrx_word' id='word_1_479' title='bbox 1465 3210 1619 3256; x_wconf 90' lang='lat' dir='ltr'><strong>natus</strong></span> <span class='ocrx_word' id='word_1_480' title='bbox 1666 3206 1769 3264; x_wconf 90' lang='lat' dir='ltr'><strong>est,</strong></span> 
     </span>
    </p>
   </div>
   <div class='ocr_carea' id='block_1_62' title="bbox 235 3287 1775 3371">
    <p class='ocr_par' dir='ltr' id='par_1_62' title="bbox 235 3287 1775 3371">
     <span class='ocr_line' id='line_1_62' title="bbox 235 3287 1775 3371; baseline -0.014 -11"><span class='ocrx_word' id='word_1_481' title='bbox 235 3305 543 3362; x_wconf 65' lang='lat' dir='ltr'><strong>stentenarlo</strong></span> <span class='ocrx_word' id='word_1_482' title='bbox 582 3301 718 3371; x_wconf 90' lang='lat' dir='ltr'><strong>patri</strong></span> <span class='ocrx_word' id='word_1_483' title='bbox 747 3315 864 3364; x_wconf 88' lang='lat' dir='ltr'><strong>suo,</strong></span> <span class='ocrx_word' id='word_1_484' title='bbox 889 3315 916 3349; x_wconf 86' lang='lat' dir='ltr'><strong>a</strong></span> <span class='ocrx_word' id='word_1_485' title='bbox 947 3298 1109 3366; x_wconf 91' lang='lat' dir='ltr'><strong>prima</strong></span> <span class='ocrx_word' id='word_1_486' title='bbox 1142 3293 1487 3364; x_wconf 84' lang='lat' dir='ltr'><strong>promissione</strong></span> <span class='ocrx_word' id='word_1_487' title='bbox 1533 3298 1651 3357; x_wconf 86' lang='lat' dir='ltr'><strong>post</strong></span> <span class='ocrx_word' id='word_1_488' title='bbox 1692 3287 1775 3339; x_wconf 80' lang='lat' dir='ltr'><strong>vi-</strong></span> 
     </span>
    </p>
   </div>
   <div class='ocr_carea' id='block_1_63' title="bbox 240 3376 1774 3466">
    <p class='ocr_par' dir='ltr' id='par_1_63' title="bbox 240 3376 1774 3466">
     <span class='ocr_line' id='line_1_63' title="bbox 240 3376 1774 3466; baseline -0.014 -16"><span class='ocrx_word' id='word_1_489' title='bbox 240 3397 373 3466; x_wconf 78' lang='lat' dir='ltr'><strong>ginti</strong></span> <span class='ocrx_word' id='word_1_490' title='bbox 400 3394 630 3465; x_wconf 85' lang='lat' dir='ltr'><strong>quinque</strong></span> <span class='ocrx_word' id='word_1_491' title='bbox 655 3402 855 3451; x_wconf 82' lang='lat' dir='ltr'><strong>annos;</strong></span> <span class='ocrx_word' id='word_1_492' title='bbox 879 3401 996 3441; x_wconf 91' lang='lat' dir='ltr'><strong>cum</strong></span> <span class='ocrx_word' id='word_1_493' title='bbox 1022 3386 1128 3452; x_wconf 85' lang='lat' dir='ltr'><strong>jam</strong></span> <span class='ocrx_word' id='word_1_494' title='bbox 1152 3399 1212 3437; x_wconf 78' lang='lat' dir='ltr'><strong>es</strong></span> <span class='ocrx_word' id='word_1_495' title='bbox 1238 3383 1352 3437; x_wconf 85' lang='lat' dir='ltr'><strong>istis</strong></span> <span class='ocrx_word' id='word_1_496' title='bbox 1380 3376 1774 3450; x_wconf 81' lang='lat' dir='ltr'><strong>quadringentis</strong></span> 
     </span>
    </p>
   </div>
   <div class='ocr_carea' id='block_1_64' title="bbox 237 3475 1778 3556">
    <p class='ocr_par' dir='ltr' id='par_1_64' title="bbox 237 3475 1778 3556">
     <span class='ocr_line' id='line_1_64' title="bbox 237 3475 1778 3556; baseline -0.013 -15"><span class='ocrx_word' id='word_1_497' title='bbox 237 3484 474 3556; x_wconf 84' lang='lat' dir='ltr'><strong>triginta,</strong></span> <span class='ocrx_word' id='word_1_498' title='bbox 521 3477 890 3552; x_wconf 84' lang='lat' dir='ltr'><strong>quadringenti</strong></span> <span class='ocrx_word' id='word_1_499' title='bbox 917 3486 971 3530; x_wconf 89' lang='lat' dir='ltr'><strong>et</strong></span> <span class='ocrx_word' id='word_1_500' title='bbox 998 3475 1229 3544; x_wconf 87' lang='lat' dir='ltr'><strong>quinque</strong></span> <span class='ocrx_word' id='word_1_501' title='bbox 1267 3477 1618 3532; x_wconf 87' lang='lat' dir='ltr'><strong>remanerent,</strong></span> <span class='ocrx_word' id='word_1_502' title='bbox 1647 3482 1778 3536; x_wconf 86' lang='lat' dir='ltr'><strong>quos</strong></span> 
     </span>
    </p>
   </div>
   <div class='ocr_carea' id='block_1_65' title="bbox 234 3562 1464 3640">
    <p class='ocr_par' dir='ltr' id='par_1_65' title="bbox 234 3562 1464 3640">
     <span class='ocr_line' id='line_1_65' title="bbox 234 3562 1464 3640; baseline -0.015 -8"><span class='ocrx_word' id='word_1_503' title='bbox 234 3575 490 3632; x_wconf 88' lang='lat' dir='ltr'><strong>Dominus</strong></span> <span class='ocrx_word' id='word_1_504' title='bbox 530 3572 942 3640; x_wconf 88' lang='lat' dir='ltr'><strong>quadringentos</strong></span> <span class='ocrx_word' id='word_1_505' title='bbox 970 3565 1134 3619; x_wconf 88' lang='lat' dir='ltr'><strong>voluit</strong></span> <span class='ocrx_word' id='word_1_506' title='bbox 1166 3562 1464 3616; x_wconf 86' lang='lat' dir='ltr'><strong>nominare.</strong></span> 
     </span>
    </p>
   </div>
   <div class='ocr_carea' id='block_1_66' title="bbox 305 3645 1775 3725">
    <p class='ocr_par' dir='ltr' id='par_1_66' title="bbox 305 3645 1775 3725">
     <span class='ocr_line' id='line_1_66' title="bbox 305 3645 1775 3725; baseline -0.015 -6"><span class='ocrx_word' id='word_1_507' title='bbox 305 3660 634 3719; x_wconf 80' lang='lat' dir='ltr'><strong>Geueratiane</strong></span> <span class='ocrx_word' id='word_1_508' title='bbox 655 3654 822 3713; x_wconf 83' lang='lat' dir='ltr'><strong>autem</strong></span> <span class='ocrx_word' id='word_1_509' title='bbox 848 3663 1028 3725; x_wconf 87' lang='lat' dir='ltr'><strong>quarta</strong></span> <span class='ocrx_word' id='word_1_510' title='bbox 1055 3652 1082 3691; x_wconf 72' lang='grc' dir='ltr'>δ</span> <span class='ocrx_word' id='word_1_511' title='bbox 1108 3657 1415 3707; x_wconf 77' lang='lat' dir='ltr'><strong>revertentur</strong></span> <span class='ocrx_word' id='word_1_512' title='bbox 1459 3650 1570 3700; x_wconf 78' lang='lat' dir='ltr'><strong>huc.</strong></span> <span class='ocrx_word' id='word_1_513' title='bbox 1614 3645 1775 3699; x_wconf 78' lang='lat' dir='ltr'><strong>Caatlt</strong></span> 
     </span>
    </p>
   </div>
   <div class='ocr_carea' id='block_1_67' title="bbox 233 3732 1780 3819">
    <p class='ocr_par' dir='ltr' id='par_1_67' title="bbox 233 3732 1780 3819">
     <span class='ocr_line' id='line_1_67' title="bbox 233 3732 1780 3819; baseline -0.016 -10"><span class='ocrx_word' id='word_1_514' title='bbox 233 3769 358 3809; x_wconf 90' lang='lat' dir='ltr'><strong>cum</strong></span> <span class='ocrx_word' id='word_1_515' title='bbox 400 3759 545 3819; x_wconf 83' lang='lat' dir='ltr'><strong>patre</strong></span> <span class='ocrx_word' id='word_1_516' title='bbox 572 3763 670 3803; x_wconf 88' lang='lat' dir='ltr'><strong>suo</strong></span> <span class='ocrx_word' id='word_1_517' title='bbox 711 3745 835 3801; x_wconf 79' lang='lat' dir='ltr'><strong>Leti</strong></span> <span class='ocrx_word' id='word_1_518' title='bbox 865 3747 1130 3812; x_wconf 61' lang='lat' dir='ltr'><strong>ingressus</strong></span> <span class='ocrx_word' id='word_1_519' title='bbox 1157 3747 1240 3793; x_wconf 90' lang='lat' dir='ltr'><strong>est</strong></span> <span class='ocrx_word' id='word_1_520' title='bbox 1281 3736 1586 3806; x_wconf 64' lang='lat' dir='ltr'><strong>Egyptum,</strong></span> <span class='ocrx_word' id='word_1_521' title='bbox 1629 3732 1780 3800; x_wconf 87' lang='lat' dir='ltr'><strong>cujus</strong></span> 
     </span>
    </p>
   </div>
   <div class='ocr_carea' id='block_1_68' title="bbox 237 3822 1778 3905">
    <p class='ocr_par' dir='ltr' id='par_1_68' title="bbox 237 3822 1778 3905">
     <span class='ocr_line' id='line_1_68' title="bbox 237 3822 1778 3905; baseline -0.018 -7"><span class='ocrx_word' id='word_1_522' title='bbox 237 3843 383 3899; x_wconf 77' lang='lat' dir='ltr'><strong>Illius</strong></span> <span class='ocrx_word' id='word_1_523' title='bbox 406 3842 638 3904; x_wconf 83' lang='lat' dir='ltr'><strong>Amram,</strong></span> <span class='ocrx_word' id='word_1_524' title='bbox 660 3831 810 3905; x_wconf 79' lang='lat' dir='ltr'><strong>cujus</strong></span> <span class='ocrx_word' id='word_1_525' title='bbox 840 3833 980 3888; x_wconf 84' lang='lat' dir='ltr'><strong>lilius</strong></span> <span class='ocrx_word' id='word_1_526' title='bbox 1005 3833 1199 3893; x_wconf 88' lang='lat' dir='ltr'><strong>Aaron,</strong></span> <span class='ocrx_word' id='word_1_527' title='bbox 1217 3828 1368 3893; x_wconf 78' lang='lat' dir='ltr'><strong>cujus</strong></span> <span class='ocrx_word' id='word_1_528' title='bbox 1387 3824 1520 3878; x_wconf 80' lang='lat' dir='ltr'><strong>illius</strong></span> <span class='ocrx_word' id='word_1_529' title='bbox 1543 3822 1778 3882; x_wconf 75' lang='lat' dir='ltr'><strong>Eleasar,</strong></span> 
     </span>
    </p>
   </div>
   <div class='ocr_carea' id='block_1_69' title="bbox 233 3911 1781 4005">
    <p class='ocr_par' dir='ltr' id='par_1_69' title="bbox 233 3911 1781 4005">
     <span class='ocr_line' id='line_1_69' title="bbox 233 3911 1781 4005; baseline -0.016 -16"><span class='ocrx_word' id='word_1_530' title='bbox 233 3933 329 4005; x_wconf 86' lang='lat' dir='ltr'><strong>qui</strong></span> <span class='ocrx_word' id='word_1_531' title='bbox 355 3946 474 3987; x_wconf 85' lang='lat' dir='ltr'><strong>cum</strong></span> <span class='ocrx_word' id='word_1_532' title='bbox 497 3937 634 3983; x_wconf 86' lang='lat' dir='ltr'><strong>esset</strong></span> <span class='ocrx_word' id='word_1_533' title='bbox 653 3934 868 3998; x_wconf 87' lang='lat' dir='ltr'><strong>quartus</strong></span> <span class='ocrx_word' id='word_1_534' title='bbox 895 3937 923 3976; x_wconf 90' lang='lat' dir='ltr'><strong>a</strong></span> <span class='ocrx_word' id='word_1_535' title='bbox 946 3921 1130 3981; x_wconf 84' lang='lat' dir='ltr'><strong>Caatlt,</strong></span> <span class='ocrx_word' id='word_1_536' title='bbox 1159 3933 1279 3973; x_wconf 91' lang='lat' dir='ltr'><strong>cum</strong></span> <span class='ocrx_word' id='word_1_537' title='bbox 1310 3925 1455 3985; x_wconf 79' lang='lat' dir='ltr'><strong>patre</strong></span> <span class='ocrx_word' id='word_1_538' title='bbox 1472 3927 1581 4005; x_wconf 79' lang='lat' dir='ltr'><strong>suo</strong></span> <span class='ocrx_word' id='word_1_539' title='bbox 1607 3911 1781 4005; x_wconf 42' lang='lat' dir='ltr'><strong>Att-ron</strong></span> 
     </span>
    </p>
   </div>
   <div class='ocr_carea' id='block_1_70' title="bbox 236 4000 1783 4092">
    <p class='ocr_par' dir='ltr' id='par_1_70' title="bbox 236 4000 1783 4092">
     <span class='ocr_line' id='line_1_70' title="bbox 236 4000 1783 4092; baseline -0.016 -14"><span class='ocrx_word' id='word_1_540' title='bbox 236 4000 486 4092; x_wconf 73' lang='lat' dir='ltr'><strong>egressus</strong></span> <span class='ocrx_word' id='word_1_541' title='bbox 512 4027 593 4074; x_wconf 58' lang='lat' dir='ltr'><strong>est</strong></span> <span class='ocrx_word' id='word_1_542' title='bbox 623 4019 645 4048; x_wconf 71' lang='grc'>⁸</span> <span class='ocrx_word' id='word_1_543' title='bbox 678 4015 937 4085; x_wconf 65' lang='lat' dir='ltr'><strong>Egypto;</strong></span> <span class='ocrx_word' id='word_1_544' title='bbox 982 4019 1042 4065; x_wconf 93' lang='lat' dir='ltr'><strong>et</strong></span> <span class='ocrx_word' id='word_1_545' title='bbox 1079 4008 1168 4078; x_wconf 86' lang='lat' dir='ltr'><strong>illo</strong></span> <span class='ocrx_word' id='word_1_546' title='bbox 1198 4007 1250 4060; x_wconf 87' lang='lat' dir='ltr'><strong>itt</strong></span> <span class='ocrx_word' id='word_1_547' title='bbox 1296 4003 1574 4059; x_wconf 83' lang='lat' dir='ltr'><strong>solitudlue</strong></span> <span class='ocrx_word' id='word_1_548' title='bbox 1602 4000 1783 4055; x_wconf 84' lang='lat' dir='ltr'><strong>delun-</strong></span> 
     </span>
    </p>
   </div>
   <div class='ocr_carea' id='block_1_71' title="bbox 236 4093 1489 4174">
    <p class='ocr_par' dir='ltr' id='par_1_71' title="bbox 236 4093 1489 4174">
     <span class='ocr_line' id='line_1_71' title="bbox 236 4093 1489 4174; baseline -0.018 -7"><span class='ocrx_word' id='word_1_549' title='bbox 236 4123 349 4173; x_wconf 82' lang='lat' dir='ltr'><strong>cto.</strong></span> <span class='ocrx_word' id='word_1_550' title='bbox 379 4109 406 4146; x_wconf 80' lang='grc'><em>⁴</em></span> <span class='ocrx_word' id='word_1_551' title='bbox 435 4110 548 4174; x_wconf 72' lang='lat' dir='ltr'><strong>ipse</strong></span> <span class='ocrx_word' id='word_1_552' title='bbox 576 4114 765 4160; x_wconf 84' lang='lat' dir='ltr'><strong>terram</strong></span> <span class='ocrx_word' id='word_1_553' title='bbox 810 4097 1231 4170; x_wconf 87' lang='lat' dir='ltr'><strong>repromissionis</strong></span> <span class='ocrx_word' id='word_1_554' title='bbox 1258 4093 1489 4146; x_wconf 84' lang='lat' dir='ltr'><strong>intravit.</strong></span> 
     </span>
    </p>
   </div>
   <div class='ocr_carea' id='block_1_72' title="bbox 314 4180 1782 4265">
    <p class='ocr_par' dir='ltr' id='par_1_72' title="bbox 314 4180 1782 4265">
     <span class='ocr_line' id='line_1_72' title="bbox 314 4180 1782 4265; baseline -0.016 -12"><span class='ocrx_word' id='word_1_555' title='bbox 314 4200 438 4253; x_wconf 83' lang='lat' dir='ltr'><strong>Cum</strong></span> <span class='ocrx_word' id='word_1_556' title='bbox 460 4203 576 4265; x_wconf 77' lang='lat' dir='ltr'><strong>ergo</strong></span> <span class='ocrx_word' id='word_1_557' title='bbox 601 4191 909 4248; x_wconf 73' lang='lat' dir='ltr'><strong>occubuisset</strong></span> <span class='ocrx_word' id='word_1_558' title='bbox 933 4188 1029 4251; x_wconf 90' lang='lat' dir='ltr'><strong>sol,</strong></span> <span class='ocrx_word' id='word_1_559' title='bbox 1059 4186 1192 4255; x_wconf 78' lang='lat' dir='ltr'><strong>facta</strong></span> <span class='ocrx_word' id='word_1_560' title='bbox 1216 4192 1288 4237; x_wconf 85' lang='lat' dir='ltr'><strong>est</strong></span> <span class='ocrx_word' id='word_1_561' title='bbox 1316 4181 1480 4251; x_wconf 80' lang='lat' dir='ltr'><strong>caligo</strong></span> <span class='ocrx_word' id='word_1_562' title='bbox 1506 4180 1782 4239; x_wconf 73' lang='lat' dir='ltr'><strong>tenebrosa,</strong></span> 
     </span>
    </p>
   </div>
   <div class='ocr_carea' id='block_1_73' title="bbox 240 4273 1783 4357">
    <p class='ocr_par' dir='ltr' id='par_1_73' title="bbox 240 4273 1783 4357">
     <span class='ocr_line' id='line_1_73' title="bbox 240 4273 1783 4357; baseline -0.019 -10"><span class='ocrx_word' id='word_1_563' title='bbox 240 4301 292 4347; x_wconf 82' lang='lat' dir='ltr'><strong>et</strong></span> <span class='ocrx_word' id='word_1_564' title='bbox 329 4287 564 4357; x_wconf 79' lang='lat' dir='ltr'><strong>apparuit</strong></span> <span class='ocrx_word' id='word_1_565' title='bbox 586 4283 810 4338; x_wconf 72' lang='lat' dir='ltr'><strong>clibanus</strong></span> <span class='ocrx_word' id='word_1_566' title='bbox 838 4280 1109 4347; x_wconf 65' lang='lat' dir='ltr'><strong>(antiquus.</strong></span> <span class='ocrx_word' id='word_1_567' title='bbox 1141 4287 1186 4328; x_wconf 79' lang='lat' dir='ltr'><strong>et</strong></span> <span class='ocrx_word' id='word_1_568' title='bbox 1227 4276 1423 4335; x_wconf 84' lang='lat' dir='ltr'><strong>lampas</strong></span> <span class='ocrx_word' id='word_1_569' title='bbox 1448 4273 1578 4341; x_wconf 84' lang='lat' dir='ltr'><strong>ignis</strong></span> <span class='ocrx_word' id='word_1_570' title='bbox 1617 4279 1783 4322; x_wconf 87' lang='lat' dir='ltr'><strong>trans-</strong></span> 
     </span>
    </p>
   </div>
   <div class='ocr_carea' id='block_1_74' title="bbox 238 4357 1829 4434">
    <p class='ocr_par' dir='ltr' id='par_1_74' title="bbox 238 4357 1829 4434">
     <span class='ocr_line' id='line_1_74' title="bbox 238 4357 1829 4434; baseline -0.016 0"><span class='ocrx_word' id='word_1_571' title='bbox 238 4381 354 4434; x_wconf 80' lang='lat' dir='ltr'><strong>iens</strong></span> <span class='ocrx_word' id='word_1_572' title='bbox 401 4377 530 4428; x_wconf 87' lang='lat' dir='ltr'><strong>inter</strong></span> <span class='ocrx_word' id='word_1_573' title='bbox 573 4369 841 4424; x_wconf 70' lang='lat' dir='ltr'><strong>divisiones</strong></span> <span class='ocrx_word' id='word_1_574' title='bbox 895 4365 1033 4418; x_wconf 86' lang='lat' dir='ltr'><strong>illas.</strong></span> <span class='ocrx_word' id='word_1_575' title='bbox 1065 4363 1188 4417; x_wconf 71' lang='lat' dir='ltr'><strong>Haec</strong></span> <span class='ocrx_word' id='word_1_576' title='bbox 1239 4359 1410 4427; x_wconf 83' lang='lat' dir='ltr'><strong>caligo</strong></span> <span class='ocrx_word' id='word_1_577' title='bbox 1458 4367 1515 4411; x_wconf 94' lang='lat' dir='ltr'><strong>et</strong></span> <span class='ocrx_word' id='word_1_578' title='bbox 1552 4357 1786 4411; x_wconf 86' lang='lat' dir='ltr'><strong>clibanus</strong></span> <span class='ocrx_word' id='word_1_579' title='bbox 1825 4404 1829 4408; x_wconf 86' lang='lat'><strong>.</strong></span> 
     </span>
    </p>
   </div>
   <div class='ocr_carea' id='block_1_75' title="bbox 1874 3199 3412 3268">
    <p class='ocr_par' dir='ltr' id='par_1_75' title="bbox 1874 3199 3412 3268">
     <span class='ocr_line' id='line_1_75' title="bbox 1874 3199 3412 3268; baseline -0.001 -16"><span class='ocrx_word' id='word_1_580' title='bbox 1874 3200 1937 3253; x_wconf 87' lang='lat' dir='ltr'><strong>ad</strong></span> <span class='ocrx_word' id='word_1_581' title='bbox 1967 3200 2318 3268; x_wconf 85' lang='lat' dir='ltr'><strong>generandam</strong></span> <span class='ocrx_word' id='word_1_582' title='bbox 2351 3200 2584 3266; x_wconf 84' lang='lat' dir='ltr'><strong>prolem,</strong></span> <span class='ocrx_word' id='word_1_583' title='bbox 2616 3215 2719 3252; x_wconf 89' lang='lat' dir='ltr'><strong>non</strong></span> <span class='ocrx_word' id='word_1_584' title='bbox 2768 3201 2832 3252; x_wconf 88' lang='lat' dir='ltr'><strong>ad</strong></span> <span class='ocrx_word' id='word_1_585' title='bbox 2877 3199 3185 3265; x_wconf 74' lang='lat' dir='ltr'><strong>explendam</strong></span> <span class='ocrx_word' id='word_1_586' title='bbox 3237 3199 3412 3252; x_wconf 86' lang='lat' dir='ltr'><strong>libidi-</strong></span> 
     </span>
    </p>
   </div>
   <div class='ocr_carea' id='block_1_76' title="bbox 1876 3285 3412 3354">
    <p class='ocr_par' dir='ltr' id='par_1_76' title="bbox 1876 3285 3412 3354">
     <span class='ocr_line' id='line_1_76' title="bbox 1876 3285 3412 3354; baseline -0.003 -13"><span class='ocrx_word' id='word_1_587' title='bbox 1876 3303 2025 3350; x_wconf 87' lang='lat' dir='ltr'><strong>nem;</strong></span> <span class='ocrx_word' id='word_1_588' title='bbox 2077 3302 2173 3341; x_wconf 87' lang='lat' dir='ltr'><strong>uec</strong></span> <span class='ocrx_word' id='word_1_589' title='bbox 2223 3286 2500 3353; x_wconf 86' lang='lat' dir='ltr'><strong>insultans,</strong></span> <span class='ocrx_word' id='word_1_590' title='bbox 2547 3287 2641 3341; x_wconf 86' lang='lat' dir='ltr'><strong>sed</strong></span> <span class='ocrx_word' id='word_1_591' title='bbox 2675 3289 2850 3354; x_wconf 89' lang='lat' dir='ltr'><strong>potius</strong></span> <span class='ocrx_word' id='word_1_592' title='bbox 2891 3286 3137 3341; x_wconf 87' lang='lat' dir='ltr'><strong>obediens</strong></span> <span class='ocrx_word' id='word_1_593' title='bbox 3182 3285 3412 3354; x_wconf 73' lang='lat' dir='ltr'><strong>coniugi,</strong></span> 
     </span>
    </p>
   </div>
   <div class='ocr_carea' id='block_1_77' title="bbox 1874 3371 3417 3444">
    <p class='ocr_par' dir='ltr' id='par_1_77' title="bbox 1874 3371 3417 3444">
     <span class='ocr_line' id='line_1_77' title="bbox 1874 3371 3417 3444; baseline -0.002 -16"><span class='ocrx_word' id='word_1_594' title='bbox 1874 3393 1990 3444; x_wconf 70' lang='lat' dir='ltr'><strong>qua:</strong></span> <span class='ocrx_word' id='word_1_595' title='bbox 2026 3390 2134 3430; x_wconf 83' lang='lat' dir='ltr'><strong>sua:</strong></span> <span class='ocrx_word' id='word_1_596' title='bbox 2171 3375 2463 3430; x_wconf 83' lang='lat' dir='ltr'><strong>sterilitatis</strong></span> <span class='ocrx_word' id='word_1_597' title='bbox 2495 3376 2713 3430; x_wconf 88' lang='lat' dir='ltr'><strong>credidit</strong></span> <span class='ocrx_word' id='word_1_598' title='bbox 2750 3389 2870 3429; x_wconf 88' lang='lat' dir='ltr'><strong>esse</strong></span> <span class='ocrx_word' id='word_1_599' title='bbox 2907 3375 3177 3440; x_wconf 87' lang='lat' dir='ltr'><strong>solatium,</strong></span> <span class='ocrx_word' id='word_1_600' title='bbox 3207 3375 3250 3426; x_wconf 88' lang='lat' dir='ltr'><strong>si</strong></span> <span class='ocrx_word' id='word_1_601' title='bbox 3282 3371 3298 3410; x_wconf 75' lang='grc' dir='ltr'><strong>ί</strong></span> <span class='ocrx_word' id='word_1_602' title='bbox 3334 3373 3417 3426; x_wconf 81' lang='lat' dir='ltr'><strong>l’e-</strong></span> 
     </span>
    </p>
   </div>
   <div class='ocr_carea' id='block_1_78' title="bbox 1875 3463 3413 3530">
    <p class='ocr_par' dir='ltr' id='par_1_78' title="bbox 1875 3463 3413 3530">
     <span class='ocr_line' id='line_1_78' title="bbox 1875 3463 3413 3530; baseline -0.004 -10"><span class='ocrx_word' id='word_1_603' title='bbox 1875 3467 2100 3520; x_wconf 82' lang='lat' dir='ltr'><strong>cundum</strong></span> <span class='ocrx_word' id='word_1_604' title='bbox 2133 3466 2336 3518; x_wconf 72' lang='lat' dir='ltr'><strong>ancilla:</strong></span> <span class='ocrx_word' id='word_1_605' title='bbox 2369 3477 2596 3527; x_wconf 88' lang='lat' dir='ltr'><strong>uterum,</strong></span> <span class='ocrx_word' id='word_1_606' title='bbox 2629 3465 2645 3512; x_wconf 89' lang='lat' dir='ltr'><strong>l</strong></span> <span class='ocrx_word' id='word_1_607' title='bbox 2679 3463 2815 3530; x_wconf 89' lang='lat' dir='ltr'><strong>quod</strong></span> <span class='ocrx_word' id='word_1_608' title='bbox 2847 3472 3029 3515; x_wconf 87' lang='lat' dir='ltr'><strong>natura</strong></span> <span class='ocrx_word' id='word_1_609' title='bbox 3059 3476 3161 3515; x_wconf 91' lang='lat' dir='ltr'><strong>non</strong></span> <span class='ocrx_word' id='word_1_610' title='bbox 3188 3470 3413 3529; x_wconf 85' lang='lat' dir='ltr'><strong>poterat,</strong></span> 
     </span>
    </p>
   </div>
   <div class='ocr_carea' id='block_1_79' title="bbox 1878 3549 3413 3631">
    <p class='ocr_par' dir='ltr' id='par_1_79' title="bbox 1878 3549 3413 3631">
     <span class='ocr_line' id='line_1_79' title="bbox 1878 3549 3413 3631; baseline -0.003 -25"><span class='ocrx_word' id='word_1_611' title='bbox 1878 3555 2139 3606; x_wconf 83' lang='lat' dir='ltr'><strong>voluntate</strong></span> <span class='ocrx_word' id='word_1_612' title='bbox 2181 3551 2393 3631; x_wconf 45' lang='lat' dir='ltr'><strong>l&#39;cccra’t,</strong></span> <span class='ocrx_word' id='word_1_613' title='bbox 2427 3565 2612 3614; x_wconf 87' lang='lat' dir='ltr'><strong>suum;</strong></span> <span class='ocrx_word' id='word_1_614' title='bbox 2642 3560 2696 3604; x_wconf 90' lang='lat' dir='ltr'><strong>et</strong></span> <span class='ocrx_word' id='word_1_615' title='bbox 2722 3565 2787 3604; x_wconf 89' lang='lat' dir='ltr'><strong>eo</strong></span> <span class='ocrx_word' id='word_1_616' title='bbox 2822 3551 2962 3619; x_wconf 78' lang='lat' dir='ltr'><strong>jure,</strong></span> <span class='ocrx_word' id='word_1_617' title='bbox 2987 3565 3091 3618; x_wconf 92' lang='lat' dir='ltr'><strong>quo</strong></span> <span class='ocrx_word' id='word_1_618' title='bbox 3113 3549 3240 3603; x_wconf 88' lang='lat' dir='ltr'><strong>dicit</strong></span> <span class='ocrx_word' id='word_1_619' title='bbox 3267 3549 3413 3616; x_wconf 84' lang='lat' dir='ltr'><strong>Apo-</strong></span> 
     </span>
    </p>
   </div>
   <div class='ocr_carea' id='block_1_80' title="bbox 1875 3640 3414 3708">
    <p class='ocr_par' dir='ltr' id='par_1_80' title="bbox 1875 3640 3414 3708">
     <span class='ocr_line' id='line_1_80' title="bbox 1875 3640 3414 3708; baseline -0.002 -13"><span class='ocrx_word' id='word_1_620' title='bbox 1875 3641 2043 3695; x_wconf 85' lang='lat' dir='ltr'><strong>stolus</strong></span> <span class='ocrx_word' id='word_1_621' title='bbox 2071 3659 2083 3693; x_wconf 94' lang='lat'>:</span> <span class='ocrx_word' id='word_1_622' title='bbox 2114 3640 2358 3703; x_wconf 79' lang='lat' dir='ltr'><strong>Similiter</strong></span> <span class='ocrx_word' id='word_1_623' title='bbox 2387 3650 2434 3693; x_wconf 85' lang='lat' dir='ltr'><strong>et</strong></span> <span class='ocrx_word' id='word_1_624' title='bbox 2459 3642 2534 3693; x_wconf 80' lang='lat' dir='ltr'><strong>vir</strong></span> <span class='ocrx_word' id='word_1_625' title='bbox 2557 3657 2658 3694; x_wconf 89' lang='lat' dir='ltr'><strong>non</strong></span> <span class='ocrx_word' id='word_1_626' title='bbox 2681 3641 2825 3694; x_wconf 74' lang='lat' dir='ltr'><strong>habet</strong></span> <span class='ocrx_word' id='word_1_627' title='bbox 2854 3651 3145 3708; x_wconf 82' lang='lat' dir='ltr'><strong>potestatem</strong></span> <span class='ocrx_word' id='word_1_628' title='bbox 3171 3640 3414 3707; x_wconf 81' lang='lat' dir='ltr'><strong>corporis.</strong></span> 
     </span>
    </p>
   </div>
   <div class='ocr_carea' id='block_1_81' title="bbox 1875 3729 3415 3799">
    <p class='ocr_par' dir='ltr' id='par_1_81' title="bbox 1875 3729 3415 3799">
     <span class='ocr_line' id='line_1_81' title="bbox 1875 3729 3415 3799; baseline -0.003 -14"><span class='ocrx_word' id='word_1_629' title='bbox 1875 3733 1962 3785; x_wconf 79' lang='lat' dir='ltr'><strong>sed</strong></span> <span class='ocrx_word' id='word_1_630' title='bbox 1985 3732 2161 3784; x_wconf 85' lang='lat' dir='ltr'><strong>mulier</strong></span> <span class='ocrx_word' id='word_1_631' title='bbox 2187 3729 2289 3792; x_wconf 84' lang='lat' dir='ltr'><strong>(IV</strong></span> <span class='ocrx_word' id='word_1_632' title='bbox 2317 3731 2436 3784; x_wconf 87' lang='lat' dir='ltr'><strong>Cor.</strong></span> <span class='ocrx_word' id='word_1_633' title='bbox 2461 3746 2552 3796; x_wconf 81' lang='lat' dir='ltr'><strong>vtt,</strong></span> <span class='ocrx_word' id='word_1_634' title='bbox 2575 3730 2655 3799; x_wconf 67' lang='grc'><strong>4),</strong></span> <span class='ocrx_word' id='word_1_635' title='bbox 2683 3739 2920 3784; x_wconf 90' lang='lat' dir='ltr'><strong>uteretur</strong></span> <span class='ocrx_word' id='word_1_636' title='bbox 2947 3729 3134 3783; x_wconf 86' lang='lat' dir='ltr'><strong>mulier</strong></span> <span class='ocrx_word' id='word_1_637' title='bbox 3160 3743 3223 3782; x_wconf 85' lang='lat' dir='ltr'><strong>es</strong></span> <span class='ocrx_word' id='word_1_638' title='bbox 3252 3729 3415 3781; x_wconf 88' lang='lat' dir='ltr'><strong>altera</strong></span> 
     </span>
    </p>
   </div>
   <div class='ocr_carea' id='block_1_82' title="bbox 1877 3816 3413 3887">
    <p class='ocr_par' dir='ltr' id='par_1_82' title="bbox 1877 3816 3413 3887">
     <span class='ocr_line' id='line_1_82' title="bbox 1877 3816 3413 3887; baseline -0.003 -15"><span class='ocrx_word' id='word_1_639' title='bbox 1877 3822 1940 3872; x_wconf 87' lang='lat' dir='ltr'><strong>ad</strong></span> <span class='ocrx_word' id='word_1_640' title='bbox 1970 3819 2295 3886; x_wconf 88' lang='lat' dir='ltr'><strong>pariendum,</strong></span> <span class='ocrx_word' id='word_1_641' title='bbox 2323 3818 2460 3887; x_wconf 87' lang='lat' dir='ltr'><strong>quod</strong></span> <span class='ocrx_word' id='word_1_642' title='bbox 2493 3834 2595 3872; x_wconf 92' lang='lat' dir='ltr'><strong>non</strong></span> <span class='ocrx_word' id='word_1_643' title='bbox 2625 3827 2830 3887; x_wconf 89' lang='lat' dir='ltr'><strong>poterat</strong></span> <span class='ocrx_word' id='word_1_644' title='bbox 2863 3832 2928 3872; x_wconf 77' lang='lat' dir='ltr'><strong>es</strong></span> <span class='ocrx_word' id='word_1_645' title='bbox 2959 3818 3153 3882; x_wconf 87' lang='lat' dir='ltr'><strong>seipsa.</strong></span> <span class='ocrx_word' id='word_1_646' title='bbox 3182 3816 3413 3883; x_wconf 86' lang='lat' dir='ltr'><strong>Denique</strong></span> 
     </span>
    </p>
   </div>
   <div class='ocr_carea' id='block_1_83' title="bbox 1879 3905 3417 3976">
    <p class='ocr_par' dir='ltr' id='par_1_83' title="bbox 1879 3905 3417 3976">
     <span class='ocr_line' id='line_1_83' title="bbox 1879 3905 3417 3976; baseline -0.005 -13"><span class='ocrx_word' id='word_1_647' title='bbox 1879 3924 1996 3963; x_wconf 88' lang='lat' dir='ltr'><strong>cum</strong></span> <span class='ocrx_word' id='word_1_648' title='bbox 2039 3908 2230 3962; x_wconf 83' lang='lat' dir='ltr'><strong>ancilla</strong></span> <span class='ocrx_word' id='word_1_649' title='bbox 2290 3906 2502 3976; x_wconf 87' lang='lat' dir='ltr'><strong>gravida</strong></span> <span class='ocrx_word' id='word_1_650' title='bbox 2545 3906 2838 3976; x_wconf 86' lang='lat' dir='ltr'><strong>superbiret</strong></span> <span class='ocrx_word' id='word_1_651' title='bbox 2878 3906 3103 3959; x_wconf 68' lang='lat' dir='ltr'><strong>domina</strong></span> <span class='ocrx_word' id='word_1_652' title='bbox 3146 3905 3333 3968; x_wconf 90' lang='lat' dir='ltr'><strong>sterili,</strong></span> <span class='ocrx_word' id='word_1_653' title='bbox 3361 3911 3417 3956; x_wconf 87' lang='lat' dir='ltr'><strong>et</strong></span> 
     </span>
    </p>
   </div>
   <div class='ocr_carea' id='block_1_84' title="bbox 1883 3989 3411 4065">
    <p class='ocr_par' dir='ltr' id='par_1_84' title="bbox 1883 3989 3411 4065">
     <span class='ocr_line' id='line_1_84' title="bbox 1883 3989 3411 4065; baseline -0.005 -15"><span class='ocrx_word' id='word_1_654' title='bbox 1883 3997 1980 4050; x_wconf 85' lang='lat' dir='ltr'><strong>hoc</strong></span> <span class='ocrx_word' id='word_1_655' title='bbox 2002 3996 2030 4034; x_wconf 80' lang='grc' dir='ltr'><strong>ιι</strong></span> <span class='ocrx_word' id='word_1_656' title='bbox 2061 3998 2189 4051; x_wconf 80' lang='lat' dir='ltr'><strong>Sara</strong></span> <span class='ocrx_word' id='word_1_657' title='bbox 2218 3997 2513 4065; x_wconf 90' lang='lat' dir='ltr'><strong>suspicione</strong></span> <span class='ocrx_word' id='word_1_658' title='bbox 2558 3995 2823 4057; x_wconf 88' lang='lat' dir='ltr'><strong>muliebri,</strong></span> <span class='ocrx_word' id='word_1_659' title='bbox 2853 3997 2967 4048; x_wconf 85' lang='lat' dir='ltr'><strong>viro</strong></span> <span class='ocrx_word' id='word_1_660' title='bbox 2992 3993 3161 4060; x_wconf 88' lang='lat' dir='ltr'><strong>p0tius</strong></span> <span class='ocrx_word' id='word_1_661' title='bbox 3189 3989 3210 4030; x_wconf 82' lang='lat'>1</span> <span class='ocrx_word' id='word_1_662' title='bbox 3241 3991 3411 4058; x_wconf 79' lang='lat' dir='ltr'><strong>impu-</strong></span> 
     </span>
    </p>
   </div>
   <div class='ocr_carea' id='block_1_85' title="bbox 1883 4082 3417 4151">
    <p class='ocr_par' dir='ltr' id='par_1_85' title="bbox 1883 4082 3417 4151">
     <span class='ocr_line' id='line_1_85' title="bbox 1883 4082 3417 4151; baseline -0.004 -13"><span class='ocrx_word' id='word_1_663' title='bbox 1883 4095 2073 4151; x_wconf 88' lang='lat' dir='ltr'><strong>tasset,</strong></span> <span class='ocrx_word' id='word_1_664' title='bbox 2123 4085 2282 4139; x_wconf 86' lang='lat' dir='ltr'><strong>etiam</strong></span> <span class='ocrx_word' id='word_1_665' title='bbox 2343 4083 2416 4137; x_wconf 90' lang='lat' dir='ltr'><strong>ibi</strong></span> <span class='ocrx_word' id='word_1_666' title='bbox 2463 4092 2503 4120; x_wconf 76' lang='grc' dir='ltr'><strong>ιι</strong></span> <span class='ocrx_word' id='word_1_667' title='bbox 2548 4082 2927 4137; x_wconf 85' lang='lat' dir='ltr'><strong>demonstravit</strong></span> <span class='ocrx_word' id='word_1_668' title='bbox 2971 4083 3161 4134; x_wconf 84' lang='lat' dir='ltr'><strong>Abram</strong></span> <span class='ocrx_word' id='word_1_669' title='bbox 3206 4093 3309 4131; x_wconf 85' lang='lat' dir='ltr'><strong>nou</strong></span> <span class='ocrx_word' id='word_1_670' title='bbox 3357 4091 3417 4132; x_wconf 89' lang='lat' dir='ltr'><strong>se</strong></span> 
     </span>
    </p>
   </div>
   <div class='ocr_carea' id='block_1_86' title="bbox 1882 4167 3417 4239">
    <p class='ocr_par' dir='ltr' id='par_1_86' title="bbox 1882 4167 3417 4239">
     <span class='ocr_line' id='line_1_86' title="bbox 1882 4167 3417 4239; baseline -0.005 -13"><span class='ocrx_word' id='word_1_671' title='bbox 1882 4182 2195 4238; x_wconf 87' lang='lat' dir='ltr'><strong>amatorem,</strong></span> <span class='ocrx_word' id='word_1_672' title='bbox 2226 4173 2318 4226; x_wconf 83' lang='lat' dir='ltr'><strong>sed</strong></span> <span class='ocrx_word' id='word_1_673' title='bbox 2347 4173 2565 4225; x_wconf 84' lang='lat' dir='ltr'><strong>liberum</strong></span> <span class='ocrx_word' id='word_1_674' title='bbox 2597 4171 2757 4225; x_wconf 79' lang='lat' dir='ltr'><strong>fuisse</strong></span> <span class='ocrx_word' id='word_1_675' title='bbox 2780 4172 3092 4239; x_wconf 77' lang='lat' dir='ltr'><strong>genitorem,</strong></span> <span class='ocrx_word' id='word_1_676' title='bbox 3121 4177 3172 4222; x_wconf 90' lang='lat' dir='ltr'><strong>et</strong></span> <span class='ocrx_word' id='word_1_677' title='bbox 3197 4169 3247 4222; x_wconf 90' lang='lat' dir='ltr'><strong>in</strong></span> <span class='ocrx_word' id='word_1_678' title='bbox 3276 4167 3417 4234; x_wconf 85' lang='lat' dir='ltr'><strong>Agar</strong></span> 
     </span>
    </p>
   </div>
   <div class='ocr_carea' id='block_1_87' title="bbox 1883 4258 3417 4332">
    <p class='ocr_par' dir='ltr' id='par_1_87' title="bbox 1883 4258 3417 4332">
     <span class='ocr_line' id='line_1_87' title="bbox 1883 4258 3417 4332; baseline -0.008 -13"><span class='ocrx_word' id='word_1_679' title='bbox 1883 4274 1909 4301; x_wconf 80' lang='grc' dir='ltr'>ιι</span> <span class='ocrx_word' id='word_1_680' title='bbox 1938 4263 2084 4318; x_wconf 66' lang='lat' dir='ltr'><strong>Sara:</strong></span> <span class='ocrx_word' id='word_1_681' title='bbox 2110 4264 2316 4332; x_wconf 75' lang='lat' dir='ltr'><strong>coniugi</strong></span> <span class='ocrx_word' id='word_1_682' title='bbox 2363 4263 2664 4329; x_wconf 88' lang='lat' dir='ltr'><strong>pudicitiam</strong></span> <span class='ocrx_word' id='word_1_683' title='bbox 2691 4261 3003 4322; x_wconf 88' lang='lat' dir='ltr'><strong>custodisse,</strong></span> <span class='ocrx_word' id='word_1_684' title='bbox 3037 4273 3134 4312; x_wconf 87' lang='lat' dir='ltr'><strong>nec</strong></span> <span class='ocrx_word' id='word_1_685' title='bbox 3175 4258 3417 4311; x_wconf 80' lang='lat' dir='ltr'><strong>volunta-</strong></span> 
     </span>
    </p>
   </div>
   <div class='ocr_carea' id='block_1_88' title="bbox 1884 4346 3416 4419">
    <p class='ocr_par' dir='ltr' id='par_1_88' title="bbox 1884 4346 3416 4419">
     <span class='ocr_line' id='line_1_88' title="bbox 1884 4346 3416 4419; baseline -0.006 -14"><span class='ocrx_word' id='word_1_686' title='bbox 1884 4364 1986 4406; x_wconf 88' lang='lat' dir='ltr'><strong>tem</strong></span> <span class='ocrx_word' id='word_1_687' title='bbox 2009 4367 2179 4419; x_wconf 86' lang='lat' dir='ltr'><strong>suatn,</strong></span> <span class='ocrx_word' id='word_1_688' title='bbox 2202 4353 2294 4407; x_wconf 85' lang='lat' dir='ltr'><strong>sed</strong></span> <span class='ocrx_word' id='word_1_689' title='bbox 2309 4354 2625 4406; x_wconf 86' lang='lat' dir='ltr'><strong>voluntatem</strong></span> <span class='ocrx_word' id='word_1_690' title='bbox 2651 4347 3118 4416; x_wconf 83' lang='lat' dir='ltr'><strong>illiusimplevisse.</strong></span> <span class='ocrx_word' id='word_1_691' title='bbox 3142 4346 3228 4400; x_wconf 89' lang='lat' dir='ltr'><strong>Ait</strong></span> <span class='ocrx_word' id='word_1_692' title='bbox 3243 4347 3416 4400; x_wconf 86' lang='lat' dir='ltr'><strong>enim:</strong></span> 
     </span>
    </p>
   </div>
   <div class='ocr_carea' id='block_1_89' title="bbox 243 4433 3246 4543">
    <p class='ocr_par' dir='ltr' id='par_1_89' title="bbox 243 4433 3246 4543">
     <span class='ocr_line' id='line_1_89' title="bbox 243 4433 3246 4543; baseline -0.013 -21"><span class='ocrx_word' id='word_1_693' title='bbox 243 4467 384 4543; x_wconf 80' lang='lat' dir='ltr'><strong>ignis</strong></span> <span class='ocrx_word' id='word_1_694' title='bbox 406 4471 524 4534; x_wconf 88' lang='lat' dir='ltr'><strong>post</strong></span> <span class='ocrx_word' id='word_1_695' title='bbox 543 4473 787 4515; x_wconf 84' lang='lat' dir='ltr'><strong>occasum</strong></span> <span class='ocrx_word' id='word_1_696' title='bbox 817 4456 945 4510; x_wconf 88' lang='lat' dir='ltr'><strong>solis</strong></span> <span class='ocrx_word' id='word_1_697' title='bbox 969 4452 1159 4514; x_wconf 80' lang='lat' dir='ltr'><strong>factus,</strong></span> <span class='ocrx_word' id='word_1_698' title='bbox 1190 4447 1451 4519; x_wconf 76' lang='lat' dir='ltr'><strong>signiﬁcat</strong></span> <span class='ocrx_word' id='word_1_699' title='bbox 1468 4445 1574 4543; x_wconf 69' lang='lat' dir='ltr'><strong>jam</strong></span> <span class='ocrx_word' id='word_1_700' title='bbox 1602 4445 1784 4543; x_wconf 58' lang='lat' dir='ltr'><strong>inmune</strong></span> <span class='ocrx_word' id='word_1_701' title='bbox 1808 4442 1860 4502; x_wconf 83' lang='lat' dir='ltr'><strong>D</strong></span> <span class='ocrx_word' id='word_1_702' title='bbox 1885 4438 2018 4543; x_wconf 58' lang='lat' dir='ltr'><strong>Ecce</strong></span> <span class='ocrx_word' id='word_1_703' title='bbox 2036 4440 2321 4543; x_wconf 64' lang='lat' dir='ltr'><strong>ancillatua</strong></span> <span class='ocrx_word' id='word_1_704' title='bbox 2340 4441 2392 4543; x_wconf 76' lang='lat' dir='ltr'><strong>in</strong></span> <span class='ocrx_word' id='word_1_705' title='bbox 2416 4455 2569 4492; x_wconf 86' lang='lat' dir='ltr'><strong>manu</strong></span> <span class='ocrx_word' id='word_1_706' title='bbox 2591 4448 2678 4492; x_wconf 86' lang='lat' dir='ltr'><strong>tua</strong></span> <span class='ocrx_word' id='word_1_707' title='bbox 2698 4445 2793 4543; x_wconf 62' lang='lat' dir='ltr'><strong>est,</strong></span> <span class='ocrx_word' id='word_1_708' title='bbox 2809 4447 2956 4543; x_wconf 34' lang='lat' dir='ltr'><strong>utere!</strong></span> <span class='ocrx_word' id='word_1_709' title='bbox 2965 4450 3027 4488; x_wconf 89' lang='lat' dir='ltr'><strong>ea</strong></span> <span class='ocrx_word' id='word_1_710' title='bbox 3046 4444 3100 4485; x_wconf 84' lang='lat' dir='ltr'><strong>ut</strong></span> <span class='ocrx_word' id='word_1_711' title='bbox 3114 4433 3246 4543; x_wconf 55' lang='lat' dir='ltr'><strong>licet.</strong></span> 
     </span>
    </p>
   </div>
   <div class='ocr_carea' id='block_1_90' title="bbox 242 4530 1787 4619">
    <p class='ocr_par' dir='ltr' id='par_1_90' title="bbox 242 4530 1787 4619">
     <span class='ocr_line' id='line_1_90' title="bbox 242 4530 1787 4619; baseline -0.019 -6"><span class='ocrx_word' id='word_1_712' title='bbox 242 4530 425 4613; x_wconf 49' lang='lat' dir='ltr'><strong>{iﬁlli</strong></span> <span class='ocrx_word' id='word_1_713' title='bbox 466 4565 562 4619; x_wconf 86' lang='lat' dir='ltr'><strong>per</strong></span> <span class='ocrx_word' id='word_1_714' title='bbox 606 4551 782 4619; x_wconf 74' lang='lat' dir='ltr'><strong>ignem</strong></span> <span class='ocrx_word' id='word_1_715' title='bbox 828 4541 1140 4617; x_wconf 78' lang='lat' dir='ltr'><strong>iudicandos</strong></span> <span class='ocrx_word' id='word_1_716' title='bbox 1169 4551 1286 4594; x_wconf 83' lang='lat' dir='ltr'><strong>esse</strong></span> <span class='ocrx_word' id='word_1_717' title='bbox 1338 4534 1597 4590; x_wconf 87' lang='lat' dir='ltr'><strong>carnales.</strong></span> <span class='ocrx_word' id='word_1_718' title='bbox 1639 4530 1787 4586; x_wconf 84' lang='lat' dir='ltr'><strong>Sicut</strong></span> 
     </span>
    </p>
   </div>
   <div class='ocr_carea' id='block_1_91' title="bbox 243 4631 1786 4705">
    <p class='ocr_par' dir='ltr' id='par_1_91' title="bbox 243 4631 1786 4705">
     <span class='ocr_line' id='line_1_91' title="bbox 243 4631 1786 4705; baseline -0.019 0"><span class='ocrx_word' id='word_1_719' title='bbox 243 4649 391 4705; x_wconf 89' lang='lat' dir='ltr'><strong>enim</strong></span> <span class='ocrx_word' id='word_1_720' title='bbox 433 4642 648 4699; x_wconf 79' lang='lat' dir='ltr'><strong>afﬂictio</strong></span> <span class='ocrx_word' id='word_1_721' title='bbox 668 4631 915 4695; x_wconf 82' lang='lat' dir='ltr'><strong>civitatis</strong></span> <span class='ocrx_word' id='word_1_722' title='bbox 945 4636 1060 4700; x_wconf 86' lang='lat' dir='ltr'><strong>Dei,</strong></span> <span class='ocrx_word' id='word_1_723' title='bbox 1088 4633 1256 4703; x_wconf 89' lang='lat' dir='ltr'><strong>qualis</strong></span> <span class='ocrx_word' id='word_1_724' title='bbox 1284 4640 1436 4683; x_wconf 74' lang='lat' dir='ltr'><strong>antea</strong></span> <span class='ocrx_word' id='word_1_725' title='bbox 1470 4637 1494 4665; x_wconf 77' lang='grc'><strong><em>⁸</em></strong></span> <span class='ocrx_word' id='word_1_726' title='bbox 1524 4640 1786 4693; x_wconf 88' lang='lat' dir='ltr'><strong>nunquam</strong></span> 
     </span>
    </p>
   </div>
   <div class='ocr_carea' id='block_1_92' title="bbox 243 4716 1790 4802">
    <p class='ocr_par' dir='ltr' id='par_1_92' title="bbox 243 4716 1790 4802">
     <span class='ocr_line' id='line_1_92' title="bbox 243 4716 1790 4802; baseline -0.017 -8"><span class='ocrx_word' id='word_1_727' title='bbox 243 4735 350 4795; x_wconf 74' lang='lat' dir='ltr'><strong>luit</strong></span> <span class='ocrx_word' id='word_1_728' title='bbox 373 4748 491 4802; x_wconf 66' lang='lat' dir='ltr'><strong>qua:</strong></span> <span class='ocrx_word' id='word_1_729' title='bbox 511 4732 610 4787; x_wconf 80' lang='lat' dir='ltr'><strong>sub</strong></span> <span class='ocrx_word' id='word_1_730' title='bbox 639 4727 958 4784; x_wconf 84' lang='lat' dir='ltr'><strong>Antichristo</strong></span> <span class='ocrx_word' id='word_1_731' title='bbox 979 4725 1149 4777; x_wconf 82' lang='lat' dir='ltr'><strong>latura</strong></span> <span class='ocrx_word' id='word_1_732' title='bbox 1175 4729 1439 4789; x_wconf 85' lang='lat' dir='ltr'><strong>speratur.</strong></span> <span class='ocrx_word' id='word_1_733' title='bbox 1467 4716 1790 4786; x_wconf 78' lang='lat' dir='ltr'><strong>signiﬁcatur</strong></span> 
     </span>
    </p>
   </div>
   <div class='ocr_carea' id='block_1_93' title="bbox 247 4807 1788 4884">
    <p class='ocr_par' dir='ltr' id='par_1_93' title="bbox 247 4807 1788 4884">
     <span class='ocr_line' id='line_1_93' title="bbox 247 4807 1788 4884; baseline -0.016 1"><span class='ocrx_word' id='word_1_734' title='bbox 247 4829 532 4884; x_wconf 74' lang='lat' dir='ltr'><strong>tenebroso</strong></span> <span class='ocrx_word' id='word_1_735' title='bbox 580 4823 767 4875; x_wconf 88' lang='lat' dir='ltr'><strong>timore</strong></span> <span class='ocrx_word' id='word_1_736' title='bbox 812 4815 1036 4872; x_wconf 67' lang='lat' dir='ltr'><strong>Abraba</strong></span> <span class='ocrx_word' id='word_1_737' title='bbox 1067 4814 1208 4870; x_wconf 83' lang='lat' dir='ltr'><strong>circa</strong></span> <span class='ocrx_word' id='word_1_738' title='bbox 1258 4812 1389 4865; x_wconf 86' lang='lat' dir='ltr'><strong>solis</strong></span> <span class='ocrx_word' id='word_1_739' title='bbox 1431 4823 1697 4870; x_wconf 85' lang='lat' dir='ltr'><strong>occasum.</strong></span> <span class='ocrx_word' id='word_1_740' title='bbox 1737 4807 1788 4860; x_wconf 87' lang='lat' dir='ltr'><strong>itl</strong></span> 
     </span>
    </p>
   </div>
   <div class='ocr_carea' id='block_1_94' title="bbox 247 4898 1792 4984">
    <p class='ocr_par' dir='ltr' id='par_1_94' title="bbox 247 4898 1792 4984">
     <span class='ocr_line' id='line_1_94' title="bbox 247 4898 1792 4984; baseline -0.017 -10"><span class='ocrx_word' id='word_1_741' title='bbox 247 4925 338 4974; x_wconf 87' lang='lat' dir='ltr'><strong>est</strong></span> <span class='ocrx_word' id='word_1_742' title='bbox 357 4953 379 4981; x_wconf 86' lang='lat'><em>.</em></span> <span class='ocrx_word' id='word_1_743' title='bbox 402 4914 781 4984; x_wconf 84' lang='lat' dir='ltr'><strong>propinquante</strong></span> <span class='ocrx_word' id='word_1_744' title='bbox 805 4907 912 4976; x_wconf 76' lang='lat' dir='ltr'><strong>iatn</strong></span> <span class='ocrx_word' id='word_1_745' title='bbox 941 4904 1045 4959; x_wconf 79' lang='lat' dir='ltr'><strong>line</strong></span> <span class='ocrx_word' id='word_1_746' title='bbox 1069 4901 1282 4965; x_wconf 64' lang='lat' dir='ltr'><strong>seculi;</strong></span> <span class='ocrx_word' id='word_1_747' title='bbox 1309 4900 1386 4956; x_wconf 87' lang='lat' dir='ltr'><strong>sic</strong></span> <span class='ocrx_word' id='word_1_748' title='bbox 1413 4899 1476 4953; x_wconf 91' lang='lat' dir='ltr'><strong>ad</strong></span> <span class='ocrx_word' id='word_1_749' title='bbox 1499 4898 1624 4953; x_wconf 83' lang='lat' dir='ltr'><strong>solis</strong></span> <span class='ocrx_word' id='word_1_750' title='bbox 1640 4910 1792 4950; x_wconf 83' lang='lat' dir='ltr'><strong>occa-</strong></span> 
     </span>
    </p>
   </div>
   <div class='ocr_carea' id='block_1_95' title="bbox 329 5144 682 5209">
    <p class='ocr_par' dir='ltr' id='par_1_95' title="bbox 329 5144 682 5209">
     <span class='ocr_line' id='line_1_95' title="bbox 329 5144 682 5209; baseline -0.017 -9"><span class='ocrx_word' id='word_1_751' title='bbox 329 5156 354 5184; x_wconf 81' lang='grc'><strong>·</strong></span> <span class='ocrx_word' id='word_1_752' title='bbox 393 5146 500 5206; x_wconf 77' lang='lat' dir='ltr'><strong>AL.</strong></span> <span class='ocrx_word' id='word_1_753' title='bbox 527 5144 682 5209; x_wconf 74' lang='lat' dir='ltr'><strong>quod.</strong></span> 
     </span>
    </p>
   </div>
   <div class='ocr_carea' id='block_1_96' title="bbox 328 5211 872 5272">
    <p class='ocr_par' dir='ltr' id='par_1_96' title="bbox 328 5211 872 5272">
     <span class='ocr_line' id='line_1_96' title="bbox 328 5211 872 5272; baseline -0.013 -5"><span class='ocrx_word' id='word_1_754' title='bbox 328 5215 354 5254; x_wconf 72' lang='grc' dir='ltr'>δ</span> <span class='ocrx_word' id='word_1_755' title='bbox 397 5211 502 5272; x_wconf 85' lang='grc' dir='ltr'><strong>ΑΙ..</strong></span> <span class='ocrx_word' id='word_1_756' title='bbox 544 5217 872 5262; x_wconf 77' lang='lat' dir='ltr'><strong>revertuntur.</strong></span> 
     </span>
    </p>
   </div>
   <div class='ocr_carea' id='block_1_97' title="bbox 332 5276 846 5346">
    <p class='ocr_par' dir='ltr' id='par_1_97' title="bbox 332 5276 846 5346">
     <span class='ocr_line' id='line_1_97' title="bbox 332 5276 846 5346; baseline -0.006 -15"><span class='ocrx_word' id='word_1_757' title='bbox 332 5293 355 5321; x_wconf 76' lang='grc' dir='ltr'>ι</span> <span class='ocrx_word' id='word_1_758' title='bbox 406 5282 514 5338; x_wconf 72' lang='lat' dir='ltr'><strong>AL,</strong></span> <span class='ocrx_word' id='word_1_759' title='bbox 546 5276 846 5346; x_wconf 59' lang='lat' dir='ltr'><strong>liquatum.</strong></span> 
     </span>
    </p>
   </div>
   <div class='ocr_carea' id='block_1_98' title="bbox 331 5347 742 5405">
    <p class='ocr_par' dir='ltr' id='par_1_98' title="bbox 331 5347 742 5405">
     <span class='ocr_line' id='line_1_98' title="bbox 331 5347 742 5405; baseline -0.027 0"><span class='ocrx_word' id='word_1_760' title='bbox 331 5353 356 5387; x_wconf 81' lang='grc'><strong>·¹</strong></span> <span class='ocrx_word' id='word_1_761' title='bbox 407 5348 516 5405; x_wconf 81' lang='grc' dir='ltr'><strong>ΑΙ..</strong></span> <span class='ocrx_word' id='word_1_762' title='bbox 559 5347 742 5405; x_wconf 72' lang='lat' dir='ltr'><strong>ipsum.</strong></span> 
     </span>
    </p>
   </div>
   <div class='ocr_carea' id='block_1_99' title="bbox 333 5412 1703 5481">
    <p class='ocr_par' dir='ltr' id='par_1_99' title="bbox 333 5412 1703 5481">
     <span class='ocr_line' id='line_1_99' title="bbox 333 5412 1703 5481; baseline -0.015 -10"><span class='ocrx_word' id='word_1_763' title='bbox 333 5412 765 5479; x_wconf 66' lang='lat' dir='ltr'><strong>&#39;Al.,non[uit.</strong></span> <span class='ocrx_word' id='word_1_764' title='bbox 937 5479 971 5481; x_wconf 31' lang='grc' dir='ltr'>μ</span> <span class='ocrx_word' id='word_1_765' title='bbox 1041 5480 1046 5481; x_wconf 16' lang='grc' dir='ltr'><em>ν</em></span> <span class='ocrx_word' id='word_1_766' title='bbox 1253 5475 1264 5481; x_wconf 87' lang='lat'><strong>_</strong></span> <span class='ocrx_word' id='word_1_767' title='bbox 1587 5459 1618 5481; x_wconf 19' lang='lat'><strong>,_</strong></span> <span class='ocrx_word' id='word_1_768' title='bbox 1692 5469 1703 5481; x_wconf 36' lang='grc' dir='ltr'><strong>ο</strong></span> 
     </span>
    </p>
   </div>
   <div class='ocr_carea' id='block_1_100' title="bbox 335 5470 1795 5544">
    <p class='ocr_par' dir='ltr' id='par_1_100' title="bbox 335 5470 1795 5544">
     <span class='ocr_line' id='line_1_100' title="bbox 335 5470 1795 5544; baseline -0.014 -5"><span class='ocrx_word' id='word_1_769' title='bbox 335 5485 352 5524; x_wconf 78' lang='grc' dir='ltr'>ί</span> <span class='ocrx_word' id='word_1_770' title='bbox 401 5470 504 5544; x_wconf 67' lang='grc' dir='ltr'><strong>ΑΙ..</strong></span> <span class='ocrx_word' id='word_1_771' title='bbox 553 5470 879 5533; x_wconf 72' lang='grc' dir='ltr'><strong>Ιίἱηόεωυω.</strong></span> <span class='ocrx_word' id='word_1_772' title='bbox 934 5479 1088 5534; x_wconf 70' lang='lat' dir='ltr'><strong>Varie</strong></span> <span class='ocrx_word' id='word_1_773' title='bbox 1134 5475 1265 5544; x_wconf 81' lang='lat' dir='ltr'><strong>apud</strong></span> <span class='ocrx_word' id='word_1_774' title='bbox 1301 5482 1551 5544; x_wconf 50' lang='lat' dir='ltr'><strong>auctores</strong></span> <span class='ocrx_word' id='word_1_775' title='bbox 1606 5470 1795 5544; x_wconf 62' lang='lat' dir='ltr'><strong>legitur</strong></span> 
     </span>
    </p>
   </div>
   <div class='ocr_carea' id='block_1_101' title="bbox 257 5537 1794 5620">
    <p class='ocr_par' dir='ltr' id='par_1_101' title="bbox 257 5537 1794 5620">
     <span class='ocr_line' id='line_1_101' title="bbox 257 5537 1794 5620; baseline -0.013 -11"><span class='ocrx_word' id='word_1_776' title='bbox 257 5537 670 5620; x_wconf 15' lang='lat' dir='ltr'><strong>huiusici&#39;vitatis</strong></span> <span class='ocrx_word' id='word_1_777' title='bbox 693 5563 904 5620; x_wconf 72' lang='lat' dir='ltr'><strong>nomen,</strong></span> <span class='ocrx_word' id='word_1_778' title='bbox 945 5537 1277 5620; x_wconf 57' lang='grc' dir='ltr'><strong>Ιζίηοεοιιὶίτς.Δ</strong></span> <span class='ocrx_word' id='word_1_779' title='bbox 1295 5541 1640 5594; x_wconf 76' lang='lat' dir='ltr'><strong>Rhinocurara</strong></span> <span class='ocrx_word' id='word_1_780' title='bbox 1661 5556 1674 5600; x_wconf 87' lang='lat'><strong><em>;</em></strong></span> <span class='ocrx_word' id='word_1_781' title='bbox 1706 5537 1794 5593; x_wconf 81' lang='lat' dir='ltr'><strong>sed</strong></span> 
     </span>
    </p>
   </div>
   <div class='ocr_carea' id='block_1_102' title="bbox 259 5613 1540 5684">
    <p class='ocr_par' dir='ltr' id='par_1_102' title="bbox 259 5613 1540 5684">
     <span class='ocr_line' id='line_1_102' title="bbox 259 5613 1540 5684; baseline -0.015 -4"><span class='ocrx_word' id='word_1_782' title='bbox 259 5613 578 5682; x_wconf 39' lang='lat' dir='ltr'><strong>l‘tt&#39;sloma&#39;us</strong></span> <span class='ocrx_word' id='word_1_783' title='bbox 605 5626 658 5669; x_wconf 90' lang='lat' dir='ltr'><strong>ct</strong></span> <span class='ocrx_word' id='word_1_784' title='bbox 684 5614 941 5683; x_wconf 66' lang='lat' dir='ltr'><strong>Iosephus</strong></span> <span class='ocrx_word' id='word_1_785' title='bbox 975 5617 1150 5684; x_wconf 72' lang='lat' dir='ltr'><strong>legunt</strong></span> <span class='ocrx_word' id='word_1_786' title='bbox 1181 5613 1540 5666; x_wconf 78' lang='lat' dir='ltr'><strong>Rhinocorura.</strong></span> 
     </span>
    </p>
   </div>
   <div class='ocr_carea' id='block_1_103' title="bbox 334 5685 831 5755">
    <p class='ocr_par' dir='ltr' id='par_1_103' title="bbox 334 5685 831 5755">
     <span class='ocr_line' id='line_1_103' title="bbox 334 5685 831 5755; baseline -0.02 -11"><span class='ocrx_word' id='word_1_787' title='bbox 334 5698 362 5738; x_wconf 70' lang='grc' dir='ltr'>ι</span> <span class='ocrx_word' id='word_1_788' title='bbox 403 5689 510 5754; x_wconf 65' lang='grc' dir='ltr'><strong>ΑΙ..</strong></span> <span class='ocrx_word' id='word_1_789' title='bbox 540 5685 831 5755; x_wconf 56' lang='lat' dir='ltr'><strong>signiﬁcat.</strong></span> 
     </span>
    </p>
   </div>
   <div class='ocr_carea' id='block_1_104' title="bbox 1957 4521 3422 4611">
    <p class='ocr_par' dir='ltr' id='par_1_104' title="bbox 1957 4521 3422 4611">
     <span class='ocr_line' id='line_1_104' title="bbox 1957 4521 3422 4611; baseline -0.012 -25"><span class='ocrx_word' id='word_1_790' title='bbox 1957 4530 2178 4601; x_wconf 83' lang='lat' dir='ltr'><strong>Cumque</strong></span> <span class='ocrx_word' id='word_1_791' title='bbox 2213 4532 2474 4585; x_wconf 74' lang='lat' dir='ltr'><strong>invenisset</strong></span> <span class='ocrx_word' id='word_1_792' title='bbox 2501 4545 2609 4583; x_wconf 81' lang='lat' dir='ltr'><strong>eam</strong></span> <span class='ocrx_word' id='word_1_793' title='bbox 2646 4528 2852 4596; x_wconf 78' lang='lat' dir='ltr'><strong>angelus</strong></span> <span class='ocrx_word' id='word_1_794' title='bbox 2870 4527 3117 4578; x_wconf 83' lang='lat' dir='ltr'><strong>sedentem</strong></span> <span class='ocrx_word' id='word_1_795' title='bbox 3133 4521 3422 4611; x_wconf 26' lang='grc' dir='ltr'><strong>μέζω-[αρτ</strong></span> 
     </span>
    </p>
   </div>
   <div class='ocr_carea' id='block_1_105' title="bbox 1885 4605 3421 4692">
    <p class='ocr_par' dir='ltr' id='par_1_105' title="bbox 1885 4605 3421 4692">
     <span class='ocr_line' id='line_1_105' title="bbox 1885 4605 3421 4692; baseline -0.012 -15"><span class='ocrx_word' id='word_1_796' title='bbox 1885 4634 1983 4677; x_wconf 72' lang='lat' dir='ltr'><strong>tem</strong></span> <span class='ocrx_word' id='word_1_797' title='bbox 2019 4639 2161 4692; x_wconf 69' lang='lat' dir='ltr'><strong>aqua</strong></span> <span class='ocrx_word' id='word_1_798' title='bbox 2195 4624 2248 4674; x_wconf 91' lang='lat' dir='ltr'><strong>in</strong></span> <span class='ocrx_word' id='word_1_799' title='bbox 2291 4619 2561 4675; x_wconf 81' lang='lat' dir='ltr'><strong>solitudine</strong></span> <span class='ocrx_word' id='word_1_800' title='bbox 2600 4632 2710 4681; x_wconf 70' lang='lat' dir='ltr'><strong>quae</strong></span> <span class='ocrx_word' id='word_1_801' title='bbox 2737 4624 2808 4668; x_wconf 86' lang='lat' dir='ltr'><strong>est</strong></span> <span class='ocrx_word' id='word_1_802' title='bbox 2843 4615 2896 4668; x_wconf 87' lang='lat' dir='ltr'><strong>in</strong></span> <span class='ocrx_word' id='word_1_803' title='bbox 2933 4615 3014 4665; x_wconf 77' lang='lat' dir='ltr'><strong>via</strong></span> <span class='ocrx_word' id='word_1_804' title='bbox 3049 4611 3172 4670; x_wconf 82' lang='lat' dir='ltr'><strong>Sur,</strong></span> <span class='ocrx_word' id='word_1_805' title='bbox 3202 4607 3328 4660; x_wconf 67' lang='lat' dir='ltr'><strong>dixit</strong></span> <span class='ocrx_word' id='word_1_806' title='bbox 3356 4605 3421 4658; x_wconf 77' lang='lat' dir='ltr'><strong>ad</strong></span> 
     </span>
    </p>
   </div>
   <div class='ocr_carea' id='block_1_106' title="bbox 1884 4694 3426 4788">
    <p class='ocr_par' dir='ltr' id='par_1_106' title="bbox 1884 4694 3426 4788">
     <span class='ocr_line' id='line_1_106' title="bbox 1884 4694 3426 4788; baseline -0.021 -11"><span class='ocrx_word' id='word_1_807' title='bbox 1884 4739 1996 4777; x_wconf 87' lang='lat' dir='ltr'><strong>eam</strong></span> <span class='ocrx_word' id='word_1_808' title='bbox 2033 4736 2052 4774; x_wconf 93' lang='lat'><strong><em>:</em></strong></span> <span class='ocrx_word' id='word_1_809' title='bbox 2079 4718 2229 4788; x_wconf 80' lang='lat' dir='ltr'><strong>Agar,</strong></span> <span class='ocrx_word' id='word_1_810' title='bbox 2277 4710 2463 4765; x_wconf 85' lang='lat' dir='ltr'><strong>ancilla</strong></span> <span class='ocrx_word' id='word_1_811' title='bbox 2493 4708 2662 4769; x_wconf 84' lang='lat' dir='ltr'><strong>Sarat&#39;,</strong></span> <span class='ocrx_word' id='word_1_812' title='bbox 2713 4703 2848 4757; x_wconf 86' lang='lat' dir='ltr'><strong>unde</strong></span> <span class='ocrx_word' id='word_1_813' title='bbox 2889 4702 3021 4753; x_wconf 72' lang='lat' dir='ltr'><strong>renis</strong></span> <span class='ocrx_word' id='word_1_814' title='bbox 3049 4707 3098 4753; x_wconf 86' lang='lat' dir='ltr'><strong>et</strong></span> <span class='ocrx_word' id='word_1_815' title='bbox 3119 4711 3217 4764; x_wconf 84' lang='lat' dir='ltr'><strong>quo</strong></span> <span class='ocrx_word' id='word_1_816' title='bbox 3244 4694 3426 4748; x_wconf 76' lang='lat' dir='ltr'><strong>vadis?</strong></span> 
     </span>
    </p>
   </div>
   <div class='ocr_carea' id='block_1_107' title="bbox 1886 4793 3418 4878">
    <p class='ocr_par' dir='ltr' id='par_1_107' title="bbox 1886 4793 3418 4878">
     <span class='ocr_line' id='line_1_107' title="bbox 1886 4793 3418 4878; baseline -0.023 -8"><span class='ocrx_word' id='word_1_817' title='bbox 1886 4815 2278 4878; x_wconf 86' lang='lat' dir='ltr'><strong>Consequenter</strong></span> <span class='ocrx_word' id='word_1_818' title='bbox 2304 4797 2549 4869; x_wconf 64' lang='lat' dir='ltr'><strong>Egyptia</strong></span> <span class='ocrx_word' id='word_1_819' title='bbox 2580 4798 2632 4850; x_wconf 90' lang='lat' dir='ltr'><strong>itt</strong></span> <span class='ocrx_word' id='word_1_820' title='bbox 2665 4794 2746 4847; x_wconf 90' lang='lat' dir='ltr'><strong>via</strong></span> <span class='ocrx_word' id='word_1_821' title='bbox 2775 4793 2896 4858; x_wconf 87' lang='lat' dir='ltr'><strong>Sor,</strong></span> <span class='ocrx_word' id='word_1_822' title='bbox 2925 4804 3040 4856; x_wconf 67' lang='lat' dir='ltr'><strong>qua</strong></span> <span class='ocrx_word' id='word_1_823' title='bbox 3065 4803 3158 4856; x_wconf 90' lang='lat' dir='ltr'><strong>per</strong></span> <span class='ocrx_word' id='word_1_824' title='bbox 3182 4798 3418 4878; x_wconf 76' lang='lat' dir='ltr'><strong>arentum</strong></span> 
     </span>
    </p>
   </div>
   <div class='ocr_carea' id='block_1_108' title="bbox 1887 4872 3420 4962">
    <p class='ocr_par' dir='ltr' id='par_1_108' title="bbox 1887 4872 3420 4962">
     <span class='ocr_line' id='line_1_108' title="bbox 1887 4872 3420 4962; baseline -0.023 -4"><span class='ocrx_word' id='word_1_825' title='bbox 1887 4872 2118 4958; x_wconf 69' lang='lat' dir='ltr'><strong>ducitad</strong></span> <span class='ocrx_word' id='word_1_826' title='bbox 2143 4895 2428 4962; x_wconf 66' lang='lat' dir='ltr'><strong>Egyptum</strong></span> <span class='ocrx_word' id='word_1_827' title='bbox 2475 4888 2555 4943; x_wconf 88' lang='lat' dir='ltr'><strong>ire</strong></span> <span class='ocrx_word' id='word_1_828' title='bbox 2582 4884 2881 4940; x_wconf 74' lang='lat' dir='ltr'><strong>festinabat.</strong></span> <span class='ocrx_word' id='word_1_829' title='bbox 2932 4878 3239 4934; x_wconf 82' lang='lat' dir='ltr'><strong>Estenditur</strong></span> <span class='ocrx_word' id='word_1_830' title='bbox 3281 4872 3420 4927; x_wconf 91' lang='lat' dir='ltr'><strong>enim</strong></span> 
     </span>
    </p>
   </div>
   <div class='ocr_carea' id='block_1_109' title="bbox 1960 5097 3421 5187">
    <p class='ocr_par' dir='ltr' id='par_1_109' title="bbox 1960 5097 3421 5187">
     <span class='ocr_line' id='line_1_109' title="bbox 1960 5097 3421 5187; baseline -0.021 -12"><span class='ocrx_word' id='word_1_831' title='bbox 1960 5125 1984 5162; x_wconf 75' lang='grc' dir='ltr'>ιι</span> <span class='ocrx_word' id='word_1_832' title='bbox 2024 5122 2132 5187; x_wconf 77' lang='lat' dir='ltr'><strong>AL,</strong></span> <span class='ocrx_word' id='word_1_833' title='bbox 2204 5115 2557 5185; x_wconf 81' lang='lat' dir='ltr'><strong>ignorandum.</strong></span> <span class='ocrx_word' id='word_1_834' title='bbox 2623 5110 2698 5165; x_wconf 91' lang='lat' dir='ltr'><strong>De</strong></span> <span class='ocrx_word' id='word_1_835' title='bbox 2760 5111 2852 5163; x_wconf 78' lang='lat' dir='ltr'><strong>hac</strong></span> <span class='ocrx_word' id='word_1_836' title='bbox 2913 5103 3185 5160; x_wconf 84' lang='lat' dir='ltr'><strong>concubina</strong></span> <span class='ocrx_word' id='word_1_837' title='bbox 3236 5097 3421 5150; x_wconf 82' lang='lat' dir='ltr'><strong>crimen</strong></span> 
     </span>
    </p>
   </div>
   <div class='ocr_carea' id='block_1_110' title="bbox 1891 5193 2397 5247">
    <p class='ocr_par' dir='ltr' id='par_1_110' title="bbox 1891 5193 2397 5247">
     <span class='ocr_line' id='line_1_110' title="bbox 1891 5193 2397 5247; baseline -0.028 0"><span class='ocrx_word' id='word_1_838' title='bbox 1891 5194 2102 5247; x_wconf 67' lang='lat' dir='ltr'><strong>Abrahae</strong></span> <span class='ocrx_word' id='word_1_839' title='bbox 2138 5202 2278 5241; x_wconf 86' lang='lat' dir='ltr'><strong>orsus</strong></span> <span class='ocrx_word' id='word_1_840' title='bbox 2303 5193 2397 5236; x_wconf 89' lang='lat' dir='ltr'><strong>est.</strong></span> 
     </span>
    </p>
   </div>
   <div class='ocr_carea' id='block_1_111' title="bbox 1964 5255 2409 5318">
    <p class='ocr_par' dir='ltr' id='par_1_111' title="bbox 1964 5255 2409 5318">
     <span class='ocr_line' id='line_1_111' title="bbox 1964 5255 2409 5318; baseline -0.013 -6"><span class='ocrx_word' id='word_1_841' title='bbox 1964 5260 1980 5300; x_wconf 79' lang='grc' dir='ltr'>ί</span> <span class='ocrx_word' id='word_1_842' title='bbox 2025 5261 2129 5318; x_wconf 87' lang='grc' dir='ltr'><strong>ΑΙ..</strong></span> <span class='ocrx_word' id='word_1_843' title='bbox 2162 5255 2409 5318; x_wconf 69' lang='lat' dir='ltr'><strong>fecundat.</strong></span> 
     </span>
    </p>
   </div>
   <div class='ocr_carea' id='block_1_112' title="bbox 1963 5319 2704 5390">
    <p class='ocr_par' dir='ltr' id='par_1_112' title="bbox 1963 5319 2704 5390">
     <span class='ocr_line' id='line_1_112' title="bbox 1963 5319 2704 5390; baseline -0.012 -12"><span class='ocrx_word' id='word_1_844' title='bbox 1963 5331 1978 5378; x_wconf 84' lang='lat' dir='ltr'><strong>i</strong></span> <span class='ocrx_word' id='word_1_845' title='bbox 2027 5331 2137 5387; x_wconf 67' lang='lat' dir='ltr'><strong>AL,</strong></span> <span class='ocrx_word' id='word_1_846' title='bbox 2161 5337 2293 5390; x_wconf 86' lang='lat' dir='ltr'><strong>quo;</strong></span> <span class='ocrx_word' id='word_1_847' title='bbox 2322 5322 2421 5382; x_wconf 86' lang='lat' dir='ltr'><strong>al.,</strong></span> <span class='ocrx_word' id='word_1_848' title='bbox 2448 5319 2704 5387; x_wconf 73' lang='lat' dir='ltr'><strong>quoniam,</strong></span> 
     </span>
    </p>
   </div>
   <div class='ocr_carea' id='block_1_113' title="bbox 1964 5392 2337 5456">
    <p class='ocr_par' dir='ltr' id='par_1_113' title="bbox 1964 5392 2337 5456">
     <span class='ocr_line' id='line_1_113' title="bbox 1964 5392 2337 5456; baseline -0.021 -8"><span class='ocrx_word' id='word_1_849' title='bbox 1964 5397 1984 5433; x_wconf 78' lang='grc'>¹¹</span> <span class='ocrx_word' id='word_1_850' title='bbox 2027 5396 2134 5456; x_wconf 74' lang='grc' dir='ltr'><strong>ΔΙ..</strong></span> <span class='ocrx_word' id='word_1_851' title='bbox 2167 5392 2337 5444; x_wconf 79' lang='lat' dir='ltr'><strong>Sarai.</strong></span> 
     </span>
    </p>
   </div>
   <div class='ocr_carea' id='block_1_114' title="bbox 1965 5460 2450 5524">
    <p class='ocr_par' dir='ltr' id='par_1_114' title="bbox 1965 5460 2450 5524">
     <span class='ocr_line' id='line_1_114' title="bbox 1965 5460 2450 5524; baseline -0.023 -7"><span class='ocrx_word' id='word_1_852' title='bbox 1965 5462 1984 5503; x_wconf 79' lang='grc' dir='ltr'><strong>ι</strong></span> <span class='ocrx_word' id='word_1_853' title='bbox 2029 5464 2132 5521; x_wconf 76' lang='grc' dir='ltr'><strong>ΑΙ..</strong></span> <span class='ocrx_word' id='word_1_854' title='bbox 2164 5460 2450 5524; x_wconf 76' lang='lat' dir='ltr'><strong>imputaret.</strong></span> 
     </span>
    </p>
   </div>
   <div class='ocr_carea' id='block_1_115' title="bbox 1962 5531 2544 5588">
    <p class='ocr_par' dir='ltr' id='par_1_115' title="bbox 1962 5531 2544 5588">
     <span class='ocr_line' id='line_1_115' title="bbox 1962 5531 2544 5588; baseline -0.026 -1"><span class='ocrx_word' id='word_1_855' title='bbox 1962 5544 1998 5570; x_wconf 73' lang='grc' dir='ltr'><strong>π’</strong></span> <span class='ocrx_word' id='word_1_856' title='bbox 2029 5532 2133 5588; x_wconf 90' lang='grc' dir='ltr'><strong>ΑΙ..</strong></span> <span class='ocrx_word' id='word_1_857' title='bbox 2165 5531 2544 5578; x_wconf 80' lang='lat' dir='ltr'><strong>demonstraret.</strong></span> 
     </span>
    </p>
   </div>
   <div class='ocr_carea' id='block_1_116' title="bbox 1966 5593 2586 5663">
    <p class='ocr_par' dir='ltr' id='par_1_116' title="bbox 1966 5593 2586 5663">
     <span class='ocr_line' id='line_1_116' title="bbox 1966 5593 2586 5663; baseline -0.008 -14"><span class='ocrx_word' id='word_1_858' title='bbox 1966 5612 1988 5638; x_wconf 72' lang='grc' dir='ltr'>π</span> <span class='ocrx_word' id='word_1_859' title='bbox 2031 5602 2134 5663; x_wconf 77' lang='lat' dir='ltr'><strong>AL,</strong></span> <span class='ocrx_word' id='word_1_860' title='bbox 2178 5595 2327 5648; x_wconf 72' lang='lat' dir='ltr'><strong>Sarai</strong></span> <span class='ocrx_word' id='word_1_861' title='bbox 2356 5593 2586 5660; x_wconf 80' lang='lat' dir='ltr'><strong>coniuge.</strong></span> 
     </span>
    </p>
   </div>
  </div>
