3866 6248
594 367 694 422 159

1076 361 1274 418 nsum
1317 359 1756 417 VENERABILIS
1791 359 2065 416 epeuuu
2093 323 2105 364 "

2211 359 2276 432 ιδ
2315 360 2378 416 ΙΙ.
2417 389 2485 402 ο·-
2524 360 2908 418 EXEGETICA
2947 363 3277 420 GENUINA;

589 473 853 524 desertum
903 437 1001 521 Sui-
1047 484 1210 536 usque
1253 469 1317 521 ad
1372 483 1517 522 mare
1562 467 1825 529 Rubrum,
1867 463 2003 533 quod
2051 462 2115 514 ad
2147 463 2198 522 Α
2223 463 2442 527 merito;
2493 465 2543 518 in
2574 465 2933 520 testimonium
2967 467 3209 522 videlicet
3240 467 3358 522 fidei
3390 476 3442 521 et
3471 472 3755 524 confessio-

592 557 800 628 Egypti
830 557 1049 611 confinia
1078 557 1331 622 pervenit.

664 645 808 708 Ecce,
838 645 1227 710 ait.eoneepisti,
1260 653 1305 696 et
1329 645 1488 708 paries
1519 643 1699 709 ﬁlium,
1726 650 1776 693 et
1811 639 2006 692 uocatus
2030 651 2121 690 no-

592 749 701 786 tuen
732 736 836 802 ejus
865 730 1074 786 lsmael.
1103 731 1283 785 lsmael
1314 732 1681 796 interpretatur
1711 727 1982 781 Exauditio
2007 725 2119 788 Dei,

589 839 851 892 musaque
898 822 1122 876 nominis
1163 821 1464 887 exponitur,
1497 834 1614 874 cum
1662 817 1896 884 protinus
1940 817 2122 870 subin-

589 915 794 968 fertur:
836 931 895 967 eo
934 913 1066 980 quod
1090 912 1301 964 audierit
1327 910 1568 964 Dominus
1609 908 1924 976 aﬂlictionent
1961 917 2118 964 tuam.

590 1002 886 1056 Notandum
924 1011 1095 1053 autem
1121 1001 1237 1068 quia
1277 998 1360 1052 hie
1385 1000 1583 1067 primus
1626 1005 1905 1063 antequam
1936 1010 2118 1057 nasceo

589 1105 772 1157 retur,
819 1094 1079 1147 secundus
1125 1092 1266 1144 Isaac
1313 1105 1342 1142 a
1392 1091 1612 1143 Domino
1659 1103 1845 1142 nomen
1892 1089 2113 1155 accepit,

588 1183 715 1235 certi
746 1184 921 1250 utique
961 1184 1123 1249 gratia
1167 1180 1437 1248 mysterii,
1469 1179 1585 1245 quia
1627 1186 1680 1230 et
1709 1177 1906 1230 Veteris
1933 1177 2118 1230 Testa-

587 1270 765 1331 tnenti,
795 1270 930 1338 quod
957 1268 1276 1336 signiﬁcatur
1306 1267 1356 1318 in
1388 1265 1606 1328 lsmael;
1635 1273 1688 1317 et
1712 1265 1863 1328 Novi,
1892 1264 2030 1332 quod
2063 1264 2114 1318 in

585 1360 744 1420 Isaac,
791 1357 1025 1411 haeredes
1064 1367 1185 1410 ante
1225 1357 1411 1410 saecula
1458 1355 1665 1409 fuerunt
1703 1355 1756 1409 in
1798 1354 1969 1408 divina
2008 1356 2117 1409 ele-

581 1449 754 1502 ctione
783 1448 1105 1514 prweognlti.

653 1533 751 1586 Ilia
789 1536 879 1587 eiit
906 1535 1040 1602 ferus
1063 1533 1229 1597 homo,
1271 1549 1447 1587 manus
1492 1537 1600 1604 ejus
1627 1543 1800 1586 contra
1840 1549 2027 1598 omnes,
2071 1545 2120 1589 et

583 1640 756 1676 manus
797 1617 1017 1676 omnium
1045 1633 1214 1677 contra
1242 1640 1372 1688 eum,
1404 1634 1452 1677 et
1491 1640 1518 1677 e
1550 1624 1751 1695 regione
1783 1625 2117 1677 universorum

581 1716 794 1780 (rutrum
837 1728 1046 1765 suorunt
1085 1712 1204 1779 ﬁget
1243 1713 1580 1764 tabernacula.
1627 1711 1896 1778 Significat
1937 1726 2114 1765 uetusta

2289 640 2562 708 Postquam
2589 658 2708 696 vero
2748 647 3021 714 nonaginta
3067 655 3115 698 et
3152 661 3322 698 novent
3366 661 3620 699 annorum
3656 650 3758 699 esse

2217 737 2447 794 caperet,
2469 730 2708 798 apparuit
2743 731 2789 784 ei
2817 729 3081 795 Dominus,
3125 732 3353 802 elisitque
3375 734 3442 785 ad
3465 749 3583 787 eum
3604 749 3625 786 :
3650 731 3759 803 Ego

2219 815 2354 869 Deus
2381 819 2711 884 omnipotens,
2730 819 2936 872 ambula
2964 835 3136 872 corona
3165 836 3261 885 nte,
3284 831 3331 874 et
3354 831 3460 874 esto
3483 826 3755 892 perfectus,

2217 923 2493 976 penumque
2515 907 2674 974 [caus
2701 909 2830 960 inter
2853 925 2930 962 nte
2951 921 2998 963 et
3041 920 3108 974 te,
3141 920 3192 963 et
3225 913 3577 978 multiplicabo
3597 922 3647 966 te
3680 929 3756 966 ae-

2215 993 2465 1047 ltententer
2515 997 2683 1049 nimis.
2747 995 2896 1050 Unde
2942 998 3243 1052 centenario
3299 999 3526 1052 Abrahae
3569 1015 3756 1054 nomen

2215 1085 2592 1150 amplificatur.
2657 1092 3031 1139 testamentum
3096 1089 3512 1142 circumcisiouis
3585 1090 3751 1154 datur,

2216 1171 2356 1225 Isaac
2386 1173 2680 1226 nasciturus
2727 1174 3067 1242 promittitur,
3099 1186 3155 1228 ut
3203 1176 3254 1229 in
3287 1191 3480 1245 magno
3509 1183 3758 1246 mysterio

2213 1267 2549 1319 eontenarius
2579 1264 2741 1318 lilium
2772 1267 3132 1333 promissionis
3155 1265 3265 1336 jam
3292 1268 3656 1322 circumcisus
3681 1282 3756 1321 ac-

2213 1351 2393 1420 cipiat.
2443 1353 2692 1406 Ambulat
2738 1363 2912 1409 autem
2958 1369 3135 1409 coram
3182 1355 3439 1421 Domino,
3489 1365 3547 1408 ut
3601 1357 3755 1423 pessit

2213 1458 2331 1496 esse
2359 1443 2641 1510 perfectus,
2674 1445 2763 1513 qui
2794 1444 3038 1499 omnibus
3082 1445 3362 1500 momentis
3389 1445 3439 1498 in
3471 1455 3754 1512 conspectu

2218 1532 2508 1586 Divinitatis
2539 1547 2597 1587 se
2630 1535 2922 1587 consistere
2955 1542 3010 1588 et
3033 1535 3181 1601 quasi
3225 1535 3277 1586 in
3304 1534 3618 1600 obsequium
3647 1535 3756 1602 ejus

2219 1622 2439 1687 positum
2486 1636 2546 1676 se
2589 1635 2708 1675 esse
2755 1622 3030 1687 meminit;
3069 1622 3332 1688 quomodo
3361 1621 3503 1677 Elius
3526 1623 3616 1692 qui
3655 1623 3751 1676 ait:

2231 1709 2357 1762 Viuit
2387 1709 2650 1773 Dominus,
2677 1711 2730 1762 in
2756 1713 2901 1779 cujus
2929 1719 3192 1789 conspectu
3210 1722 3289 1764 sto
3315 1709 3436 1778 (Ill
3467 1710 3594 1783 Reg.
3621 1727 3747 1775 sva,

580 1773 694 1866 ejus
724 1773 1164 1854 habitaturum'i'n
1185 1817 1381 1866 eremo,
1414 1803 1462 1855 id
1491 1811 1590 1869 est,
1615 1773 1906 1856 Saracenos
1936 1818 2115 1872 vagos,
2149 1773 2194 1832 Β
2219 1801 2304 1868 1);
2336 1808 2539 1866 semper
2579 1813 2636 1852 se
2671 1799 2735 1853 ad
2782 1773 3014 1854 divinum
3050 1773 3364 1869 promptum
3415 1773 3753 1869 obsequium,

584 1889 897 1957 incertisque
945 1885 1198 1954 sedibus,
1246 1891 1334 1960 qui
1384 1892 1651 1945 universas
1700 1903 1882 1962 gentes
1927 1895 2116 1962 quibus

579 1977 839 2031 desertum
870 1993 930 2032 ex
965 1985 1124 2034 latere
1147 1980 1384 2048 jungitur
1413 1982 1709 2045 incursant,
1741 1992 1793 2036 et
1816 1997 2116 2052 expugnan-

578 2074 662 2119 tur
686 2067 752 2120 ab
775 2069 1015 2122 omnibus
1040 2087 1052 2121 :
1085 2070 1175 2122 sed
1207 2069 1318 2123 haec
1345 2069 1649 2138 antiquitus.
1681 2069 1830 2124 Nunc
1856 2082 2028 2124 autem
2057 2072 2109 2125 in

579 2164 776 2207 tantum
827 2170 1008 2210 manus
1047 2157 1162 2224 ejus
1209 2169 1390 2212 contra
1436 2172 1639 2221 omnes,
1679 2167 1734 2212 et
1769 2173 1952 2212 manus
1994 2168 2117 2214 sunt

576 2243 805 2295 omnium
845 2252 1027 2297 contra
1069 2259 1220 2307 eum;
1255 2253 1311 2296 ut
1336 2245 1561 2299 Africam
1614 2255 1774 2300 totam
1804 2247 1856 2299 in
1887 2248 2111 2314 longitu-

577 2329 698 2383 dine
735 2344 825 2383 sua
867 2331 1065 2384 ditione
1095 2344 1351 2398 premant,
1383 2335 1476 2387 sed
1532 2347 1587 2388 et
1612 2343 1638 2371 ι
1664 2335 1800 2387 Asia:
1829 2337 2108 2389 maximam

579 2431 795 2484 partem,
843 2430 896 2474 et
940 2423 1158 2490 Europae
1211 2425 1514 2477 nonnullam
1573 2424 1818 2476 omnibus
1864 2427 2008 2477 exosi
2057 2433 2110 2480 et

576 2511 824 2561 contrarii
875 2521 1104 2564 teneant.
1135 2513 1281 2575 Quod
1309 2523 1482 2564 autem
1516 2513 1641 2565 dicit
1670 2530 1682 2564 :
1712 2511 1858 2582 Figet
1883 2515 2113 2568 taberna-

574 2599 724 2661 cula;
770 2615 965 2654 morem
994 2604 1163 2669 gentis
1212 2605 1478 2669 antiquum
1507 2605 1752 2667 ostendit,
1786 2621 1900 2673 quae
1950 2609 2000 2659 in
2034 2616 2109 2658 ta-

575 2688 869 2741 bernaculis
889 2704 1113 2756 semper,
1141 2707 1243 2744 non
1267 2693 1315 2743 iu
1337 2692 1596 2756 domibus,
1627 2694 1859 2746 habitare
1889 2695 2105 2747 solebat.

651 2774 850 2828 Vocavit
877 2775 902 2814 δ
934 2788 1098 2830 autem
1134 2795 1308 2829 nomen
1353 2777 1552 2830 Domini
1593 2784 1676 2847 qui
1724 2780 2014 2845 loquebatur
2041 2783 2106 2834 ad

568 2879 680 2914 eam
703 2879 719 2914 :
747 2863 820 2914 Tu
843 2863 975 2916 Deus
1001 2867 1086 2932 qui
1116 2867 1278 2917 vidisti
1301 2883 1395 2919 tne.
1424 2867 1561 2919 Dixit
1580 2870 1707 2921 enim
1728 2885 1747 2921 :
1778 2867 2007 2938 Profecto
2025 2871 2126 2924 hic.

568 2952 670 3002 uidi
706 2952 978 3018 posteriora
1017 2955 1225 3007 videntis
1253 2971 1346 3019 me,
1398 2968 1659 3025 propterea
1700 2958 1966 3025 appellauit
2007 2975 2105 3026 pu-

569 3047 697 3091 teum
723 3038 867 3090 illaut
887 3039 1096 3094 Puteuoi
1120 3045 1321 3097 uiuentis
1341 3054 1385 3096 et
1405 3043 1611 3099 videntis
1634 3063 1727 3100 me.
1756 3047 1903 3101 Patet
1928 3065 1991 3102 ex
2020 3049 2100 3103 his

575 3130 748 3182 verbis
774 3131 909 3195 quod
930 3135 1064 3198 Agar
1089 3147 1190 3185 nou
1216 3136 1395 3187 faciem
1425 3135 1594 3202 angeli
1624 3137 1880 3202 loquentis
1904 3151 2099 3203 secum,

572 3217 664 3270 sed
697 3219 976 3283 posteriora
1025 3230 1223 3274 tantum
1266 3237 1293 3273 a
1333 3237 1389 3274 se
1418 3226 1663 3276 abeuntis
1688 3224 1862 3276 videre
1909 3227 2100 3292 potuit:

574 3319 730 3366 quem
744 3313 928 3358 tamen
950 3322 1006 3361 se
1036 3309 1331 3362 miserando
1359 3309 1552 3362 vidisse
1579 3320 1633 3364 et
1661 3310 1795 3364 hunc
1821 3313 2099 3378 viventem,

573 3391 748 3454 idest,
792 3409 967 3448 verum
1011 3410 1129 3450 esse
1177 3398 1357 3460 Deum,
1403 3400 1481 3452 vel
1527 3400 1577 3452 in
1627 3414 1846 3467 persona
1882 3402 2102 3456 viventis

574 3475 664 3530 Dei
706 3479 770 3530 ad
819 3495 876 3533 se
923 3485 1126 3537 venisse
1173 3487 1431 3551 cognovit.
1503 3488 1626 3539 Mira
1670 3498 1847 3542 autem
1899 3490 2103 3544 femina:

575 3571 845 3636 prudentia
872 3614 887 3638 ,
938 3575 1017 3628 vel
1069 3576 1238 3641 potius
1281 3591 1383 3635 non
1431 3578 1703 3642 miranda,
1748 3583 1990 3648 quoniam
2037 3581 2101 3635 ad

573 3658 797 3714 Abraba:
847 3661 1095 3716 familiam
1142 3659 1455 3731 pertinebat,
1489 3668 1623 3733 quod
1671 3674 1902 3733 puteum,
1947 3670 2100 3737 juxta

568 3764 723 3815 quem
776 3752 986 3804 oraculo
1029 3752 1204 3804 divino
1255 3752 1544 3806 confortata
1601 3761 1718 3821 est,
1775 3769 1818 3808 a‘
1852 3757 2104 3809 vocabulo

566 3840 799 3909 ejusdem
832 3842 918 3895 Dei
948 3856 1239 3910 cognomen
1283 3843 1474 3896 habere
1503 3843 1692 3905 voluit;
1736 3846 1884 3912 quasi
1931 3846 2100 3916 palam

570 3931 865 3998 intelligens
893 3931 1032 3996 quod
1063 3941 1246 3997 puteus
1275 3931 1363 3983 ille
1388 3921 1639 4000 profunda
1671 3945 1693 3971 ε
1717 3934 1889 3986 divina
1917 3935 2100 4002 dispo-

569 4018 773 4070 sitionis
820 4033 1004 4071 arcana
1053 4019 1386 4087 designaret,
1436 4019 1621 4087 quibus
1673 4019 1941 4074 afﬂictiuni
1988 4022 2101 4090 ejus

570 4107 924 4170 misereretur,
965 4121 1186 4174 eamque
1234 4108 1296 4160 ad
1327 4107 1587 4160 dominam
1633 4107 1805 4162 redire
1853 4111 2104 4178 praecipe-

563 4206 668 4260 ret;
697 4213 759 4250 ac
769 4200 999 4252 sobolem
1013 4200 1126 4266 ejus
1147 4215 1381 4267 magnam
1396 4200 1614 4254 futuram
1633 4215 1750 4255 esse
1768 4203 2098 4270 pradiceret:

563 4295 616 4336 et
655 4285 791 4336 sicut
819 4285 867 4337 in
903 4296 1058 4350 puteo
1079 4287 1190 4338 sive
1229 4287 1371 4339 fonte
1400 4288 1510 4351 illo,
1543 4299 1596 4341 ut
1619 4303 1774 4357 supra
1803 4291 2098 4344 nominatus

2217 1891 2542 1959 praesentiam
2571 1891 2650 1944 sui
2673 1891 2968 1946 Conditoris
2997 1892 3048 1945 in
3075 1901 3252 1947 mente
3277 1892 3472 1946 habere
3496 1893 3751 1960 signavit;

2213 1987 2266 2032 et
2292 1979 2414 2046 quia
2448 1979 2642 2044 primus
2674 1975 3009 2046 perfectionis
3033 1981 3224 2049 gradus
3251 1978 3520 2034 humilitas
3544 1988 3650 2043 est,
3680 1994 3752 2033 re.

2213 2076 2295 2120 cte
2323 2065 2683 2134 Subjuugitur:

2282 2153 2468 2207 Cecidit
2491 2155 2671 2207 Abram
2699 2170 2886 2223 pronus
2927 2156 2979 2207 in
3006 2155 3205 2222 facient.
3232 2153 3476 2223 Legimus
3500 2164 3677 2208 autem
3704 2157 3752 2208 is

2217 2244 2476 2311 prioribus
2517 2259 2680 2297 sacrae
2731 2243 2960 2296 historia:
3007 2242 3134 2296 locis
3166 2243 3304 2297 viros
3349 2253 3560 2297 sanctos
3584 2245 3749 2298 Domi-

2218 2346 2341 2383 num
2371 2331 2664 2394 invocasse,
2703 2331 2751 2384 ei
2785 2330 2980 2384 hostias
3008 2330 3175 2384 laudis
3204 2331 3480 2396 obtulisse,
3505 2332 3749 2389 innocen-

2212 2428 2290 2474 tes
2333 2421 2384 2473 in
2429 2430 2712 2490 conspectu
2754 2421 2868 2488 ejus
2921 2421 3144 2484 vixisse,
3207 2422 3408 2474 nullum
3459 2437 3584 2476 vero
3629 2436 3748 2476 ante

2210 2510 2404 2562 Abram
2436 2524 2654 2576 pronum
2702 2509 2751 2561 in
2782 2508 2967 2562 faciem
3012 2523 3191 2561 coram
3214 2508 3436 2562 Domino
3461 2511 3746 2564 corruisse.

2212 2595 2402 2649 Verum
2432 2597 2522 2649 ille
2548 2612 2652 2662 quo
2683 2596 2865 2649 altiora
2896 2596 3152 2663 prioribus
3196 2597 3330 2652 dona
3379 2600 3640 2667 percepit,
3688 2614 3750 2653 eo

2210 2683 2435 2749 majores
2483 2683 2713 2750 largitori
2762 2685 3014 2738 donorum
3041 2687 3233 2752 gratias
3278 2702 3397 2742 sese
3423 2689 3745 2742 bumiliandu

2209 2774 2466 2840 reddidit;
2495 2785 2548 2829 et
2576 2778 2694 2844 quia
2725 2790 2833 2829 sua:
2878 2775 3170 2846 fragilitatis
3212 2779 3408 2833 cadens
3456 2781 3510 2834 in
3557 2791 3750 2833 terram

2210 2863 2481 2920 humiliter
2515 2867 2770 2930 meminit,
2814 2881 2933 2921 mox
2978 2867 3166 2921 divinae
3201 2871 3476 2937 potestatis
3518 2871 3745 2924 eminea-

2210 2958 2334 3009 tiam
2368 2950 2664 3009 sublimiter
2689 2971 2968 3024 agnoscere
2995 2958 3206 3010 meruit.
3239 2958 3366 3010 Nam
3392 2959 3658 3024 sequitur:

2277 3042 2514 3112 Dixitque
2536 3045 2582 3095 ei
2604 3043 2737 3096 Deus
2758 3059 2778 3107 ,:
2799 3041 2908 3111 Ego
2933 3059 3066 3110 sum,
3088 3053 3134 3096 et
3155 3054 3356 3116 pactum
3377 3061 3538 3098 meum
3563 3054 3739 3100 tecum.

2209 3132 2343 3197 Quid
2373 3141 2452 3184 est
2475 3131 2614 3185 enim
2645 3132 2861 3184 Domino
2887 3131 3061 3204 dicere
3091 3148 3106 3185 :
3137 3130 3244 3203 Ego
3266 3149 3402 3200 sum,
3426 3136 3528 3188 nisi
3557 3145 3741 3190 statim

2209 3219 2512 3274 aeternitatis
2565 3234 2692 3280 sum,
2741 3216 2840 3288 qua
2887 3233 3092 3287 semper
3140 3222 3422 3288 idem-est,
3471 3225 3742 3278 manifeste

2205 3309 2544 3362 denuntiare?
2572 3309 2642 3362 De
2663 3298 2763 3377 qua
2792 3309 2919 3362 dicit
2946 3317 2998 3362 et
3027 3310 3264 3364 Psalmus
3289 3329 3301 3364 :
3326 3311 3402 3364 Tu
3423 3325 3592 3366 autent
3613 3317 3738 3366 ἕλω

2203 3399 2310 3463 ipse
2350 3413 2398 3448 es
2437 3395 2604 3463 (Paul.
2651 3412 2722 3460 Cl,
2768 3395 2880 3463 98).
2930 3397 3060 3450 Huic
3097 3407 3268 3452 autem
3315 3401 3431 3452 loco
3465 3408 3490 3434 ⁶
3518 3401 3741 3456 concinit

2207 3482 2332 3536 illud
2359 3483 2625 3549 Evangelii
2655 3483 2739 3536 ubi
2762 3483 2895 3536 dixit
2924 3484 3172 3538 Dominus
3199 3486 3395 3540 ludatis
3423 3504 3438 3540 :
3464 3490 3738 3558 Antequam

2207 3573 2344 3640 ﬁeret
2386 3571 2660 3623 Abraham
2686 3587 2776 3641 rgo
2819 3588 2928 3625 sum
2966 3574 3142 3642 (Joan.
3176 3589 3285 3637 νηι,
3317 3575 3429 3644 58).
3475 3579 3740 3645 Appareus

2205 3663 2340 3714 enim
2390 3661 2440 3713 io
2488 3675 2647 3714 carne
2688 3661 2862 3717 docuit
2906 3677 2966 3716 se
3013 3663 3181 3730 ipsum
3213 3678 3334 3718 esse
3363 3667 3449 3734 qui
3484 3667 3535 3719 in
3561 3666 3738 3733 spiritu

2202 3748 2466 3814 quondam
2513 3759 2826 3815 apparuerat
2868 3750 3109 3816 Abrahae,
3157 3767 3276 3806 cum
3323 3754 3459 3806 idem
3512 3753 3738 3808 testimo-

2205 3837 2343 3888 nium
2387 3838 2633 3890 essentize
2679 3853 2808 3898 sum,
2839 3842 2974 3905 quod
3018 3841 3350 3906 perhibuerat
3378 3842 3626 3904 Abrabze.
3657 3858 3739 3898 re-

2205 3916 2332 3992 petit
2382 3927 2702 3993 perhibendo
2750 3926 2980 3992 Judmis;
3029 3927 3120 3980 sed
3151 3927 3339 3991 Judaei,
3387 3931 3508 3997 quia
3559 3932 3739 3985 audie-

2203 4023 2317 4067 rant
2343 4030 2356 4066 :
2380 4015 2653 4079 Antequam
2673 4016 2811 4080 ﬁeret
2830 4015 3079 4068 Abraham
3104 4033 3191 4086 ego
3209 4033 3341 4079 sum,
3367 4017 3736 4080 turbabantur;

2203 4102 2464 4157 Abraham
2491 4104 2736 4172 quoniam
2766 4105 2963 4157 audivit
2987 4120 3000 4155 :
3028 4103 3140 4173 Ego
3160 4121 3289 4164 suta.
3321 4106 3619 4173 lctabatur,
3648 4124 3739 4162 aes

2201 4192 2468 4247 dubitabat
2512 4194 2651 4260 quod
2701 4202 2976 4260 antequam
3024 4195 3135 4260 ipse
3182 4197 3351 4258 lleret,
3401 4199 3540 4250 Deus
3587 4209 3735 4252 erat;

2202 4281 2341 4334 unde
2360 4289 2414 4334 et
2437 4281 2550 4349 ipse
2570 4282 2688 4350 quia
2711 4285 2926 4336 verbum
2955 4283 3150 4338 divina:
3177 4287 3486 4340 aeternitatis
3518 4288 3738 4342 fideliter

567 4381 672 4434 est,
700 4371 877 4423 vivam
905 4385 966 4424 ac
992 4387 1272 4438 perennem
1298 4374 1502 4427 videbat
1524 4390 1709 4442 aquam
1732 4394 1746 4439 ;
1776 4378 1842 4429 ita
1873 4377 2096 4430 altitudi-

2211 4371 2432 4436 Iudivit;
2485 4375 2686 4440 accepit
2733 4375 2784 4425 in
2835 4381 3168 4439 augmentum
3218 4377 3438 4442 praemii,
3490 4387 3550 4429 ut
3596 4384 3736 4446 pater

562 4475 682 4512 nem
727 4460 920 4512 divinat:
963 4461 1263 4513 substantia
1306 4474 1510 4529 semper
1561 4463 1824 4517 viventem
1875 4479 1937 4518 ac
1983 4469 2097 4520 sine

563 4550 665 4602 line
705 4559 861 4616 atque
892 4550 1140 4617 principio
1186 4561 1481 4604 manentem
1526 4553 1796 4616 intellexit,
1837 4563 1992 4620 atque
2030 4557 2097 4609 ab

566 4651 627 4688 ea
671 4649 881 4703 puteum
933 4651 1073 4690 recte
1117 4642 1583 4706 eognominandutu
1631 4644 1870 4698 credidit.
1915 4645 2002 4698 Cui
2035 4646 2096 4696 li-

565 4740 707 4791 gurae
750 4739 1040 4791 congruens
1089 4728 1360 4782 Psalmista
1390 4772 1404 4796 ,
1449 4747 1564 4784 cum
1623 4733 1847 4786 dixisset
1891 4751 1902 4786 :
1951 4734 2094 4788 Sicut

559 4829 732 4865 cerrus
775 4813 1025 4866 desiderat
1077 4819 1141 4868 ad
1187 4820 1347 4884 fontes
1395 4836 1676 4885 aquarum,
1737 4825 1806 4872 ita
1849 4823 2091 4873 desiderat

556 4901 728 4952 anima
784 4915 891 4950 meo
936 4904 1001 4952 ad
1045 4911 1112 4962 te,
1154 4902 1287 4954 Deus
1347 4905 1512 4970 (Ptol.
1563 4923 1666 4972 xu,
1705 4909 1799 4976 2);
1846 4910 2092 4962 continuo

554 4990 784 5045 subdidit
813 5007 825 5041 :
860 4991 1024 5045 Sitivit
1063 4994 1231 5045 animo
1275 5010 1382 5046 mea
1418 4999 1485 5046 ad
1508 4997 1534 5032 ἀ
1566 4996 1727 5061 Deum
1773 4999 1956 5048 uicum.
2025 4997 2091 5050 Ut

558 5084 921 5151 colligeremus
944 5086 1062 5150 quia
1093 5084 1227 5136 sicut
1269 5084 1435 5136 fontes
1463 5088 1604 5140 vivas
1643 5097 1698 5141 et
1728 5088 2091 5140 indeticientes

555 5187 718 5238 aquas
748 5171 958 5232 habent,
987 5173 1052 5224 ita
1084 5174 1218 5227 Deus
1250 5174 1404 5225 vitam
1437 5176 1622 5228 habeat
1676 5179 1725 5228 itt
1783 5191 1852 5228 se
1870 5190 2089 5229 manen-

559 5270 684 5314 tem.
730 5261 1023 5314 Notandum
1051 5272 1225 5314 autem
1272 5262 1405 5330 quod
1437 5272 1619 5328 puteus
1643 5266 1780 5331 Agar
1821 5263 1957 5316 inter
1993 5262 2087 5317 de-

2198 4461 2474 4515 multarum
2518 4461 2747 4529 gentium
2789 4471 2842 4514 et
2871 4471 3144 4516 vocaretur
3187 4473 3240 4516 et
3265 4474 3424 4517 esset.
3455 4464 3626 4520 Porro
3645 4464 3734 4519 Ju-

2196 4551 2458 4620 dai,,quia
2496 4553 2666 4604 audita
2695 4549 2980 4604 divinitatis
3005 4567 3194 4606 arcana
3224 4569 3415 4621 capere
3442 4570 3550 4608 non
3585 4565 3728 4622 pote-

2195 4651 2334 4707 rant,
2377 4642 2527 4708 ejecti
2575 4641 2640 4694 de
2689 4641 2850 4708 stirpe
2897 4643 3142 4718 Abrabc,
3195 4652 3251 4696 et
3298 4645 3432 4696 inter
3470 4645 3733 4710 genimina

2193 4743 2315 4785 sunt
2341 4734 2632 4798 viperarum
2661 4731 2941 4796 computati
2975 4748 2989 4783 :
3020 4730 3244 4800 Denique
3291 4732 3514 4783 tulerunt
3543 4731 3736 4796 lapides

2193 4831 2245 4874 ut
2286 4825 2508 4891 jacerent
2561 4801 2613 4870 in
2662 4834 2825 4882 eum;
2887 4828 2939 4871 at
2991 4819 3379 4874 ille-abscondit
3426 4832 3480 4870 se
3532 4821 3598 4868 ab
3649 4819 3733 4879 ἀι,

2192 4921 2238 4962 et
2276 4909 2420 4962 exivit
2451 4909 2511 4958 de
2539 4907 2718 4975 templo
2760 4906 2932 4975 (Joon.
2961 4921 3073 4972 vttt,
3105 4909 3219 4974 59),
3243 4917 3299 4958 ut
3321 4905 3578 4961 videlicet
3601 4923 3633 4960 a
3661 4907 3732 4962 la-

2193 4997 2358 5066 pideis
2401 4995 2644 5048 cordibus
2673 5009 2852 5048 eorum
2893 4995 3181 5047 absconsns
3201 5035 3216 5058 ,
3248 5004 3301 5045 et
3329 4992 3513 5046 exiens
3541 4995 3614 5048 ad
3657 5011 3736 5049 re-

2190 5085 2461 5138 velandam
2501 5084 2738 5151 gentibus
2766 5097 2872 5135 sua:
2902 5079 3192 5148 maiestatis
3241 5079 3565 5145 agnitionem
3598 5085 3734 5136 veni-

2191 5185 2295 5227 ret.
2325 5173 2451 5225 Nam
2481 5181 2534 5225 et
2563 5183 2685 5225 tunc
2709 5184 2948 5240 egressus
2976 5171 3042 5221 de
3069 5168 3265 5235 templo
3303 5184 3448 5224 careo
3493 5181 3623 5226 nata
3663 5171 3736 5224 Iu-

2190 5278 2306 5316 men
2337 5261 2580 5315 reddidit.
2629 5260 2684 5314 ln
2713 5261 2926 5330 figuram
2956 5257 3199 5311 videlicet
3224 5259 3429 5327 gratia,
3457 5275 3569 5330 qua
3617 5259 3733 5314 illu-

554 5359 748 5400 sertum
777 5350 944 5402 Gades
986 5359 1038 5403 et
1068 5349 1232 5401 Barad
1281 5348 1537 5416 hodieque
1579 5348 1988 5413 demonstratur,
2033 5358 2088 5402 et
2185 5362 2580 5407 straturus'erat
2608 5351 2763 5404 enrda
2791 5347 3081 5418 gentilium.
3121 5348 3406 5415 Sequitur:

621 5487 645 5546 μ
689 5480 790 5544 AL,
817 5479 1050 5546 Assyrian

617 5544 646 5584 δ
684 5548 789 5609 ΑΙ..
818 5544 994 5599 nomen
1022 5550 1146 5613 eius.

622 5625 642 5653 ε
686 5616 790 5679 AL,
821 5617 964 5670 deest
985 5617 1185 5680 diuina,-
1230 5616 1359 5670 forte
1387 5617 1481 5686 legi
1507 5619 1647 5676 debet
1668 5619 1870 5673 dirimv.

2255 5483 2278 5520 ἀ
2321 5483 2424 5541 AL,
2455 5482 2520 5533 ad
2545 5493 2592 5531 te
2623 5480 2776 5533 (leua:
2803 5479 2981 5532 rit'uut.

2256 5561 2278 5588 ⁸
2318 5553 2420 5616 ΑΙ..
2444 5550 2680 5621 congruit.
