3866 6248
1389 394 1518 448 "EX
1531 394 1848 450 AEMERON
1890 398 2013 454 LIB.
2058 401 2136 458 l\'.

3254 431 3354 486 l6!

233 486 446 556 Ertsgue
466 499 607 558 pater
644 493 917 548 ntultarum
939 498 1192 568 gentium,
1219 515 1308 553 uec
1341 501 1474 553 ultra
1509 504 1703 555 vorabi-
1739 508 1779 558 Α
1812 511 1912 556 tua:
1941 511 2394 566 remunerationis.
2420 513 2728 570 Circumcidi
2760 536 2883 589 ergo
2909 527 3212 596 praecipitur
3230 545 3356 586 caro

155 586 248 630 sur
291 593 468 632 nomen
504 588 644 632 tuum
686 580 902 646 Abram,
947 588 1034 638 sed
1071 587 1396 656 appellabaris
1429 589 1704 654 Abraham,

155 666 280 729 quia
306 677 496 730 patrem
525 673 799 723 statuarum
831 675 1049 742 gentium
1076 677 1307 729 constitui
1333 689 1399 731 te.
1429 679 1557 754 Quia
1582 679 1704 732 bea-

157 763 249 808 tus
273 755 538 810 Abraham
569 765 934 828 Cogitationem
981 779 1042 818 ac
1079 765 1289 819 domum
1337 771 1498 836 patris
1527 770 1606 822 sui
1639 770 1702 821 ad

159 846 439 912 imperium
475 849 676 902 Domini
707 852 957 917 deseruit,
990 857 1177 908 merito
1202 868 1255 909 et
1283 857 1381 910 hoc
1411 859 1459 910 in
1487 873 1704 912 munere

157 934 522 990 retributionis
572 939 793 1006 accepit.
842 952 898 994 ut
943 951 1089 1009 paler
1136 943 1415 998 multarum
1468 947 1701 1013 gentium

159 1023 386 1089 existat;
415 1027 548 1079 adeo
580 1028 757 1095 utique
787 1031 1085 1094 multarum,
1118 1043 1172 1086 ut
1195 1048 1296 1087 non
1328 1034 1498 1088 solum
1525 1050 1702 1089 earum

157 1127 280 1181 quae
307 1128 369 1166 es
420 1117 531 1181 ejus
578 1120 775 1171 semine
817 1119 1105 1174 secundum
1145 1136 1356 1177 carnem
1407 1124 1702 1191 prodirent;

158 1200 258 1254 sed
284 1210 339 1254 et
355 1217 542 1256 earum
566 1219 681 1271 qua:
709 1207 918 1261 aliunde
947 1210 1202 1278 originem
1230 1213 1403 1266 carnis
1423 1214 1698 1280 ducentes,

157 1288 282 1342 ﬁdei
301 1299 354 1343 et
368 1290 673 1345 obedientite
684 1293 796 1361 ejus
811 1297 1019 1364 vestigia
1042 1311 1404 1366 sequerentur,
1421 1303 1551 1356 sicut
1565 1304 1704 1370 Ap‘o.

151 1377 330 1431 stolus
351 1379 414 1430 ad
443 1381 698 1433 ltomanos
713 1384 948 1438 scribens
965 1387 1334 1450 plenissimees
1345 1392 1504 1454 ponit.
1523 1392 1703 1445 Scien-

156 1458 287 1518 dum
301 1476 473 1521 autem
495 1469 631 1535 quod
649 1471 835 1523 Abram
857 1471 1274 1538 Patercxcelsus,
1300 1479 1559 1532 Abraham
1579 1495 1703 1534 vero
1723 1497 1738 1506 ί

157 1553 317 1611 Pater
343 1559 622 1612 multarum
654 1562 871 1625 dicitur,
901 1573 956 1616 ut
983 1565 1417 1635 subintelligatur,
1444 1570 1699 1638 gentium.

234 1667 305 1720 Et
332 1680 555 1723 statuam
583 1682 780 1739 pactum
806 1690 967 1728 meum
989 1676 1118 1731 inter
1144 1694 1221 1731 me
1245 1689 1292 1731 et
1312 1689 1375 1743 te,
1399 1691 1444 1734 et
1470 1682 1600 1734 inter
1624 1698 1702 1736 κ-

157 1769 274 1808 men
295 1767 438 1810 tuum
466 1770 578 1826 post
605 1771 652 1812 te
681 1763 732 1812 in
761 1765 1158 1830 generationibus
1183 1769 1285 1820 suis
1309 1769 1493 1834 [cdere
1516 1771 1698 1837 sempi-

155 1855 334 1909 terno;
360 1857 412 1899 ut
441 1851 537 1901 sim
568 1849 701 1904 Deus
727 1861 840 1904 tuus
869 1863 914 1904 et
947 1857 1145 1908 seminis
1174 1858 1249 1908 tui
1292 1869 1400 1925 post
1442 1868 1506 1910 te.
1540 1859 1696 1912 Vetus

156 1933 433 1984 translatio
475 1934 632 1988 habet
678 1951 706 2003 ε.
749 1935 811 1988 Et
858 1949 1078 1992 statuam
1124 1951 1466 1996 testamentum
1513 1960 1696 1998 meum.

155 2017 452 2073 Notandum
482 2031 656 2075 autem
685 2024 822 2092 quod
856 2027 1151 2092 ubicunque
1180 2027 1231 2080 in
1260 2028 1442 2081 Graeco
1472 2031 1696 2098 legimus

160 2116 556 2172 testamentum,
586 2109 653 2162 ibi
685 2111 734 2162 itt
765 2111 982 2164 Iit-brato
1010 2129 1254 2167 sermone
1279 2116 1340 2169 sit
1371 2116 1558 2180 lmdus.
1589 2119 1702 2171 sive

159 2207 394 2261 pactum,
445 2197 494 2249 id
526 2207 626 2262 est,
655 2198 844 2252 beritli.
899 2200 1009 2255 Non
1060 2213 1142 2256 est
1178 2214 1362 2257 autem
1407 2207 1701 2260 mirandum

155 2298 324 2352 quare
343 2295 706 2341 testamentum
731 2290 843 2343 sive
865 2303 1068 2358 pactum
1091 2293 1182 2347 Dei
1206 2295 1414 2348 sitcum
1441 2296 1700 2352 Abraham

153 2383 212 2427 et
246 2377 444 2429 semine
480 2377 596 2445 ejus
637 2379 831 2433 ledere.
869 2383 1213 2450 sempitefno,
1255 2394 1312 2438 ut
1341 2385 1410 2438 sit
1441 2386 1575 2440 Deus
1611 2402 1700 2440 eo-

156 2475 275 2514 rum
300 2477 314 2516 :
335 2463 452 2528 quia
485 2465 726 2518 nimirum
758 2468 854 2521 hoc
882 2468 1066 2535 foedus,
1098 2480 1152 2523 ct
1179 2481 1288 2523 toto
1317 2481 1549 2538 tempore
1580 2475 1698 2526 vita:

156 2546 317 2615 hujus
343 2551 456 2603 sine
485 2552 584 2603 ulla
626 2551 1016 2609 intermissione
1059 2558 1107 2608 itt
1136 2558 1561 2623 generationibus
1590 2559 1702 2612 ele-

153 2648 361 2690 ctorum
393 2653 511 2693 sese
534 2656 597 2693 ex
627 2641 812 2696 ordine
850 2645 1177 2711 sequentium
1219 2647 1538 2713 servabitur,
1567 2656 1620 2699 ct
1646 2649 1696 2700 in

157 2726 333 2777 futuro
362 2728 553 2780 seculo
583 2730 695 2782 sine
723 2731 828 2783 ullo
860 2730 959 2784 line
988 2733 1362 2788 celebrabitur.
1392 2735 1540 2800 Quod
1575 2751 1697 2789 vero

155 2816 396 2883 sequitur
427 2835 440 2868 :

228 2903 470 2973 Daboque
511 2906 600 2958 tibi
633 2915 679 2958 et
717 2908 893 2961 semini
934 2920 1019 2962 tuo
1063 2921 1243 2963 terram
1283 2914 1696 2982 peregrinationis

155 2999 257 3045 tua
298 3009 490 3063 omnem
531 3004 714 3048 terram
745 2995 984 3050 Chanaan
1029 3000 1079 3050 in
1111 3003 1472 3066 possessionem
1497 3009 1521 3036 ⁸
1554 3014 1698 3055 teter-

156 3096 294 3135 nam.
325 3083 637 3149 Operosiore
676 3087 1008 3150 expositione
1035 3087 1232 3155 indiget
1256 3091 1522 3156 quomodo
1560 3092 1698 3145 acci-

156 3173 334 3234 piatur
375 3170 642 3237 impletum
663 3210 677 3233 ,
708 3170 823 3226 sive
852 3173 1020 3227 adhuc
1047 3173 1073 3209 δ
1105 3185 1437 3242 exspectetur
1479 3178 1697 3246 implen-

156 3257 315 3319 dum,
365 3272 482 3309 cum
535 3262 796 3326 possessio
841 3275 1163 3331 quacunque
1213 3272 1458 3331 terrena,
1506 3279 1695 3321 acterna

154 3345 370 3397 cuilibet
409 3347 550 3413 genti
600 3361 718 3400 esse
770 3364 872 3401 non
925 3351 1110 3417 possit.
1159 3351 1261 3405 Sed
1313 3355 1579 3406 sciendum
1619 3364 1698 3408 est

157 3446 412 3487 aeternum
442 3451 470 3489 a
501 3439 694 3491 nostris
724 3439 1056 3508 interpretari
1085 3443 1221 3507 quod
1245 3437 1409 3495 Graeci
1434 3445 1697 3510 appellant

156 3523 410 3590 Eonion,
436 3529 572 3594 quod
614 3543 642 3580 a
678 3531 872 3583 saeculo
896 3531 1185 3584 derivatum
1214 3543 1315 3585 est.
1345 3533 1476 3603 Eon
1510 3537 1695 3602 quippe

155 3610 339 3666 Grece
363 3615 594 3668 seculum
621 3627 962 3682 nuncupatur.
990 3618 1091 3671 Sed
1127 3635 1229 3673 non
1262 3619 1372 3673 ausi
1396 3621 1563 3674 Latini
1595 3623 1694 3676 hoc

153 3699 334 3754 dicere
356 3704 624 3769 saeculare,
645 3719 711 3757 ne
741 3707 890 3772 longe
919 3707 968 3757 in
998 3707 1136 3760 aliud
1167 3709 1432 3763 mitterent
1456 3725 1688 3768 sensum.

153 3790 437 3846 Stecularia
479 3794 669 3862 quippe
694 3793 936 3849 dicuntur
967 3784 1126 3851 multa
1156 3814 1272 3865 qua:
1295 3799 1348 3853 in
1378 3805 1474 3854 hoc
1499 3804 1692 3856 saeculo

154 3882 231 3935 sic
257 3893 503 3951 aguntur,
549 3885 683 3938 sicut
733 3884 874 3938 brevi
924 3886 1083 3940 etiam
1127 3898 1359 3956 tempore
1403 3900 1688 3945 transeant.

155 3967 381 4023 Eonion
425 3981 594 4025 autem
631 3973 768 4040 quod
813 3974 1020 4038 dicitur,
1050 3987 1141 4030 aut
1183 3995 1284 4031 non
1316 3979 1470 4034 habet
1512 3982 1685 4047 liuent,

155 4067 244 4112 aut
271 4075 434 4126 usque
480 4063 529 4113 in
561 4061 711 4130 hujus
741 4065 911 4117 eteculi
943 4066 1171 4120 tenditur
1207 4068 1384 4121 linem.
1444 4069 1508 4121 Et
1549 4071 1687 4134 ideo,

154 4151 290 4204 sicut
315 4161 365 4202 et
394 4167 548 4218 supra
575 4153 821 4217 diximus,
861 4165 996 4209 terra
1025 4156 1267 4234 Chanaan
1317 4159 1367 4210 in
1397 4160 1687 4226 possessio-

146 4253 272 4291 nem
302 4249 551 4293 :eternam
580 4245 765 4296 semini
811 4244 960 4296 datur
985 4246 1227 4310 Abrahae,
1255 4249 1500 4314 quoniam
1530 4251 1579 4301 in
1626 4265 1683 4302 ea

155 4327 430 4382 Christiani
463 4346 626 4399 usque
667 4334 730 4384 ad
764 4334 914 4387 linem
945 4335 1118 4387 saeculi
1151 4335 1324 4404 hujus,
1356 4341 1465 4392 sive
1504 4340 1569 4391 de
1594 4340 1686 4392 .Iu-

1813 597 2067 661 pra-polii,
2095 596 2145 650 itt
2163 600 2367 668 signum
2383 603 2593 659 ltederis
2609 606 2741 660 inter
2760 608 2919 662 Deum
2935 622 2989 665 et
3012 615 3271 684 homines,
3295 630 3352 673 ut

1811 681 1908 734 hoc
1935 682 2084 752 signo
2112 687 2514 743 admonerentur
2545 694 2720 747 lideles
2743 697 2878 750 illius
2909 704 3175 767 temporis,
3205 681 3352 761 inuno

1811 770 2013 825 dandos
2057 787 2113 827 se
2143 775 2210 829 ab
2248 778 2391 831 omni
2414 782 2799 847 inquinamento
2827 791 2998 841 carnis
3023 801 3076 844 et
3111 796 3348 864 spiritus,

1809 859 2179 923 perliciendum
2211 867 2677 923 sattctilicationetn
2710 873 2760 941 in
2793 874 2978 932 timore
3007 879 3094 931 Dei
3117 859 3149 944 ;7
3172 885 3263 936 sed
3291 859 3346 936 et

1807 944 1996 998 altiore
2015 953 2264 1017 mysterio
2291 954 2443 1007 liebat
2463 960 2789 1014 circumcisio
2815 963 2900 1016 illa
2931 970 3152 1021 carnalis
3181 971 3233 1023 in
3263 971 3344 1024 si-

1806 1049 1962 1099 gnum
1987 1034 2197 1092 foederis
2223 1042 2350 1095 inter
2375 1043 2537 1098 Deum
2561 1057 2614 1100 et
2633 1059 2816 1103 semen
2851 1053 3093 1118 Abrahae,
3123 1061 3244 1124 quia
3270 1062 3348 1110 ni-

1807 1125 1993 1177 mirum
2013 1126 2063 1178 in
2087 1128 2222 1182 illius
2243 1127 2454 1187 lmderis
2473 1135 2673 1202 signum
2703 1138 2822 1190 data
2837 1152 2942 1206 est,
2968 1142 3033 1195 de
3054 1159 3159 1211 quo
3185 1161 3344 1212 supra

1806 1213 2000 1269 dictum
2024 1228 2107 1272 est
2140 1221 2307 1274 eidem
2356 1225 2574 1280 Abrahae
2607 1244 2621 1280 :
2656 1229 2815 1295 Atque
2836 1231 2886 1282 in
2911 1242 2956 1282 te
2999 1235 3348 1290 benedicentur

1806 1306 2046 1358 uniuersa:
2059 1311 2376 1375 cognationes
2398 1327 2575 1379 terra;
2605 1319 2742 1384 quod
2771 1319 2833 1370 ad
2857 1321 3074 1387 gratiam
3123 1324 3240 1376 novi
3269 1335 3346 1377 te-

1808 1394 2052 1447 stamenti
2073 1398 2330 1460 pertinere
2341 1414 2494 1452 nemo
2511 1402 2738 1457 lldelium
2753 1405 2973 1462 dubitat.
2991 1409 3041 1460 In
3065 1409 3348 1480 bujusergi

1791 1477 2016 1532 ‘ltederis
2045 1485 2414 1549 signumnemo
2428 1490 2655 1544 lldelium
2678 1494 2899 1559 dubitat,
2921 1499 3055 1561 quod
3069 1477 3345 1554 circumci-

1805 1579 1893 1618 sus
1911 1579 1989 1619 est
2012 1570 2268 1625 Abraham
2290 1587 2340 1628 et
2370 1591 2549 1632 semen
2576 1579 2689 1648 ejus
2719 1585 2769 1634 in
2798 1599 2955 1638 carne
2978 1589 3214 1654 prteputii
3242 1592 3345 1654 sui,

1807 1668 1859 1709 ut
1875 1660 2140 1730 prteligura
2149 1675 2288 1718 retur
2300 1677 2313 1717 t
2321 1669 2469 1736 ypice
2486 1674 2776 1726 nasciturus
2790 1677 2856 1728 de
2870 1677 3008 1729 illius
3020 1680 3241 1744 semine,
3257 1681 3344 1748 qui

1806 1749 1998 1804 electos
2018 1768 2140 1808 suos
2169 1760 2232 1808 ab
2253 1760 2392 1812 omni
2424 1763 2623 1814 macula
2654 1776 2980 1829 peccatorum
3001 1779 3332 1837 exporgarct,

1807 1851 1870 1887 ac
1903 1850 2146 1905 perpetua
2169 1841 2526 1899 benedictione
2545 1849 2782 1914 dontet;
2799 1851 2947 1920 cujus
2959 1856 3344 1924 espurgationis

1803 1939 2126 1983 sacramento
2153 1938 2388 2002 congruit
2424 1946 2542 2005 apte
2561 1940 2698 2006 quod
2728 1947 2960 2010 sequitur
2987 1961 2999 1995 :

1872 2013 2056 2081 Infans
2084 2029 2196 2071 octo
2243 2023 2440 2076 dierum
2464 2029 2846 2083 circumcidetur
2870 2033 2920 2084 in
2956 2035 3109 2087 vobis.
3137 2037 3327 2089 Octava

1801 2105 1994 2155 etenim
2018 2107 2100 2158 die
2121 2107 2387 2173 Dominus,
2422 2111 2472 2164 id
2497 2123 2597 2175 est,
2624 2127 2737 2180 post
2755 2118 3023 2171 sabbatum
3055 2123 3339 2175 resurrexit

1800 2205 1829 2242 a
1858 2193 2096 2259 mortuis,
2119 2195 2168 2247 in
2190 2198 2334 2264 cujus
2351 2202 2609 2268 passionis
2653 2218 2714 2256 ac
2741 2209 3138 2262 resurrectionis
3164 2227 3338 2264 exent-

1803 2281 1940 2347 plum
1966 2282 2287 2348 baptizamur
2313 2303 2341 2338 a
2367 2299 2621 2343 vetustate
2645 2294 2893 2346 vitiorum
2916 2297 3162 2361 absoluti,
3191 2302 3334 2367 quasi

1800 2371 2018 2435 spiritali
2033 2371 2426 2430 circumcisione
2444 2394 2774 2446 renoventur;
2788 2399 2846 2435 ex
2856 2398 3076 2452 ponente
3089 2388 3338 2453 Apostolo

1800 2458 2106 2529 sedit-entej:
2127 2461 2418 2532 Quicunque
2429 2467 2559 2518 enim
2587 2468 2895 2536 baptizamnr
2913 2476 2961 2522 in
2983 2471 3333 2540 Cltratolesu,

1799 2554 1851 2604 in
1881 2567 2034 2606 morte
2059 2557 2212 2622 ipsius
2230 2557 2469 2613 baptismi
2509 2577 2697 2623 sumus,
2725 2567 3000 2632 consepulti
3022 2566 3150 2618 enim
3169 2584 3336 2619 sumus

1800 2657 1908 2692 cum
1928 2645 2016 2694 illo
2032 2660 2120 2710 per
2133 2645 2425 2713 baptismum
2452 2650 2502 2700 in
2519 2664 2725 2702 mortem
2745 2666 2764 2703 :
2785 2663 2836 2703 ut
2860 2656 3106 2719 quomodo
3125 2656 3336 2708 surrexit

1799 2730 2023 2784 Christus
2045 2751 2075 2784 a
2097 2738 2304 2791 mortuis
2330 2754 2417 2805 per
2437 2741 2649 2807 gloriam
2678 2740 2868 2806 Patris,
2917 2746 2985 2794 ita
3011 2761 3052 2796 et
3084 2762 3173 2797 nos
3195 2748 3334 2798 novi-

1799 2832 1897 2874 tate
1922 2826 2034 2876 vitte
2051 2829 2356 2878 ambulemus
2377 2828 2548 2895 (llam.
2576 2843 2649 2892 Vl,
2682 2831 2758 2895 5);
2787 2835 2872 2896 qui
2901 2834 3058 2885 etiam
3087 2849 3334 2887 numerus

1801 2915 2016 2980 tempori
2067 2924 2261 2966 nostra:
2289 2920 2688 2970 resurrectionis
2716 2928 2885 2985 potest
2913 2923 3182 2988 aptissime
3200 2937 3326 2974 cun-

1797 3017 2002 3068 gruere,
2029 3005 2237 3070 quando
2270 3005 2656 3061 immortalitate
2681 3010 2856 3062 carnis
2882 3027 3035 3076 quam
3069 3029 3159 3080 per
3186 3029 3327 3068 mor-

1802 3103 1905 3144 tem
1932 3093 2264 3160 deposuimus
2293 3099 2658 3151 universaliter
2683 3101 2868 3164 induti,
2903 3117 2998 3155 nec
3021 3104 3212 3171 peccati
3240 3107 3332 3156 ali-

1802 3181 1923 3244 quid
1957 3182 2086 3236 ultra
2110 3182 2160 3234 in
2190 3198 2366 3247 carne,
2399 3200 2495 3239 nec
2515 3188 2862 3255 corruptionis
2888 3204 3064 3244 sumus
3091 3205 3110 3230 ε
3140 3193 3332 3261 aliquid

1802 3273 2024 3336 passuri.
2047 3272 2174 3326 Nam
2187 3284 2244 3327 et
2265 3286 2437 3328 nostra
2456 3282 2771 3330 resurrectio
2786 3282 2954 3332 octavi
2985 3283 3084 3335 diei
3118 3298 3332 3337 numero

1801 3375 1900 3413 non
1931 3364 2210 3429 incongure
2240 3364 2520 3431 ﬁguratur;
2550 3368 2668 3433 quia
2720 3379 2830 3434 post
2857 3384 2945 3421 sex
2973 3373 3150 3423 sicculi
3183 3373 3331 3440 hujus

1797 3461 1977 3504 aetates
2004 3462 2057 3504 et
2084 3450 2108 3487 ⁴
2138 3454 2409 3519 septimam
2437 3452 2758 3516 sabbatismi,
2793 3457 2840 3507 id
2867 3467 2965 3519 est,
2998 3464 3190 3526 requiei
3215 3463 3330 3514 ani-

1796 3552 2022 3604 marum,
2053 3556 2167 3607 qua:
2193 3543 2401 3593 nuncin
2428 3544 2527 3594 alia
2559 3549 2661 3596 vita
2691 3545 3000 3611 celebratur,
3035 3547 3202 3601 futura
3223 3561 3320 3602 est.

1793 3627 1984 3679 Octava
2008 3642 2134 3696 ergo
2166 3629 2248 3682 die
2275 3630 2581 3685 circumcidi
2624 3632 3061 3701 praecipiebantur
3107 3638 3327 3694 inlantes

1795 3717 1844 3770 itt
1873 3717 2072 3786 signum
2105 3720 2314 3774 [aderis
2342 3721 2503 3774 divini
2537 3734 2590 3774 ut
2626 3726 2942 3778 indicaretur
2964 3732 3181 3794 mystice
3208 3735 3327 3796 quia

1792 3821 1975 3860 omnes
1999 3807 2148 3860 electi
2180 3823 2270 3874 per
2299 3812 2513 3877 gratiam
2545 3810 2633 3862 Dei
2665 3811 2715 3863 itt
2738 3815 2836 3864 huc
2859 3829 3072 3866 numero
3102 3813 3325 3868 essenta

1792 3901 1998 3953 cunctis
2019 3901 2372 3968 iniquitatibus
2394 3903 2716 3966 absolvendi,
2739 3919 2766 3955 a
2791 3919 2976 3956 cuneta
2995 3909 3326 3971 corruptione

1798 3991 1969 4042 carnis
1997 3975 2335 4050 emundandi,
2365 3990 2431 4041 ab
2461 3989 2569 4056 ipsa
2595 3998 2619 4025 ο
2650 4001 2824 4042 morte
2864 3995 3018 4044 etiam
3051 4010 3203 4059 quam
3237 4012 3327 4061 per

1791 4085 1988 4128 reatum
2019 4076 2196 4142 prima:
2227 4076 2663 4140 prasvaricatiouis
2687 4077 3011 4130 incurrerunt
3041 4081 3322 4135 liberandi.

1859 4165 2014 4215 Umne
2039 4166 2368 4215 masculinum
2397 4164 2447 4214 in
2467 4165 2860 4231 generationibus
2882 4169 3072 4228 uestris,
3092 4177 3193 4218 tam
3213 4184 3325 4220 uer-

1787 4252 1992 4302 naculus
2035 4266 2181 4318 qnam
2210 4251 2459 4315 emptitius
2497 4252 2897 4316 circumciditur,
2959 4264 3004 4304 et
3043 4248 3323 4324 quicunque

1788 4356 1887 4391 non
1917 4341 2063 4408 fuerit
2101 4342 2162 4392 de
2189 4341 2340 4406 stirpe
2381 4348 2564 4394 vestra.
2616 4340 2876 4408 Signiﬁcat
2906 4343 3125 4409 graiatn
3176 4359 3324 4414 rege-

157 4417 311 4480 deis,
359 4417 467 4471 sive
508 4420 575 4472 de
620 4421 856 4487 gentibus
882 4462 897 4485 ,
947 4438 1122 4477 semen
1170 4427 1410 4480 videlicet
1462 4429 1683 4484 Abrahae
1714 4442 1763 4500 ι)
1791 4430 2072 4481 iterationis
2098 4438 2152 4481 et
2179 4429 2576 4480 immortalitatis
2597 4429 2663 4480 ad
2686 4444 2871 4482 euntes
2900 4439 3160 4496 pertinere
3188 4433 3318 4487 fide-

158 4519 418 4573 nunquam
443 4507 664 4560 defuturi
691 4524 806 4562 esse
832 4512 1136 4566 creduntur.

223 4593 365 4646 Dixit
403 4594 582 4646 iterum
611 4593 744 4647 Deus
772 4599 840 4648 ad
881 4599 1129 4652 Abraham
1160 4615 1178 4654 .'
1208 4599 1272 4653 Et
1299 4611 1354 4654 tu
1384 4621 1497 4674 ergo
1525 4617 1686 4658 custo-

157 4682 260 4736 dies
286 4692 486 4750 pactum
506 4699 686 4746 meum,
715 4697 757 4736 et
783 4703 944 4739 semen
974 4697 1113 4740 tuum
1134 4702 1242 4754 post
1271 4700 1318 4743 te
1336 4692 1385 4742 in
1406 4695 1683 4761 generatio-

156 4775 293 4828 nibus
323 4776 457 4835 suis;
482 4773 578 4825 hoc
612 4785 680 4825 est
717 4789 918 4843 pactum
943 4780 1076 4844 quod
1105 4783 1424 4835 observabits
1463 4785 1590 4836 inter
1609 4803 1685 4838 me

154 4871 200 4913 et
226 4878 309 4916 vos
329 4875 374 4918 et
396 4879 559 4917 semen
603 4873 740 4915 tuum
776 4874 885 4930 post
911 4876 955 4918 Ie
983 4881 1002 4917 :
1024 4865 1415 4922 Circumcidetur
1451 4888 1513 4924 ea:
1551 4874 1684 4926 vobis

157 4965 294 5005 cunne
317 4959 680 5023 masculinum;
717 4969 762 5010 et
807 4961 1166 5014 circumcidetis
1206 4978 1402 5016 carnem
1451 4969 1682 5034 pra’pntii

156 5043 312 5104 nutri,
336 5055 388 5095 ut
415 5049 478 5098 sit
508 5049 558 5101 in
583 5053 779 5117 signum
802 5050 997 5116 [aderis
1026 5052 1152 5103 inter
1194 5068 1269 5104 me
1311 5063 1356 5104 et
1397 5070 1498 5108 vos.
1528 5060 1679 5109 beni-

157 5143 250 5194 gna
296 5135 587 5200 provisione
632 5140 877 5192 Dominus
915 5141 1080 5206 primo
1127 5151 1328 5206 pactum
1370 5144 1550 5209 gratiae
1571 5160 1680 5199 sua:

157 5223 332 5275 statuit
357 5224 510 5276 beato
549 5227 772 5282 Abrahae
800 5241 851 5284 et
879 5233 1058 5283 semini
1103 5230 1247 5300 ejus;
1277 5246 1340 5285 ac
1383 5234 1568 5288 deinde
1615 5238 1681 5291 ab

159 5309 256 5364 illis
284 5323 485 5379 pactum
515 5316 824 5372 obedientize
847 5321 1059 5389 requirit
1094 5338 1106 5372 :
1141 5333 1193 5373 ut
1230 5323 1401 5385 minus
1439 5325 1681 5382 videlicet

159 5409 343 5457 teneat
370 5404 517 5458 labor
543 5409 864 5475 certaminis,
888 5412 1065 5465 audito
1097 5411 1237 5479 prius
1262 5413 1478 5480 prtemio
1494 5430 1678 5484 perpe-

222 5537 247 5598 ξ
286 5531 390 5596 ΑΙ.⁹
421 5532 781 5598 sempiternam.

218 5594 246 5632 ⁵
281 5594 387 5668 AL,
416 5594 672 5668 exspectet.

225 5676 243 5700 τ
273 5667 352 5720 ΔΙ.
385 5667 529 5724 deest
555 5670 761 5739 aliquid.

1794 4519 1889 4580 les,
1917 4519 2029 4570 sive
2050 4533 2112 4570 es
2142 4511 2302 4586 stirpe
2332 4520 2613 4583 Abraham,
2664 4532 2757 4571 seu
2785 4521 2991 4572 aliunde
3019 4527 3190 4575 carnis
3215 4527 3322 4603 ori-

1790 4609 1960 4675 ginem
1989 4610 2197 4659 ducant.

1860 4698 2067 4765 lit-itque
2089 4706 2286 4764 pactum
2309 4713 2472 4748 meum
2507 4698 2558 4749 in
2581 4713 2729 4749 carne
2744 4708 2904 4750 restra
2935 4699 2985 4750 in
3005 4700 3320 4767 fwdusreter-

1789 4803 1928 4839 nam.
1959 4792 2071 4852 Quo
2118 4788 2312 4839 laedere
2368 4791 2544 4852 utique
2569 4787 2893 4852 signiﬁcatur
2942 4790 3079 4855 quod
3111 4803 3318 4844 carnem

1789 4890 2012 4928 vestram
2037 4886 2089 4926 et
2114 4877 2336 4926 animam
2385 4873 2534 4926 simul
2563 4885 2812 4944 perpetua
2855 4877 2953 4929 siut
2984 4877 3321 4933 innovatione

1790 4977 1940 5033 atque
1961 4962 2171 5015 iuunmt
2188 4964 2368 5016 alitate
2393 4966 2687 5018 vestiturus.

1857 5056 2110 5108 Masculus
2141 5044 2282 5122 ruﬁs
2307 5057 2551 5123 praeputii
2573 5073 2688 5108 raro
2712 5059 3003 5110 circumcisa
3023 5072 3119 5110 non
3143 5057 3314 5117 luerit,

1782 5149 2022 5199 delabitur
2081 5147 2247 5197 animo
2291 5146 2381 5197 illa
2417 5149 2479 5199 de
2521 5146 2705 5214 populo
2747 5162 2837 5198 suo
2868 5161 2888 5199 :
2931 5148 3048 5214 quia
3111 5153 3313 5213 pactum

1781 5253 1940 5289 meum
1963 5237 2156 5288 irritum
2177 5234 2315 5300 fecit.
2346 5234 2450 5286 Hac
2471 5234 2723 5287 sententia
2754 5234 2918 5300 tuajus
2949 5232 3182 5300 ejusdem
3215 5232 3315 5308 circ

1781 5326 2111 5380 cumcismnis
2137 5338 2380 5375 arcanum
2409 5326 2661 5391 proditur,
2689 5324 2777 5391 qui
2806 5339 2908 5374 non
2933 5323 3100 5374 solum
3129 5322 3313 5373 lutum

1775 5418 1831 5468 in
1860 5415 2067 5468 Christo
2110 5412 2462 5465 innmationis
2491 5414 2693 5479 signum
2742 5421 2841 5476 cst,
2890 5410 2980 5463 sed
3011 5420 3062 5462 et
3091 5411 3239 5463 lacte
3259 5409 3338 5465 in

1859 5548 1882 5586 ὃ
1907 5548 2010 5609 AL,
2042 5545 2319 5616 Septimum
2350 5544 2745 5598 Sabbatismum.

1858 5627 1881 5652 ⁸
1917 5616 2024 5681 Al.,
2047 5625 2228 5667 attrita
2252 5627 2424 5666 morte.
