3866 6248
477 311 586 424 ibi“:
966 361 1162 416 ΒΕΙΜΞ
1203 357 1648 415 ἾΕΝΕΒᾹΒΙΙΛΞ
1683 357 1962 412 ουεκωι
2007 358 2042 410 Ρ

2149 356 2184 410 S
2225 355 2284 408 ll'.
2331 382 2395 394 -—
2435 350 2820 407 EXEGETICA
2857 350 3179 409 GENUINA.
3586 356 3699 410 ιω

484 479 649 532 Adam
683 470 1107 541 transgressionis
1126 469 1369 532 abolitio;
1399 467 1538 536 quod
1567 465 1709 545 enim
1741 479 1878 516 nunc
1906 463 2027 516 lauit
2056 471 2100 526 Α
2133 453 2394 526 facientes,
2442 468 2487 508 et
2538 473 2635 510 non
2674 457 3094 524 perturbationem
3132 456 3362 510 timentes
3402 458 3575 511 allies:
3621 460 3644 527 (
3681 459 3700 510 Ι

486 564 798 630 naptismum
828 563 882 614 in
910 559 1013 614 lide
1039 559 1260 624 Christi,
1292 559 1394 610 hoc
1423 556 1546 610 fecit
1573 569 1636 608 ex
1669 556 1756 607 illo
1787 564 2026 619 tempore
2132 549 2276 604 Patr.
2309 564 2386 613 nt,
2417 547 2497 615 5).

483 654 812 711 circumcisio
841 653 891 705 in
917 653 1001 706 die
1021 663 1344 718 octava,qua
1369 647 1686 702 resurrectio
1715 644 1914 700 Christi
1936 644 2030 697 dc-
2195 639 2379 694 Cecidit
2399 637 2648 689 Abraham
2676 637 2728 688 in
2768 635 2968 705 facient,
3004 644 3049 688 et
3081 636 3186 688 risit
3221 636 3396 689 dicens
3427 653 3480 689 in
3533 640 3703 691 corde

485 749 682 812 signata
707 751 816 805 est;
858 725 1083 806 excepto
1113 740 1250 807 quod
1280 739 1605 792 circumcisis
1626 737 1850 791 necdum
1884 735 2029 803 regni
2126 743 2217 782 suo
2240 741 2260 781 :
2288 726 2507 780 Putasne
2533 726 2812 778 cauensrio
2841 739 3068 777 nascetur
3091 725 3246 792 ﬁlius,
3277 737 3323 777 et
3353 724 3496 779 Sara
3529 743 3703 780 nano

483 833 713 888 eicit-stis
754 831 976 900 parebat
1025 831 1315 897 ingressus,
1347 842 1652 896 peusquam
1686 841 1972 895 resurgens
2000 840 2030 876 a
2127 815 2336 885 generis
2383 815 2582 882 pariet?
2625 813 2778 868 Risus
2834 815 3055 869 Abrahae
3083 816 3363 870 exsultatio
3390 826 3476 872 est
3500 830 3702 886 grato-

485 929 656 974 mot-te
686 920 934 972 Dominus
984 917 1230 970 omnibus
1275 917 1460 970 electis
1507 915 1745 983 ejusdem
1779 915 1920 983 regni
1941 912 2026 980 ja-

487 1025 644 1063 nuam
686 1010 750 1061 ad
781 1009 946 1063 celos
970 1007 1301 1061 ascendendo
1330 1018 1614 1062 reseraret.
1647 1007 1865 1074 Propter
1893 1005 2033 1074 quod

489 1103 715 1154 nissime
743 1099 830 1154 die
875 1099 1382 1154 circumcidehantur
1420 1109 1603 1154 octava
1635 1117 1650 1165 ;
1684 1111 1739 1152 ut
1770 1100 2036 1168 signillca-

491 1198 642 1242 retur
683 1201 778 1240 eos
825 1201 928 1240 non
958 1187 1057 1239 nisi
1092 1202 1184 1254 per
1209 1187 1451 1240 enectum
1493 1187 1768 1240 dominica:
1797 1201 2034 1240 resurre-

493 1274 682 1327 ctionis
711 1277 965 1328 veraciter
987 1274 1054 1328 ab
1103 1274 1245 1328 enini
1295 1276 1542 1328 vitiorum
1575 1275 1692 1328 labe
1720 1277 2035 1343 purgandos.

496 1360 673 1418 Potest
707 1371 882 1417 autem
933 1378 1147 1417 movere
1187 1365 1454 1432 quomodo
1475 1366 1706 1428 dicatur,
1736 1374 1762 1401 ι
1792 1365 2040 1419 delebitur

497 1454 661 1504 anima
688 1453 776 1505 illa
803 1454 864 1505 de
891 1452 1077 1522 popqu
1102 1468 1219 1517 suo,
1253 1455 1371 1519 quia
1401 1470 1598 1518 pactum
1629 1470 1792 1506 nteunt
1839 1455 2039 1507 irritant

497 1541 628 1611 fecit,
658 1556 774 1594 cum
805 1542 914 1595 haec
945 1543 1082 1595 nulla
1111 1543 1262 1610 culpa
1291 1543 1360 1595 sit
1415 1543 1647 1610 parvuli,
1701 1543 1859 1610 cujus
1909 1542 2044 1596 dixit

497 1632 720 1684 animant
765 1633 1045 1699 perituram
1066 1673 1083 1698 ,
1113 1646 1210 1684 nec
1239 1631 1350 1699 ipse
1378 1632 1582 1684 irritum
1615 1629 1801 1685 fecerit
1828 1639 2043 1698 pactum

499 1719 610 1782 Dei,
663 1719 756 1774 sed
800 1720 1025 1787 majores
1053 1720 1140 1785 qui
1169 1734 1288 1773 eum
1315 1719 1698 1773 circumcidere
1749 1733 1854 1771 non
1883 1733 2039 1772 cura-

2131 906 2302 966 lantis,
2333 922 2434 958 non
2465 905 2656 958 invisio
2677 904 2960 959 difﬁdentis
2987 921 3000 956 :
3025 905 3184 958 verba
3215 920 3422 974 quoque
3451 907 3550 960 illa
3573 923 3704 976 qua

2131 998 2334 1052 dicebat
2360 999 2410 1050 in
2447 995 2609 1050 corde
2635 1012 2730 1050 suo
2761 1014 2862 1050 non
2891 1005 3014 1050 sunt
3040 997 3350 1063 dubitantis,
3381 997 3482 1052 sed
3516 998 3705 1051 adn-i-

2132 1090 2324 1149 rantis;
2349 1096 2633 1140 attestante
2655 1085 2813 1140 etiam
2839 1087 3092 1153 Apostolo
3114 1088 3203 1155 qui
3227 1087 3426 1156 deipso
3459 1090 3706 1156 loquens

2132 1176 2204 1228 ait
2235 1193 2248 1228 :
2299 1172 2366 1227 In
2414 1177 2797 1240 repromissione
2822 1177 2971 1229 etiam
3004 1175 3097 1228 Dei
3135 1193 3236 1229 non
3263 1178 3522 1232 acsisusit
3546 1178 3706 1246 difﬁ-

2134 1262 2323 1323 dentia,
2350 1263 2437 1316 sed
2459 1263 2780 1330 conﬁrmatus
2806 1273 2876 1316 est
2902 1265 2955 1316 in
2983 1263 3103 1330 (ide,
3138 1267 3267 1316 dans
3299 1265 3530 1335 glorians
3566 1265 3702 1333 Dea,

2135 1352 2417 1422 plenissime
2435 1358 2591 1406 sciens
2623 1334 2741 1421 quia
2758 1367 3066 1422 quacunque
3089 1334 3316 1424 promisit
3339 1363 3523 1424 potetis
3547 1366 3630 1408 est
3655 1368 3705 1410 et

2139 1442 2304 1513 facere
2330 1440 2504 1512 (Boni.
2538 1455 2611 1508 tv,
2639 1440 2759 1509 20).

2214 1531 2278 1585 Et
2304 1533 2374 1584 ait
2397 1531 2640 1586 Dontinus
2665 1533 2731 1584 ad
2756 1530 3010 1584 Abraham
3039 1547 3060 1587 :
3086 1530 3220 1587 Sara
3248 1548 3380 1585 stator
3408 1541 3504 1586 tua
3538 1533 3705 1601 pariet

2142 1619 2230 1672 tibi
2272 1620 2458 1686 ﬁliuni,
2487 1622 2777 1688 vocabisqu
2804 1637 2980 1674 nomen
3008 1623 3118 1690 ejus
3146 1619 3315 1675 Isaae.
3349 1622 3498 1678 Isaac
3533 1623 3708 1677 inta-

2146 1715 2379 1774 pt’etatur
2409 1708 2588 1773 Risus,
2636 1725 2734 1763 nec
2775 1709 3120 1763 dubitandum
3148 1720 3232 1765 est
3257 1725 3378 1764 eum
3411 1711 3486 1764 ita
3532 1727 3702 1768 voca-

423 1877 425 1880 ,
495 1819 618 1863 runt
643 1826 659 1874 ;
689 1809 788 1863 nisi
832 1785 954 1877 quia
1002 1808 1186 1862 etiauu
1217 1811 1412 1875 parvuli
1470 1822 1574 1860 non
1616 1807 1902 1861 secundum
1931 1822 2041 1860 sua:
2073 1785 2120 1847 Β
2147 1804 2254 1850 “Im
2282 1799 2349 1851 ab
2375 1812 2463 1860 θοι
2509 1799 2670 1867 quo“.
2720 1800 2893 1853 “diu
2923 1799 3038 1868 εῘυι
3068 1799 3356 1865 “ﬁmum,
3416 1801 3698 1855 “nihil

498 1898 620 1950 vita:
646 1897 1038 1966 proprietatem,
1070 1896 1162 1950 sed
1201 1897 1488 1950 secundum
1511 1908 1843 1951 communem
1883 1909 2042 1964 gene-

498 1987 572 2039 ris
602 1986 810 2038 humani
836 1986 1110 2055 originem.
1142 2001 1327 2041 omnes
1357 1988 1408 2040 in
1445 1989 1534 2042 illo
1579 2003 1684 2041 uno
1711 1996 1916 2056 pactum
1949 1985 2040 2040 Dei

500 2075 703 2128 lrrttum
751 2073 1008 2137 fecerunt.
1041 2075 1092 2129 in
1138 2091 1240 2144 quo
1263 2089 1448 2129 omnes
1479 2083 1851 2143 peccaverunt.
1908 2073 2039 2139 Quia

498 2175 624 2230 ergo
652 2162 978 2218 circumcisio
1021 2163 1224 2232 signum
1273 2165 1685 2234 regenerationis
1711 2165 1824 2230 luit,
1856 2173 2041 2220 etnon

504 2251 768 2305 immerito
799 2253 1070 2318 parvulum
1101 2265 1314 2324 propter
1333 2255 1588 2324 originale
1619 2265 1912 2323 peccatum,
1937 2269 2041 2322 quo

502 2336 726 2406 primum
755 2336 846 2391 Dei
867 2338 1171 2407 dissipatum
1199 2349 1282 2396 est
1305 2351 1536 2409 pactum,
1562 2342 1829 2408 generatio
1849 2340 2046 2408 disper-

499 2429 590 2483 det
619 2430 716 2483 nisi
744 2429 984 2484 liberatio
1034 2430 1246 2494 liberet;
1276 2431 1354 2484 sic
1381 2429 1717 2498 intelligenda
1762 2438 1885 2482 sunt
1936 2428 2047 2482 bac
2095 2465 2098 2467 λ

503 2520 660 2573 verba
689 2519 861 2572 divina
886 2528 1138 2587 tauquam
1159 2517 1358 2571 dictum
1383 2518 1454 2570 sit
1486 2535 1498 2568 :
1529 2518 1630 2583 Qut
1655 2532 1759 2570 non
1782 2515 1939 2570 fuerit
1965 2532 2048 2571 re-

505 2618 784 2674 generatus
802 2645 820 2670 ,
848 2608 1108 2662 delabitur
1137 2609 1309 2661 anima
1339 2607 1424 2661 illa
1453 2611 1519 2662 de
1566 2607 1758 2675 ροιιυιο
1782 2621 1897 2672 suo,
1927 2608 2047 2676 quia

505 2706 708 2762 pactqu
733 2697 822 2749 Dei
851 2695 1052 2749 irritum
1077 2696 1217 2760 fecit;
1237 2697 1447 2766 quando
1465 2696 1518 2749 in
1543 2697 1710 2750 Adam
1736 2711 1854 2749 cuin
1879 2696 2050 2750 omni-

504 2784 599 2838 bus
619 2787 773 2839 etiam
804 2785 916 2854 ipse
945 2787 1197 2852 peccavit.

573 2873 806 2940 Dixitque
824 2873 1067 2930 Dominus
1085 2878 1149 2928 ad
1174 2874 1426 2929 Abraham
1463 2891 1482 2930 :
1516 2876 1668 2932 Sarni
1687 2893 1892 2932 uxorein
1914 2890 2049 2932 tuam

501 2979 602 3017 non
625 2965 820 3019 vocabis
861 2963 1014 3018 Sarai
1041 3004 1056 3030 ,
1082 2966 1168 3019 sed
1198 2965 1403 3031 Soram,
1429 2977 1476 3020 et
1505 2969 1789 3020 benedicam
1815 2969 1888 3032 ei,
1915 2982 1964 3023 et
1987 2986 2050 3022 ex

500 3055 591 3108 illa
615 3055 744 3108 dabo
780 3055 870 3110 tibi
894 3055 1077 3124 ﬁliuni,
1105 3057 1187 3110 cui
1238 3057 1588 3111 benedicturus
1612 3074 1743 3123 sunt,
1770 3060 1956 3127 eritque
1997 3062 2048 3111 in

2143 1887 2318 1940 riserit
2339 1889 2389 1940 in
2405 1889 2564 1944 corde
2578 1904 2693 1944 suo.
2712 1889 2865 1945 Risus
2876 1900 3049 1945 autem
3065 1891 3152 1945 ille
3166 1891 3702 1962 decentersigniticat

2142 1976 2383 2043 gaudium
2411 1977 2541 2031 Novi
2567 1977 2908 2043 Testamenti,
2941 1979 2992 2034 in
3033 1996 3137 2050 quo
3181 1981 3272 2033 lilii
3299 1981 3699 2048 promissionis,

2145 2063 2470 2120 inhabitante
2491 2067 2554 2130 _in
2583 2069 2660 2122 eis
2679 2068 2919 2132 Domino,
2951 2069 3002 2124 in
3042 2081 3292 2126 internum
3318 2072 3698 2126 exsultabant.

2213 2154 2364 2220 Quod
2391 2157 2530 2210 enim
2559 2160 2791 2226 sequitur
2823 2175 2839 2212 :
2872 2157 2938 2210 Et
2967 2162 3264 2216 eonstitaain
3309 2171 3522 2230 pactum
3549 2161 3632 2214 illi
3652 2162 3701 2212 in

2147 2243 2309 2312 {trdus
2335 2248 2711 2315 sempiternum,
2750 2259 2798 2302 et
2822 2249 2996 2302 semini
3021 2250 3129 2319 ejus
3155 2259 3266 2317 post
3289 2265 3430 2317 eunt,
3459 2259 3570 2303 etc.
3605 2249 3700 2304 Se-

2149 2348 2270 2387 men
2317 2335 2431 2403 ejus
2480 2335 2608 2390 dicit
2653 2337 2704 2392 in
2731 2339 2809 2392 eis
2836 2339 2946 2406 qui,
2975 2337 3128 2392 tidem
3160 2336 3418 2394 imitando
3444 2339 3698 2403 Ahraba,

2147 2434 2419 2477 merentur
2445 2425 2628 2480 audire
2650 2441 2698 2491 _a
2751 2425 2974 2480 Domino
3009 2444 3022 2479 :
3056 2425 3214 2480 Beati
3244 2427 3332 2496 qui
3369 2442 3511 2480 nunc
3543 2427 3698 2496 ﬂetis,

2147 2513 2265 2582 quia
2291 2514 2514 2568 ridebitis
2535 2513 2758 2584 (Lucw,
2785 2515 2900 2584 2i):
2949 2516 3193 2585 qualibus
3213 2531 3272 2572 se
3296 2518 3529 2585 iungens
3553 2520 3696 2586 Apo-

2148 2605 2423 2658 stolusnlt:
2442 2603 2554 2659 Nos
2573 2613 2742 2659 autem
2762 2605 3035 2677 secundum
3055 2605 3205 2659 Isaac
3229 2605 3587 2674 promissionis
3607 2606 3701 2674 ﬁlii

2148 2710 2322 2749 sumus
2349 2695 2690 2769 (Gal.tv,28).
2707 2697 3015 2766 ‘Specialiter
3041 2710 3213 2752 autem
3237 2713 3428 2752 nomen
3449 2699 3618 2761 Isaac,
3652 2699 3697 2751 id

2149 2795 2231 2839 est
2249 2787 2494 2855 risus,qui
2515 2801 2575 2842 ex
2601 2789 2948 2857 promissione
2964 2787 3217 2854 nascitur,
3239 2788 3488 2863 congruit
3503 2787 3698 2842 Hediae

2154 2875 2252 2928 tori
2281 2877 2366 2929 Dei
2390 2886 2445 2930 et
2468 2878 2758 2942 hominum,
2778 2879 2845 2931 de
2857 2879 3007 2945 cujus
3027 2877 3301 2932 nativitate
3321 2877 3456 2930 dixit
3483 2878 3701 2944 angelus

2152 2969 2444 3033 pastoribus
2472 2984 2488 3021 :
2516 2967 2686 3022 Nolite
2719 2971 2913 3034 timere,
2937 2983 3056 3022 ecce
3081 2959 3213 3023 enini
3235 2967 3528 3035 evangelise
3558 2968 3696 3019 vobis

2153 3056 2390 3124 gaudium
2418 3073 2653 3126 magnum
2674 3059 2807 3124 quod
2835 3059 2931 3111 erit
2953 3061 3086 3111 omni
3113 3057 3302 3126 papnlo
3330 3054 3487 3126 (Luc.
3517 3055 3698 3121 ".10).

504 3145 752 3211 nationes,
782 3154 828 3200 et
846 3159 986 3216 reges
1011 3145 1312 3215 populorum
1332 3147 1555 3198 orientur
1577 3161 1640 3198 ex
1660 3161 1737 3198 eo.
1779 3144 1873 3199 Hic
1899 3161 2048 3211 aper-
2078 3116 2123 3176 (ἶ
2225 3142 2516 3212 Nonaginta
2543 3161 2710 3198 nouem
2744 3157 2850 3199 erat
2874 3161 3124 3198 annorum
3151 3145 3355 3213 quando
3381 3143 3700 3197 cith

504 3239 636 3285 tiora
661 3235 922 3306 promissa
950 3241 1075 3290 sunt
1098 3233 1166 3289 tle
1191 3233 1468 3289 vocatione
1512 3233 1746 3304 gentium
1783 3232 1836 3289 in
1873 3235 2043 3303 lsaac,

510 3328 565 3384 id
585 3337 685 3395 est,
718 3331 771 3383 in
826 3326 932 3381 lilio
959 3325 1340 3396 promissionis,
1369 3341 1473 3396 quo
1528 3328 1858 3395 signiltcatur
1885 3327 2052 3396 gratia

511 3435 618 3475 non
646 3427 852 3484 natura,
879 3418 997 3487 quia
1024 3416 1091 3471 de
1116 3431 1243 3471 sene
1271 3425 1324 3471 et
1350 3431 1452 3469 anu
1477 3416 1641 3470 sterili
1663 3417 1978 3486 promittitur
1995 3417 2054 3471 tl-

505 3509 622 3562 lius.
645 3507 891 3572 Quamvis
911 3506 1053 3560 enim
1079 3518 1131 3560 et
1154 3507 1443 3559 naturalem
1476 3506 1849 3573 procreationis
1868 3520 2054 3558 excur-

508 3611 622 3650 sum
651 3595 787 3649 Dcus
816 3605 1084 3662 operetur,
1125 3596 1214 3647 ubi
1244 3604 1415 3649 tamen
1438 3595 1651 3666 evidens
1679 3609 1810 3663 opus
1832 3596 1922 3650 Dei
1951 3606 2050 3661 est,

518 3685 695 3737 vitiata
721 3693 774 3737 et
801 3691 1040 3736 cessante
1061 3694 1263 3748 natura,
1316 3684 1384 3736 ibi
1429 3684 1719 3737 evidentius
1746 3687 2053 3754 intelligitur

514 3773 718 3840 gratia;
755 3781 807 3826 et
836 3772 957 3839 quia
987 3772 1086 3824 hoc
1111 3786 1214 3824 non
1262 3786 1358 3841 per
1399 3774 1811 3840 generationem,
1834 3776 1926 3828 sed
1955 3790 2051 3842 per

515 3861 956 3929 regenerationem
979 3857 1210 3913 futurum
1240 3869 1339 3924 est,
1371 3860 1489 3914 ideo
1517 3875 1655 3914 nunc
1678 3859 1931 3929 imperata
1951 3862 2052 3914 cir-

509 3951 760 4005 cumcisio
781 3959 880 4006 est.
899 3950 1120 4017 Quando
1137 3950 1204 4005 de
1223 3944 1352 4007 Sara
1375 3953 1659 4020 promissus
1675 3962 1758 4007 est
1780 3953 1933 4020 illius,
1962 3970 2052 4021 pa-

511 4051 714 4095 rentum
766 4049 1030 4094 mutantur
1053 4049 1108 4094 et
1139 4039 1370 4105 nomina,
1405 4042 1585 4095 omnia
1623 4053 1873 4096 resonant
1898 4046 2054 4098 novi-

513 4141 671 4186 tatem
687 4173 704 4199 ,
733 4139 789 4186 et
814 4125 1224 4187 in’Testamento
1249 4143 1428 4188 vetere
1454 4135 1800 4188 obumbratur
1825 4134 2050 4189 Novum.

509 4223 878 4290 interpretatur
900 4233 1073 4277 autem
1103 4224 1251 4280 Sarai
1281 4225 1526 4294 Princeps
1564 4242 1701 4290 mea,
1733 4228 1858 4282 Sara
1879 4239 2052 4282 autem

511 4311 756 4379 Princeps
771 4327 1028 4381 causaque
1049 4315 1274 4368 nominis
1298 4316 1554 4371 immutati
1574 4317 1684 4370 hinc
1710 4328 1789 4372 est
1807 4321 1945 4387 quod
1962 4335 2052 4374 ano

2154 3245 2352 3286 carnem
2373 3232 2450 3287 sui
2479 3233 2736 3306 pra'putii,
2760 3242 2805 3287 et
2825 3231 3018 3287 lsntael
3047 3232 3188 3306 ﬁlius
3211 3235 3323 3306 ejus
3355 3232 3700 3289 tredeciltsn-

2153 3339 2243 3378 nos
2272 3326 2553 3395 impleuerat
2579 3336 2797 3394 tempore
2825 3326 3213 3380 circumcisionis
3233 3341 3362 3380 sua.
3393 3325 3547 3382 Unde
3573 3342 3695 3381 ecu—

2153 3417 2384 3469 tenarius
2410 3426 2525 3470 erat
2549 3415 2840 3482 Abraham,
2870 3425 2923 3469 et
2945 3415 3128 3468 lsmael
3151 3413 3398 3468 tredecim
3433 3431 3689 3469 anticum

2152 3503 2359 3568 quando
2396 3502 2691 3558 circumcisi
2738 3511 2896 3554 sunt:
2929 3510 2986 3554 ut
3031 3512 3147 3569 post
3176 3515 3371 3556 annum
3395 3513 3526 3558 nato
3548 3504 3688 3557 Isaac

2152 3591 2413 3645 Abraham
2437 3601 2648 3646 centum
2673 3604 2926 3644 annorum
2948 3599 3126 3656 relate,
3153 3599 3208 3645 et
3235 3591 3419 3647 lsmael
3439 3602 3686 3661 quatuor-

2151 3682 2342 3745 decim,
2369 3682 2418 3735 id
2439 3691 2539 3746 est,
2571 3681 2650 3734 bis
2678 3689 2900 3750 septem,
2923 3696 3177 3734 annorum
3193 3682 3415 3748 perteue
3430 3683 3687 3750 complet

2151 3771 2266 3824 set?
2293 3771 2346 3824 in
2378 3785 2566 3836 magno
2593 3772 2765 3838 utique
2808 3771 3059 3841 mysterio
3083 3787 3099 3824 :
3129 3775 3247 3840 quia
3270 3773 3524 3827 videlicet
3547 3773 3688 3826 Isaac

2151 3857 2279 3912 Novi
2307 3861 2645 3924 Testamenti,
2685 3871 2738 3913 et
2763 3859 2949 3915 lsmaet
2982 3860 3188 3914 Veteris
3216 3869 3432 3916 tenuere
3451 3861 3687 3929 ﬁgurant.

2155 3951 2299 4005 Isaac
2322 3965 2544 4017 namque
2574 3963 2694 4002 cum
2724 3957 2874 4003 natus
2895 3960 2995 4012 est,
3026 3951 3362 4004 centonarius
3382 3960 3501 4004 erat
3541 3959 3685 4017 pater

2152 4039 2286 4107 ejus,
2309 4049 2364 4092 ut
2383 4038 2671 4092 insinuetur
2691 4038 2854 4107 gratia
2873 4038 3003 4093 Novi
3027 4038 3346 4093 Testamenti
3375 4041 3440 4094 ad
3468 4040 3685 4096 δεταί-

2154 4137 2311 4183 tatem
2334 4129 2476 4195 regni
2501 4128 2728 4181 celestis
2744 4129 3001 4181 liliossuaa
3027 4129 3392 4197 promissionis
3403 4131 3680 4185 addam

2150 4209 2499 4272 Centenarius'
2517 4217 2706 4282 quippe
2752 4230 3019 4281 numerus,
3053 4226 3108 4271 ut
3152 4232 3295 4286 sepe
3337 4219 3540 4273 dictum
3583 4229 3682 4285 est,

2150 4307 2202 4361 in
2231 4316 2477 4373 computo
2504 4305 2770 4359 articulari
2790 4305 2858 4360 de
2884 4309 3094 4381 sinistra
3117 4311 3300 4362 transit
3322 4311 3373 4362 in
3394 4310 3679 4375 dexteram,

513 4409 596 4496 tea
622 4401 892 4496 dicebatur
921 4403 1170 4496 Princeps
1194 4419 1328 4468 mea,
1368 4405 1418 4458 id
1446 4410 1713 4469 est,unius
1735 4417 2046 4462 tantummo-

2154 4403 2207 4448 et
2233 4408 2455 4461 superna
2487 4394 2809 4449 Hierusalem
2837 4405 3005 4450 mater
3029 4408 3208 4450 nostra
3234 4397 3472 4452 cielestis
3499 4400 3682 4454 merito

509 4483 580 4536 do
603 4483 788 4537 domus
816 4484 1222 4551 materfamilias,
1255 4499 1432 4553 postea
1463 4504 1585 4544 vero
1609 4490 1797 4545 dicitur
1816 4492 2050 4567 absolute
2084 4483 2125 4496 '
2164 4503 2253 4554 per
2278 4487 2541 4540 dexteram
2573 4487 2839 4553 signatur;
2869 4501 2988 4538 nam
3015 4497 3069 4541 et
3115 4488 3517 4556 quibuscunque
3552 4490 3680 4545 hanc

512 4571 782 4640 Princeps;
813 4576 1045 4642 sequitur
1069 4575 1208 4629 enim
1243 4593 1254 4628 :

578 4661 645 4715 Et
690 4678 754 4717 es
797 4665 889 4718 illa
915 4666 1044 4718 dabo
1080 4667 1168 4718 tibi
1197 4667 1360 4733 [ilium
1389 4671 1469 4722 cui
1516 4670 1866 4724 benedicturus
1913 4688 2046 4738 sum,

508 4752 694 4818 eritque
737 4754 791 4810 in
818 4755 1065 4820 nationes,
1106 4763 1152 4808 et
1180 4772 1319 4824 reges
1349 4757 1374 4794 δ
1402 4763 1711 4828 pepulerunt
1740 4762 1962 4814 orientur
1991 4777 2051 4814 ex

507 4857 583 4889 eo.
617 4838 994 4908 Signsuterque
1034 4860 1134 4895 non
1166 4856 1221 4896 ιιι
1260 4846 1310 4898 in
1364 4843 1555 4900 (ἔτεα)
1597 4849 1814 4917 legimus
1856 4868 1868 4901 :
1910 4852 2037 4904 dixit

509 4927 649 4976 heus
673 4927 737 4974 ad
758 4927 1026 4992 Abraham,
1042 4930 1341 4989 Saraiuxor
1367 4945 1451 4985 tua
1473 4951 1573 4987 non
1601 4939 1853 4991 vocabitur
1874 4938 2049 5004 Sardi;

510 5019 562 5068 iti
607 5015 827 5069 Hebraeo
855 5015 1072 5084 habetur
1118 5029 1218 5092 non
1259 5025 1454 5077 vocabis
1505 5043 1680 5079 nomen
1709 5030 1814 5096 ejus
1855 5028 2008 5083 Sarai
2031 5045 2045 5092 ;

511 5105 563 5160 td
589 5114 690 5169 est,
722 5121 824 5158 non
849 5105 992 5160 dices
1019 5107 1065 5163 ei
1098 5107 1348 5178 Princeps
1372 5127 1483 5168 mea
1509 5131 1568 5168 es
1609 5134 1622 5167 :
1657 5117 1829 5170 futura
1855 5119 2046 5186 quippe

511 5193 740 5246 omnium
767 5193 994 5260 gentium
1020 5194 1125 5262 jam
1159 5196 1401 5265 princeps
1429 5215 1568 5265 esse,
1601 5208 1735 5256 unde
1755 5205 2047 5272 ctAposto-

517 5281 594 5335 lus
619 5285 800 5335 Petrus
825 5284 1096 5339 mulierum
1127 5288 1284 5340 vitam
1315 5289 1592 5345 instituens
1619 5297 1691 5347 ait
1741 5313 1751 5345 :
1784 5295 1871 5347 Sic
1916 5273 2044 5349 enim

511 5371 780 5438 aliquando
801 5385 1045 5427 etsanctc
1073 5377 1318 5442 mulieres,
1346 5389 1598 5448 sperantes
1629 5387 1679 5436 in
1705 5385 1939 5452 Domino,
1964 5405 2044 5440 or-

2150 4576 2345 4630 intrare
2370 4575 2694 4638 conceditur,
2723 4573 2787 4627 ad
2807 4573 3076 4630 dexteram
3104 4586 3226 4629 sunt
3267 4575 3469 4632 iudicis
3494 4582 3545 4634 in
3584 4595 3675 4634 no-

2146 4667 2358 4722 vissimo
2383 4663 2622 4720 examine
2649 4667 2853 4719 staturi.
2906 4668 2959 4720 In
2997 4683 3098 4735 qua
3127 4668 3398 4724 nativitate
3434 4672 3670 4739 ejusdem

2146 4757 2290 4810 Isaac
2317 4762 2446 4809 duas
2470 4770 2722 4809 annorum
2749 4755 3102 4812 hebdomadas
3129 4759 3441 4826 impleverat
3463 4760 3670 4822 Isaiael;

2128 4857 2362 4929 'pr0pter
2391 4846 2632 4902 videlicet
2667 4859 3048 4903 sacramentum
3075 4851 3302 4914 sabbati,
3329 4851 3472 4916 quod
3504 4850 3556 4904 in
3585 4849 3676 4906 Ve-

2153 4937 2248 4990 teri
2301 4937 2636 5010 Testamentp
2680 4939 3016 5010 servabatur;
3069 4948 3126 4992 ut
3199 4941 3485 5006 incipiente
3547 4954 3675 4994 aaao

2147 5028 2552 5094 quintadecimo,
2569 5029 2714 5097 quasi
2732 5029 2998 5096 insignum
3016 5031 3436 5091 resurrectionis,
3450 5045 3588 5085 verte
3603 5033 3671 5084 vi-

2145 5120 2333 5176 delicet
2365 5121 2792 5186 circuincisionis,
2834 5129 3134 5178 nasceretur
3172 5121 3350 5185 Isaac;
3385 5122 3475 5176 ubi
3513 5123 3674 5193 typica

2142 5213 2454 5267 claresceret
2499 5213 2618 5280 quia
2644 5211 2928 5264 transeunti
2961 5211 3111 5278 legali
3153 5213 3534 5278 observantia,
3561 5229 3671 5280 qua

2143 5319 2236 5372 per
2266 5304 2479 5371 Moysen
2506 5305 2624 5354 data
2651 5310 2733 5355 est
2760 5287 3246 5369 succederetgratia
3275 5312 3330 5356 et
3349 5305 3545 5356 veritas
3563 5317 3671 5370 qua:

2144 5408 2233 5460 per
2246 5392 2423 5446 .lesum
2444 5389 2706 5443 Christum
2729 5387 2858 5441 tacta
2873 5396 2972 5442 est.
2998 5386 3126 5441 Nato
3138 5401 3266 5455 ergo
3279 5388 3445 5454 lsaac,
3459 5391 3548 5458 qui
3567 5403 3672 5458 gra-

515 5462 699 5511 nabant
726 5477 777 5512 se
798 5465 1024 5524 subiectae
1053 5473 1262 5538 propriis
1312 5475 1447 5536 υἱνξι,
1477 5477 1601 5528 sicut
1630 5476 1762 5531 sum
1793 5482 2041 5536 οιεάίειηιι
2139 5483 2261 5536 tiam
2284 5481 2410 5534 Novi
2435 5476 2752 5533 Testamenti
2777 5477 3158 5545 prn-ligurabat,
3181 5476 3369 5530 lsmael
3390 5476 3667 5545 [rates-ejus

516 5551 727 5602 Abrahc
750 5551 1001 5604 dominum
1027 5565 1139 5608 eum
1174 5572 1388 5627 uocans;
1428 5566 1578 5635 cujus
1607 5567 1722 5621 estis
1747 5569 1866 5634 ﬁlice
1894 5570 2038 5634 bene-

583 5668 607 5694 ⁸
647 5661 751 5725 AL,
781 5664 975 5730 peribit.

2149 5570 2336 5638 major,
2359 5571 2445 5638 qui
2469 5568 2854 5621 Testamentum
2889 5566 3047 5620 Vetus
3077 5567 3409 5634 designabat,
3448 5578 3673 5635 septena-

2215 5681 2243 5721 δ
2273 5679 2376 5744 AL,
2406 5678 2529 5734 add.
2558 5676 2875 5746 papulorttnt.

2417 5915 2428 5918 —
2445 5914 2507 5928 ,ι’
2535 5915 2618 5924 -ο-σιι·
2635 5915 2676 5922 --ο
2701 5917 2708 5920 -
