  <div class='ocr_page' id='page_1' title='image "/cluster/home/n/w/nwhite01/storage/ocr_20150623/90-91/uva.x000827075/720.png"; bbox 0 0 3866 6248; ppageno 0'>
   <div class='ocr_carea' id='block_1_1' title="bbox 1381 346 2135 410">
    <p class='ocr_par' dir='ltr' id='par_1_1' title="bbox 1381 346 2135 410">
     <span class='ocr_line' id='line_1_1' title="bbox 1381 346 2135 410; baseline -0.019 1"><span class='ocrx_word' id='word_1_1' title='bbox 1381 349 1837 410; x_wconf 62' lang='grc' dir='ltr'><strong>ΗΕΧΑΕΜΕΙΚΟΝ</strong></span> <span class='ocrx_word' id='word_1_2' title='bbox 1879 347 2007 402; x_wconf 80' lang='lat' dir='ltr'><strong>LIB.</strong></span> <span class='ocrx_word' id='word_1_3' title='bbox 2051 346 2135 400; x_wconf 79' lang='grc' dir='ltr'><strong>ΙΥ.</strong></span> 
     </span>
    </p>
   </div>
   <div class='ocr_carea' id='block_1_2' title="bbox 3259 340 3358 396">
    <p class='ocr_par' dir='ltr' id='par_1_2' title="bbox 3259 340 3358 396">
     <span class='ocr_line' id='line_1_2' title="bbox 3259 340 3358 396; baseline 0.02 -2"><span class='ocrx_word' id='word_1_4' title='bbox 3259 340 3358 396; x_wconf 73' lang='grc'><strong>166</strong></span> 
     </span>
    </p>
   </div>
   <div class='ocr_carea' id='block_1_3' title="bbox 156 437 3357 529">
    <p class='ocr_par' dir='ltr' id='par_1_3' title="bbox 156 437 3357 529">
     <span class='ocr_line' id='line_1_3' title="bbox 156 437 3357 529; baseline -0.003 -15"><span class='ocrx_word' id='word_1_5' title='bbox 156 469 298 520; x_wconf 84' lang='lat' dir='ltr'><strong>rium</strong></span> <span class='ocrx_word' id='word_1_6' title='bbox 327 465 379 519; x_wconf 87' lang='lat' dir='ltr'><strong>In</strong></span> <span class='ocrx_word' id='word_1_7' title='bbox 419 437 513 520; x_wconf 67' lang='lat' dir='ltr'><strong>sua</strong></span> <span class='ocrx_word' id='word_1_8' title='bbox 539 473 693 518; x_wconf 66' lang='lat' dir='ltr'><strong>aetate</strong></span> <span class='ocrx_word' id='word_1_9' title='bbox 723 476 1002 517; x_wconf 73' lang='lat' dir='ltr'><strong>numerum</strong></span> <span class='ocrx_word' id='word_1_10' title='bbox 1030 460 1424 529; x_wconf 77' lang='lat' dir='ltr'><strong>compleverat;</strong></span> <span class='ocrx_word' id='word_1_11' title='bbox 1453 460 1702 527; x_wconf 82' lang='lat' dir='ltr'><strong>quoniam</strong></span> <span class='ocrx_word' id='word_1_12' title='bbox 1731 458 1781 517; x_wconf 75' lang='grc' dir='ltr'><strong>Α</strong></span> <span class='ocrx_word' id='word_1_13' title='bbox 1805 455 1953 522; x_wconf 84' lang='lat' dir='ltr'><strong>quasi</strong></span> <span class='ocrx_word' id='word_1_14' title='bbox 1984 455 2034 507; x_wconf 87' lang='lat' dir='ltr'><strong>in</strong></span> <span class='ocrx_word' id='word_1_15' title='bbox 2078 451 2396 506; x_wconf 79' lang='lat' dir='ltr'><strong>ambulando</strong></span> <span class='ocrx_word' id='word_1_16' title='bbox 2441 451 2638 517; x_wconf 70' lang='lat' dir='ltr'><strong>fessos;</strong></span> <span class='ocrx_word' id='word_1_17' title='bbox 2667 465 2830 520; x_wconf 78' lang='lat' dir='ltr'><strong>quare</strong></span> <span class='ocrx_word' id='word_1_18' title='bbox 2868 463 3060 519; x_wconf 82' lang='lat' dir='ltr'><strong>corpus</strong></span> <span class='ocrx_word' id='word_1_19' title='bbox 3085 449 3110 488; x_wconf 67' lang='grc' dir='ltr'>δ</span> <span class='ocrx_word' id='word_1_20' title='bbox 3142 454 3357 506; x_wconf 80' lang='lat' dir='ltr'><strong>correti-</strong></span> 
     </span>
    </p>
   </div>
   <div class='ocr_carea' id='block_1_4' title="bbox 149 547 1706 620">
    <p class='ocr_par' dir='ltr' id='par_1_4' title="bbox 149 547 1706 620">
     <span class='ocr_line' id='line_1_4' title="bbox 149 547 1706 620; baseline -0.009 -9"><span class='ocrx_word' id='word_1_21' title='bbox 149 552 546 620; x_wconf 78' lang='lat' dir='ltr'><strong>observantiam</strong></span> <span class='ocrx_word' id='word_1_22' title='bbox 578 553 743 620; x_wconf 89' lang='lat' dir='ltr'><strong>legis,</strong></span> <span class='ocrx_word' id='word_1_23' title='bbox 775 552 827 605; x_wconf 86' lang='lat' dir='ltr'><strong>in</strong></span> <span class='ocrx_word' id='word_1_24' title='bbox 867 559 969 618; x_wconf 86' lang='lat' dir='ltr'><strong>qua</strong></span> <span class='ocrx_word' id='word_1_25' title='bbox 997 551 1280 603; x_wconf 84' lang='lat' dir='ltr'><strong>maximum</strong></span> <span class='ocrx_word' id='word_1_26' title='bbox 1314 550 1484 601; x_wconf 88' lang='lat' dir='ltr'><strong>locum</strong></span> <span class='ocrx_word' id='word_1_27' title='bbox 1513 547 1706 601; x_wconf 77' lang='lat' dir='ltr'><strong>sabba-</strong></span> 
     </span>
    </p>
   </div>
   <div class='ocr_carea' id='block_1_5' title="bbox 157 637 1704 712">
    <p class='ocr_par' dir='ltr' id='par_1_5' title="bbox 157 637 1704 712">
     <span class='ocr_line' id='line_1_5' title="bbox 157 637 1704 712; baseline -0.003 -17"><span class='ocrx_word' id='word_1_28' title='bbox 157 653 272 696; x_wconf 88' lang='lat' dir='ltr'><strong>tum</strong></span> <span class='ocrx_word' id='word_1_29' title='bbox 288 643 521 707; x_wconf 89' lang='lat' dir='ltr'><strong>tenebat;</strong></span> <span class='ocrx_word' id='word_1_30' title='bbox 542 657 708 712; x_wconf 90' lang='lat' dir='ltr'><strong>usque</strong></span> <span class='ocrx_word' id='word_1_31' title='bbox 720 644 786 695; x_wconf 85' lang='lat' dir='ltr'><strong>ad</strong></span> <span class='ocrx_word' id='word_1_32' title='bbox 807 652 908 696; x_wconf 89' lang='lat' dir='ltr'><strong>lem</strong></span> <span class='ocrx_word' id='word_1_33' title='bbox 917 656 1010 707; x_wconf 86' lang='lat' dir='ltr'><strong>pus</strong></span> <span class='ocrx_word' id='word_1_34' title='bbox 1026 639 1208 707; x_wconf 80' lang='lat' dir='ltr'><strong>gratia:</strong></span> <span class='ocrx_word' id='word_1_35' title='bbox 1224 637 1444 693; x_wconf 80' lang='lat' dir='ltr'><strong>decebat</strong></span> <span class='ocrx_word' id='word_1_36' title='bbox 1459 638 1668 692; x_wconf 86' lang='lat' dir='ltr'><strong>extendi</strong></span> <span class='ocrx_word' id='word_1_37' title='bbox 1690 653 1704 702; x_wconf 86' lang='lat'><strong>;</strong></span> 
     </span>
    </p>
   </div>
   <div class='ocr_carea' id='block_1_6' title="bbox 160 727 1708 800">
    <p class='ocr_par' dir='ltr' id='par_1_6' title="bbox 160 727 1708 800">
     <span class='ocr_line' id='line_1_6' title="bbox 160 727 1708 800; baseline -0.002 -20"><span class='ocrx_word' id='word_1_38' title='bbox 160 730 301 797; x_wconf 88' lang='lat' dir='ltr'><strong>quod</strong></span> <span class='ocrx_word' id='word_1_39' title='bbox 315 743 490 784; x_wconf 85' lang='lat' dir='ltr'><strong>autem</strong></span> <span class='ocrx_word' id='word_1_40' title='bbox 515 729 814 800; x_wconf 85' lang='lat' dir='ltr'><strong>geminatus</strong></span> <span class='ocrx_word' id='word_1_41' title='bbox 835 741 915 782; x_wconf 74' lang='lat' dir='ltr'><strong>eat</strong></span> <span class='ocrx_word' id='word_1_42' title='bbox 931 727 1064 781; x_wconf 90' lang='lat' dir='ltr'><strong>idem</strong></span> <span class='ocrx_word' id='word_1_43' title='bbox 1088 739 1340 780; x_wconf 88' lang='lat' dir='ltr'><strong>numerus</strong></span> <span class='ocrx_word' id='word_1_44' title='bbox 1374 727 1708 792; x_wconf 72' lang='lat' dir='ltr'><strong>septenarius</strong></span> 
     </span>
    </p>
   </div>
   <div class='ocr_carea' id='block_1_7' title="bbox 163 815 1710 888">
    <p class='ocr_par' dir='ltr' id='par_1_7' title="bbox 163 815 1710 888">
     <span class='ocr_line' id='line_1_7' title="bbox 163 815 1710 888; baseline -0.003 -15"><span class='ocrx_word' id='word_1_45' title='bbox 163 820 230 873; x_wconf 85' lang='lat' dir='ltr'><strong>ad</strong></span> <span class='ocrx_word' id='word_1_46' title='bbox 265 818 640 888; x_wconf 78' lang='lat' dir='ltr'><strong>perfectionem</strong></span> <span class='ocrx_word' id='word_1_47' title='bbox 670 818 907 887; x_wconf 77' lang='lat' dir='ltr'><strong>ejusdem</strong></span> <span class='ocrx_word' id='word_1_48' title='bbox 930 817 1244 871; x_wconf 71' lang='lat' dir='ltr'><strong>sacramenti</strong></span> <span class='ocrx_word' id='word_1_49' title='bbox 1290 817 1549 884; x_wconf 83' lang='lat' dir='ltr'><strong>pertinet;</strong></span> <span class='ocrx_word' id='word_1_50' title='bbox 1570 815 1710 884; x_wconf 90' lang='lat' dir='ltr'><strong>quod</strong></span> 
     </span>
    </p>
   </div>
   <div class='ocr_carea' id='block_1_8' title="bbox 163 907 1710 975">
    <p class='ocr_par' dir='ltr' id='par_1_8' title="bbox 163 907 1710 975">
     <span class='ocr_line' id='line_1_8' title="bbox 163 907 1710 975; baseline -0.001 -13"><span class='ocrx_word' id='word_1_51' title='bbox 163 910 252 962; x_wconf 88' lang='lat' dir='ltr'><strong>lex</strong></span> <span class='ocrx_word' id='word_1_52' title='bbox 273 910 365 962; x_wconf 80' lang='lat' dir='ltr'><strong>Bei</strong></span> <span class='ocrx_word' id='word_1_53' title='bbox 389 924 488 963; x_wconf 82' lang='lat' dir='ltr'><strong>nos</strong></span> <span class='ocrx_word' id='word_1_54' title='bbox 510 918 563 962; x_wconf 90' lang='lat' dir='ltr'><strong>et</strong></span> <span class='ocrx_word' id='word_1_55' title='bbox 583 924 611 961; x_wconf 90' lang='lat' dir='ltr'><strong>a</strong></span> <span class='ocrx_word' id='word_1_56' title='bbox 633 907 929 972; x_wconf 71' lang='lat' dir='ltr'><strong>servilibus,</strong></span> <span class='ocrx_word' id='word_1_57' title='bbox 958 907 1007 960; x_wconf 93' lang='lat' dir='ltr'><strong>id</strong></span> <span class='ocrx_word' id='word_1_58' title='bbox 1028 917 1130 969; x_wconf 86' lang='lat' dir='ltr'><strong>est,</strong></span> <span class='ocrx_word' id='word_1_59' title='bbox 1159 921 1190 960; x_wconf 88' lang='lat' dir='ltr'><strong>a</strong></span> <span class='ocrx_word' id='word_1_60' title='bbox 1217 908 1369 960; x_wconf 87' lang='lat' dir='ltr'><strong>malis</strong></span> <span class='ocrx_word' id='word_1_61' title='bbox 1388 908 1636 975; x_wconf 76' lang='lat' dir='ltr'><strong>operibus</strong></span> <span class='ocrx_word' id='word_1_62' title='bbox 1659 908 1710 961; x_wconf 93' lang='lat' dir='ltr'><strong>in</strong></span> 
     </span>
    </p>
   </div>
   <div class='ocr_carea' id='block_1_9' title="bbox 162 998 1714 1068">
    <p class='ocr_par' dir='ltr' id='par_1_9' title="bbox 162 998 1714 1068">
     <span class='ocr_line' id='line_1_9' title="bbox 162 998 1714 1068; baseline -0.002 -13"><span class='ocrx_word' id='word_1_63' title='bbox 162 1015 413 1068; x_wconf 77' lang='lat' dir='ltr'><strong>corpore,</strong></span> <span class='ocrx_word' id='word_1_64' title='bbox 433 1009 488 1054; x_wconf 73' lang='lat' dir='ltr'><strong>et</strong></span> <span class='ocrx_word' id='word_1_65' title='bbox 507 1018 533 1050; x_wconf 73' lang='grc' dir='ltr'><strong>ει</strong></span> <span class='ocrx_word' id='word_1_66' title='bbox 553 999 733 1052; x_wconf 84' lang='lat' dir='ltr'><strong>noxiis</strong></span> <span class='ocrx_word' id='word_1_67' title='bbox 759 999 1164 1067; x_wconf 68' lang='lat' dir='ltr'><strong>cogitationibus</strong></span> <span class='ocrx_word' id='word_1_68' title='bbox 1193 998 1245 1052; x_wconf 89' lang='lat' dir='ltr'><strong>in</strong></span> <span class='ocrx_word' id='word_1_69' title='bbox 1271 1008 1468 1061; x_wconf 86' lang='lat' dir='ltr'><strong>mente,</strong></span> <span class='ocrx_word' id='word_1_70' title='bbox 1498 1001 1714 1052; x_wconf 76' lang='lat' dir='ltr'><strong>feriatos</strong></span> 
     </span>
    </p>
   </div>
   <div class='ocr_carea' id='block_1_10' title="bbox 163 1085 1713 1154">
    <p class='ocr_par' dir='ltr' id='par_1_10' title="bbox 163 1085 1713 1154">
     <span class='ocr_line' id='line_1_10' title="bbox 163 1085 1713 1154; baseline -0.001 -12"><span class='ocrx_word' id='word_1_71' title='bbox 163 1102 290 1142; x_wconf 78' lang='lat' dir='ltr'><strong>esse</strong></span> <span class='ocrx_word' id='word_1_72' title='bbox 310 1088 598 1142; x_wconf 78' lang='lat' dir='ltr'><strong>desiderat.</strong></span> <span class='ocrx_word' id='word_1_73' title='bbox 616 1085 926 1142; x_wconf 87' lang='lat' dir='ltr'><strong>Geminatur</strong></span> <span class='ocrx_word' id='word_1_74' title='bbox 947 1101 1194 1142; x_wconf 90' lang='lat' dir='ltr'><strong>numerus</strong></span> <span class='ocrx_word' id='word_1_75' title='bbox 1212 1089 1566 1154; x_wconf 86' lang='lat' dir='ltr'><strong>septenarius,</strong></span> <span class='ocrx_word' id='word_1_76' title='bbox 1589 1089 1713 1154; x_wconf 90' lang='lat' dir='ltr'><strong>quia</strong></span> 
     </span>
    </p>
   </div>
   <div class='ocr_carea' id='block_1_11' title="bbox 166 1171 1735 1246">
    <p class='ocr_par' dir='ltr' id='par_1_11' title="bbox 166 1171 1735 1246">
     <span class='ocr_line' id='line_1_11' title="bbox 166 1171 1735 1246; baseline 0 -16"><span class='ocrx_word' id='word_1_77' title='bbox 166 1175 254 1230; x_wconf 90' lang='lat' dir='ltr'><strong>lex</strong></span> <span class='ocrx_word' id='word_1_78' title='bbox 268 1177 384 1230; x_wconf 82' lang='lat' dir='ltr'><strong>etin</strong></span> <span class='ocrx_word' id='word_1_79' title='bbox 405 1178 502 1230; x_wconf 89' lang='lat' dir='ltr'><strong>hac</strong></span> <span class='ocrx_word' id='word_1_80' title='bbox 523 1175 625 1229; x_wconf 89' lang='lat' dir='ltr'><strong>vita</strong></span> <span class='ocrx_word' id='word_1_81' title='bbox 643 1176 751 1229; x_wconf 87' lang='lat' dir='ltr'><strong>suis</strong></span> <span class='ocrx_word' id='word_1_82' title='bbox 764 1175 1078 1243; x_wconf 85' lang='lat' dir='ltr'><strong>sequacibus</strong></span> <span class='ocrx_word' id='word_1_83' title='bbox 1102 1175 1334 1244; x_wconf 83' lang='lat' dir='ltr'><strong>requiem</strong></span> <span class='ocrx_word' id='word_1_84' title='bbox 1361 1185 1384 1212; x_wconf 73' lang='grc'><strong>⁸</strong></span> <span class='ocrx_word' id='word_1_85' title='bbox 1407 1171 1735 1246; x_wconf 41' lang='lat' dir='ltr'><strong>corporibus-</strong></span> 
     </span>
    </p>
   </div>
   <div class='ocr_carea' id='block_1_12' title="bbox 169 1265 1714 1339">
    <p class='ocr_par' dir='ltr' id='par_1_12' title="bbox 169 1265 1714 1339">
     <span class='ocr_line' id='line_1_12' title="bbox 169 1265 1714 1339; baseline -0.001 -19"><span class='ocrx_word' id='word_1_86' title='bbox 169 1265 428 1336; x_wconf 66' lang='lat' dir='ltr'><strong>prmeipit,</strong></span> <span class='ocrx_word' id='word_1_87' title='bbox 458 1275 511 1319; x_wconf 90' lang='lat' dir='ltr'><strong>et</strong></span> <span class='ocrx_word' id='word_1_88' title='bbox 564 1265 616 1318; x_wconf 93' lang='lat' dir='ltr'><strong>in</strong></span> <span class='ocrx_word' id='word_1_89' title='bbox 641 1266 813 1339; x_wconf 70' lang='lat' dir='ltr'><strong>toturn</strong></span> <span class='ocrx_word' id='word_1_90' title='bbox 841 1269 945 1318; x_wconf 87' lang='lat' dir='ltr'><strong>vita</strong></span> <span class='ocrx_word' id='word_1_91' title='bbox 976 1267 1211 1333; x_wconf 81' lang='lat' dir='ltr'><strong>requiem</strong></span> <span class='ocrx_word' id='word_1_92' title='bbox 1265 1265 1559 1319; x_wconf 68' lang='lat' dir='ltr'><strong>habendam</strong></span> <span class='ocrx_word' id='word_1_93' title='bbox 1592 1281 1714 1334; x_wconf 81' lang='lat' dir='ltr'><strong>pro-</strong></span> 
     </span>
    </p>
   </div>
   <div class='ocr_carea' id='block_1_13' title="bbox 169 1355 1718 1424">
    <p class='ocr_par' dir='ltr' id='par_1_13' title="bbox 169 1355 1718 1424">
     <span class='ocr_line' id='line_1_13' title="bbox 169 1355 1718 1424; baseline -0.002 -12"><span class='ocrx_word' id='word_1_94' title='bbox 169 1357 334 1413; x_wconf 79' lang='lat' dir='ltr'><strong>mittit</strong></span> <span class='ocrx_word' id='word_1_95' title='bbox 362 1356 694 1420; x_wconf 85' lang='lat' dir='ltr'><strong>animarum;</strong></span> <span class='ocrx_word' id='word_1_96' title='bbox 727 1365 849 1408; x_wconf 90' lang='lat' dir='ltr'><strong>nato</strong></span> <span class='ocrx_word' id='word_1_97' title='bbox 895 1356 1040 1408; x_wconf 81' lang='lat' dir='ltr'><strong>Isaac</strong></span> <span class='ocrx_word' id='word_1_98' title='bbox 1075 1365 1128 1408; x_wconf 91' lang='lat' dir='ltr'><strong>et</strong></span> <span class='ocrx_word' id='word_1_99' title='bbox 1160 1355 1385 1424; x_wconf 87' lang='lat' dir='ltr'><strong>primum</strong></span> <span class='ocrx_word' id='word_1_100' title='bbox 1412 1371 1521 1408; x_wconf 79' lang='lat' dir='ltr'><strong>sua:</strong></span> <span class='ocrx_word' id='word_1_101' title='bbox 1551 1356 1718 1409; x_wconf 70' lang='lat' dir='ltr'><strong>aetatis</strong></span> 
     </span>
    </p>
   </div>
   <div class='ocr_carea' id='block_1_14' title="bbox 169 1445 1717 1514">
    <p class='ocr_par' dir='ltr' id='par_1_14' title="bbox 169 1445 1717 1514">
     <span class='ocr_line' id='line_1_14' title="bbox 169 1445 1717 1514; baseline -0.003 -13"><span class='ocrx_word' id='word_1_102' title='bbox 169 1463 366 1501; x_wconf 88' lang='lat' dir='ltr'><strong>annum</strong></span> <span class='ocrx_word' id='word_1_103' title='bbox 384 1449 685 1509; x_wconf 82' lang='lat' dir='ltr'><strong>inchoante,</strong></span> <span class='ocrx_word' id='word_1_104' title='bbox 718 1445 905 1500; x_wconf 86' lang='lat' dir='ltr'><strong>Ismael</strong></span> <span class='ocrx_word' id='word_1_105' title='bbox 936 1445 1146 1500; x_wconf 84' lang='lat' dir='ltr'><strong>inchoat</strong></span> <span class='ocrx_word' id='word_1_106' title='bbox 1170 1446 1406 1514; x_wconf 86' lang='lat' dir='ltr'><strong>quintum</strong></span> <span class='ocrx_word' id='word_1_107' title='bbox 1428 1446 1717 1511; x_wconf 89' lang='lat' dir='ltr'><strong>decimum,</strong></span> 
     </span>
    </p>
   </div>
   <div class='ocr_carea' id='block_1_15' title="bbox 171 1536 1717 1607">
    <p class='ocr_par' dir='ltr' id='par_1_15' title="bbox 171 1536 1717 1607">
     <span class='ocr_line' id='line_1_15' title="bbox 171 1536 1717 1607; baseline -0.001 -17"><span class='ocrx_word' id='word_1_108' title='bbox 171 1537 297 1606; x_wconf 83' lang='lat' dir='ltr'><strong>quia</strong></span> <span class='ocrx_word' id='word_1_109' title='bbox 323 1549 607 1607; x_wconf 87' lang='lat' dir='ltr'><strong>apparente</strong></span> <span class='ocrx_word' id='word_1_110' title='bbox 657 1541 823 1607; x_wconf 78' lang='lat' dir='ltr'><strong>gratia</strong></span> <span class='ocrx_word' id='word_1_111' title='bbox 855 1536 1145 1606; x_wconf 76' lang='lat' dir='ltr'><strong>Evangelii,</strong></span> <span class='ocrx_word' id='word_1_112' title='bbox 1170 1546 1227 1591; x_wconf 89' lang='lat' dir='ltr'><strong>et</strong></span> <span class='ocrx_word' id='word_1_113' title='bbox 1257 1539 1366 1605; x_wconf 73' lang='lat' dir='ltr'><strong>ipsa</strong></span> <span class='ocrx_word' id='word_1_114' title='bbox 1398 1552 1603 1606; x_wconf 83' lang='lat' dir='ltr'><strong>quoque</strong></span> <span class='ocrx_word' id='word_1_115' title='bbox 1634 1539 1717 1590; x_wconf 94' lang='lat' dir='ltr'><strong>lex</strong></span> 
     </span>
    </p>
   </div>
   <div class='ocr_carea' id='block_1_16' title="bbox 170 1630 1718 1700">
    <p class='ocr_par' dir='ltr' id='par_1_16' title="bbox 170 1630 1718 1700">
     <span class='ocr_line' id='line_1_16' title="bbox 170 1630 1718 1700; baseline -0.001 -16"><span class='ocrx_word' id='word_1_116' title='bbox 170 1630 476 1700; x_wconf 65' lang='lat' dir='ltr'><strong>spiritaliter</strong></span> <span class='ocrx_word' id='word_1_117' title='bbox 515 1631 802 1694; x_wconf 82' lang='lat' dir='ltr'><strong>intellecta,</strong></span> <span class='ocrx_word' id='word_1_118' title='bbox 857 1630 1161 1685; x_wconf 73' lang='lat' dir='ltr'><strong>cmlestibus</strong></span> <span class='ocrx_word' id='word_1_119' title='bbox 1191 1633 1538 1686; x_wconf 84' lang='lat' dir='ltr'><strong>sacramentis</strong></span> <span class='ocrx_word' id='word_1_120' title='bbox 1567 1634 1718 1700; x_wconf 87' lang='lat' dir='ltr'><strong>plena</strong></span> 
     </span>
    </p>
   </div>
   <div class='ocr_carea' id='block_1_17' title="bbox 173 1717 1719 1789">
    <p class='ocr_par' dir='ltr' id='par_1_17' title="bbox 173 1717 1719 1789">
     <span class='ocr_line' id='line_1_17' title="bbox 173 1717 1719 1789; baseline 0 -17"><span class='ocrx_word' id='word_1_121' title='bbox 173 1717 361 1784; x_wconf 67' lang='lat' dir='ltr'><strong>tuisse,</strong></span> <span class='ocrx_word' id='word_1_122' title='bbox 394 1728 446 1772; x_wconf 94' lang='lat' dir='ltr'><strong>et</strong></span> <span class='ocrx_word' id='word_1_123' title='bbox 470 1718 692 1787; x_wconf 85' lang='lat' dir='ltr'><strong>gloriam</strong></span> <span class='ocrx_word' id='word_1_124' title='bbox 715 1720 1122 1772; x_wconf 87' lang='lat' dir='ltr'><strong>resurrectionis</strong></span> <span class='ocrx_word' id='word_1_125' title='bbox 1172 1720 1487 1788; x_wconf 65' lang='lat' dir='ltr'><strong>praedicasse</strong></span> <span class='ocrx_word' id='word_1_126' title='bbox 1517 1730 1719 1789; x_wconf 86' lang='lat' dir='ltr'><strong>reperta</strong></span> 
     </span>
    </p>
   </div>
   <div class='ocr_carea' id='block_1_18' title="bbox 1807 541 3360 612">
    <p class='ocr_par' dir='ltr' id='par_1_18' title="bbox 1807 541 3360 612">
     <span class='ocr_line' id='line_1_18' title="bbox 1807 541 3360 612; baseline -0.001 -14"><span class='ocrx_word' id='word_1_127' title='bbox 1807 544 1996 598; x_wconf 87' lang='lat' dir='ltr'><strong>ciendo</strong></span> <span class='ocrx_word' id='word_1_128' title='bbox 2025 544 2344 606; x_wconf 72' lang='lat' dir='ltr'><strong>confortare,</strong></span> <span class='ocrx_word' id='word_1_129' title='bbox 2376 542 2522 610; x_wconf 83' lang='lat' dir='ltr'><strong>quasi</strong></span> <span class='ocrx_word' id='word_1_130' title='bbox 2547 542 2749 609; x_wconf 77' lang='lat' dir='ltr'><strong>jejunio</strong></span> <span class='ocrx_word' id='word_1_131' title='bbox 2780 541 3100 607; x_wconf 72' lang='lat' dir='ltr'><strong>laborantes,</strong></span> <span class='ocrx_word' id='word_1_132' title='bbox 3140 558 3360 612; x_wconf 81' lang='lat' dir='ltr'><strong>rogave-</strong></span> 
     </span>
    </p>
   </div>
   <div class='ocr_carea' id='block_1_19' title="bbox 1808 631 3360 701">
    <p class='ocr_par' dir='ltr' id='par_1_19' title="bbox 1808 631 3360 701">
     <span class='ocr_line' id='line_1_19' title="bbox 1808 631 3360 701; baseline 0.001 -14"><span class='ocrx_word' id='word_1_133' title='bbox 1808 633 1897 687; x_wconf 89' lang='lat' dir='ltr'><strong>rit.</strong></span> <span class='ocrx_word' id='word_1_134' title='bbox 1949 633 2002 687; x_wconf 91' lang='lat' dir='ltr'><strong>Si</strong></span> <span class='ocrx_word' id='word_1_135' title='bbox 2053 633 2171 701; x_wconf 90' lang='lat' dir='ltr'><strong>quis</strong></span> <span class='ocrx_word' id='word_1_136' title='bbox 2214 645 2341 686; x_wconf 84' lang='lat' dir='ltr'><strong>vero</strong></span> <span class='ocrx_word' id='word_1_137' title='bbox 2385 631 2521 685; x_wconf 88' lang='lat' dir='ltr'><strong>hanc</strong></span> <span class='ocrx_word' id='word_1_138' title='bbox 2570 633 2845 686; x_wconf 84' lang='lat' dir='ltr'><strong>lectionem</strong></span> <span class='ocrx_word' id='word_1_139' title='bbox 2897 633 3053 686; x_wconf 85' lang='lat' dir='ltr'><strong>altius</strong></span> <span class='ocrx_word' id='word_1_140' title='bbox 3093 632 3360 689; x_wconf 83' lang='lat' dir='ltr'><strong>discutere</strong></span> 
     </span>
    </p>
   </div>
   <div class='ocr_carea' id='block_1_20' title="bbox 1809 720 3360 791">
    <p class='ocr_par' dir='ltr' id='par_1_20' title="bbox 1809 720 3360 791">
     <span class='ocr_line' id='line_1_20' title="bbox 1809 720 3360 791; baseline 0.001 -17"><span class='ocrx_word' id='word_1_141' title='bbox 1809 722 2017 791; x_wconf 59' lang='lat' dir='ltr'><strong>qumrit,</strong></span> <span class='ocrx_word' id='word_1_142' title='bbox 2065 730 2225 775; x_wconf 87' lang='lat' dir='ltr'><strong>totam</strong></span> <span class='ocrx_word' id='word_1_143' title='bbox 2269 720 2535 787; x_wconf 71' lang='lat' dir='ltr'><strong>spiritales</strong></span> <span class='ocrx_word' id='word_1_144' title='bbox 2583 720 2824 774; x_wconf 84' lang='lat' dir='ltr'><strong>redolere</strong></span> <span class='ocrx_word' id='word_1_145' title='bbox 2867 735 3053 775; x_wconf 83' lang='lat' dir='ltr'><strong>sensus</strong></span> <span class='ocrx_word' id='word_1_146' title='bbox 3095 722 3360 781; x_wconf 70' lang='lat' dir='ltr'><strong>inveniet.</strong></span> 
     </span>
    </p>
   </div>
   <div class='ocr_carea' id='block_1_21' title="bbox 1810 807 3358 876">
    <p class='ocr_par' dir='ltr' id='par_1_21' title="bbox 1810 807 3358 876">
     <span class='ocr_line' id='line_1_21' title="bbox 1810 807 3358 876; baseline 0.002 -14"><span class='ocrx_word' id='word_1_147' title='bbox 1810 808 1940 862; x_wconf 78' lang='lat' dir='ltr'><strong>Nam</strong></span> <span class='ocrx_word' id='word_1_148' title='bbox 1972 807 2108 876; x_wconf 88' lang='lat' dir='ltr'><strong>quod</strong></span> <span class='ocrx_word' id='word_1_149' title='bbox 2138 808 2363 862; x_wconf 68' lang='lat' dir='ltr'><strong>Abram:</strong></span> <span class='ocrx_word' id='word_1_150' title='bbox 2408 807 2614 861; x_wconf 78' lang='lat' dir='ltr'><strong>sedenti</strong></span> <span class='ocrx_word' id='word_1_151' title='bbox 2654 808 2704 860; x_wconf 91' lang='lat' dir='ltr'><strong>in</strong></span> <span class='ocrx_word' id='word_1_152' title='bbox 2748 810 2882 861; x_wconf 87' lang='lat' dir='ltr'><strong>ostio</strong></span> <span class='ocrx_word' id='word_1_153' title='bbox 2912 811 3236 864; x_wconf 83' lang='lat' dir='ltr'><strong>tabernaculi</strong></span> <span class='ocrx_word' id='word_1_154' title='bbox 3275 813 3358 865; x_wconf 81' lang='lat' dir='ltr'><strong>sui</strong></span> 
     </span>
    </p>
   </div>
   <div class='ocr_carea' id='block_1_22' title="bbox 1815 893 3362 969">
    <p class='ocr_par' dir='ltr' id='par_1_22' title="bbox 1815 893 3362 969">
     <span class='ocr_line' id='line_1_22' title="bbox 1815 893 3362 969; baseline 0.002 -16"><span class='ocrx_word' id='word_1_155' title='bbox 1815 900 2063 953; x_wconf 80' lang='lat' dir='ltr'><strong>Dominus</strong></span> <span class='ocrx_word' id='word_1_156' title='bbox 2090 902 2352 966; x_wconf 79' lang='lat' dir='ltr'><strong>apparuit,</strong></span> <span class='ocrx_word' id='word_1_157' title='bbox 2384 900 2601 952; x_wconf 90' lang='lat' dir='ltr'><strong>multum</strong></span> <span class='ocrx_word' id='word_1_158' title='bbox 2631 893 2875 967; x_wconf 74' lang='lat' dir='ltr'><strong>congruit</strong></span> <span class='ocrx_word' id='word_1_159' title='bbox 2899 901 3163 955; x_wconf 78' lang='lat' dir='ltr'><strong>derotioni</strong></span> <span class='ocrx_word' id='word_1_160' title='bbox 3193 902 3362 969; x_wconf 82' lang='lat' dir='ltr'><strong>ipsius</strong></span> 
     </span>
    </p>
   </div>
   <div class='ocr_carea' id='block_1_23' title="bbox 1813 987 3362 1060">
    <p class='ocr_par' dir='ltr' id='par_1_23' title="bbox 1813 987 3362 1060">
     <span class='ocr_line' id='line_1_23' title="bbox 1813 987 3362 1060; baseline 0.001 -19"><span class='ocrx_word' id='word_1_161' title='bbox 1813 987 2071 1050; x_wconf 70' lang='lat' dir='ltr'><strong>Abrahae,</strong></span> <span class='ocrx_word' id='word_1_162' title='bbox 2121 987 2272 1040; x_wconf 77' lang='lat' dir='ltr'><strong>simul</strong></span> <span class='ocrx_word' id='word_1_163' title='bbox 2323 997 2378 1040; x_wconf 84' lang='lat' dir='ltr'><strong>et</strong></span> <span class='ocrx_word' id='word_1_164' title='bbox 2426 987 2663 1040; x_wconf 86' lang='lat' dir='ltr'><strong>omnium</strong></span> <span class='ocrx_word' id='word_1_165' title='bbox 2712 987 2948 1060; x_wconf 73' lang='lat' dir='ltr'><strong>ejusdem</strong></span> <span class='ocrx_word' id='word_1_166' title='bbox 2999 987 3362 1054; x_wconf 84' lang='lat' dir='ltr'><strong>prutttissionis</strong></span> 
     </span>
    </p>
   </div>
   <div class='ocr_carea' id='block_1_24' title="bbox 1817 1074 3362 1145">
    <p class='ocr_par' dir='ltr' id='par_1_24' title="bbox 1817 1074 3362 1145">
     <span class='ocr_line' id='line_1_24' title="bbox 1817 1074 3362 1145; baseline 0.004 -19"><span class='ocrx_word' id='word_1_167' title='bbox 1817 1074 2108 1141; x_wconf 71' lang='lat' dir='ltr'><strong>hmredum,</strong></span> <span class='ocrx_word' id='word_1_168' title='bbox 2139 1077 2228 1145; x_wconf 90' lang='lat' dir='ltr'><strong>qui</strong></span> <span class='ocrx_word' id='word_1_169' title='bbox 2261 1077 2567 1145; x_wconf 75' lang='lat' dir='ltr'><strong>peregrinos</strong></span> <span class='ocrx_word' id='word_1_170' title='bbox 2596 1091 2654 1130; x_wconf 82' lang='lat' dir='ltr'><strong>se</strong></span> <span class='ocrx_word' id='word_1_171' title='bbox 2685 1075 2840 1144; x_wconf 88' lang='lat' dir='ltr'><strong>lmjus</strong></span> <span class='ocrx_word' id='word_1_172' title='bbox 2865 1079 3043 1130; x_wconf 69' lang='lat' dir='ltr'><strong>sarculi</strong></span> <span class='ocrx_word' id='word_1_173' title='bbox 3068 1089 3123 1132; x_wconf 91' lang='lat' dir='ltr'><strong>et</strong></span> <span class='ocrx_word' id='word_1_174' title='bbox 3143 1079 3362 1143; x_wconf 76' lang='lat' dir='ltr'><strong>incolas,</strong></span> 
     </span>
    </p>
   </div>
   <div class='ocr_carea' id='block_1_25' title="bbox 1815 1164 3366 1233">
    <p class='ocr_par' dir='ltr' id='par_1_25' title="bbox 1815 1164 3366 1233">
     <span class='ocr_line' id='line_1_25' title="bbox 1815 1164 3366 1233; baseline 0.004 -18"><span class='ocrx_word' id='word_1_175' title='bbox 1815 1164 1964 1217; x_wconf 85' lang='lat' dir='ltr'><strong>cives</strong></span> <span class='ocrx_word' id='word_1_176' title='bbox 1993 1180 2118 1218; x_wconf 66' lang='lat' dir='ltr'><strong>vero</strong></span> <span class='ocrx_word' id='word_1_177' title='bbox 2163 1167 2378 1220; x_wconf 79' lang='lat' dir='ltr'><strong>alterius</strong></span> <span class='ocrx_word' id='word_1_178' title='bbox 2427 1168 2567 1228; x_wconf 76' lang='lat' dir='ltr'><strong>vitae,</strong></span> <span class='ocrx_word' id='word_1_179' title='bbox 2619 1168 2720 1220; x_wconf 91' lang='lat' dir='ltr'><strong>hoc</strong></span> <span class='ocrx_word' id='word_1_180' title='bbox 2748 1176 2830 1219; x_wconf 85' lang='lat' dir='ltr'><strong>est</strong></span> <span class='ocrx_word' id='word_1_181' title='bbox 2878 1167 3058 1232; x_wconf 81' lang='lat' dir='ltr'><strong>patria:</strong></span> <span class='ocrx_word' id='word_1_182' title='bbox 3099 1167 3366 1233; x_wconf 72' lang='lat' dir='ltr'><strong>cmlestis,</strong></span> 
     </span>
    </p>
   </div>
   <div class='ocr_carea' id='block_1_26' title="bbox 1819 1253 3366 1309">
    <p class='ocr_par' dir='ltr' id='par_1_26' title="bbox 1819 1253 3366 1309">
     <span class='ocr_line' id='line_1_26' title="bbox 1819 1253 3366 1309; baseline 0.003 -5"><span class='ocrx_word' id='word_1_183' title='bbox 1819 1265 1938 1304; x_wconf 82' lang='lat' dir='ltr'><strong>esse</strong></span> <span class='ocrx_word' id='word_1_184' title='bbox 1986 1262 2260 1306; x_wconf 79' lang='lat' dir='ltr'><strong>testantur.</strong></span> <span class='ocrx_word' id='word_1_185' title='bbox 2296 1253 2675 1308; x_wconf 77' lang='lat' dir='ltr'><strong>Tabernacnlts</strong></span> <span class='ocrx_word' id='word_1_186' title='bbox 2715 1268 2841 1308; x_wconf 74' lang='lat' dir='ltr'><strong>vero</strong></span> <span class='ocrx_word' id='word_1_187' title='bbox 2870 1254 2919 1307; x_wconf 94' lang='lat' dir='ltr'><strong>in</strong></span> <span class='ocrx_word' id='word_1_188' title='bbox 2951 1256 3140 1308; x_wconf 85' lang='lat' dir='ltr'><strong>itinere</strong></span> <span class='ocrx_word' id='word_1_189' title='bbox 3184 1256 3262 1308; x_wconf 81' lang='lat' dir='ltr'><strong>vel</strong></span> <span class='ocrx_word' id='word_1_190' title='bbox 3315 1254 3366 1309; x_wconf 89' lang='lat' dir='ltr'><strong>itt</strong></span> 
     </span>
    </p>
   </div>
   <div class='ocr_carea' id='block_1_27' title="bbox 1816 1343 3382 1416">
    <p class='ocr_par' dir='ltr' id='par_1_27' title="bbox 1816 1343 3382 1416">
     <span class='ocr_line' id='line_1_27' title="bbox 1816 1343 3382 1416; baseline 0.001 -19"><span class='ocrx_word' id='word_1_191' title='bbox 1816 1343 1975 1409; x_wconf 83' lang='lat' dir='ltr'><strong>bello,</strong></span> <span class='ocrx_word' id='word_1_192' title='bbox 2005 1344 2163 1403; x_wconf 88' lang='lat' dir='ltr'><strong>dumo</strong></span> <span class='ocrx_word' id='word_1_193' title='bbox 2189 1355 2367 1398; x_wconf 88' lang='lat' dir='ltr'><strong>autetn</strong></span> <span class='ocrx_word' id='word_1_194' title='bbox 2396 1345 2447 1398; x_wconf 91' lang='lat' dir='ltr'><strong>in</strong></span> <span class='ocrx_word' id='word_1_195' title='bbox 2481 1347 2644 1411; x_wconf 89' lang='lat' dir='ltr'><strong>patria</strong></span> <span class='ocrx_word' id='word_1_196' title='bbox 2674 1348 2746 1398; x_wconf 93' lang='lat' dir='ltr'><strong>uti</strong></span> <span class='ocrx_word' id='word_1_197' title='bbox 2770 1344 3096 1412; x_wconf 69' lang='lat' dir='ltr'><strong>s«demus,in</strong></span> <span class='ocrx_word' id='word_1_198' title='bbox 3127 1361 3232 1413; x_wconf 88' lang='lat' dir='ltr'><strong>quo</strong></span> <span class='ocrx_word' id='word_1_199' title='bbox 3253 1362 3382 1416; x_wconf 22' lang='lat' dir='ltr'><strong>tny-I</strong></span> 
     </span>
    </p>
   </div>
   <div class='ocr_carea' id='block_1_28' title="bbox 1817 1433 3370 1489">
    <p class='ocr_par' dir='ltr' id='par_1_28' title="bbox 1817 1433 3370 1489">
     <span class='ocr_line' id='line_1_28' title="bbox 1817 1433 3370 1489; baseline 0.003 -4"><span class='ocrx_word' id='word_1_200' title='bbox 1817 1434 1978 1486; x_wconf 84' lang='lat' dir='ltr'><strong>sterio</strong></span> <span class='ocrx_word' id='word_1_201' title='bbox 2007 1435 2165 1486; x_wconf 83' lang='lat' dir='ltr'><strong>etiam</strong></span> <span class='ocrx_word' id='word_1_202' title='bbox 2197 1438 2342 1488; x_wconf 82' lang='lat' dir='ltr'><strong>Isaae</strong></span> <span class='ocrx_word' id='word_1_203' title='bbox 2367 1446 2419 1487; x_wconf 86' lang='lat' dir='ltr'><strong>et</strong></span> <span class='ocrx_word' id='word_1_204' title='bbox 2448 1433 2614 1488; x_wconf 79' lang='lat' dir='ltr'><strong>Jacob</strong></span> <span class='ocrx_word' id='word_1_205' title='bbox 2640 1433 2691 1487; x_wconf 92' lang='lat' dir='ltr'><strong>in</strong></span> <span class='ocrx_word' id='word_1_206' title='bbox 2722 1434 3075 1488; x_wconf 76' lang='lat' dir='ltr'><strong>tabernaculis</strong></span> <span class='ocrx_word' id='word_1_207' title='bbox 3105 1435 3370 1489; x_wconf 77' lang='lat' dir='ltr'><strong>habitasse</strong></span> 
     </span>
    </p>
   </div>
   <div class='ocr_carea' id='block_1_29' title="bbox 1819 1523 3367 1596">
    <p class='ocr_par' dir='ltr' id='par_1_29' title="bbox 1819 1523 3367 1596">
     <span class='ocr_line' id='line_1_29' title="bbox 1819 1523 3367 1596; baseline -0.001 -19"><span class='ocrx_word' id='word_1_208' title='bbox 1819 1523 2082 1591; x_wconf 90' lang='lat' dir='ltr'><strong>leguntur.</strong></span> <span class='ocrx_word' id='word_1_209' title='bbox 2133 1523 2305 1578; x_wconf 79' lang='lat' dir='ltr'><strong>Manet</strong></span> <span class='ocrx_word' id='word_1_210' title='bbox 2347 1533 2522 1577; x_wconf 89' lang='lat' dir='ltr'><strong>autem</strong></span> <span class='ocrx_word' id='word_1_211' title='bbox 2572 1525 2625 1578; x_wconf 93' lang='lat' dir='ltr'><strong>in</strong></span> <span class='ocrx_word' id='word_1_212' title='bbox 2677 1523 2852 1578; x_wconf 51' lang='lat' dir='ltr'><strong>medio</strong></span> <span class='ocrx_word' id='word_1_213' title='bbox 2901 1523 3223 1578; x_wconf 67' lang='lat' dir='ltr'><strong>tabernaculi</strong></span> <span class='ocrx_word' id='word_1_214' title='bbox 3285 1529 3367 1596; x_wconf 78' lang='lat' dir='ltr'><strong>sui</strong></span> 
     </span>
    </p>
   </div>
   <div class='ocr_carea' id='block_1_30' title="bbox 1819 1602 3386 1679">
    <p class='ocr_par' dir='ltr' id='par_1_30' title="bbox 1819 1602 3386 1679">
     <span class='ocr_line' id='line_1_30' title="bbox 1819 1602 3386 1679; baseline 0.002 -16"><span class='ocrx_word' id='word_1_215' title='bbox 1819 1610 2117 1678; x_wconf 89' lang='lat' dir='ltr'><strong>quicunque</strong></span> <span class='ocrx_word' id='word_1_216' title='bbox 2157 1621 2210 1666; x_wconf 91' lang='lat' dir='ltr'><strong>et</strong></span> <span class='ocrx_word' id='word_1_217' title='bbox 2243 1612 2578 1679; x_wconf 87' lang='lat' dir='ltr'><strong>peregrinum</strong></span> <span class='ocrx_word' id='word_1_218' title='bbox 2642 1609 2717 1675; x_wconf 78' lang='lat' dir='ltr'><strong>se,</strong></span> <span class='ocrx_word' id='word_1_219' title='bbox 2753 1626 2849 1664; x_wconf 90' lang='lat' dir='ltr'><strong>nec</strong></span> <span class='ocrx_word' id='word_1_220' title='bbox 2878 1625 3086 1679; x_wconf 86' lang='lat' dir='ltr'><strong>setnper</strong></span> <span class='ocrx_word' id='word_1_221' title='bbox 3114 1602 3386 1676; x_wconf 55' lang='lat' dir='ltr'><strong>victurum,</strong></span> 
     </span>
    </p>
   </div>
   <div class='ocr_carea' id='block_1_31' title="bbox 1824 1689 3386 1770">
    <p class='ocr_par' dir='ltr' id='par_1_31' title="bbox 1824 1689 3386 1770">
     <span class='ocr_line' id='line_1_31' title="bbox 1824 1689 3386 1770; baseline 0.003 -18"><span class='ocrx_word' id='word_1_222' title='bbox 1824 1700 1874 1753; x_wconf 91' lang='lat' dir='ltr'><strong>in</strong></span> <span class='ocrx_word' id='word_1_223' title='bbox 1904 1699 2002 1753; x_wconf 75' lang='lat' dir='ltr'><strong>huc</strong></span> <span class='ocrx_word' id='word_1_224' title='bbox 2046 1699 2244 1753; x_wconf 71' lang='lat' dir='ltr'><strong>sarculo</strong></span> <span class='ocrx_word' id='word_1_225' title='bbox 2277 1701 2442 1762; x_wconf 84' lang='lat' dir='ltr'><strong>novit,</strong></span> <span class='ocrx_word' id='word_1_226' title='bbox 2472 1711 2523 1752; x_wconf 88' lang='lat' dir='ltr'><strong>et</strong></span> <span class='ocrx_word' id='word_1_227' title='bbox 2554 1699 2910 1754; x_wconf 79' lang='lat' dir='ltr'><strong>nihilominus</strong></span> <span class='ocrx_word' id='word_1_228' title='bbox 2930 1709 3185 1770; x_wconf 85' lang='lat' dir='ltr'><strong>quantum</strong></span> <span class='ocrx_word' id='word_1_229' title='bbox 3231 1689 3386 1756; x_wconf 26' lang='lat' dir='ltr'><strong>valet.</strong></span> 
     </span>
    </p>
   </div>
   <div class='ocr_carea' id='block_1_32' title="bbox 170 1778 3382 1878">
    <p class='ocr_par' dir='ltr' id='par_1_32' title="bbox 170 1778 3382 1878">
     <span class='ocr_line' id='line_1_32' title="bbox 170 1778 3382 1878; baseline 0.004 -45"><span class='ocrx_word' id='word_1_230' title='bbox 170 1819 258 1864; x_wconf 57' lang='lat' dir='ltr'><strong>es,</strong></span> <span class='ocrx_word' id='word_1_231' title='bbox 283 1826 298 1869; x_wconf 48' lang='grc' dir='ltr'>ς</span> <span class='ocrx_word' id='word_1_232' title='bbox 521 1814 696 1862; x_wconf 52' lang='lat' dir='ltr'><strong>“nam</strong></span> <span class='ocrx_word' id='word_1_233' title='bbox 723 1811 1060 1878; x_wconf 63' lang='lat' dir='ltr'><strong>posmwdum</strong></span> <span class='ocrx_word' id='word_1_234' title='bbox 1086 1778 1270 1864; x_wconf 50' lang='grc' dir='ltr'><strong>,ιίάιιὸ</strong></span> <span class='ocrx_word' id='word_1_235' title='bbox 1300 1810 1464 1876; x_wconf 46' lang='lat' dir='ltr'><strong>hanc,</strong></span> <span class='ocrx_word' id='word_1_236' title='bbox 1494 1812 1559 1864; x_wconf 57' lang='lat' dir='ltr'><strong>ad</strong></span> <span class='ocrx_word' id='word_1_237' title='bbox 1578 1778 1721 1878; x_wconf 56' lang='grc' dir='ltr'><strong>ἰπε-</strong></span> <span class='ocrx_word' id='word_1_238' title='bbox 1755 1778 1799 1837; x_wconf 77' lang='lat' dir='ltr'><strong>B</strong></span> <span class='ocrx_word' id='word_1_239' title='bbox 1826 1789 2008 1843; x_wconf 75' lang='lat' dir='ltr'><strong>sa-culi</strong></span> <span class='ocrx_word' id='word_1_240' title='bbox 2053 1790 2275 1859; x_wconf 86' lang='lat' dir='ltr'><strong>negotiis</strong></span> <span class='ocrx_word' id='word_1_241' title='bbox 2325 1801 2484 1859; x_wconf 89' lang='lat' dir='ltr'><strong>atque</strong></span> <span class='ocrx_word' id='word_1_242' title='bbox 2514 1789 2777 1844; x_wconf 84' lang='lat' dir='ltr'><strong>illecebris</strong></span> <span class='ocrx_word' id='word_1_243' title='bbox 2799 1805 2918 1844; x_wconf 88' lang='lat' dir='ltr'><strong>sese</strong></span> <span class='ocrx_word' id='word_1_244' title='bbox 2947 1791 3217 1856; x_wconf 80' lang='lat' dir='ltr'><strong>implicare</strong></span> <span class='ocrx_word' id='word_1_245' title='bbox 3261 1779 3382 1845; x_wconf 11' lang='lat' dir='ltr'><strong>non.</strong></span> 
     </span>
    </p>
   </div>
   <div class='ocr_carea' id='block_1_33' title="bbox 167 1896 1724 1964">
    <p class='ocr_par' dir='ltr' id='par_1_33' title="bbox 167 1896 1724 1964">
     <span class='ocr_line' id='line_1_33' title="bbox 167 1896 1724 1964; baseline 0 -12"><span class='ocrx_word' id='word_1_246' title='bbox 167 1906 383 1964; x_wconf 82' lang='lat' dir='ltr'><strong>ceptum</strong></span> <span class='ocrx_word' id='word_1_247' title='bbox 410 1896 557 1951; x_wconf 65' lang='lat' dir='ltr'><strong>Sara</strong></span> <span class='ocrx_word' id='word_1_248' title='bbox 583 1896 782 1964; x_wconf 80' lang='lat' dir='ltr'><strong>ejectas</strong></span> <span class='ocrx_word' id='word_1_249' title='bbox 807 1905 890 1951; x_wconf 91' lang='lat' dir='ltr'><strong>est</strong></span> <span class='ocrx_word' id='word_1_250' title='bbox 919 1912 1036 1950; x_wconf 89' lang='lat' dir='ltr'><strong>cum</strong></span> <span class='ocrx_word' id='word_1_251' title='bbox 1069 1907 1237 1954; x_wconf 81' lang='lat' dir='ltr'><strong>matre</strong></span> <span class='ocrx_word' id='word_1_252' title='bbox 1266 1912 1359 1952; x_wconf 86' lang='lat' dir='ltr'><strong>sua</strong></span> <span class='ocrx_word' id='word_1_253' title='bbox 1389 1897 1603 1961; x_wconf 83' lang='lat' dir='ltr'><strong>lsmael,</strong></span> <span class='ocrx_word' id='word_1_254' title='bbox 1631 1915 1724 1952; x_wconf 86' lang='lat' dir='ltr'><strong>ne-</strong></span> 
     </span>
    </p>
   </div>
   <div class='ocr_carea' id='block_1_34' title="bbox 169 1983 1721 2055">
    <p class='ocr_par' dir='ltr' id='par_1_34' title="bbox 169 1983 1721 2055">
     <span class='ocr_line' id='line_1_34' title="bbox 169 1983 1721 2055; baseline 0 -16"><span class='ocrx_word' id='word_1_255' title='bbox 169 1999 433 2055; x_wconf 84' lang='lat' dir='ltr'><strong>quaquam</strong></span> <span class='ocrx_word' id='word_1_256' title='bbox 449 1983 606 2038; x_wconf 87' lang='lat' dir='ltr'><strong>debet</strong></span> <span class='ocrx_word' id='word_1_257' title='bbox 636 1984 806 2053; x_wconf 84' lang='lat' dir='ltr'><strong>putari</strong></span> <span class='ocrx_word' id='word_1_258' title='bbox 836 1986 926 2054; x_wconf 81' lang='lat' dir='ltr'><strong>qui</strong></span> <span class='ocrx_word' id='word_1_259' title='bbox 956 1985 1112 2040; x_wconf 82' lang='lat' dir='ltr'><strong>Vetus</strong></span> <span class='ocrx_word' id='word_1_260' title='bbox 1133 1985 1529 2040; x_wconf 80' lang='lat' dir='ltr'><strong>Testamentum</strong></span> <span class='ocrx_word' id='word_1_261' title='bbox 1558 1986 1721 2054; x_wconf 84' lang='lat' dir='ltr'><strong>signi-</strong></span> 
     </span>
    </p>
   </div>
   <div class='ocr_carea' id='block_1_35' title="bbox 177 2073 1720 2143">
    <p class='ocr_par' dir='ltr' id='par_1_35' title="bbox 177 2073 1720 2143">
     <span class='ocr_line' id='line_1_35' title="bbox 177 2073 1720 2143; baseline 0.003 -15"><span class='ocrx_word' id='word_1_262' title='bbox 177 2073 305 2129; x_wconf 73' lang='lat' dir='ltr'><strong>ﬁcet</strong></span> <span class='ocrx_word' id='word_1_263' title='bbox 343 2075 659 2129; x_wconf 87' lang='lat' dir='ltr'><strong>abolendum</strong></span> <span class='ocrx_word' id='word_1_264' title='bbox 689 2089 782 2142; x_wconf 83' lang='lat' dir='ltr'><strong>per</strong></span> <span class='ocrx_word' id='word_1_265' title='bbox 803 2077 1194 2131; x_wconf 75' lang='lat' dir='ltr'><strong>successionem</strong></span> <span class='ocrx_word' id='word_1_266' title='bbox 1223 2075 1352 2131; x_wconf 77' lang='lat' dir='ltr'><strong>Novi</strong></span> <span class='ocrx_word' id='word_1_267' title='bbox 1373 2077 1720 2143; x_wconf 80' lang='lat' dir='ltr'><strong>Testatnenti;</strong></span> 
     </span>
    </p>
   </div>
   <div class='ocr_carea' id='block_1_36' title="bbox 168 2165 1725 2234">
    <p class='ocr_par' dir='ltr' id='par_1_36' title="bbox 168 2165 1725 2234">
     <span class='ocr_line' id='line_1_36' title="bbox 168 2165 1725 2234; baseline 0.001 -14"><span class='ocrx_word' id='word_1_268' title='bbox 168 2165 270 2220; x_wconf 88' lang='lat' dir='ltr'><strong>sed</strong></span> <span class='ocrx_word' id='word_1_269' title='bbox 298 2167 470 2234; x_wconf 83' lang='lat' dir='ltr'><strong>potius</strong></span> <span class='ocrx_word' id='word_1_270' title='bbox 496 2165 636 2234; x_wconf 88' lang='lat' dir='ltr'><strong>quod</strong></span> <span class='ocrx_word' id='word_1_271' title='bbox 665 2166 892 2220; x_wconf 86' lang='lat' dir='ltr'><strong>carnalis</strong></span> <span class='ocrx_word' id='word_1_272' title='bbox 943 2167 1273 2222; x_wconf 75' lang='lat' dir='ltr'><strong>observantia</strong></span> <span class='ocrx_word' id='word_1_273' title='bbox 1303 2169 1433 2232; x_wconf 80' lang='lat' dir='ltr'><strong>legis</strong></span> <span class='ocrx_word' id='word_1_274' title='bbox 1474 2183 1596 2221; x_wconf 91' lang='lat' dir='ltr'><strong>cum</strong></span> <span class='ocrx_word' id='word_1_275' title='bbox 1644 2171 1725 2222; x_wconf 86' lang='lat' dir='ltr'><strong>bis</strong></span> 
     </span>
    </p>
   </div>
   <div class='ocr_carea' id='block_1_37' title="bbox 169 2255 1724 2326">
    <p class='ocr_par' dir='ltr' id='par_1_37' title="bbox 169 2255 1724 2326">
     <span class='ocr_line' id='line_1_37' title="bbox 169 2255 1724 2326; baseline 0.003 -18"><span class='ocrx_word' id='word_1_276' title='bbox 169 2255 263 2324; x_wconf 83' lang='lat' dir='ltr'><strong>qui</strong></span> <span class='ocrx_word' id='word_1_277' title='bbox 290 2269 407 2310; x_wconf 90' lang='lat' dir='ltr'><strong>eam</strong></span> <span class='ocrx_word' id='word_1_278' title='bbox 423 2255 726 2318; x_wconf 89' lang='lat' dir='ltr'><strong>carnaliter,</strong></span> <span class='ocrx_word' id='word_1_279' title='bbox 749 2256 908 2310; x_wconf 89' lang='lat' dir='ltr'><strong>etiam</strong></span> <span class='ocrx_word' id='word_1_280' title='bbox 936 2267 1248 2312; x_wconf 86' lang='lat' dir='ltr'><strong>eoruscaute</strong></span> <span class='ocrx_word' id='word_1_281' title='bbox 1266 2259 1434 2326; x_wconf 88' lang='lat' dir='ltr'><strong>gratia</strong></span> <span class='ocrx_word' id='word_1_282' title='bbox 1458 2257 1724 2326; x_wconf 71' lang='lat' dir='ltr'><strong>Evangelii</strong></span> 
     </span>
    </p>
   </div>
   <div class='ocr_carea' id='block_1_38' title="bbox 171 2338 1727 2404">
    <p class='ocr_par' dir='ltr' id='par_1_38' title="bbox 171 2338 1727 2404">
     <span class='ocr_line' id='line_1_38' title="bbox 171 2338 1727 2404; baseline 0.004 -13"><span class='ocrx_word' id='word_1_283' title='bbox 171 2338 552 2392; x_wconf 71' lang='lat' dir='ltr'><strong>observandam</strong></span> <span class='ocrx_word' id='word_1_284' title='bbox 599 2340 956 2404; x_wconf 88' lang='lat' dir='ltr'><strong>contendunt,</strong></span> <span class='ocrx_word' id='word_1_285' title='bbox 1010 2342 1079 2395; x_wconf 90' lang='lat' dir='ltr'><strong>sit</strong></span> <span class='ocrx_word' id='word_1_286' title='bbox 1123 2341 1192 2396; x_wconf 90' lang='lat' dir='ltr'><strong>ab</strong></span> <span class='ocrx_word' id='word_1_287' title='bbox 1241 2341 1489 2396; x_wconf 70' lang='lat' dir='ltr'><strong>Ecclesia:</strong></span> <span class='ocrx_word' id='word_1_288' title='bbox 1539 2341 1727 2398; x_wconf 86' lang='lat' dir='ltr'><strong>lluibus</strong></span> 
     </span>
    </p>
   </div>
   <div class='ocr_carea' id='block_1_39' title="bbox 176 2429 1729 2498">
    <p class='ocr_par' dir='ltr' id='par_1_39' title="bbox 176 2429 1729 2498">
     <span class='ocr_line' id='line_1_39' title="bbox 176 2429 1729 2498; baseline 0.002 -15"><span class='ocrx_word' id='word_1_289' title='bbox 176 2429 532 2495; x_wconf 83' lang='lat' dir='ltr'><strong>expellenda;</strong></span> <span class='ocrx_word' id='word_1_290' title='bbox 565 2429 673 2495; x_wconf 86' lang='lat' dir='ltr'><strong>ipsa</strong></span> <span class='ocrx_word' id='word_1_291' title='bbox 704 2439 878 2483; x_wconf 88' lang='lat' dir='ltr'><strong>autem</strong></span> <span class='ocrx_word' id='word_1_292' title='bbox 907 2430 1128 2498; x_wconf 83' lang='lat' dir='ltr'><strong>spiritali</strong></span> <span class='ocrx_word' id='word_1_293' title='bbox 1153 2445 1311 2485; x_wconf 86' lang='lat' dir='ltr'><strong>sensu</strong></span> <span class='ocrx_word' id='word_1_294' title='bbox 1342 2432 1609 2488; x_wconf 77' lang='lat' dir='ltr'><strong>intellecta</strong></span> <span class='ocrx_word' id='word_1_295' title='bbox 1632 2447 1729 2486; x_wconf 88' lang='lat' dir='ltr'><strong>nec</strong></span> 
     </span>
    </p>
   </div>
   <div class='ocr_carea' id='block_1_40' title="bbox 173 2517 1728 2588">
    <p class='ocr_par' dir='ltr' id='par_1_40' title="bbox 173 2517 1728 2588">
     <span class='ocr_line' id='line_1_40' title="bbox 173 2517 1728 2588; baseline 0.004 -18"><span class='ocrx_word' id='word_1_296' title='bbox 173 2531 337 2571; x_wconf 83' lang='lat' dir='ltr'><strong>unum</strong></span> <span class='ocrx_word' id='word_1_297' title='bbox 368 2517 494 2581; x_wconf 86' lang='lat' dir='ltr'><strong>iota,</strong></span> <span class='ocrx_word' id='word_1_298' title='bbox 526 2531 697 2582; x_wconf 79' lang='lat' dir='ltr'><strong>neque</strong></span> <span class='ocrx_word' id='word_1_299' title='bbox 722 2532 881 2570; x_wconf 83' lang='lat' dir='ltr'><strong>unum</strong></span> <span class='ocrx_word' id='word_1_300' title='bbox 910 2517 978 2571; x_wconf 89' lang='lat' dir='ltr'><strong>sit</strong></span> <span class='ocrx_word' id='word_1_301' title='bbox 1004 2518 1213 2586; x_wconf 86' lang='lat' dir='ltr'><strong>apicem</strong></span> <span class='ocrx_word' id='word_1_302' title='bbox 1241 2519 1530 2588; x_wconf 89' lang='lat' dir='ltr'><strong>perditura,</strong></span> <span class='ocrx_word' id='word_1_303' title='bbox 1560 2521 1728 2576; x_wconf 89' lang='lat' dir='ltr'><strong>donec</strong></span> 
     </span>
    </p>
   </div>
   <div class='ocr_carea' id='block_1_41' title="bbox 237 2693 1728 2763">
    <p class='ocr_par' dir='ltr' id='par_1_41' title="bbox 237 2693 1728 2763">
     <span class='ocr_line' id='line_1_41' title="bbox 237 2693 1728 2763; baseline 0.005 -16"><span class='ocrx_word' id='word_1_304' title='bbox 237 2695 484 2763; x_wconf 74' lang='lat' dir='ltr'><strong>Apparuit</strong></span> <span class='ocrx_word' id='word_1_305' title='bbox 507 2703 673 2746; x_wconf 81' lang='lat' dir='ltr'><strong>autem</strong></span> <span class='ocrx_word' id='word_1_306' title='bbox 701 2694 749 2746; x_wconf 84' lang='lat' dir='ltr'><strong>ei</strong></span> <span class='ocrx_word' id='word_1_307' title='bbox 781 2693 1025 2748; x_wconf 76' lang='lat' dir='ltr'><strong>Dominus</strong></span> <span class='ocrx_word' id='word_1_308' title='bbox 1055 2697 1108 2749; x_wconf 82' lang='lat' dir='ltr'><strong>in</strong></span> <span class='ocrx_word' id='word_1_309' title='bbox 1130 2698 1357 2749; x_wconf 69' lang='lat' dir='ltr'><strong>convalle</strong></span> <span class='ocrx_word' id='word_1_310' title='bbox 1388 2697 1618 2753; x_wconf 66' lang='lat' dir='ltr'><strong>Humbre</strong></span> <span class='ocrx_word' id='word_1_311' title='bbox 1647 2717 1728 2754; x_wconf 86' lang='lat' dir='ltr'><strong>se-</strong></span> 
     </span>
    </p>
   </div>
   <div class='ocr_carea' id='block_1_42' title="bbox 171 2782 1724 2854">
    <p class='ocr_par' dir='ltr' id='par_1_42' title="bbox 171 2782 1724 2854">
     <span class='ocr_line' id='line_1_42' title="bbox 171 2782 1724 2854; baseline 0.004 -18"><span class='ocrx_word' id='word_1_312' title='bbox 171 2784 320 2837; x_wconf 82' lang='lat' dir='ltr'><strong>denti</strong></span> <span class='ocrx_word' id='word_1_313' title='bbox 345 2784 400 2836; x_wconf 85' lang='lat' dir='ltr'><strong>in</strong></span> <span class='ocrx_word' id='word_1_314' title='bbox 427 2785 555 2836; x_wconf 86' lang='lat' dir='ltr'><strong>ostio</strong></span> <span class='ocrx_word' id='word_1_315' title='bbox 581 2782 889 2836; x_wconf 67' lang='lat' dir='ltr'><strong>tabernaculi</strong></span> <span class='ocrx_word' id='word_1_316' title='bbox 913 2786 993 2837; x_wconf 82' lang='lat' dir='ltr'><strong>sui</strong></span> <span class='ocrx_word' id='word_1_317' title='bbox 1020 2786 1072 2837; x_wconf 79' lang='lat' dir='ltr'><strong>in</strong></span> <span class='ocrx_word' id='word_1_318' title='bbox 1101 2787 1212 2852; x_wconf 80' lang='lat' dir='ltr'><strong>ipso</strong></span> <span class='ocrx_word' id='word_1_319' title='bbox 1255 2786 1451 2854; x_wconf 73' lang='lat' dir='ltr'><strong>fervore</strong></span> <span class='ocrx_word' id='word_1_320' title='bbox 1477 2788 1594 2851; x_wconf 83' lang='lat' dir='ltr'><strong>diei,</strong></span> <span class='ocrx_word' id='word_1_321' title='bbox 1619 2800 1724 2843; x_wconf 88' lang='lat' dir='ltr'><strong>etc.</strong></span> 
     </span>
    </p>
   </div>
   <div class='ocr_carea' id='block_1_43' title="bbox 178 2869 1728 2945">
    <p class='ocr_par' dir='ltr' id='par_1_43' title="bbox 178 2869 1728 2945">
     <span class='ocr_line' id='line_1_43' title="bbox 178 2869 1728 2945; baseline 0.005 -20"><span class='ocrx_word' id='word_1_322' title='bbox 178 2870 311 2925; x_wconf 68' lang='lat' dir='ltr'><strong>Hac</strong></span> <span class='ocrx_word' id='word_1_323' title='bbox 337 2869 595 2940; x_wconf 83' lang='lat' dir='ltr'><strong>apparitio</strong></span> <span class='ocrx_word' id='word_1_324' title='bbox 626 2871 828 2925; x_wconf 83' lang='lat' dir='ltr'><strong>Domini</strong></span> <span class='ocrx_word' id='word_1_325' title='bbox 877 2873 1081 2927; x_wconf 87' lang='lat' dir='ltr'><strong>cunctis</strong></span> <span class='ocrx_word' id='word_1_326' title='bbox 1131 2874 1512 2942; x_wconf 72' lang='lat' dir='ltr'><strong>superioribus,</strong></span> <span class='ocrx_word' id='word_1_327' title='bbox 1539 2878 1728 2945; x_wconf 81' lang='lat' dir='ltr'><strong>quibus</strong></span> 
     </span>
    </p>
   </div>
   <div class='ocr_carea' id='block_1_44' title="bbox 174 2958 1724 3030">
    <p class='ocr_par' dir='ltr' id='par_1_44' title="bbox 174 2958 1724 3030">
     <span class='ocr_line' id='line_1_44' title="bbox 174 2958 1724 3030; baseline 0.004 -15"><span class='ocrx_word' id='word_1_328' title='bbox 174 2960 337 3016; x_wconf 79' lang='lat' dir='ltr'><strong>beato</strong></span> <span class='ocrx_word' id='word_1_329' title='bbox 369 2960 596 3014; x_wconf 68' lang='lat' dir='ltr'><strong>Abrahae</strong></span> <span class='ocrx_word' id='word_1_330' title='bbox 625 2962 780 3015; x_wconf 85' lang='lat' dir='ltr'><strong>toties</strong></span> <span class='ocrx_word' id='word_1_331' title='bbox 821 2961 968 3016; x_wconf 85' lang='lat' dir='ltr'><strong>visus</strong></span> <span class='ocrx_word' id='word_1_332' title='bbox 997 2971 1099 3030; x_wconf 85' lang='lat' dir='ltr'><strong>est,</strong></span> <span class='ocrx_word' id='word_1_333' title='bbox 1133 2974 1339 3018; x_wconf 77' lang='lat' dir='ltr'><strong>constat</strong></span> <span class='ocrx_word' id='word_1_334' title='bbox 1387 2958 1506 3020; x_wconf 81' lang='lat' dir='ltr'><strong>esse</strong></span> <span class='ocrx_word' id='word_1_335' title='bbox 1552 2982 1724 3022; x_wconf 80' lang='lat' dir='ltr'><strong>sacra-</strong></span> 
     </span>
    </p>
   </div>
   <div class='ocr_carea' id='block_1_45' title="bbox 176 3049 1729 3118">
    <p class='ocr_par' dir='ltr' id='par_1_45' title="bbox 176 3049 1729 3118">
     <span class='ocr_line' id='line_1_45' title="bbox 176 3049 1729 3118; baseline 0.006 -16"><span class='ocrx_word' id='word_1_336' title='bbox 176 3049 310 3103; x_wconf 88' lang='lat' dir='ltr'><strong>tior.</strong></span> <span class='ocrx_word' id='word_1_337' title='bbox 345 3049 410 3103; x_wconf 79' lang='lat' dir='ltr'><strong>Et</strong></span> <span class='ocrx_word' id='word_1_338' title='bbox 437 3059 581 3104; x_wconf 78' lang='lat' dir='ltr'><strong>recte</strong></span> <span class='ocrx_word' id='word_1_339' title='bbox 607 3060 730 3118; x_wconf 87' lang='lat' dir='ltr'><strong>post</strong></span> <span class='ocrx_word' id='word_1_340' title='bbox 770 3061 1045 3117; x_wconf 86' lang='lat' dir='ltr'><strong>acceptum</strong></span> <span class='ocrx_word' id='word_1_341' title='bbox 1095 3053 1508 3110; x_wconf 75' lang='lat' dir='ltr'><strong>circumcisionis</strong></span> <span class='ocrx_word' id='word_1_342' title='bbox 1553 3074 1729 3112; x_wconf 84' lang='lat' dir='ltr'><strong>sacra-</strong></span> 
     </span>
    </p>
   </div>
   <div class='ocr_carea' id='block_1_46' title="bbox 175 3138 1728 3213">
    <p class='ocr_par' dir='ltr' id='par_1_46' title="bbox 175 3138 1728 3213">
     <span class='ocr_line' id='line_1_46' title="bbox 175 3138 1728 3213; baseline 0.003 -21"><span class='ocrx_word' id='word_1_343' title='bbox 175 3145 441 3200; x_wconf 85' lang='lat' dir='ltr'><strong>mentum,</strong></span> <span class='ocrx_word' id='word_1_344' title='bbox 473 3146 592 3205; x_wconf 86' lang='lat' dir='ltr'><strong>post</strong></span> <span class='ocrx_word' id='word_1_345' title='bbox 620 3138 998 3206; x_wconf 76' lang='lat' dir='ltr'><strong>ampliﬁcatam</strong></span> <span class='ocrx_word' id='word_1_346' title='bbox 1028 3154 1220 3196; x_wconf 85' lang='lat' dir='ltr'><strong>nomen</strong></span> <span class='ocrx_word' id='word_1_347' title='bbox 1265 3157 1369 3207; x_wconf 88' lang='lat' dir='ltr'><strong>quo</strong></span> <span class='ocrx_word' id='word_1_348' title='bbox 1397 3143 1606 3199; x_wconf 84' lang='lat' dir='ltr'><strong>l‘uturus</strong></span> <span class='ocrx_word' id='word_1_349' title='bbox 1640 3161 1728 3213; x_wconf 83' lang='lat' dir='ltr'><strong>pa-</strong></span> 
     </span>
    </p>
   </div>
   <div class='ocr_carea' id='block_1_47' title="bbox 181 3226 1731 3294">
    <p class='ocr_par' dir='ltr' id='par_1_47' title="bbox 181 3226 1731 3294">
     <span class='ocr_line' id='line_1_47' title="bbox 181 3226 1731 3294; baseline 0.005 -15"><span class='ocrx_word' id='word_1_350' title='bbox 181 3235 268 3279; x_wconf 88' lang='lat' dir='ltr'><strong>ter</strong></span> <span class='ocrx_word' id='word_1_351' title='bbox 297 3226 532 3277; x_wconf 89' lang='lat' dir='ltr'><strong>omnium</strong></span> <span class='ocrx_word' id='word_1_352' title='bbox 581 3227 816 3293; x_wconf 88' lang='lat' dir='ltr'><strong>getttium</strong></span> <span class='ocrx_word' id='word_1_353' title='bbox 846 3226 1167 3294; x_wconf 84' lang='lat' dir='ltr'><strong>signabatur,</strong></span> <span class='ocrx_word' id='word_1_354' title='bbox 1199 3228 1482 3284; x_wconf 82' lang='lat' dir='ltr'><strong>secretiora</strong></span> <span class='ocrx_word' id='word_1_355' title='bbox 1517 3232 1606 3286; x_wconf 87' lang='lat' dir='ltr'><strong>Dei</strong></span> <span class='ocrx_word' id='word_1_356' title='bbox 1645 3248 1731 3287; x_wconf 85' lang='lat' dir='ltr'><strong>ar-</strong></span> 
     </span>
    </p>
   </div>
   <div class='ocr_carea' id='block_1_48' title="bbox 176 3313 1728 3387">
    <p class='ocr_par' dir='ltr' id='par_1_48' title="bbox 176 3313 1728 3387">
     <span class='ocr_line' id='line_1_48' title="bbox 176 3313 1728 3387; baseline 0.005 -20"><span class='ocrx_word' id='word_1_357' title='bbox 176 3327 312 3367; x_wconf 83' lang='lat' dir='ltr'><strong>cana</strong></span> <span class='ocrx_word' id='word_1_358' title='bbox 351 3313 636 3380; x_wconf 84' lang='lat' dir='ltr'><strong>cognoscit,</strong></span> <span class='ocrx_word' id='word_1_359' title='bbox 682 3329 904 3382; x_wconf 89' lang='lat' dir='ltr'><strong>quorum</strong></span> <span class='ocrx_word' id='word_1_360' title='bbox 953 3314 1202 3370; x_wconf 82' lang='lat' dir='ltr'><strong>videlicet</strong></span> <span class='ocrx_word' id='word_1_361' title='bbox 1239 3331 1556 3372; x_wconf 82' lang='lat' dir='ltr'><strong>arcanorum</strong></span> <span class='ocrx_word' id='word_1_362' title='bbox 1607 3323 1728 3387; x_wconf 88' lang='lat' dir='ltr'><strong>quia</strong></span> 
     </span>
    </p>
   </div>
   <div class='ocr_carea' id='block_1_49' title="bbox 176 3402 1730 3474">
    <p class='ocr_par' dir='ltr' id='par_1_49' title="bbox 176 3402 1730 3474">
     <span class='ocr_line' id='line_1_49' title="bbox 176 3402 1730 3474; baseline 0.005 -18"><span class='ocrx_word' id='word_1_363' title='bbox 176 3417 286 3456; x_wconf 91' lang='lat' dir='ltr'><strong>non</strong></span> <span class='ocrx_word' id='word_1_364' title='bbox 315 3402 485 3455; x_wconf 88' lang='lat' dir='ltr'><strong>solum</strong></span> <span class='ocrx_word' id='word_1_365' title='bbox 511 3403 866 3470; x_wconf 86' lang='lat' dir='ltr'><strong>circumcisio,</strong></span> <span class='ocrx_word' id='word_1_366' title='bbox 925 3405 1018 3459; x_wconf 89' lang='lat' dir='ltr'><strong>sed</strong></span> <span class='ocrx_word' id='word_1_367' title='bbox 1049 3415 1104 3460; x_wconf 88' lang='lat' dir='ltr'><strong>et</strong></span> <span class='ocrx_word' id='word_1_368' title='bbox 1133 3407 1440 3473; x_wconf 68' lang='lat' dir='ltr'><strong>praeputium</strong></span> <span class='ocrx_word' id='word_1_369' title='bbox 1472 3408 1730 3474; x_wconf 82' lang='lat' dir='ltr'><strong>particeps</strong></span> 
     </span>
    </p>
   </div>
   <div class='ocr_carea' id='block_1_50' title="bbox 174 3487 1729 3558">
    <p class='ocr_par' dir='ltr' id='par_1_50' title="bbox 174 3487 1729 3558">
     <span class='ocr_line' id='line_1_50' title="bbox 174 3487 1729 3558; baseline 0.003 -15"><span class='ocrx_word' id='word_1_370' title='bbox 174 3503 300 3543; x_wconf 86' lang='lat' dir='ltr'><strong>esse</strong></span> <span class='ocrx_word' id='word_1_371' title='bbox 325 3487 523 3554; x_wconf 86' lang='lat' dir='ltr'><strong>debuit,</strong></span> <span class='ocrx_word' id='word_1_372' title='bbox 547 3499 693 3544; x_wconf 85' lang='lat' dir='ltr'><strong>recte</strong></span> <span class='ocrx_word' id='word_1_373' title='bbox 717 3490 1048 3558; x_wconf 86' lang='lat' dir='ltr'><strong>apparitioiu</strong></span> <span class='ocrx_word' id='word_1_374' title='bbox 1074 3490 1570 3547; x_wconf 53' lang='lat' dir='ltr'><strong>convalle&#39;llambre</strong></span> <span class='ocrx_word' id='word_1_375' title='bbox 1593 3496 1729 3548; x_wconf 81' lang='lat' dir='ltr'><strong>facta</strong></span> 
     </span>
    </p>
   </div>
   <div class='ocr_carea' id='block_1_51' title="bbox 147 3578 1726 3652">
    <p class='ocr_par' dir='ltr' id='par_1_51' title="bbox 147 3578 1726 3652">
     <span class='ocr_line' id='line_1_51' title="bbox 147 3578 1726 3652; baseline 0.003 -22"><span class='ocrx_word' id='word_1_376' title='bbox 147 3589 302 3652; x_wconf 77' lang='lat' dir='ltr'><strong>esse</strong></span> <span class='ocrx_word' id='word_1_377' title='bbox 332 3589 675 3644; x_wconf 84' lang='lat' dir='ltr'><strong>memoratur,</strong></span> <span class='ocrx_word' id='word_1_378' title='bbox 723 3578 958 3633; x_wconf 77' lang='lat' dir='ltr'><strong>Ilambre</strong></span> <span class='ocrx_word' id='word_1_379' title='bbox 1001 3594 1249 3648; x_wconf 90' lang='lat' dir='ltr'><strong>namque,</strong></span> <span class='ocrx_word' id='word_1_380' title='bbox 1297 3591 1355 3634; x_wconf 92' lang='lat' dir='ltr'><strong>ut</strong></span> <span class='ocrx_word' id='word_1_381' title='bbox 1384 3596 1542 3646; x_wconf 87' lang='lat' dir='ltr'><strong>supra</strong></span> <span class='ocrx_word' id='word_1_382' title='bbox 1594 3583 1726 3650; x_wconf 79' lang='lat' dir='ltr'><strong>legi-</strong></span> 
     </span>
    </p>
   </div>
   <div class='ocr_carea' id='block_1_52' title="bbox 178 3662 1730 3732">
    <p class='ocr_par' dir='ltr' id='par_1_52' title="bbox 178 3662 1730 3732">
     <span class='ocr_line' id='line_1_52' title="bbox 178 3662 1730 3732; baseline 0.005 -15"><span class='ocrx_word' id='word_1_383' title='bbox 178 3678 327 3727; x_wconf 87' lang='lat' dir='ltr'><strong>mus,</strong></span> <span class='ocrx_word' id='word_1_384' title='bbox 354 3677 546 3732; x_wconf 83' lang='lat' dir='ltr'><strong>genere</strong></span> <span class='ocrx_word' id='word_1_385' title='bbox 571 3664 778 3729; x_wconf 87' lang='lat' dir='ltr'><strong>quidem</strong></span> <span class='ocrx_word' id='word_1_386' title='bbox 811 3665 1178 3727; x_wconf 82' lang='lat' dir='ltr'><strong>Amorrhams,</strong></span> <span class='ocrx_word' id='word_1_387' title='bbox 1210 3667 1303 3719; x_wconf 86' lang='lat' dir='ltr'><strong>sed</strong></span> <span class='ocrx_word' id='word_1_388' title='bbox 1332 3682 1449 3720; x_wconf 85' lang='lat' dir='ltr'><strong>cum</strong></span> <span class='ocrx_word' id='word_1_389' title='bbox 1479 3662 1730 3724; x_wconf 63' lang='lat' dir='ltr'><strong>fratribus</strong></span> 
     </span>
    </p>
   </div>
   <div class='ocr_carea' id='block_1_53' title="bbox 180 3750 1730 3821">
    <p class='ocr_par' dir='ltr' id='par_1_53' title="bbox 180 3750 1730 3821">
     <span class='ocr_line' id='line_1_53' title="bbox 180 3750 1730 3821; baseline 0.004 -15"><span class='ocrx_word' id='word_1_390' title='bbox 180 3753 296 3806; x_wconf 89' lang='lat' dir='ltr'><strong>suis</strong></span> <span class='ocrx_word' id='word_1_391' title='bbox 344 3750 625 3804; x_wconf 76' lang='lat' dir='ltr'><strong>ltederutus</strong></span> <span class='ocrx_word' id='word_1_392' title='bbox 665 3760 782 3805; x_wconf 88' lang='lat' dir='ltr'><strong>erat</strong></span> <span class='ocrx_word' id='word_1_393' title='bbox 824 3750 1084 3816; x_wconf 67' lang='lat' dir='ltr'><strong>Abrahae;</strong></span> <span class='ocrx_word' id='word_1_394' title='bbox 1136 3754 1280 3807; x_wconf 88' lang='lat' dir='ltr'><strong>unde</strong></span> <span class='ocrx_word' id='word_1_395' title='bbox 1314 3764 1434 3821; x_wconf 85' lang='lat' dir='ltr'><strong>apte</strong></span> <span class='ocrx_word' id='word_1_396' title='bbox 1477 3758 1730 3812; x_wconf 80' lang='lat' dir='ltr'><strong>convallis</strong></span> 
     </span>
    </p>
   </div>
   <div class='ocr_carea' id='block_1_54' title="bbox 182 3837 1732 3915">
    <p class='ocr_par' dir='ltr' id='par_1_54' title="bbox 182 3837 1732 3915">
     <span class='ocr_line' id='line_1_54' title="bbox 182 3837 1732 3915; baseline 0.003 -21"><span class='ocrx_word' id='word_1_397' title='bbox 182 3837 426 3894; x_wconf 74' lang='lat' dir='ltr'><strong>Mambre</strong></span> <span class='ocrx_word' id='word_1_398' title='bbox 455 3847 688 3893; x_wconf 85' lang='lat' dir='ltr'><strong>nostram</strong></span> <span class='ocrx_word' id='word_1_399' title='bbox 715 3839 957 3909; x_wconf 87' lang='lat' dir='ltr'><strong>designat</strong></span> <span class='ocrx_word' id='word_1_400' title='bbox 986 3840 1330 3896; x_wconf 84' lang='lat' dir='ltr'><strong>humilitatem</strong></span> <span class='ocrx_word' id='word_1_401' title='bbox 1349 3885 1367 3907; x_wconf 88' lang='lat'><strong>,</strong></span> <span class='ocrx_word' id='word_1_402' title='bbox 1396 3843 1482 3912; x_wconf 91' lang='lat' dir='ltr'><strong>qui</strong></span> <span class='ocrx_word' id='word_1_403' title='bbox 1512 3847 1578 3900; x_wconf 90' lang='lat' dir='ltr'><strong>de</strong></span> <span class='ocrx_word' id='word_1_404' title='bbox 1607 3864 1732 3915; x_wconf 80' lang='lat' dir='ltr'><strong>geo-</strong></span> 
     </span>
    </p>
   </div>
   <div class='ocr_carea' id='block_1_55' title="bbox 183 3929 1733 4002">
    <p class='ocr_par' dir='ltr' id='par_1_55' title="bbox 183 3929 1733 4002">
     <span class='ocr_line' id='line_1_55' title="bbox 183 3929 1733 4002; baseline 0.005 -18"><span class='ocrx_word' id='word_1_405' title='bbox 183 3929 332 3984; x_wconf 87' lang='lat' dir='ltr'><strong>tibus</strong></span> <span class='ocrx_word' id='word_1_406' title='bbox 355 3931 609 3999; x_wconf 87' lang='lat' dir='ltr'><strong>originem</strong></span> <span class='ocrx_word' id='word_1_407' title='bbox 633 3931 807 3984; x_wconf 88' lang='lat' dir='ltr'><strong>carnis</strong></span> <span class='ocrx_word' id='word_1_408' title='bbox 835 3931 1108 3995; x_wconf 83' lang='lat' dir='ltr'><strong>habentes,</strong></span> <span class='ocrx_word' id='word_1_409' title='bbox 1137 3942 1339 4002; x_wconf 86' lang='lat' dir='ltr'><strong>patrem</strong></span> <span class='ocrx_word' id='word_1_410' title='bbox 1373 3935 1425 3988; x_wconf 92' lang='lat' dir='ltr'><strong>in</strong></span> <span class='ocrx_word' id='word_1_411' title='bbox 1456 3935 1644 4002; x_wconf 86' lang='lat' dir='ltr'><strong>spiritu</strong></span> <span class='ocrx_word' id='word_1_412' title='bbox 1672 3954 1733 3991; x_wconf 81' lang='lat' dir='ltr'><strong>ac</strong></span> 
     </span>
    </p>
   </div>
   <div class='ocr_carea' id='block_1_56' title="bbox 185 4017 1732 4090">
    <p class='ocr_par' dir='ltr' id='par_1_56' title="bbox 185 4017 1732 4090">
     <span class='ocr_line' id='line_1_56' title="bbox 185 4017 1732 4090; baseline 0.005 -18"><span class='ocrx_word' id='word_1_413' title='bbox 185 4019 293 4073; x_wconf 79' lang='lat' dir='ltr'><strong>title</strong></span> <span class='ocrx_word' id='word_1_414' title='bbox 319 4017 575 4073; x_wconf 85' lang='lat' dir='ltr'><strong>habemus</strong></span> <span class='ocrx_word' id='word_1_415' title='bbox 617 4019 899 4086; x_wconf 76' lang='lat' dir='ltr'><strong>Abraham,</strong></span> <span class='ocrx_word' id='word_1_416' title='bbox 933 4019 1122 4088; x_wconf 80' lang='lat' dir='ltr'><strong>quibus</strong></span> <span class='ocrx_word' id='word_1_417' title='bbox 1148 4021 1276 4075; x_wconf 88' lang='lat' dir='ltr'><strong>dicit</strong></span> <span class='ocrx_word' id='word_1_418' title='bbox 1305 4025 1594 4090; x_wconf 83' lang='lat' dir='ltr'><strong>Apostolus</strong></span> <span class='ocrx_word' id='word_1_419' title='bbox 1623 4035 1732 4080; x_wconf 81' lang='lat' dir='ltr'><strong>tra-</strong></span> 
     </span>
    </p>
   </div>
   <div class='ocr_carea' id='block_1_57' title="bbox 185 4108 1728 4185">
    <p class='ocr_par' dir='ltr' id='par_1_57' title="bbox 185 4108 1728 4185">
     <span class='ocr_line' id='line_1_57' title="bbox 185 4108 1728 4185; baseline 0.006 -23"><span class='ocrx_word' id='word_1_420' title='bbox 185 4109 327 4162; x_wconf 83' lang='lat' dir='ltr'><strong>hens</strong></span> <span class='ocrx_word' id='word_1_421' title='bbox 367 4122 434 4161; x_wconf 88' lang='lat' dir='ltr'><strong>ex</strong></span> <span class='ocrx_word' id='word_1_422' title='bbox 483 4108 748 4164; x_wconf 78' lang='lat' dir='ltr'><strong>Abraham</strong></span> <span class='ocrx_word' id='word_1_423' title='bbox 775 4120 829 4164; x_wconf 90' lang='lat' dir='ltr'><strong>et</strong></span> <span class='ocrx_word' id='word_1_424' title='bbox 854 4113 1028 4164; x_wconf 72' lang='lat' dir='ltr'><strong>earinis</strong></span> <span class='ocrx_word' id='word_1_425' title='bbox 1071 4121 1126 4164; x_wconf 88' lang='lat' dir='ltr'><strong>et</strong></span> <span class='ocrx_word' id='word_1_426' title='bbox 1175 4113 1388 4168; x_wconf 89' lang='lat' dir='ltr'><strong>virtutis</strong></span> <span class='ocrx_word' id='word_1_427' title='bbox 1416 4117 1676 4185; x_wconf 81' lang='lat' dir='ltr'><strong>originem</strong></span> <span class='ocrx_word' id='word_1_428' title='bbox 1716 4136 1728 4172; x_wconf 90' lang='lat'><strong>:</strong></span> 
     </span>
    </p>
   </div>
   <div class='ocr_carea' id='block_1_58' title="bbox 184 4195 1728 4271">
    <p class='ocr_par' dir='ltr' id='par_1_58' title="bbox 184 4195 1728 4271">
     <span class='ocr_line' id='line_1_58' title="bbox 184 4195 1728 4271; baseline 0.006 -22"><span class='ocrx_word' id='word_1_429' title='bbox 184 4195 560 4250; x_wconf 73' lang='lat' dir='ltr'><strong>Annuutiamus</strong></span> <span class='ocrx_word' id='word_1_430' title='bbox 604 4197 740 4252; x_wconf 76' lang='lat' dir='ltr'><strong>vobis</strong></span> <span class='ocrx_word' id='word_1_431' title='bbox 784 4198 935 4252; x_wconf 74' lang='lat' dir='ltr'><strong>vitam</strong></span> <span class='ocrx_word' id='word_1_432' title='bbox 976 4209 1249 4262; x_wconf 74' lang='lat' dir='ltr'><strong>meritam,</strong></span> <span class='ocrx_word' id='word_1_433' title='bbox 1289 4219 1400 4270; x_wconf 68' lang='lat' dir='ltr'><strong>qua</strong></span> <span class='ocrx_word' id='word_1_434' title='bbox 1446 4214 1553 4257; x_wconf 81' lang='lat' dir='ltr'><strong>erat</strong></span> <span class='ocrx_word' id='word_1_435' title='bbox 1589 4207 1728 4271; x_wconf 79' lang='lat' dir='ltr'><strong>apud</strong></span> 
     </span>
    </p>
   </div>
   <div class='ocr_carea' id='block_1_59' title="bbox 187 4283 1728 4355">
    <p class='ocr_par' dir='ltr' id='par_1_59' title="bbox 187 4283 1728 4355">
     <span class='ocr_line' id='line_1_59' title="bbox 187 4283 1728 4355; baseline 0.006 -18"><span class='ocrx_word' id='word_1_436' title='bbox 187 4283 420 4347; x_wconf 69' lang='lat' dir='ltr'><strong>Patrem,</strong></span> <span class='ocrx_word' id='word_1_437' title='bbox 448 4293 498 4339; x_wconf 78' lang='lat' dir='ltr'><strong>et</strong></span> <span class='ocrx_word' id='word_1_438' title='bbox 518 4289 753 4352; x_wconf 77' lang='lat' dir='ltr'><strong>apparuit</strong></span> <span class='ocrx_word' id='word_1_439' title='bbox 779 4287 952 4351; x_wconf 81' lang='lat' dir='ltr'><strong>nobis;</strong></span> <span class='ocrx_word' id='word_1_440' title='bbox 978 4287 1111 4355; x_wconf 82' lang='lat' dir='ltr'><strong>quod</strong></span> <span class='ocrx_word' id='word_1_441' title='bbox 1137 4289 1351 4343; x_wconf 83' lang='lat' dir='ltr'><strong>vidimus</strong></span> <span class='ocrx_word' id='word_1_442' title='bbox 1378 4302 1424 4344; x_wconf 87' lang='lat' dir='ltr'><strong>et</strong></span> <span class='ocrx_word' id='word_1_443' title='bbox 1449 4295 1728 4347; x_wconf 77' lang='lat' dir='ltr'><strong>audivimus</strong></span> 
     </span>
    </p>
   </div>
   <div class='ocr_carea' id='block_1_60' title="bbox 1825 1880 3378 1950">
    <p class='ocr_par' dir='ltr' id='par_1_60' title="bbox 1825 1880 3378 1950">
     <span class='ocr_line' id='line_1_60' title="bbox 1825 1880 3378 1950; baseline 0.002 -16"><span class='ocrx_word' id='word_1_444' title='bbox 1825 1880 2118 1936; x_wconf 86' lang='lat' dir='ltr'><strong>erubescit.</strong></span> <span class='ocrx_word' id='word_1_445' title='bbox 2150 1880 2416 1936; x_wconf 75' lang='lat' dir='ltr'><strong>Abraham</strong></span> <span class='ocrx_word' id='word_1_446' title='bbox 2467 1895 2593 1935; x_wconf 82' lang='lat' dir='ltr'><strong>vero</strong></span> <span class='ocrx_word' id='word_1_447' title='bbox 2631 1891 2684 1934; x_wconf 91' lang='lat' dir='ltr'><strong>et</strong></span> <span class='ocrx_word' id='word_1_448' title='bbox 2713 1881 2826 1948; x_wconf 85' lang='lat' dir='ltr'><strong>ejus</strong></span> <span class='ocrx_word' id='word_1_449' title='bbox 2855 1895 3105 1946; x_wconf 80' lang='lat' dir='ltr'><strong>sequaces</strong></span> <span class='ocrx_word' id='word_1_450' title='bbox 3142 1882 3232 1950; x_wconf 89' lang='lat' dir='ltr'><strong>qui</strong></span> <span class='ocrx_word' id='word_1_451' title='bbox 3281 1897 3378 1938; x_wconf 87' lang='lat' dir='ltr'><strong>ne-</strong></span> 
     </span>
    </p>
   </div>
   <div class='ocr_carea' id='block_1_61' title="bbox 1823 1970 3377 2041">
    <p class='ocr_par' dir='ltr' id='par_1_61' title="bbox 1823 1970 3377 2041">
     <span class='ocr_line' id='line_1_61' title="bbox 1823 1970 3377 2041; baseline 0.003 -19"><span class='ocrx_word' id='word_1_452' title='bbox 1823 1971 2072 2026; x_wconf 83' lang='lat' dir='ltr'><strong>cessitate</strong></span> <span class='ocrx_word' id='word_1_453' title='bbox 2119 1978 2366 2039; x_wconf 88' lang='lat' dir='ltr'><strong>tantum,</strong></span> <span class='ocrx_word' id='word_1_454' title='bbox 2417 1985 2522 2024; x_wconf 91' lang='lat' dir='ltr'><strong>non</strong></span> <span class='ocrx_word' id='word_1_455' title='bbox 2571 1980 2744 2024; x_wconf 88' lang='lat' dir='ltr'><strong>autem</strong></span> <span class='ocrx_word' id='word_1_456' title='bbox 2798 1981 2850 2023; x_wconf 91' lang='lat' dir='ltr'><strong>et</strong></span> <span class='ocrx_word' id='word_1_457' title='bbox 2899 1970 3208 2038; x_wconf 84' lang='lat' dir='ltr'><strong>voluptate,</strong></span> <span class='ocrx_word' id='word_1_458' title='bbox 3259 1987 3377 2041; x_wconf 64' lang='lat' dir='ltr'><strong>qua</strong></span> 
     </span>
    </p>
   </div>
   <div class='ocr_carea' id='block_1_62' title="bbox 1824 2059 3377 2127">
    <p class='ocr_par' dir='ltr' id='par_1_62' title="bbox 1824 2059 3377 2127">
     <span class='ocr_line' id='line_1_62' title="bbox 1824 2059 3377 2127; baseline 0.003 -16"><span class='ocrx_word' id='word_1_459' title='bbox 1824 2059 2008 2113; x_wconf 88' lang='lat' dir='ltr'><strong>mundi</strong></span> <span class='ocrx_word' id='word_1_460' title='bbox 2035 2067 2158 2113; x_wconf 81' lang='lat' dir='ltr'><strong>sunt</strong></span> <span class='ocrx_word' id='word_1_461' title='bbox 2181 2069 2368 2125; x_wconf 66' lang='lat' dir='ltr'><strong>suum,</strong></span> <span class='ocrx_word' id='word_1_462' title='bbox 2399 2060 2546 2127; x_wconf 87' lang='lat' dir='ltr'><strong>quasi</strong></span> <span class='ocrx_word' id='word_1_463' title='bbox 2579 2062 2633 2112; x_wconf 93' lang='lat' dir='ltr'><strong>in</strong></span> <span class='ocrx_word' id='word_1_464' title='bbox 2660 2060 2799 2113; x_wconf 89' lang='lat' dir='ltr'><strong>ostio</strong></span> <span class='ocrx_word' id='word_1_465' title='bbox 2823 2059 3148 2112; x_wconf 89' lang='lat' dir='ltr'><strong>tabernaculi</strong></span> <span class='ocrx_word' id='word_1_466' title='bbox 3187 2061 3266 2114; x_wconf 89' lang='lat' dir='ltr'><strong>sui</strong></span> <span class='ocrx_word' id='word_1_467' title='bbox 3288 2077 3377 2116; x_wconf 83' lang='lat' dir='ltr'><strong>se-</strong></span> 
     </span>
    </p>
   </div>
   <div class='ocr_carea' id='block_1_63' title="bbox 1823 2136 3376 2217">
    <p class='ocr_par' dir='ltr' id='par_1_63' title="bbox 1823 2136 3376 2217">
     <span class='ocr_line' id='line_1_63' title="bbox 1823 2136 3376 2217; baseline 0.001 -17"><span class='ocrx_word' id='word_1_468' title='bbox 1823 2143 1973 2213; x_wconf 84' lang='lat' dir='ltr'><strong>dent,</strong></span> <span class='ocrx_word' id='word_1_469' title='bbox 2013 2156 2036 2186; x_wconf 78' lang='grc' dir='ltr'><strong><em>ο</em></strong></span> <span class='ocrx_word' id='word_1_470' title='bbox 2082 2147 2202 2215; x_wconf 89' lang='lat' dir='ltr'><strong>quia</strong></span> <span class='ocrx_word' id='word_1_471' title='bbox 2231 2136 2339 2215; x_wconf 79' lang='lat' dir='ltr'><strong>jam</strong></span> <span class='ocrx_word' id='word_1_472' title='bbox 2385 2147 2602 2216; x_wconf 89' lang='lat' dir='ltr'><strong>jamque</strong></span> <span class='ocrx_word' id='word_1_473' title='bbox 2648 2148 2794 2200; x_wconf 89' lang='lat' dir='ltr'><strong>exire</strong></span> <span class='ocrx_word' id='word_1_474' title='bbox 2831 2147 2897 2200; x_wconf 91' lang='lat' dir='ltr'><strong>de</strong></span> <span class='ocrx_word' id='word_1_475' title='bbox 2937 2148 3134 2200; x_wconf 89' lang='lat' dir='ltr'><strong>mundo</strong></span> <span class='ocrx_word' id='word_1_476' title='bbox 3175 2151 3376 2217; x_wconf 89' lang='lat' dir='ltr'><strong>parati,</strong></span> 
     </span>
    </p>
   </div>
   <div class='ocr_carea' id='block_1_64' title="bbox 1825 2225 3378 2307">
    <p class='ocr_par' dir='ltr' id='par_1_64' title="bbox 1825 2225 3378 2307">
     <span class='ocr_line' id='line_1_64' title="bbox 1825 2225 3378 2307; baseline 0.001 -15"><span class='ocrx_word' id='word_1_477' title='bbox 1825 2239 2118 2305; x_wconf 86' lang='lat' dir='ltr'><strong>ingressum</strong></span> <span class='ocrx_word' id='word_1_478' title='bbox 2142 2239 2260 2292; x_wconf 66' lang='lat' dir='ltr'><strong>vitae</strong></span> <span class='ocrx_word' id='word_1_479' title='bbox 2278 2238 2550 2306; x_wconf 86' lang='lat' dir='ltr'><strong>sequentis</strong></span> <span class='ocrx_word' id='word_1_480' title='bbox 2570 2237 2765 2290; x_wconf 75' lang='lat' dir='ltr'><strong>lmtanti</strong></span> <span class='ocrx_word' id='word_1_481' title='bbox 2787 2252 3000 2301; x_wconf 84' lang='lat' dir='ltr'><strong>semper</strong></span> <span class='ocrx_word' id='word_1_482' title='bbox 3021 2225 3200 2290; x_wconf 77' lang='lat' dir='ltr'><strong>animo</strong></span> <span class='ocrx_word' id='word_1_483' title='bbox 3219 2247 3378 2307; x_wconf 84' lang='lat' dir='ltr'><strong>atque</strong></span> 
     </span>
    </p>
   </div>
   <div class='ocr_carea' id='block_1_65' title="bbox 1825 2326 3380 2397">
    <p class='ocr_par' dir='ltr' id='par_1_65' title="bbox 1825 2326 3380 2397">
     <span class='ocr_line' id='line_1_65' title="bbox 1825 2326 3380 2397; baseline -0.001 -14"><span class='ocrx_word' id='word_1_484' title='bbox 1825 2329 1893 2383; x_wconf 89' lang='lat' dir='ltr'><strong>ad</strong></span> <span class='ocrx_word' id='word_1_485' title='bbox 1927 2329 2096 2382; x_wconf 79' lang='lat' dir='ltr'><strong>futura</strong></span> <span class='ocrx_word' id='word_1_486' title='bbox 2128 2327 2339 2392; x_wconf 63' lang='lat' dir='ltr'><strong>pramia</strong></span> <span class='ocrx_word' id='word_1_487' title='bbox 2368 2336 2587 2380; x_wconf 91' lang='lat' dir='ltr'><strong>extento</strong></span> <span class='ocrx_word' id='word_1_488' title='bbox 2612 2326 3008 2397; x_wconf 66' lang='lat' dir='ltr'><strong>praestolamur.</strong></span> <span class='ocrx_word' id='word_1_489' title='bbox 3043 2327 3108 2380; x_wconf 81' lang='lat' dir='ltr'><strong>Et</strong></span> <span class='ocrx_word' id='word_1_490' title='bbox 3131 2328 3263 2381; x_wconf 83' lang='lat' dir='ltr'><strong>bene</strong></span> <span class='ocrx_word' id='word_1_491' title='bbox 3285 2329 3380 2382; x_wconf 75' lang='grc' dir='ltr'><strong>τηι-</strong></span> 
     </span>
    </p>
   </div>
   <div class='ocr_carea' id='block_1_66' title="bbox 1827 2416 3378 2486">
    <p class='ocr_par' dir='ltr' id='par_1_66' title="bbox 1827 2416 3378 2486">
     <span class='ocr_line' id='line_1_66' title="bbox 1827 2416 3378 2486; baseline -0.001 -15"><span class='ocrx_word' id='word_1_492' title='bbox 1827 2417 1988 2481; x_wconf 89' lang='lat' dir='ltr'><strong>ditur,</strong></span> <span class='ocrx_word' id='word_1_493' title='bbox 2022 2417 2073 2470; x_wconf 89' lang='lat' dir='ltr'><strong>in</strong></span> <span class='ocrx_word' id='word_1_494' title='bbox 2100 2418 2209 2486; x_wconf 78' lang='lat' dir='ltr'><strong>ipso</strong></span> <span class='ocrx_word' id='word_1_495' title='bbox 2235 2417 2430 2482; x_wconf 79' lang='lat' dir='ltr'><strong>[more</strong></span> <span class='ocrx_word' id='word_1_496' title='bbox 2455 2417 2595 2481; x_wconf 77' lang='lat' dir='ltr'><strong>diei;</strong></span> <span class='ocrx_word' id='word_1_497' title='bbox 2625 2418 2799 2470; x_wconf 83' lang='lat' dir='ltr'><strong>lervor</strong></span> <span class='ocrx_word' id='word_1_498' title='bbox 2828 2418 3024 2484; x_wconf 89' lang='lat' dir='ltr'><strong>quippe</strong></span> <span class='ocrx_word' id='word_1_499' title='bbox 3046 2416 3173 2476; x_wconf 88' lang='lat' dir='ltr'><strong>diei,</strong></span> <span class='ocrx_word' id='word_1_500' title='bbox 3199 2418 3250 2469; x_wconf 92' lang='lat' dir='ltr'><strong>in</strong></span> <span class='ocrx_word' id='word_1_501' title='bbox 3274 2431 3378 2484; x_wconf 89' lang='lat' dir='ltr'><strong>quo</strong></span> 
     </span>
    </p>
   </div>
   <div class='ocr_carea' id='block_1_67' title="bbox 1827 2503 3376 2568">
    <p class='ocr_par' dir='ltr' id='par_1_67' title="bbox 1827 2503 3376 2568">
     <span class='ocr_line' id='line_1_67' title="bbox 1827 2503 3376 2568; baseline -0.001 -8"><span class='ocrx_word' id='word_1_502' title='bbox 1827 2505 2090 2560; x_wconf 78' lang='lat' dir='ltr'><strong>Abraham</strong></span> <span class='ocrx_word' id='word_1_503' title='bbox 2116 2507 2167 2558; x_wconf 91' lang='lat' dir='ltr'><strong>in</strong></span> <span class='ocrx_word' id='word_1_504' title='bbox 2197 2505 2336 2558; x_wconf 89' lang='lat' dir='ltr'><strong>ostio</strong></span> <span class='ocrx_word' id='word_1_505' title='bbox 2367 2503 2688 2558; x_wconf 83' lang='lat' dir='ltr'><strong>tabernaculi</strong></span> <span class='ocrx_word' id='word_1_506' title='bbox 2727 2503 2810 2557; x_wconf 88' lang='lat' dir='ltr'><strong>sui</strong></span> <span class='ocrx_word' id='word_1_507' title='bbox 2857 2504 3097 2568; x_wconf 86' lang='lat' dir='ltr'><strong>sedebat,</strong></span> <span class='ocrx_word' id='word_1_508' title='bbox 3128 2505 3376 2559; x_wconf 84' lang='lat' dir='ltr'><strong>virtutem</strong></span> 
     </span>
    </p>
   </div>
   <div class='ocr_carea' id='block_1_68' title="bbox 1826 2592 3375 2662">
    <p class='ocr_par' dir='ltr' id='par_1_68' title="bbox 1826 2592 3375 2662">
     <span class='ocr_line' id='line_1_68' title="bbox 1826 2592 3375 2662; baseline 0 -14"><span class='ocrx_word' id='word_1_509' title='bbox 1826 2592 2062 2662; x_wconf 86' lang='lat' dir='ltr'><strong>designat</strong></span> <span class='ocrx_word' id='word_1_510' title='bbox 2083 2592 2397 2656; x_wconf 85' lang='lat' dir='ltr'><strong>dilectionis,</strong></span> <span class='ocrx_word' id='word_1_511' title='bbox 2427 2607 2528 2661; x_wconf 90' lang='lat' dir='ltr'><strong>qua</strong></span> <span class='ocrx_word' id='word_1_512' title='bbox 2555 2594 2664 2660; x_wconf 88' lang='lat' dir='ltr'><strong>ipse</strong></span> <span class='ocrx_word' id='word_1_513' title='bbox 2693 2595 2743 2646; x_wconf 90' lang='lat' dir='ltr'><strong>in</strong></span> <span class='ocrx_word' id='word_1_514' title='bbox 2770 2603 2946 2646; x_wconf 88' lang='lat' dir='ltr'><strong>mente</strong></span> <span class='ocrx_word' id='word_1_515' title='bbox 2967 2603 3211 2661; x_wconf 86' lang='lat' dir='ltr'><strong>respectu</strong></span> <span class='ocrx_word' id='word_1_516' title='bbox 3235 2592 3375 2649; x_wconf 89' lang='lat' dir='ltr'><strong>Solis</strong></span> 
     </span>
    </p>
   </div>
   <div class='ocr_carea' id='block_1_69' title="bbox 1822 2682 3524 2757">
    <p class='ocr_par' dir='ltr' id='par_1_69' title="bbox 1822 2682 3524 2757">
     <span class='ocr_line' id='line_1_69' title="bbox 1822 2682 3524 2757; baseline 0.004 -22"><span class='ocrx_word' id='word_1_517' title='bbox 1822 2682 2047 2752; x_wconf 75' lang='lat' dir='ltr'><strong>justitia:</strong></span> <span class='ocrx_word' id='word_1_518' title='bbox 2093 2685 2345 2749; x_wconf 79' lang='lat' dir='ltr'><strong>ardebat,</strong></span> <span class='ocrx_word' id='word_1_519' title='bbox 2379 2685 2600 2752; x_wconf 84' lang='lat' dir='ltr'><strong>talisque</strong></span> <span class='ocrx_word' id='word_1_520' title='bbox 2627 2693 2798 2737; x_wconf 88' lang='lat' dir='ltr'><strong>status</strong></span> <span class='ocrx_word' id='word_1_521' title='bbox 2819 2695 2870 2738; x_wconf 92' lang='lat' dir='ltr'><strong>et</strong></span> <span class='ocrx_word' id='word_1_522' title='bbox 2901 2684 2999 2737; x_wconf 89' lang='lat' dir='ltr'><strong>loci</strong></span> <span class='ocrx_word' id='word_1_523' title='bbox 3028 2694 3082 2738; x_wconf 91' lang='lat' dir='ltr'><strong>et</strong></span> <span class='ocrx_word' id='word_1_524' title='bbox 3121 2687 3372 2752; x_wconf 86' lang='lat' dir='ltr'><strong>temporis</strong></span> <span class='ocrx_word' id='word_1_525' title='bbox 3457 2752 3462 2757; x_wconf 27' lang='grc' dir='ltr'><strong>η</strong></span> <span class='ocrx_word' id='word_1_526' title='bbox 3521 2725 3524 2728; x_wconf 48' lang='grc'><strong>.</strong></span> 
     </span>
    </p>
   </div>
   <div class='ocr_carea' id='block_1_70' title="bbox 1826 2771 3378 2842">
    <p class='ocr_par' dir='ltr' id='par_1_70' title="bbox 1826 2771 3378 2842">
     <span class='ocr_line' id='line_1_70' title="bbox 1826 2771 3378 2842; baseline 0.003 -19"><span class='ocrx_word' id='word_1_527' title='bbox 1826 2771 2047 2825; x_wconf 90' lang='lat' dir='ltr'><strong>decebat</strong></span> <span class='ocrx_word' id='word_1_528' title='bbox 2094 2786 2214 2824; x_wconf 90' lang='lat' dir='ltr'><strong>eum</strong></span> <span class='ocrx_word' id='word_1_529' title='bbox 2255 2774 2341 2838; x_wconf 88' lang='lat' dir='ltr'><strong>qui</strong></span> <span class='ocrx_word' id='word_1_530' title='bbox 2398 2771 2676 2824; x_wconf 87' lang='lat' dir='ltr'><strong>Dominum</strong></span> <span class='ocrx_word' id='word_1_531' title='bbox 2725 2783 2840 2826; x_wconf 90' lang='lat' dir='ltr'><strong>erat</strong></span> <span class='ocrx_word' id='word_1_532' title='bbox 2889 2773 3116 2839; x_wconf 86' lang='lat' dir='ltr'><strong>visurus,</strong></span> <span class='ocrx_word' id='word_1_533' title='bbox 3165 2780 3221 2827; x_wconf 90' lang='lat' dir='ltr'><strong>et</strong></span> <span class='ocrx_word' id='word_1_534' title='bbox 3261 2771 3378 2842; x_wconf 77' lang='lat' dir='ltr'><strong>ejus</strong></span> 
     </span>
    </p>
   </div>
   <div class='ocr_carea' id='block_1_71' title="bbox 1826 2845 3382 2933">
    <p class='ocr_par' dir='ltr' id='par_1_71' title="bbox 1826 2845 3382 2933">
     <span class='ocr_line' id='line_1_71' title="bbox 1826 2845 3382 2933; baseline 0.005 -21"><span class='ocrx_word' id='word_1_535' title='bbox 1826 2845 2404 2926; x_wconf 34' lang='lat' dir='ltr'><strong>colloquio&#39;lruiturus,</strong></span> <span class='ocrx_word' id='word_1_536' title='bbox 2456 2861 2508 2912; x_wconf 93' lang='lat' dir='ltr'><strong>in</strong></span> <span class='ocrx_word' id='word_1_537' title='bbox 2538 2874 2641 2928; x_wconf 90' lang='lat' dir='ltr'><strong>quo</strong></span> <span class='ocrx_word' id='word_1_538' title='bbox 2661 2869 2716 2914; x_wconf 91' lang='lat' dir='ltr'><strong>et</strong></span> <span class='ocrx_word' id='word_1_539' title='bbox 2753 2863 2952 2915; x_wconf 79' lang='lat' dir='ltr'><strong>advena</strong></span> <span class='ocrx_word' id='word_1_540' title='bbox 2999 2863 3175 2915; x_wconf 87' lang='lat' dir='ltr'><strong>mundi</strong></span> <span class='ocrx_word' id='word_1_541' title='bbox 3223 2863 3382 2933; x_wconf 81' lang='lat' dir='ltr'><strong>hujus</strong></span> 
     </span>
    </p>
   </div>
   <div class='ocr_carea' id='block_1_72' title="bbox 1829 2941 3382 3019">
    <p class='ocr_par' dir='ltr' id='par_1_72' title="bbox 1829 2941 3382 3019">
     <span class='ocr_line' id='line_1_72' title="bbox 1829 2941 3382 3019; baseline 0.004 -18"><span class='ocrx_word' id='word_1_542' title='bbox 1829 2947 2167 3019; x_wconf 88' lang='lat' dir='ltr'><strong>liguraretur,</strong></span> <span class='ocrx_word' id='word_1_543' title='bbox 2189 2957 2242 3000; x_wconf 93' lang='lat' dir='ltr'><strong>et</strong></span> <span class='ocrx_word' id='word_1_544' title='bbox 2271 2962 2407 3002; x_wconf 69' lang='lat' dir='ltr'><strong>verte</strong></span> <span class='ocrx_word' id='word_1_545' title='bbox 2427 2946 2452 2984; x_wconf 67' lang='grc'><em>⁸</em></span> <span class='ocrx_word' id='word_1_546' title='bbox 2468 2951 2697 3003; x_wconf 59' lang='lat' dir='ltr'><strong>caelestis-</strong></span> <span class='ocrx_word' id='word_1_547' title='bbox 2725 2952 2908 3018; x_wconf 67' lang='lat' dir='ltr'><strong>gratia:</strong></span> <span class='ocrx_word' id='word_1_548' title='bbox 2932 2941 3047 3005; x_wconf 87' lang='lat' dir='ltr'><strong>luce</strong></span> <span class='ocrx_word' id='word_1_549' title='bbox 3078 2952 3382 3018; x_wconf 82' lang='lat' dir='ltr'><strong>irradiatus,</strong></span> 
     </span>
    </p>
   </div>
   <div class='ocr_carea' id='block_1_73' title="bbox 1829 3038 3381 3106">
    <p class='ocr_par' dir='ltr' id='par_1_73' title="bbox 1829 3038 3381 3106">
     <span class='ocr_line' id='line_1_73' title="bbox 1829 3038 3381 3106; baseline 0.005 -16"><span class='ocrx_word' id='word_1_550' title='bbox 1829 3047 1884 3090; x_wconf 91' lang='lat' dir='ltr'><strong>et</strong></span> <span class='ocrx_word' id='word_1_551' title='bbox 1899 3051 2077 3090; x_wconf 89' lang='lat' dir='ltr'><strong>amore</strong></span> <span class='ocrx_word' id='word_1_552' title='bbox 2103 3038 2296 3090; x_wconf 70' lang='lat' dir='ltr'><strong>diVilliB</strong></span> <span class='ocrx_word' id='word_1_553' title='bbox 2320 3039 2789 3106; x_wconf 82' lang='lat' dir='ltr'><strong>contemplationis</strong></span> <span class='ocrx_word' id='word_1_554' title='bbox 2819 3041 3085 3096; x_wconf 87' lang='lat' dir='ltr'><strong>inhianter</strong></span> <span class='ocrx_word' id='word_1_555' title='bbox 3105 3057 3381 3099; x_wconf 87' lang='lat' dir='ltr'><strong>accensus.</strong></span> 
     </span>
    </p>
   </div>
   <div class='ocr_carea' id='block_1_74' title="bbox 1905 3125 3384 3198">
    <p class='ocr_par' dir='ltr' id='par_1_74' title="bbox 1905 3125 3384 3198">
     <span class='ocr_line' id='line_1_74' title="bbox 1905 3125 3384 3198; baseline 0.007 -19"><span class='ocrx_word' id='word_1_556' title='bbox 1905 3125 2122 3194; x_wconf 86' lang='lat' dir='ltr'><strong>Cumque</strong></span> <span class='ocrx_word' id='word_1_557' title='bbox 2157 3128 2388 3183; x_wconf 72' lang='lat' dir='ltr'><strong>eiceasset</strong></span> <span class='ocrx_word' id='word_1_558' title='bbox 2432 3131 2624 3194; x_wconf 85' lang='lat' dir='ltr'><strong>oculos,</strong></span> <span class='ocrx_word' id='word_1_559' title='bbox 2670 3142 3016 3198; x_wconf 84' lang='lat' dir='ltr'><strong>apparuerunt</strong></span> <span class='ocrx_word' id='word_1_560' title='bbox 3054 3136 3100 3187; x_wconf 87' lang='lat' dir='ltr'><strong>ei</strong></span> <span class='ocrx_word' id='word_1_561' title='bbox 3151 3145 3248 3188; x_wconf 84' lang='lat' dir='ltr'><strong>tres</strong></span> <span class='ocrx_word' id='word_1_562' title='bbox 3290 3137 3384 3189; x_wconf 74' lang='lat' dir='ltr'><strong>uiri</strong></span> 
     </span>
    </p>
   </div>
   <div class='ocr_carea' id='block_1_75' title="bbox 1832 3220 3385 3286">
    <p class='ocr_par' dir='ltr' id='par_1_75' title="bbox 1832 3220 3385 3286">
     <span class='ocr_line' id='line_1_75' title="bbox 1832 3220 3385 3286; baseline 0.005 -18"><span class='ocrx_word' id='word_1_563' title='bbox 1832 3223 2023 3268; x_wconf 79' lang='lat' dir='ltr'><strong>stantes</strong></span> <span class='ocrx_word' id='word_1_564' title='bbox 2047 3231 2204 3283; x_wconf 77' lang='lat' dir='ltr'><strong>prope</strong></span> <span class='ocrx_word' id='word_1_565' title='bbox 2224 3231 2359 3280; x_wconf 81' lang='lat' dir='ltr'><strong>cum,</strong></span> <span class='ocrx_word' id='word_1_566' title='bbox 2387 3233 2509 3285; x_wconf 79' lang='lat' dir='ltr'><strong>quos</strong></span> <span class='ocrx_word' id='word_1_567' title='bbox 2546 3232 2660 3270; x_wconf 80' lang='lat' dir='ltr'><strong>cum</strong></span> <span class='ocrx_word' id='word_1_568' title='bbox 2695 3220 2916 3286; x_wconf 75' lang='lat' dir='ltr'><strong>vidisset,</strong></span> <span class='ocrx_word' id='word_1_569' title='bbox 2948 3223 3172 3274; x_wconf 78' lang='lat' dir='ltr'><strong>cucurrit</strong></span> <span class='ocrx_word' id='word_1_570' title='bbox 3212 3223 3266 3275; x_wconf 76' lang='lat' dir='ltr'><strong>in</strong></span> <span class='ocrx_word' id='word_1_571' title='bbox 3304 3235 3385 3276; x_wconf 76' lang='lat' dir='ltr'><strong>or-</strong></span> 
     </span>
    </p>
   </div>
   <div class='ocr_carea' id='block_1_76' title="bbox 1832 3306 3383 3372">
    <p class='ocr_par' dir='ltr' id='par_1_76' title="bbox 1832 3306 3383 3372">
     <span class='ocr_line' id='line_1_76' title="bbox 1832 3306 3383 3372; baseline 0.005 -16"><span class='ocrx_word' id='word_1_572' title='bbox 1832 3320 2034 3358; x_wconf 84' lang='lat' dir='ltr'><strong>cursum</strong></span> <span class='ocrx_word' id='word_1_573' title='bbox 2078 3321 2249 3358; x_wconf 85' lang='lat' dir='ltr'><strong>eorum</strong></span> <span class='ocrx_word' id='word_1_574' title='bbox 2295 3306 2358 3358; x_wconf 84' lang='lat' dir='ltr'><strong>de</strong></span> <span class='ocrx_word' id='word_1_575' title='bbox 2385 3307 2512 3360; x_wconf 89' lang='lat' dir='ltr'><strong>ostio</strong></span> <span class='ocrx_word' id='word_1_576' title='bbox 2557 3307 2871 3360; x_wconf 73' lang='lat' dir='ltr'><strong>tabernaculi</strong></span> <span class='ocrx_word' id='word_1_577' title='bbox 2895 3349 2911 3372; x_wconf 92' lang='lat'><strong>,</strong></span> <span class='ocrx_word' id='word_1_578' title='bbox 2953 3319 3002 3360; x_wconf 83' lang='lat' dir='ltr'><strong>et</strong></span> <span class='ocrx_word' id='word_1_579' title='bbox 3050 3313 3277 3364; x_wconf 76' lang='lat' dir='ltr'><strong>adoravit</strong></span> <span class='ocrx_word' id='word_1_580' title='bbox 3330 3314 3383 3364; x_wconf 87' lang='lat' dir='ltr'><strong>in</strong></span> 
     </span>
    </p>
   </div>
   <div class='ocr_carea' id='block_1_77' title="bbox 1831 3393 3384 3469">
    <p class='ocr_par' dir='ltr' id='par_1_77' title="bbox 1831 3393 3384 3469">
     <span class='ocr_line' id='line_1_77' title="bbox 1831 3393 3384 3469; baseline 0.005 -22"><span class='ocrx_word' id='word_1_581' title='bbox 1831 3402 1964 3469; x_wconf 68' lang='lat' dir='ltr'><strong>terra</strong></span> <span class='ocrx_word' id='word_1_582' title='bbox 2005 3403 2052 3446; x_wconf 84' lang='lat' dir='ltr'><strong>et</strong></span> <span class='ocrx_word' id='word_1_583' title='bbox 2101 3395 2268 3447; x_wconf 71' lang='lat' dir='ltr'><strong>dixit:</strong></span> <span class='ocrx_word' id='word_1_584' title='bbox 2301 3393 2531 3459; x_wconf 81' lang='lat' dir='ltr'><strong>Domine,</strong></span> <span class='ocrx_word' id='word_1_585' title='bbox 2581 3397 2627 3447; x_wconf 90' lang='lat' dir='ltr'><strong>si</strong></span> <span class='ocrx_word' id='word_1_586' title='bbox 2667 3396 2833 3448; x_wconf 79' lang='lat' dir='ltr'><strong>inserti</strong></span> <span class='ocrx_word' id='word_1_587' title='bbox 2877 3400 3096 3465; x_wconf 82' lang='lat' dir='ltr'><strong>gratiam</strong></span> <span class='ocrx_word' id='word_1_588' title='bbox 3125 3401 3175 3452; x_wconf 85' lang='lat' dir='ltr'><strong>in</strong></span> <span class='ocrx_word' id='word_1_589' title='bbox 3225 3405 3384 3455; x_wconf 82' lang='lat' dir='ltr'><strong>oculis</strong></span> 
     </span>
    </p>
   </div>
   <div class='ocr_carea' id='block_1_78' title="bbox 1831 3483 3380 3551">
    <p class='ocr_par' dir='ltr' id='par_1_78' title="bbox 1831 3483 3380 3551">
     <span class='ocr_line' id='line_1_78' title="bbox 1831 3483 3380 3551; baseline 0.008 -18"><span class='ocrx_word' id='word_1_590' title='bbox 1831 3483 2043 3544; x_wconf 60' lang='lat' dir='ltr'><strong>tuis,”</strong></span> <span class='ocrx_word' id='word_1_591' title='bbox 2066 3490 2290 3535; x_wconf 78' lang='lat' dir='ltr'><strong>transeas</strong></span> <span class='ocrx_word' id='word_1_592' title='bbox 2325 3497 2520 3534; x_wconf 80' lang='lat' dir='ltr'><strong>servum</strong></span> <span class='ocrx_word' id='word_1_593' title='bbox 2547 3490 2711 3548; x_wconf 84' lang='lat' dir='ltr'><strong>tuum,</strong></span> <span class='ocrx_word' id='word_1_594' title='bbox 2749 3493 2854 3538; x_wconf 90' lang='lat' dir='ltr'><strong>etc.</strong></span> <span class='ocrx_word' id='word_1_595' title='bbox 2887 3487 3036 3551; x_wconf 83' lang='lat' dir='ltr'><strong>Quod</strong></span> <span class='ocrx_word' id='word_1_596' title='bbox 3068 3499 3175 3542; x_wconf 91' lang='lat' dir='ltr'><strong>tres</strong></span> <span class='ocrx_word' id='word_1_597' title='bbox 3204 3491 3301 3544; x_wconf 88' lang='lat' dir='ltr'><strong>viri</strong></span> <span class='ocrx_word' id='word_1_598' title='bbox 3331 3494 3380 3546; x_wconf 89' lang='lat' dir='ltr'><strong>ei</strong></span> 
     </span>
    </p>
   </div>
   <div class='ocr_carea' id='block_1_79' title="bbox 1833 3570 3386 3643">
    <p class='ocr_par' dir='ltr' id='par_1_79' title="bbox 1833 3570 3386 3643">
     <span class='ocr_line' id='line_1_79' title="bbox 1833 3570 3386 3643; baseline 0.01 -24"><span class='ocrx_word' id='word_1_599' title='bbox 1833 3578 2206 3636; x_wconf 88' lang='lat' dir='ltr'><strong>apparuerunt,</strong></span> <span class='ocrx_word' id='word_1_600' title='bbox 2259 3570 2568 3640; x_wconf 82' lang='lat' dir='ltr'><strong>mysterium</strong></span> <span class='ocrx_word' id='word_1_601' title='bbox 2609 3582 2691 3625; x_wconf 86' lang='lat' dir='ltr'><strong>est</strong></span> <span class='ocrx_word' id='word_1_602' title='bbox 2729 3583 2926 3628; x_wconf 69' lang='lat' dir='ltr'><strong>sanctae</strong></span> <span class='ocrx_word' id='word_1_603' title='bbox 2955 3575 3260 3643; x_wconf 85' lang='lat' dir='ltr'><strong>Trinitatis;</strong></span> <span class='ocrx_word' id='word_1_604' title='bbox 3292 3581 3386 3635; x_wconf 80' lang='lat' dir='ltr'><strong>de-</strong></span> 
     </span>
    </p>
   </div>
   <div class='ocr_carea' id='block_1_80' title="bbox 1834 3657 3401 3733">
    <p class='ocr_par' dir='ltr' id='par_1_80' title="bbox 1834 3657 3401 3733">
     <span class='ocr_line' id='line_1_80' title="bbox 1834 3657 3401 3733; baseline 0.01 -24"><span class='ocrx_word' id='word_1_605' title='bbox 1834 3657 1990 3722; x_wconf 88' lang='lat' dir='ltr'><strong>nique</strong></span> <span class='ocrx_word' id='word_1_606' title='bbox 2014 3669 2134 3710; x_wconf 88' lang='lat' dir='ltr'><strong>cum</strong></span> <span class='ocrx_word' id='word_1_607' title='bbox 2166 3667 2273 3710; x_wconf 86' lang='lat' dir='ltr'><strong>tres</strong></span> <span class='ocrx_word' id='word_1_608' title='bbox 2310 3658 2551 3725; x_wconf 88' lang='lat' dir='ltr'><strong>vidisset,</strong></span> <span class='ocrx_word' id='word_1_609' title='bbox 2581 3674 2745 3714; x_wconf 90' lang='lat' dir='ltr'><strong>unum</strong></span> <span class='ocrx_word' id='word_1_610' title='bbox 2774 3663 3032 3728; x_wconf 80' lang='lat' dir='ltr'><strong>adoravit,</strong></span> <span class='ocrx_word' id='word_1_611' title='bbox 3062 3676 3115 3720; x_wconf 87' lang='lat' dir='ltr'><strong>et</strong></span> <span class='ocrx_word' id='word_1_612' title='bbox 3142 3673 3401 3733; x_wconf 78' lang='lat' dir='ltr'><strong>precatus</strong></span> 
     </span>
    </p>
   </div>
   <div class='ocr_carea' id='block_1_81' title="bbox 1833 3741 3386 3823">
    <p class='ocr_par' dir='ltr' id='par_1_81' title="bbox 1833 3741 3386 3823">
     <span class='ocr_line' id='line_1_81' title="bbox 1833 3741 3386 3823; baseline 0.008 -20"><span class='ocrx_word' id='word_1_613' title='bbox 1833 3758 1914 3803; x_wconf 89' lang='lat' dir='ltr'><strong>est</strong></span> <span class='ocrx_word' id='word_1_614' title='bbox 1945 3746 2243 3811; x_wconf 88' lang='lat' dir='ltr'><strong>Dominum,</strong></span> <span class='ocrx_word' id='word_1_615' title='bbox 2271 3749 2389 3818; x_wconf 88' lang='lat' dir='ltr'><strong>quia</strong></span> <span class='ocrx_word' id='word_1_616' title='bbox 2427 3751 2528 3803; x_wconf 85' lang='lat' dir='ltr'><strong>etsi</strong></span> <span class='ocrx_word' id='word_1_617' title='bbox 2567 3749 2618 3803; x_wconf 91' lang='lat' dir='ltr'><strong>in</strong></span> <span class='ocrx_word' id='word_1_618' title='bbox 2660 3753 2900 3819; x_wconf 88' lang='lat' dir='ltr'><strong>personis</strong></span> <span class='ocrx_word' id='word_1_619' title='bbox 2927 3763 3009 3808; x_wconf 89' lang='lat' dir='ltr'><strong>est</strong></span> <span class='ocrx_word' id='word_1_620' title='bbox 3043 3756 3288 3823; x_wconf 86' lang='lat' dir='ltr'><strong>Trinitas,</strong></span> <span class='ocrx_word' id='word_1_621' title='bbox 3333 3741 3386 3816; x_wconf 87' lang='lat' dir='ltr'><strong>in</strong></span> 
     </span>
    </p>
   </div>
   <div class='ocr_carea' id='block_1_82' title="bbox 1833 3835 3385 3903">
    <p class='ocr_par' dir='ltr' id='par_1_82' title="bbox 1833 3835 3385 3903">
     <span class='ocr_line' id='line_1_82' title="bbox 1833 3835 3385 3903; baseline 0.009 -14"><span class='ocrx_word' id='word_1_622' title='bbox 1833 3835 2108 3889; x_wconf 86' lang='lat' dir='ltr'><strong>divinitate</strong></span> <span class='ocrx_word' id='word_1_623' title='bbox 2134 3846 2216 3889; x_wconf 87' lang='lat' dir='ltr'><strong>est</strong></span> <span class='ocrx_word' id='word_1_624' title='bbox 2243 3845 2418 3890; x_wconf 84' lang='lat' dir='ltr'><strong>tamen</strong></span> <span class='ocrx_word' id='word_1_625' title='bbox 2460 3851 2561 3890; x_wconf 89' lang='lat' dir='ltr'><strong>una</strong></span> <span class='ocrx_word' id='word_1_626' title='bbox 2588 3847 2641 3890; x_wconf 89' lang='lat' dir='ltr'><strong>et</strong></span> <span class='ocrx_word' id='word_1_627' title='bbox 2682 3842 3015 3895; x_wconf 73' lang='lat' dir='ltr'><strong>cnadomnda</strong></span> <span class='ocrx_word' id='word_1_628' title='bbox 3057 3845 3385 3903; x_wconf 87' lang='lat' dir='ltr'><strong>Dominantis</strong></span> 
     </span>
    </p>
   </div>
   <div class='ocr_carea' id='block_1_83' title="bbox 1835 3926 3381 4000">
    <p class='ocr_par' dir='ltr' id='par_1_83' title="bbox 1835 3926 3381 4000">
     <span class='ocr_line' id='line_1_83' title="bbox 1835 3926 3381 4000; baseline 0.009 -24"><span class='ocrx_word' id='word_1_629' title='bbox 1835 3927 2121 3999; x_wconf 68' lang='lat' dir='ltr'><strong>mqualitas,</strong></span> <span class='ocrx_word' id='word_1_630' title='bbox 2152 3926 2289 3979; x_wconf 90' lang='lat' dir='ltr'><strong>sicut</strong></span> <span class='ocrx_word' id='word_1_631' title='bbox 2309 3927 2466 3979; x_wconf 88' lang='lat' dir='ltr'><strong>etiam</strong></span> <span class='ocrx_word' id='word_1_632' title='bbox 2510 3927 2563 3981; x_wconf 93' lang='lat' dir='ltr'><strong>in</strong></span> <span class='ocrx_word' id='word_1_633' title='bbox 2594 3927 2726 3982; x_wconf 86' lang='lat' dir='ltr'><strong>Isaia</strong></span> <span class='ocrx_word' id='word_1_634' title='bbox 2766 3944 2888 3984; x_wconf 89' lang='lat' dir='ltr'><strong>cum</strong></span> <span class='ocrx_word' id='word_1_635' title='bbox 2926 3934 3176 4000; x_wconf 71' lang='lat' dir='ltr'><strong>angelica:</strong></span> <span class='ocrx_word' id='word_1_636' title='bbox 3218 3939 3381 3990; x_wconf 88' lang='lat' dir='ltr'><strong>virtu-</strong></span> 
     </span>
    </p>
   </div>
   <div class='ocr_carea' id='block_1_84' title="bbox 1836 4005 3384 4084">
    <p class='ocr_par' dir='ltr' id='par_1_84' title="bbox 1836 4005 3384 4084">
     <span class='ocr_line' id='line_1_84' title="bbox 1836 4005 3384 4084; baseline 0.008 -16"><span class='ocrx_word' id='word_1_637' title='bbox 1836 4024 1916 4070; x_wconf 85' lang='lat' dir='ltr'><strong>tes</strong></span> <span class='ocrx_word' id='word_1_638' title='bbox 1959 4017 2177 4084; x_wconf 86' lang='lat' dir='ltr'><strong>gloriam</strong></span> <span class='ocrx_word' id='word_1_639' title='bbox 2225 4027 2423 4070; x_wconf 78' lang='lat' dir='ltr'><strong>sanctte</strong></span> <span class='ocrx_word' id='word_1_640' title='bbox 2466 4016 2739 4073; x_wconf 79' lang='lat' dir='ltr'><strong>Trinitatis</strong></span> <span class='ocrx_word' id='word_1_641' title='bbox 2785 4005 3034 4075; x_wconf 82' lang='lat' dir='ltr'><strong>canerent</strong></span> <span class='ocrx_word' id='word_1_642' title='bbox 3095 4026 3328 4083; x_wconf 86' lang='lat' dir='ltr'><strong>dicentes</strong></span> <span class='ocrx_word' id='word_1_643' title='bbox 3372 4047 3384 4081; x_wconf 87' lang='lat'><strong>:</strong></span> 
     </span>
    </p>
   </div>
   <div class='ocr_carea' id='block_1_85' title="bbox 1838 4104 3388 4171">
    <p class='ocr_par' dir='ltr' id='par_1_85' title="bbox 1838 4104 3388 4171">
     <span class='ocr_line' id='line_1_85' title="bbox 1838 4104 3388 4171; baseline 0.01 -16"><span class='ocrx_word' id='word_1_644' title='bbox 1838 4104 2079 4168; x_wconf 83' lang='lat' dir='ltr'><strong>Sanctus,</strong></span> <span class='ocrx_word' id='word_1_645' title='bbox 2103 4104 2340 4164; x_wconf 80' lang='lat' dir='ltr'><strong>Sanctus,</strong></span> <span class='ocrx_word' id='word_1_646' title='bbox 2371 4104 2611 4171; x_wconf 82' lang='lat' dir='ltr'><strong>Sanetus,</strong></span> <span class='ocrx_word' id='word_1_647' title='bbox 2645 4123 2763 4161; x_wconf 91' lang='lat' dir='ltr'><strong>mox</strong></span> <span class='ocrx_word' id='word_1_648' title='bbox 2791 4110 3042 4164; x_wconf 86' lang='lat' dir='ltr'><strong>unitatem</strong></span> <span class='ocrx_word' id='word_1_649' title='bbox 3072 4113 3388 4170; x_wconf 84' lang='lat' dir='ltr'><strong>dominatio-</strong></span> 
     </span>
    </p>
   </div>
   <div class='ocr_carea' id='block_1_86' title="bbox 1837 4190 3378 4264">
    <p class='ocr_par' dir='ltr' id='par_1_86' title="bbox 1837 4190 3378 4264">
     <span class='ocr_line' id='line_1_86' title="bbox 1837 4190 3378 4264; baseline 0.01 -18"><span class='ocrx_word' id='word_1_650' title='bbox 1837 4195 1919 4246; x_wconf 85' lang='lat' dir='ltr'><strong>nis</strong></span> <span class='ocrx_word' id='word_1_651' title='bbox 1945 4206 2008 4246; x_wconf 90' lang='lat' dir='ltr'><strong>ac</strong></span> <span class='ocrx_word' id='word_1_652' title='bbox 2035 4193 2247 4248; x_wconf 84' lang='lat' dir='ltr'><strong>deitatis</strong></span> <span class='ocrx_word' id='word_1_653' title='bbox 2284 4190 2610 4264; x_wconf 70' lang='lat' dir='ltr'><strong>subiungunt</strong></span> <span class='ocrx_word' id='word_1_654' title='bbox 2635 4199 2888 4252; x_wconf 58' lang='lat' dir='ltr'><strong>addentes</strong></span> <span class='ocrx_word' id='word_1_655' title='bbox 2917 4216 2931 4253; x_wconf 87' lang='lat'><strong>:</strong></span> <span class='ocrx_word' id='word_1_656' title='bbox 2967 4200 3208 4257; x_wconf 77' lang='lat' dir='ltr'><strong>Dominus</strong></span> <span class='ocrx_word' id='word_1_657' title='bbox 3243 4207 3378 4263; x_wconf 82' lang='lat' dir='ltr'><strong>Deus</strong></span> 
     </span>
    </p>
   </div>
   <div class='ocr_carea' id='block_1_87' title="bbox 1838 4281 3424 4362">
    <p class='ocr_par' dir='ltr' id='par_1_87' title="bbox 1838 4281 3424 4362">
     <span class='ocr_line' id='line_1_87' title="bbox 1838 4281 3424 4362; baseline 0.014 -30"><span class='ocrx_word' id='word_1_658' title='bbox 1838 4281 2170 4349; x_wconf 86' lang='lat' dir='ltr'><strong>omnipotens,</strong></span> <span class='ocrx_word' id='word_1_659' title='bbox 2199 4284 2348 4350; x_wconf 80' lang='lat' dir='ltr'><strong>plena</strong></span> <span class='ocrx_word' id='word_1_660' title='bbox 2372 4293 2443 4335; x_wconf 84' lang='lat' dir='ltr'><strong>est</strong></span> <span class='ocrx_word' id='word_1_661' title='bbox 2464 4287 2628 4338; x_wconf 81' lang='lat' dir='ltr'><strong>omnis</strong></span> <span class='ocrx_word' id='word_1_662' title='bbox 2646 4296 2776 4340; x_wconf 87' lang='lat' dir='ltr'><strong>terra</strong></span> <span class='ocrx_word' id='word_1_663' title='bbox 2805 4291 2970 4359; x_wconf 84' lang='lat' dir='ltr'><strong>gloria</strong></span> <span class='ocrx_word' id='word_1_664' title='bbox 2999 4293 3127 4362; x_wconf 83' lang='lat' dir='ltr'><strong>ejus.</strong></span> <span class='ocrx_word' id='word_1_665' title='bbox 3158 4298 3220 4348; x_wconf 83' lang='lat' dir='ltr'><strong>Et</strong></span> <span class='ocrx_word' id='word_1_666' title='bbox 3250 4298 3385 4355; x_wconf 88' lang='lat' dir='ltr'><strong>bene</strong></span> <span class='ocrx_word' id='word_1_667' title='bbox 3422 4309 3424 4312; x_wconf 78' lang='grc'><em>’</em></span> 
     </span>
    </p>
   </div>
   <div class='ocr_carea' id='block_1_88' title="bbox 186 4371 1726 4470">
    <p class='ocr_par' dir='ltr' id='par_1_88' title="bbox 186 4374 1726 4440">
     <span class='ocr_line' id='line_1_88' title="bbox 186 4374 1726 4440; baseline 0.006 -14"><span class='ocrx_word' id='word_1_668' title='bbox 186 4374 552 4426; x_wconf 69' lang='lat' dir='ltr'><strong>muantiamus</strong></span> <span class='ocrx_word' id='word_1_669' title='bbox 581 4374 733 4440; x_wconf 73' lang='lat' dir='ltr'><strong>vobis,</strong></span> <span class='ocrx_word' id='word_1_670' title='bbox 763 4385 817 4426; x_wconf 82' lang='lat' dir='ltr'><strong>ut</strong></span> <span class='ocrx_word' id='word_1_671' title='bbox 845 4385 892 4428; x_wconf 88' lang='lat' dir='ltr'><strong>et</strong></span> <span class='ocrx_word' id='word_1_672' title='bbox 927 4392 1009 4429; x_wconf 83' lang='lat' dir='ltr'><strong>vos</strong></span> <span class='ocrx_word' id='word_1_673' title='bbox 1035 4377 1318 4430; x_wconf 86' lang='lat' dir='ltr'><strong>societatem</strong></span> <span class='ocrx_word' id='word_1_674' title='bbox 1366 4381 1593 4433; x_wconf 81' lang='lat' dir='ltr'><strong>habeatis</strong></span> <span class='ocrx_word' id='word_1_675' title='bbox 1641 4400 1726 4436; x_wconf 88' lang='lat' dir='ltr'><strong>no-</strong></span> 
     </span>
    </p>
   </div>
   <div class='ocr_carea' id='block_1_89' title="bbox 1828 4371 3388 4470">
    <p class='ocr_par' dir='ltr' id='par_1_89' title="bbox 1840 4371 3388 4444">
     <span class='ocr_line' id='line_1_89' title="bbox 1840 4371 3388 4444; baseline 0.012 -20"><span class='ocrx_word' id='word_1_676' title='bbox 1840 4371 2032 4426; x_wconf 89' lang='lat' dir='ltr'><strong>dicitur</strong></span> <span class='ocrx_word' id='word_1_677' title='bbox 2060 4375 2181 4441; x_wconf 90' lang='lat' dir='ltr'><strong>quia</strong></span> <span class='ocrx_word' id='word_1_678' title='bbox 2211 4374 2415 4428; x_wconf 85' lang='lat' dir='ltr'><strong>visurus</strong></span> <span class='ocrx_word' id='word_1_679' title='bbox 2443 4377 2658 4444; x_wconf 86' lang='lat' dir='ltr'><strong>angelos</strong></span> <span class='ocrx_word' id='word_1_680' title='bbox 2684 4382 2968 4436; x_wconf 82' lang='lat' dir='ltr'><strong>e‘evaverit</strong></span> <span class='ocrx_word' id='word_1_681' title='bbox 2999 4386 3184 4437; x_wconf 86' lang='lat' dir='ltr'><strong>oculos</strong></span> <span class='ocrx_word' id='word_1_682' title='bbox 3217 4391 3388 4442; x_wconf 81' lang='lat' dir='ltr'><strong>Abra-</strong></span> 
     </span>
    </p>
   </div>
   <div class='ocr_carea' id='block_1_90' title="bbox 189 4459 1737 4536">
    <p class='ocr_par' dir='ltr' id='par_1_90' title="bbox 189 4459 1737 4536">
     <span class='ocr_line' id='line_1_90' title="bbox 189 4459 1737 4536; baseline 0.01 -24"><span class='ocrx_word' id='word_1_683' title='bbox 189 4460 383 4513; x_wconf 83' lang='lat' dir='ltr'><strong>biscum</strong></span> <span class='ocrx_word' id='word_1_684' title='bbox 412 4459 463 4528; x_wconf 86' lang='lat' dir='ltr'><strong>(I</strong></span> <span class='ocrx_word' id='word_1_685' title='bbox 486 4461 642 4515; x_wconf 84' lang='lat' dir='ltr'><strong>Joan.</strong></span> <span class='ocrx_word' id='word_1_686' title='bbox 677 4478 714 4526; x_wconf 91' lang='lat' dir='ltr'><strong>l,</strong></span> <span class='ocrx_word' id='word_1_687' title='bbox 737 4463 817 4529; x_wconf 72' lang='grc'><strong>2).</strong></span> <span class='ocrx_word' id='word_1_688' title='bbox 851 4465 916 4518; x_wconf 84' lang='lat' dir='ltr'><strong>Et</strong></span> <span class='ocrx_word' id='word_1_689' title='bbox 943 4467 1154 4534; x_wconf 90' lang='lat' dir='ltr'><strong>quidem</strong></span> <span class='ocrx_word' id='word_1_690' title='bbox 1179 4467 1228 4519; x_wconf 92' lang='lat' dir='ltr'><strong>in</strong></span> <span class='ocrx_word' id='word_1_691' title='bbox 1261 4473 1357 4521; x_wconf 80' lang='lat' dir='ltr'><strong>hac</strong></span> <span class='ocrx_word' id='word_1_692' title='bbox 1386 4471 1626 4536; x_wconf 89' lang='lat' dir='ltr'><strong>lectione,</strong></span> <span class='ocrx_word' id='word_1_693' title='bbox 1647 4491 1737 4528; x_wconf 76' lang='lat' dir='ltr'><strong>es-</strong></span> 
     </span>
    </p>
   </div>
   <div class='ocr_carea' id='block_1_91' title="bbox 188 4550 1734 4630">
    <p class='ocr_par' dir='ltr' id='par_1_91' title="bbox 188 4550 1734 4630">
     <span class='ocr_line' id='line_1_91' title="bbox 188 4550 1734 4630; baseline 0.011 -29"><span class='ocrx_word' id='word_1_694' title='bbox 188 4559 349 4614; x_wconf 84' lang='lat' dir='ltr'><strong>cepto</strong></span> <span class='ocrx_word' id='word_1_695' title='bbox 375 4550 602 4616; x_wconf 88' lang='lat' dir='ltr'><strong>spiritali</strong></span> <span class='ocrx_word' id='word_1_696' title='bbox 636 4553 926 4618; x_wconf 89' lang='lat' dir='ltr'><strong>intellectu,</strong></span> <span class='ocrx_word' id='word_1_697' title='bbox 975 4555 1196 4609; x_wconf 89' lang='lat' dir='ltr'><strong>multum</strong></span> <span class='ocrx_word' id='word_1_698' title='bbox 1229 4558 1452 4612; x_wconf 69' lang='lat' dir='ltr'><strong>aediﬁcat</strong></span> <span class='ocrx_word' id='word_1_699' title='bbox 1483 4562 1734 4630; x_wconf 86' lang='lat' dir='ltr'><strong>legentes,</strong></span> 
     </span>
    </p>
   </div>
   <div class='ocr_carea' id='block_1_92' title="bbox 188 4638 1739 4712">
    <p class='ocr_par' dir='ltr' id='par_1_92' title="bbox 188 4638 1739 4712">
     <span class='ocr_line' id='line_1_92' title="bbox 188 4638 1739 4712; baseline 0.011 -22"><span class='ocrx_word' id='word_1_700' title='bbox 188 4640 332 4708; x_wconf 87' lang='lat' dir='ltr'><strong>quod</strong></span> <span class='ocrx_word' id='word_1_701' title='bbox 363 4638 624 4691; x_wconf 80' lang='lat' dir='ltr'><strong>Abraham</strong></span> <span class='ocrx_word' id='word_1_702' title='bbox 671 4641 878 4707; x_wconf 84' lang='lat' dir='ltr'><strong>ignotos</strong></span> <span class='ocrx_word' id='word_1_703' title='bbox 931 4645 1069 4696; x_wconf 89' lang='lat' dir='ltr'><strong>viros</strong></span> <span class='ocrx_word' id='word_1_704' title='bbox 1119 4647 1402 4712; x_wconf 84' lang='lat' dir='ltr'><strong>aspiciens,</strong></span> <span class='ocrx_word' id='word_1_705' title='bbox 1436 4658 1608 4706; x_wconf 85' lang='lat' dir='ltr'><strong>statim</strong></span> <span class='ocrx_word' id='word_1_706' title='bbox 1649 4671 1739 4707; x_wconf 85' lang='lat' dir='ltr'><strong>cu-</strong></span> 
     </span>
    </p>
   </div>
   <div class='ocr_carea' id='block_1_93' title="bbox 189 4717 1740 4810">
    <p class='ocr_par' dir='ltr' id='par_1_93' title="bbox 189 4717 1740 4810">
     <span class='ocr_line' id='line_1_93' title="bbox 189 4717 1740 4810; baseline 0.013 -32"><span class='ocrx_word' id='word_1_707' title='bbox 189 4717 356 4783; x_wconf 74' lang='lat' dir='ltr'><strong>cur&#39;rit</strong></span> <span class='ocrx_word' id='word_1_708' title='bbox 388 4730 437 4781; x_wconf 91' lang='lat' dir='ltr'><strong>in</strong></span> <span class='ocrx_word' id='word_1_709' title='bbox 467 4742 742 4796; x_wconf 76' lang='lat' dir='ltr'><strong>occursum</strong></span> <span class='ocrx_word' id='word_1_710' title='bbox 783 4745 966 4783; x_wconf 89' lang='lat' dir='ltr'><strong>eorum</strong></span> <span class='ocrx_word' id='word_1_711' title='bbox 1012 4736 1156 4799; x_wconf 87' lang='lat' dir='ltr'><strong>quasi</strong></span> <span class='ocrx_word' id='word_1_712' title='bbox 1189 4741 1475 4808; x_wconf 75' lang='lat' dir='ltr'><strong>peregrinis</strong></span> <span class='ocrx_word' id='word_1_713' title='bbox 1507 4741 1740 4810; x_wconf 86' lang='lat' dir='ltr'><strong>hospita-</strong></span> 
     </span>
    </p>
   </div>
   <div class='ocr_carea' id='block_1_94' title="bbox 191 4815 1737 4892">
    <p class='ocr_par' dir='ltr' id='par_1_94' title="bbox 191 4815 1737 4892">
     <span class='ocr_line' id='line_1_94' title="bbox 191 4815 1737 4892; baseline 0.012 -23"><span class='ocrx_word' id='word_1_714' title='bbox 191 4815 361 4870; x_wconf 85' lang='lat' dir='ltr'><strong>litatis</strong></span> <span class='ocrx_word' id='word_1_715' title='bbox 388 4819 607 4885; x_wconf 84' lang='lat' dir='ltr'><strong>gratiam</strong></span> <span class='ocrx_word' id='word_1_716' title='bbox 640 4817 981 4882; x_wconf 61' lang='lat' dir='ltr'><strong>praebitnrus;</strong></span> <span class='ocrx_word' id='word_1_717' title='bbox 1013 4822 1150 4885; x_wconf 86' lang='lat' dir='ltr'><strong>quod</strong></span> <span class='ocrx_word' id='word_1_718' title='bbox 1187 4838 1502 4892; x_wconf 86' lang='lat' dir='ltr'><strong>approptans</strong></span> <span class='ocrx_word' id='word_1_719' title='bbox 1531 4833 1606 4884; x_wconf 88' lang='lat' dir='ltr'><strong>eis</strong></span> <span class='ocrx_word' id='word_1_720' title='bbox 1640 4833 1737 4887; x_wconf 89' lang='lat' dir='ltr'><strong>hu-</strong></span> 
     </span>
    </p>
   </div>
   <div class='ocr_carea' id='block_1_95' title="bbox 194 4905 1736 4978">
    <p class='ocr_par' dir='ltr' id='par_1_95' title="bbox 194 4905 1736 4978">
     <span class='ocr_line' id='line_1_95' title="bbox 194 4905 1736 4978; baseline 0.012 -22"><span class='ocrx_word' id='word_1_721' title='bbox 194 4905 397 4958; x_wconf 82' lang='lat' dir='ltr'><strong>militer</strong></span> <span class='ocrx_word' id='word_1_722' title='bbox 442 4906 676 4958; x_wconf 86' lang='lat' dir='ltr'><strong>adoravit</strong></span> <span class='ocrx_word' id='word_1_723' title='bbox 722 4907 963 4972; x_wconf 88' lang='lat' dir='ltr'><strong>interra,</strong></span> <span class='ocrx_word' id='word_1_724' title='bbox 1009 4910 1150 4975; x_wconf 87' lang='lat' dir='ltr'><strong>quod</strong></span> <span class='ocrx_word' id='word_1_725' title='bbox 1199 4915 1540 4971; x_wconf 74' lang='lat' dir='ltr'><strong>ministerium</strong></span> <span class='ocrx_word' id='word_1_726' title='bbox 1587 4937 1736 4978; x_wconf 87' lang='lat' dir='ltr'><strong>suum</strong></span> 
     </span>
    </p>
   </div>
   <div class='ocr_carea' id='block_1_96' title="bbox 193 5001 1739 5072">
    <p class='ocr_par' dir='ltr' id='par_1_96' title="bbox 193 5001 1739 5072">
     <span class='ocr_line' id='line_1_96' title="bbox 193 5001 1739 5072; baseline 0.005 -26"><span class='ocrx_word' id='word_1_727' title='bbox 193 5009 294 5047; x_wconf 83' lang='lat' dir='ltr'><strong>eos</strong></span> <span class='ocrx_word' id='word_1_728' title='bbox 322 5008 627 5059; x_wconf 77' lang='lat' dir='ltr'><strong>exspectare</strong></span> <span class='ocrx_word' id='word_1_729' title='bbox 656 5008 813 5066; x_wconf 90' lang='lat' dir='ltr'><strong>atque</strong></span> <span class='ocrx_word' id='word_1_730' title='bbox 834 5001 1076 5066; x_wconf 84' lang='lat' dir='ltr'><strong>accipere</strong></span> <span class='ocrx_word' id='word_1_731' title='bbox 1105 5005 1328 5066; x_wconf 85' lang='lat' dir='ltr'><strong>rogavit,</strong></span> <span class='ocrx_word' id='word_1_732' title='bbox 1355 5009 1492 5072; x_wconf 90' lang='lat' dir='ltr'><strong>quod</strong></span> <span class='ocrx_word' id='word_1_733' title='bbox 1521 5024 1739 5066; x_wconf 70' lang='lat' dir='ltr'><strong>censen.</strong></span> 
     </span>
    </p>
   </div>
   <div class='ocr_carea' id='block_1_97' title="bbox 196 5084 1740 5162">
    <p class='ocr_par' dir='ltr' id='par_1_97' title="bbox 196 5084 1740 5162">
     <span class='ocr_line' id='line_1_97' title="bbox 196 5084 1740 5162; baseline 0.012 -23"><span class='ocrx_word' id='word_1_734' title='bbox 196 5084 451 5140; x_wconf 87' lang='lat' dir='ltr'><strong>tientibus</strong></span> <span class='ocrx_word' id='word_1_735' title='bbox 479 5087 700 5141; x_wconf 79' lang='lat' dir='ltr'><strong>festinus</strong></span> <span class='ocrx_word' id='word_1_736' title='bbox 731 5090 1008 5156; x_wconf 86' lang='lat' dir='ltr'><strong>exhibuit;</strong></span> <span class='ocrx_word' id='word_1_737' title='bbox 1041 5105 1207 5157; x_wconf 83' lang='lat' dir='ltr'><strong>neque</strong></span> <span class='ocrx_word' id='word_1_738' title='bbox 1237 5093 1337 5147; x_wconf 90' lang='lat' dir='ltr'><strong>hoc</strong></span> <span class='ocrx_word' id='word_1_739' title='bbox 1367 5112 1460 5162; x_wconf 85' lang='lat' dir='ltr'><strong>per</strong></span> <span class='ocrx_word' id='word_1_740' title='bbox 1486 5113 1664 5155; x_wconf 80' lang='lat' dir='ltr'><strong>servos</strong></span> <span class='ocrx_word' id='word_1_741' title='bbox 1687 5114 1740 5158; x_wconf 91' lang='lat' dir='ltr'><strong>et</strong></span> 
     </span>
    </p>
   </div>
   <div class='ocr_carea' id='block_1_98' title="bbox 196 5175 1738 5252">
    <p class='ocr_par' dir='ltr' id='par_1_98' title="bbox 196 5175 1738 5252">
     <span class='ocr_line' id='line_1_98' title="bbox 196 5175 1738 5252; baseline 0.006 -25"><span class='ocrx_word' id='word_1_742' title='bbox 196 5175 443 5237; x_wconf 85' lang='lat' dir='ltr'><strong>ancillas,</strong></span> <span class='ocrx_word' id='word_1_743' title='bbox 475 5176 566 5228; x_wconf 86' lang='lat' dir='ltr'><strong>sed</strong></span> <span class='ocrx_word' id='word_1_744' title='bbox 597 5193 688 5241; x_wconf 84' lang='lat' dir='ltr'><strong>per</strong></span> <span class='ocrx_word' id='word_1_745' title='bbox 715 5179 946 5246; x_wconf 84' lang='lat' dir='ltr'><strong>seipsum</strong></span> <span class='ocrx_word' id='word_1_746' title='bbox 993 5190 1045 5234; x_wconf 90' lang='lat' dir='ltr'><strong>et</strong></span> <span class='ocrx_word' id='word_1_747' title='bbox 1075 5181 1256 5234; x_wconf 88' lang='lat' dir='ltr'><strong>Saram</strong></span> <span class='ocrx_word' id='word_1_748' title='bbox 1288 5186 1591 5252; x_wconf 83' lang='lat' dir='ltr'><strong>complevit.</strong></span> <span class='ocrx_word' id='word_1_749' title='bbox 1643 5195 1738 5246; x_wconf 86' lang='lat' dir='ltr'><strong>Mi-</strong></span> 
     </span>
    </p>
   </div>
   <div class='ocr_carea' id='block_1_99' title="bbox 197 5266 1736 5338">
    <p class='ocr_par' dir='ltr' id='par_1_99' title="bbox 197 5266 1736 5338">
     <span class='ocr_line' id='line_1_99' title="bbox 197 5266 1736 5338; baseline 0.014 -22"><span class='ocrx_word' id='word_1_750' title='bbox 197 5280 320 5320; x_wconf 83' lang='lat' dir='ltr'><strong>rum</strong></span> <span class='ocrx_word' id='word_1_751' title='bbox 349 5278 592 5328; x_wconf 86' lang='lat' dir='ltr'><strong>namque,</strong></span> <span class='ocrx_word' id='word_1_752' title='bbox 626 5266 798 5320; x_wconf 86' lang='lat' dir='ltr'><strong>sinon</strong></span> <span class='ocrx_word' id='word_1_753' title='bbox 827 5268 1085 5334; x_wconf 87' lang='lat' dir='ltr'><strong>homines,</strong></span> <span class='ocrx_word' id='word_1_754' title='bbox 1117 5286 1207 5325; x_wconf 87' lang='lat' dir='ltr'><strong>eos</strong></span> <span class='ocrx_word' id='word_1_755' title='bbox 1233 5289 1352 5325; x_wconf 88' lang='lat' dir='ltr'><strong>cum</strong></span> <span class='ocrx_word' id='word_1_756' title='bbox 1387 5277 1551 5336; x_wconf 76' lang='lat' dir='ltr'><strong>primo</strong></span> <span class='ocrx_word' id='word_1_757' title='bbox 1576 5283 1736 5338; x_wconf 69' lang='lat' dir='ltr'><strong>vidis-</strong></span> 
     </span>
    </p>
   </div>
   <div class='ocr_carea' id='block_1_100' title="bbox 196 5354 1740 5424">
    <p class='ocr_par' dir='ltr' id='par_1_100' title="bbox 196 5354 1740 5424">
     <span class='ocr_line' id='line_1_100' title="bbox 196 5354 1740 5424; baseline 0.01 -16"><span class='ocrx_word' id='word_1_758' title='bbox 196 5363 306 5416; x_wconf 87' lang='lat' dir='ltr'><strong>set,</strong></span> <span class='ocrx_word' id='word_1_759' title='bbox 337 5354 594 5416; x_wconf 88' lang='lat' dir='ltr'><strong>credidit,</strong></span> <span class='ocrx_word' id='word_1_760' title='bbox 626 5368 720 5406; x_wconf 90' lang='lat' dir='ltr'><strong>cur</strong></span> <span class='ocrx_word' id='word_1_761' title='bbox 751 5371 811 5409; x_wconf 89' lang='lat' dir='ltr'><strong>ac</strong></span> <span class='ocrx_word' id='word_1_762' title='bbox 837 5357 1110 5410; x_wconf 86' lang='lat' dir='ltr'><strong>lavandum</strong></span> <span class='ocrx_word' id='word_1_763' title='bbox 1145 5360 1301 5424; x_wconf 86' lang='lat' dir='ltr'><strong>pedes</strong></span> <span class='ocrx_word' id='word_1_764' title='bbox 1330 5361 1407 5414; x_wconf 83' lang='lat' dir='ltr'><strong>eis</strong></span> <span class='ocrx_word' id='word_1_765' title='bbox 1437 5366 1623 5420; x_wconf 70' lang='lat' dir='ltr'><strong>aliene</strong></span> <span class='ocrx_word' id='word_1_766' title='bbox 1651 5387 1740 5424; x_wconf 79' lang='lat' dir='ltr'><strong>vo-</strong></span> 
     </span>
    </p>
   </div>
   <div class='ocr_carea' id='block_1_101' title="bbox 199 5444 1739 5514">
    <p class='ocr_par' dir='ltr' id='par_1_101' title="bbox 199 5444 1739 5514">
     <span class='ocr_line' id='line_1_101' title="bbox 199 5444 1739 5514; baseline 0.011 -18"><span class='ocrx_word' id='word_1_767' title='bbox 199 5444 361 5498; x_wconf 88' lang='lat' dir='ltr'><strong>luerit</strong></span> <span class='ocrx_word' id='word_1_768' title='bbox 411 5455 632 5508; x_wconf 88' lang='lat' dir='ltr'><strong>aquam;</strong></span> <span class='ocrx_word' id='word_1_769' title='bbox 688 5445 950 5511; x_wconf 82' lang='lat' dir='ltr'><strong>quomodo</strong></span> <span class='ocrx_word' id='word_1_770' title='bbox 1020 5449 1349 5514; x_wconf 87' lang='lat' dir='ltr'><strong>requiescere</strong></span> <span class='ocrx_word' id='word_1_771' title='bbox 1400 5454 1496 5506; x_wconf 88' lang='lat' dir='ltr'><strong>sub</strong></span> <span class='ocrx_word' id='word_1_772' title='bbox 1551 5459 1739 5513; x_wconf 84' lang='lat' dir='ltr'><strong>arbore</strong></span> 
     </span>
    </p>
   </div>
   <div class='ocr_carea' id='block_1_102' title="bbox 266 5568 708 5634">
    <p class='ocr_par' dir='ltr' id='par_1_102' title="bbox 266 5568 708 5634">
     <span class='ocr_line' id='line_1_102' title="bbox 266 5568 708 5634; baseline -0.002 -13"><span class='ocrx_word' id='word_1_773' title='bbox 266 5579 294 5607; x_wconf 76' lang='grc'><strong>⁸</strong></span> <span class='ocrx_word' id='word_1_774' title='bbox 337 5569 443 5634; x_wconf 76' lang='lat' dir='ltr'><strong>AL,</strong></span> <span class='ocrx_word' id='word_1_775' title='bbox 469 5568 708 5634; x_wconf 81' lang='lat' dir='ltr'><strong>corporis.</strong></span> 
     </span>
    </p>
   </div>
   <div class='ocr_carea' id='block_1_103' title="bbox 164 5636 742 5705">
    <p class='ocr_par' dir='ltr' id='par_1_103' title="bbox 164 5636 742 5705">
     <span class='ocr_line' id='line_1_103' title="bbox 164 5636 742 5705; baseline -0.009 -9"><span class='ocrx_word' id='word_1_776' title='bbox 164 5657 166 5659; x_wconf 68' lang='lat'><strong><em>&#39;</em></strong></span> <span class='ocrx_word' id='word_1_777' title='bbox 264 5636 294 5674; x_wconf 67' lang='grc' dir='ltr'>δ</span> <span class='ocrx_word' id='word_1_778' title='bbox 317 5639 427 5705; x_wconf 76' lang='lat' dir='ltr'><strong>AL,</strong></span> <span class='ocrx_word' id='word_1_779' title='bbox 462 5637 742 5704; x_wconf 77' lang='lat' dir='ltr'><strong>reﬁciendo.</strong></span> 
     </span>
    </p>
   </div>
   <div class='ocr_carea' id='block_1_104' title="bbox 1843 4465 3388 4539">
    <p class='ocr_par' dir='ltr' id='par_1_104' title="bbox 1843 4465 3388 4539">
     <span class='ocr_line' id='line_1_104' title="bbox 1843 4465 3388 4539; baseline 0.01 -23"><span class='ocrx_word' id='word_1_780' title='bbox 1843 4465 1983 4528; x_wconf 85' lang='lat' dir='ltr'><strong>ham,</strong></span> <span class='ocrx_word' id='word_1_781' title='bbox 2011 4465 2132 4534; x_wconf 85' lang='lat' dir='ltr'><strong>quia</strong></span> <span class='ocrx_word' id='word_1_782' title='bbox 2163 4467 2408 4519; x_wconf 90' lang='lat' dir='ltr'><strong>nimirum</strong></span> <span class='ocrx_word' id='word_1_783' title='bbox 2441 4482 2661 4531; x_wconf 85' lang='lat' dir='ltr'><strong>necesse</strong></span> <span class='ocrx_word' id='word_1_784' title='bbox 2690 4480 2773 4523; x_wconf 88' lang='lat' dir='ltr'><strong>est</strong></span> <span class='ocrx_word' id='word_1_785' title='bbox 2803 4482 2857 4524; x_wconf 90' lang='lat' dir='ltr'><strong>ut</strong></span> <span class='ocrx_word' id='word_1_786' title='bbox 2885 4473 2973 4539; x_wconf 91' lang='lat' dir='ltr'><strong>qui</strong></span> <span class='ocrx_word' id='word_1_787' title='bbox 2995 4474 3143 4528; x_wconf 79' lang='lat' dir='ltr'><strong>cives</strong></span> <span class='ocrx_word' id='word_1_788' title='bbox 3171 4478 3289 4532; x_wconf 67' lang='lat' dir='ltr'><strong>caeli</strong></span> <span class='ocrx_word' id='word_1_789' title='bbox 3313 4481 3388 4532; x_wconf 80' lang='lat' dir='ltr'><strong>vi-</strong></span> 
     </span>
    </p>
   </div>
   <div class='ocr_carea' id='block_1_105' title="bbox 1808 4555 3384 4625">
    <p class='ocr_par' dir='ltr' id='par_1_105' title="bbox 1808 4555 3384 4625">
     <span class='ocr_line' id='line_1_105' title="bbox 1808 4555 3384 4625; baseline 0.011 -18"><span class='ocrx_word' id='word_1_790' title='bbox 1808 4592 1811 4596; x_wconf 60' lang='lat'><strong>.</strong></span> <span class='ocrx_word' id='word_1_791' title='bbox 1839 4555 1986 4619; x_wconf 88' lang='lat' dir='ltr'><strong>dere,</strong></span> <span class='ocrx_word' id='word_1_792' title='bbox 2016 4556 2104 4623; x_wconf 89' lang='lat' dir='ltr'><strong>qui</strong></span> <span class='ocrx_word' id='word_1_793' title='bbox 2146 4556 2337 4608; x_wconf 75' lang='lat' dir='ltr'><strong>divina:</strong></span> <span class='ocrx_word' id='word_1_794' title='bbox 2366 4555 2653 4623; x_wconf 68' lang='lat' dir='ltr'><strong>lllajestatis</strong></span> <span class='ocrx_word' id='word_1_795' title='bbox 2673 4559 2895 4625; x_wconf 88' lang='lat' dir='ltr'><strong>gloriam</strong></span> <span class='ocrx_word' id='word_1_796' title='bbox 2918 4571 2973 4613; x_wconf 84' lang='lat' dir='ltr'><strong>et</strong></span> <span class='ocrx_word' id='word_1_797' title='bbox 2995 4577 3183 4617; x_wconf 86' lang='lat' dir='ltr'><strong>arcana</strong></span> <span class='ocrx_word' id='word_1_798' title='bbox 3228 4583 3384 4624; x_wconf 66' lang='lat' dir='ltr'><strong>nosse</strong></span> 
     </span>
    </p>
   </div>
   <div class='ocr_carea' id='block_1_106' title="bbox 1840 4643 3383 4709">
    <p class='ocr_par' dir='ltr' id='par_1_106' title="bbox 1840 4643 3383 4709">
     <span class='ocr_line' id='line_1_106' title="bbox 1840 4643 3383 4709; baseline 0.008 -15"><span class='ocrx_word' id='word_1_799' title='bbox 1840 4643 2185 4707; x_wconf 80' lang='lat' dir='ltr'><strong>concupiscit,</strong></span> <span class='ocrx_word' id='word_1_800' title='bbox 2212 4657 2421 4694; x_wconf 87' lang='lat' dir='ltr'><strong>onmem</strong></span> <span class='ocrx_word' id='word_1_801' title='bbox 2455 4648 2643 4696; x_wconf 79' lang='lat' dir='ltr'><strong>utentis</strong></span> <span class='ocrx_word' id='word_1_802' title='bbox 2685 4645 2928 4699; x_wconf 89' lang='lat' dir='ltr'><strong>intuitum</strong></span> <span class='ocrx_word' id='word_1_803' title='bbox 2958 4650 3025 4700; x_wconf 90' lang='lat' dir='ltr'><strong>ab</strong></span> <span class='ocrx_word' id='word_1_804' title='bbox 3055 4651 3246 4706; x_wconf 84' lang='lat' dir='ltr'><strong>inlimis</strong></span> <span class='ocrx_word' id='word_1_805' title='bbox 3285 4658 3383 4709; x_wconf 75' lang='lat' dir='ltr'><strong>do-</strong></span> 
     </span>
    </p>
   </div>
   <div class='ocr_carea' id='block_1_107' title="bbox 1840 4733 3383 4802">
    <p class='ocr_par' dir='ltr' id='par_1_107' title="bbox 1840 4733 3383 4802">
     <span class='ocr_line' id='line_1_107' title="bbox 1840 4733 3383 4802; baseline 0.011 -17"><span class='ocrx_word' id='word_1_806' title='bbox 1840 4734 2051 4785; x_wconf 81' lang='lat' dir='ltr'><strong>sideriis</strong></span> <span class='ocrx_word' id='word_1_807' title='bbox 2081 4733 2266 4798; x_wconf 89' lang='lat' dir='ltr'><strong>erigat,</strong></span> <span class='ocrx_word' id='word_1_808' title='bbox 2293 4747 2355 4784; x_wconf 89' lang='lat' dir='ltr'><strong>ac</strong></span> <span class='ocrx_word' id='word_1_809' title='bbox 2387 4734 2567 4786; x_wconf 86' lang='lat' dir='ltr'><strong>sedula</strong></span> <span class='ocrx_word' id='word_1_810' title='bbox 2615 4737 2903 4793; x_wconf 88' lang='lat' dir='ltr'><strong>intentione</strong></span> <span class='ocrx_word' id='word_1_811' title='bbox 2947 4741 3009 4794; x_wconf 87' lang='lat' dir='ltr'><strong>ad</strong></span> <span class='ocrx_word' id='word_1_812' title='bbox 3050 4743 3220 4798; x_wconf 88' lang='lat' dir='ltr'><strong>lucem</strong></span> <span class='ocrx_word' id='word_1_813' title='bbox 3274 4751 3383 4802; x_wconf 82' lang='lat' dir='ltr'><strong>veri</strong></span> 
     </span>
    </p>
   </div>
   <div class='ocr_carea' id='block_1_108' title="bbox 1841 4821 3384 4895">
    <p class='ocr_par' dir='ltr' id='par_1_108' title="bbox 1841 4821 3384 4895">
     <span class='ocr_line' id='line_1_108' title="bbox 1841 4821 3384 4895; baseline 0.009 -20"><span class='ocrx_word' id='word_1_814' title='bbox 1841 4821 1977 4875; x_wconf 81' lang='lat' dir='ltr'><strong>Solis</strong></span> <span class='ocrx_word' id='word_1_815' title='bbox 2002 4824 2222 4888; x_wconf 88' lang='lat' dir='ltr'><strong>aperiat.</strong></span> <span class='ocrx_word' id='word_1_816' title='bbox 2277 4822 2415 4876; x_wconf 82' lang='lat' dir='ltr'><strong>Bene</strong></span> <span class='ocrx_word' id='word_1_817' title='bbox 2466 4825 2784 4880; x_wconf 63' lang='lat' dir='ltr'><strong>subinl’ertur</strong></span> <span class='ocrx_word' id='word_1_818' title='bbox 2831 4830 2946 4895; x_wconf 88' lang='lat' dir='ltr'><strong>quia</strong></span> <span class='ocrx_word' id='word_1_819' title='bbox 2995 4849 3111 4885; x_wconf 90' lang='lat' dir='ltr'><strong>cum</strong></span> <span class='ocrx_word' id='word_1_820' title='bbox 3165 4837 3384 4892; x_wconf 80' lang='lat' dir='ltr'><strong>vidisset</strong></span> 
     </span>
    </p>
   </div>
   <div class='ocr_carea' id='block_1_109' title="bbox 1838 4910 3381 4988">
    <p class='ocr_par' dir='ltr' id='par_1_109' title="bbox 1838 4910 3381 4988">
     <span class='ocr_line' id='line_1_109' title="bbox 1838 4910 3381 4988; baseline 0.01 -26"><span class='ocrx_word' id='word_1_821' title='bbox 1838 4912 2070 4975; x_wconf 80' lang='lat' dir='ltr'><strong>angelos,</strong></span> <span class='ocrx_word' id='word_1_822' title='bbox 2100 4910 2327 4963; x_wconf 83' lang='lat' dir='ltr'><strong>cucurrit</strong></span> <span class='ocrx_word' id='word_1_823' title='bbox 2362 4914 2420 4988; x_wconf 20' lang='lat' dir='ltr'><strong>iu.</strong></span> <span class='ocrx_word' id='word_1_824' title='bbox 2442 4925 2719 4966; x_wconf 84' lang='lat' dir='ltr'><strong>occursum</strong></span> <span class='ocrx_word' id='word_1_825' title='bbox 2748 4931 2952 4982; x_wconf 87' lang='lat' dir='ltr'><strong>eorum,</strong></span> <span class='ocrx_word' id='word_1_826' title='bbox 2983 4921 3229 4986; x_wconf 86' lang='lat' dir='ltr'><strong>adorans,</strong></span> <span class='ocrx_word' id='word_1_827' title='bbox 3262 4939 3381 4976; x_wconf 86' lang='lat' dir='ltr'><strong>eos-</strong></span> 
     </span>
    </p>
   </div>
   <div class='ocr_carea' id='block_1_110' title="bbox 1839 5000 3380 5073">
    <p class='ocr_par' dir='ltr' id='par_1_110' title="bbox 1839 5000 3380 5073">
     <span class='ocr_line' id='line_1_110' title="bbox 1839 5000 3380 5073; baseline 0.01 -24"><span class='ocrx_word' id='word_1_828' title='bbox 1839 5013 1940 5065; x_wconf 88' lang='lat' dir='ltr'><strong>que</strong></span> <span class='ocrx_word' id='word_1_829' title='bbox 1991 5013 2055 5049; x_wconf 90' lang='lat' dir='ltr'><strong>ne</strong></span> <span class='ocrx_word' id='word_1_830' title='bbox 2081 5012 2138 5050; x_wconf 85' lang='lat' dir='ltr'><strong>se</strong></span> <span class='ocrx_word' id='word_1_831' title='bbox 2169 5000 2456 5052; x_wconf 85' lang='lat' dir='ltr'><strong>transirent</strong></span> <span class='ocrx_word' id='word_1_832' title='bbox 2520 5005 2717 5062; x_wconf 61' lang='lat' dir='ltr'><strong>meavit</strong></span> <span class='ocrx_word' id='word_1_833' title='bbox 2796 5007 2914 5073; x_wconf 85' lang='lat' dir='ltr'><strong>quia</strong></span> <span class='ocrx_word' id='word_1_834' title='bbox 2963 5023 3176 5061; x_wconf 90' lang='lat' dir='ltr'><strong>necesse</strong></span> <span class='ocrx_word' id='word_1_835' title='bbox 3217 5021 3296 5062; x_wconf 88' lang='lat' dir='ltr'><strong>est</strong></span> <span class='ocrx_word' id='word_1_836' title='bbox 3327 5027 3380 5065; x_wconf 89' lang='lat' dir='ltr'><strong>ut</strong></span> 
     </span>
    </p>
   </div>
   <div class='ocr_carea' id='block_1_111' title="bbox 1838 5086 3376 5166">
    <p class='ocr_par' dir='ltr' id='par_1_111' title="bbox 1838 5086 3376 5166">
     <span class='ocr_line' id='line_1_111' title="bbox 1838 5086 3376 5166; baseline 0.01 -28"><span class='ocrx_word' id='word_1_837' title='bbox 1838 5086 2254 5154; x_wconf 85' lang='lat' dir='ltr'><strong>quotiescunque</strong></span> <span class='ocrx_word' id='word_1_838' title='bbox 2306 5104 2519 5156; x_wconf 77' lang='lat' dir='ltr'><strong>gnsmm</strong></span> <span class='ocrx_word' id='word_1_839' title='bbox 2560 5091 2790 5166; x_wconf 84' lang='lat' dir='ltr'><strong>aliquem</strong></span> <span class='ocrx_word' id='word_1_840' title='bbox 2841 5097 3059 5148; x_wconf 70' lang='lat' dir='ltr'><strong>internae</strong></span> <span class='ocrx_word' id='word_1_841' title='bbox 3088 5098 3376 5154; x_wconf 78' lang='lat' dir='ltr'><strong>dulcedinis</strong></span> 
     </span>
    </p>
   </div>
   <div class='ocr_carea' id='block_1_112' title="bbox 1838 5171 3376 5254">
    <p class='ocr_par' dir='ltr' id='par_1_112' title="bbox 1838 5171 3376 5254">
     <span class='ocr_line' id='line_1_112' title="bbox 1838 5171 3376 5254; baseline 0.011 -28"><span class='ocrx_word' id='word_1_842' title='bbox 1838 5177 2013 5227; x_wconf 87' lang='lat' dir='ltr'><strong>animo</strong></span> <span class='ocrx_word' id='word_1_843' title='bbox 2042 5177 2390 5242; x_wconf 83' lang='lat' dir='ltr'><strong>concipimus,</strong></span> <span class='ocrx_word' id='word_1_844' title='bbox 2421 5195 2539 5231; x_wconf 84' lang='lat' dir='ltr'><strong>mox</strong></span> <span class='ocrx_word' id='word_1_845' title='bbox 2571 5179 2812 5244; x_wconf 82' lang='lat' dir='ltr'><strong>omnibus</strong></span> <span class='ocrx_word' id='word_1_846' title='bbox 2843 5185 2976 5234; x_wconf 83' lang='lat' dir='ltr'><strong>votis</strong></span> <span class='ocrx_word' id='word_1_847' title='bbox 3023 5177 3084 5236; x_wconf 84' lang='lat' dir='ltr'><strong>ac</strong></span> <span class='ocrx_word' id='word_1_848' title='bbox 3122 5171 3376 5254; x_wconf 83' lang='lat' dir='ltr'><strong>promptis</strong></span> 
     </span>
    </p>
   </div>
   <div class='ocr_carea' id='block_1_113' title="bbox 1839 5267 3394 5338">
    <p class='ocr_par' dir='ltr' id='par_1_113' title="bbox 1839 5267 3394 5338">
     <span class='ocr_line' id='line_1_113' title="bbox 1839 5267 3394 5338; baseline 0.009 -21"><span class='ocrx_word' id='word_1_849' title='bbox 1839 5267 2090 5318; x_wconf 85' lang='lat' dir='ltr'><strong>bonorum</strong></span> <span class='ocrx_word' id='word_1_850' title='bbox 2119 5283 2339 5333; x_wconf 81' lang='lat' dir='ltr'><strong>operum</strong></span> <span class='ocrx_word' id='word_1_851' title='bbox 2369 5271 2634 5336; x_wconf 77' lang='lat' dir='ltr'><strong>gressibus</strong></span> <span class='ocrx_word' id='word_1_852' title='bbox 2659 5280 2974 5338; x_wconf 75' lang='lat' dir='ltr'><strong>sataganms,</strong></span> <span class='ocrx_word' id='word_1_853' title='bbox 3007 5287 3071 5324; x_wconf 93' lang='lat' dir='ltr'><strong>ne</strong></span> <span class='ocrx_word' id='word_1_854' title='bbox 3098 5289 3192 5326; x_wconf 84' lang='lat' dir='ltr'><strong>nos</strong></span> <span class='ocrx_word' id='word_1_855' title='bbox 3225 5276 3394 5332; x_wconf 19' lang='lat' dir='ltr'><strong>citius,</strong></span> 
     </span>
    </p>
   </div>
   <div class='ocr_carea' id='block_1_114' title="bbox 1837 5356 3376 5432">
    <p class='ocr_par' dir='ltr' id='par_1_114' title="bbox 1837 5356 3376 5432">
     <span class='ocr_line' id='line_1_114' title="bbox 1837 5356 3376 5432; baseline 0.008 -24"><span class='ocrx_word' id='word_1_856' title='bbox 1837 5356 2018 5408; x_wconf 80' lang='lat' dir='ltr'><strong>eadem</strong></span> <span class='ocrx_word' id='word_1_857' title='bbox 2043 5357 2264 5408; x_wconf 87' lang='lat' dir='ltr'><strong>dulcedo</strong></span> <span class='ocrx_word' id='word_1_858' title='bbox 2288 5361 2572 5426; x_wconf 84' lang='lat' dir='ltr'><strong>relinquat;</strong></span> <span class='ocrx_word' id='word_1_859' title='bbox 2593 5359 2686 5412; x_wconf 82' lang='lat' dir='ltr'><strong>sed</strong></span> <span class='ocrx_word' id='word_1_860' title='bbox 2710 5375 2826 5426; x_wconf 73' lang='lat' dir='ltr'><strong>qua:</strong></span> <span class='ocrx_word' id='word_1_861' title='bbox 2855 5360 2916 5413; x_wconf 81' lang='lat' dir='ltr'><strong>ad</strong></span> <span class='ocrx_word' id='word_1_862' title='bbox 2943 5371 3146 5429; x_wconf 89' lang='lat' dir='ltr'><strong>tempus</strong></span> <span class='ocrx_word' id='word_1_863' title='bbox 3171 5376 3376 5432; x_wconf 77' lang='lat' dir='ltr'><strong>gustata</strong></span> 
     </span>
    </p>
   </div>
   <div class='ocr_carea' id='block_1_115' title="bbox 1838 5451 3375 5530">
    <p class='ocr_par' dir='ltr' id='par_1_115' title="bbox 1838 5451 3375 5530">
     <span class='ocr_line' id='line_1_115' title="bbox 1838 5451 3375 5530; baseline 0.004 -27"><span class='ocrx_word' id='word_1_864' title='bbox 1838 5458 1936 5515; x_wconf 68' lang='lat' dir='ltr'><strong>est,</strong></span> <span class='ocrx_word' id='word_1_865' title='bbox 1969 5452 2215 5503; x_wconf 88' lang='lat' dir='ltr'><strong>memoria</strong></span> <span class='ocrx_word' id='word_1_866' title='bbox 2242 5463 2483 5517; x_wconf 78' lang='lat' dir='ltr'><strong>superna:</strong></span> <span class='ocrx_word' id='word_1_867' title='bbox 2513 5451 2788 5530; x_wconf 74' lang='lat' dir='ltr'><strong>suavitatis</strong></span> <span class='ocrx_word' id='word_1_868' title='bbox 2818 5462 3022 5505; x_wconf 88' lang='lat' dir='ltr'><strong>mentes</strong></span> <span class='ocrx_word' id='word_1_869' title='bbox 3050 5462 3254 5508; x_wconf 71' lang='lat' dir='ltr'><strong>nostras</strong></span> <span class='ocrx_word' id='word_1_870' title='bbox 3268 5458 3375 5510; x_wconf 78' lang='lat' dir='ltr'><strong>ali-</strong></span> 
     </span>
    </p>
   </div>
   <div class='ocr_carea' id='block_1_116' title="bbox 1920 5583 2405 5648">
    <p class='ocr_par' dir='ltr' id='par_1_116' title="bbox 1920 5583 2405 5648">
     <span class='ocr_line' id='line_1_116' title="bbox 1920 5583 2405 5648; baseline -0.002 -14"><span class='ocrx_word' id='word_1_871' title='bbox 1920 5595 1943 5624; x_wconf 68' lang='grc' dir='ltr'>ι</span> <span class='ocrx_word' id='word_1_872' title='bbox 1967 5583 2075 5647; x_wconf 80' lang='lat' dir='ltr'><strong>AL,</strong></span> <span class='ocrx_word' id='word_1_873' title='bbox 2107 5591 2159 5633; x_wconf 82' lang='lat' dir='ltr'><strong>ut</strong></span> <span class='ocrx_word' id='word_1_874' title='bbox 2190 5584 2405 5648; x_wconf 79' lang='lat' dir='ltr'><strong>iamque.</strong></span> 
     </span>
    </p>
   </div>
   <div class='ocr_carea' id='block_1_117' title="bbox 1915 5651 2405 5710">
    <p class='ocr_par' dir='ltr' id='par_1_117' title="bbox 1915 5651 2405 5710">
     <span class='ocr_line' id='line_1_117' title="bbox 1915 5651 2405 5710; baseline -0.01 -5"><span class='ocrx_word' id='word_1_875' title='bbox 1915 5651 2037 5707; x_wconf 70' lang='lat' dir='ltr'><strong>‘Al.</strong></span> <span class='ocrx_word' id='word_1_876' title='bbox 2067 5651 2209 5704; x_wconf 83' lang='lat' dir='ltr'><strong>addit</strong></span> <span class='ocrx_word' id='word_1_877' title='bbox 2233 5651 2283 5701; x_wconf 87' lang='lat' dir='ltr'><strong>id</strong></span> <span class='ocrx_word' id='word_1_878' title='bbox 2313 5659 2405 5710; x_wconf 83' lang='lat' dir='ltr'><strong>est,</strong></span> 
     </span>
    </p>
   </div>
  </div>
