3866 6248
156 364 257 417 ιω

1367 364 1832 420 IIEXAEMERON
1877 366 1998 437 LIB.
2043 366 2128 420 IV.

3241 374 3334 429 ΠΟ

151 467 275 536 styli
299 467 410 530 ipse
433 467 482 518 iu
505 483 561 522 se
583 469 852 523 scientiam
871 471 920 522 in
947 479 1189 524 tantum'|
1212 470 1463 535 obtineat,
1490 469 1682 538 utquid
1717 475 1760 528 Α
1791 470 2060 524 andentior
2089 471 2152 522 ad
2201 471 2472 524 Dominum
2499 475 2726 539 accedit;
2760 475 2886 528 Sara
2933 478 3116 533 timore
3142 494 3202 533 ac
3234 497 3324 534 ve-

152 557 206 609 in
241 569 299 609 se
329 559 548 610 fervoris
592 559 863 624 spiritalis,
890 569 1136 625 quantum
1167 559 1426 613 alimonize
1457 559 1688 614 caelestis

154 645 367 704 habeat,
401 661 502 698 non
521 644 546 681 δ
572 646 722 699 facile
750 649 918 700 luceat
944 665 956 710 ;
983 657 1035 699 at
1054 648 1199 709 dum,
1230 648 1404 701 ablato
1428 650 1686 701 velamine

147 730 358 792 littera,
379 747 470 799 per
497 731 844 786 ministerium
869 735 1223 801 prmdieatoris
1246 739 1474 789 suavitas
1500 750 1688 789 sensus

145 818 398 884 Spiritalis
446 819 739 872 auditorum
765 831 785 857 ε
819 822 1062 873 cordibus
1109 834 1393 888 reseratur,
1427 824 1571 891 quasi
1593 838 1688 874 es-

145 921 304 959 cusso
333 908 530 973 cinere,
564 923 722 976 panes
763 908 1048 962 dulcissimi
1104 911 1396 964 reficiendis
1446 913 1687 964 fidelibus

144 993 456 1048 oﬂ'eruntnr.

223 1109 426 1164 Vitulus
468 1128 674 1178 qunque
724 1117 1034 1168 tenerrimus
1075 1117 1408 1184 et.optiinns
1439 1131 1590 1184 quem
1623 1117 1690 1170 de

149 1213 394 1254 armento
417 1204 530 1254 tulit
561 1203 839 1268 Abraham,
860 1207 1026 1274 ipsum
1049 1205 1383 1260 Mediatorem
1410 1205 1500 1259 Dei
1528 1219 1574 1258 et
1597 1205 1690 1257 ho-

146 1290 348 1343 minum
379 1295 653 1357 signiﬁcat,
683 1310 836 1360 quem
869 1310 962 1362 pro
996 1305 1291 1350 revertente
1328 1313 1356 1350 a
1394 1312 1451 1350 se
1483 1295 1687 1363 lilioju-

145 1377 317 1440 niore,
342 1378 391 1432 id
410 1389 490 1437 est
511 1382 700 1448 populo
727 1387 982 1452 gentium,
1008 1383 1156 1450 juxta
1188 1383 1484 1453 parabolarn
1515 1385 1687 1436 Evan-

141 1468 288 1535 gelii,
325 1476 472 1534 pater
518 1470 962 1526 clementissimus
1001 1473 1267 1525 mactavit.
1308 1471 1422 1539 Ipse
1466 1485 1691 1539 namque

142 1567 227 1608 est
255 1556 447 1610 vitulus
467 1557 533 1611 de
561 1573 801 1612 armemo
827 1558 1143 1613 tenerrimus
1167 1569 1220 1612 et
1240 1551 1488 1628 optimus,
1513 1560 1575 1612 ad
1603 1573 1690 1611 oe~

142 1643 423 1698 cideudum
472 1646 907 1714 coquendumque
955 1646 1287 1715 singulariter
1328 1647 1449 1701 οωιί
1492 1646 1688 1698 civibus

138 1741 466 1800 assumptus,
481 1734 600 1801 quia
616 1734 681 1788 de
704 1737 841 1788 omni
865 1736 1294 1804 bumanogenere
1313 1735 1456 1788 solus
1477 1744 1556 1788 est
1574 1749 1689 1801 spe-

1794 560 2035 613 reeundia
2094 560 2329 612 muliebri
2380 575 2516 614 sese
2548 563 2596 615 in
2651 557 3004 632 tabernaculo,
3052 570 3157 620 imo
3205 580 3324 637 post

1790 649 1976 700 ostium
2017 649 2330 702 tabernaculi
2371 652 2596 715 cohibet,
2631 669 2724 706 nec
2749 654 2854 722 jam
2884 658 3192 724 appropiare
3219 674 3320 713 au-

1791 735 1895 798 det,
1929 737 2018 788 sed
2050 737 2114 789 de
2139 738 2327 791 abditis
2348 753 2462 806 quze
2497 741 2574 793 vir
2599 757 2721 795 suus
2750 758 2867 795 cum
2899 743 3118 797 Domino
3147 747 3323 813 loqua-

1793 833 1874 876 tur
1925 825 2199 877 auscultat.
2251 826 2472 894 Ideoque
2528 831 2770 896 quoniam
2816 843 2866 884 et
2907 835 3087 886 devOla
3118 835 3244 898 lleo,
3271 846 3326 888 ot

1792 925 1887 962 suo
1914 911 2045 962 bene
2074 913 2278 964 subdita
2308 925 2420 966 erat
2450 917 2654 978 marito,
2699 918 2941 986 gaudium
2990 932 3167 988 partus
3190 927 3325 991 quod

1793 998 2009 1049 multum
2037 997 2369 1052 desiderabat
2397 1003 2596 1055 audivit
2618 1021 2630 1067 ;
2651 1005 2657 1010 ’
2677 1021 2772 1058 nec
2802 1009 3008 1073 quidem
3052 1012 3330 1075 Cujuslibet

1793 1099 1994 1152 partus,
2027 1090 2117 1142 sed
2148 1090 2283 1142 illius
2329 1092 2377 1141 iu
2408 1107 2512 1158 quo
2558 1094 2974 1152 benedictionem
3030 1112 3078 1152 et
3134 1101 3242 1168 ipsa
3274 1103 3325 1154 in

1793 1177 1966 1228 futuro
2009 1185 2061 1229 et
2111 1192 2291 1230 omnes
2339 1182 2632 1242 acciperent
2678 1185 2929 1239 nationes.
2981 1188 3117 1242 Bene
3147 1199 3322 1244 autem

1792 1274 2060 1333 postquam
2086 1267 2416 1321 comederant
2449 1271 2637 1336 angeli,
2693 1271 2850 1325 lilium
2885 1276 2987 1327 suis
3031 1277 3061 1328 h
3089 1279 3320 1344 spitibus

1791 1355 2102 1419 promittunt
2125 1358 2463 1419 nasciturum,
2511 1361 2627 1426 quia
2676 1376 2795 1414 cum
2845 1365 3024 1427 epulas
3051 1365 3324 1418 bonmno-

1789 1449 1913 1492 stne
1935 1442 2256 1507 operationis
2281 1452 2334 1495 et
2365 1445 2480 1507 fidei
2532 1446 2781 1501 Dominus
2821 1453 3127 1515 susceperit,
3157 1456 3323 1519 gratia

1792 1542 1887 1580 nos
1904 1543 2010 1582 sua:
2037 1529 2417 1586 benedictionis
2435 1547 2748 1590 remunerat.
2774 1539 3119 1593 Comederunt
3142 1551 3317 1594 autem

1789 1619 1978 1684 angeli,
2011 1621 2092 1675 vel
2123 1622 2292 1688 potius
2338 1639 2486 1679 come
2509 1626 2626 1680 lisse
2669 1629 2991 1689 videbantur,
3028 1641 3074 1680 ut
3106 1642 3320 1684 sanctus

1795 1706 2023 1774 Raphael
2054 1713 2356 1775 exponebat
2380 1713 2575 1778 Tobiae,
2607 1725 2661 1767 ut
2684 1729 3063 1770 sicraniiintum
3093 1721 3322 1773 domini-

140 1783 348 1874 cianw;
373 1783 590 1887 ειεοῖυε.
613 1826 761 1890 cuius
788 1827 1040 1892 sanguine
1064 1783 1288 1878 "Ludus
1319 1822 1681 1886 redimeretur,
1719 1783 1766 1842 Β
1794 1811 1869 1850 ea:
1895 1797 2292 1892 lnrarnationis,
2321 1803 2371 1853 in
2406 1817 2505 1868 qua
2531 1804 2639 1869 ipse
2670 1807 2837 1872 magni
2868 1809 3070 1859 curisilii
3104 1809 3329 1876 Angelus

138 1921 190 1961 et
225 1924 320 1974 per
344 1925 495 1977 quem
525 1912 941 1966 instaurarentur
969 1929 1070 1966 non
1102 1915 1268 1966 solum
1299 1928 1413 1981 quae
1441 1913 1492 1965 in
1525 1922 1683 1974 terra,

143 1997 240 2049 sed
268 1998 424 2050 etiam
445 2013 564 2066 qua:
589 1999 639 2050 in
663 2001 809 2067 cadis
834 2010 953 2053 sunt
982 2003 1030 2052 in
1051 2001 1185 2067 ipso,
1212 2010 1268 2052 ut
1293 2000 1574 2066 Apostolus
1591 2000 1683 2050 ait.

138 2088 241 2149 Qui
273 2077 518 2139 videlicet
540 2088 730 2141 vitulus
762 2098 903 2142 recte
927 2090 1240 2142 tenerrimus
1265 2097 1318 2141 et
1347 2088 1574 2154 optimus
1601 2087 1682 2140 di-

136 2174 298 2226 citur.
317 2173 450 2240 Quid
466 2176 602 2228 enim
621 2183 726 2228 tam
749 2183 985 2230 tenerum
1010 2186 1219 2245 tamque
1234 2176 1507 2243 optimum,
1529 2189 1684 2243 quam

138 2273 226 2315 est
260 2263 348 2340 ille
388 2264 480 2331 qui
529 2265 817 2319 humiliavit
846 2280 906 2319 se
935 2282 1027 2334 pro
1067 2265 1221 2318 nobis
1252 2265 1518 2333 erigendis
1548 2281 1561 2315 :
1589 2263 1688 2316 Fa-

136 2345 261 2403 διαί
292 2353 522 2405 obediens
571 2351 714 2407 Patri
752 2371 903 2423 usque
931 2358 995 2406 ad
1026 2366 1249 2416 mortem,
1279 2363 1484 2406 mortem
1524 2363 1688 2404 autem

138 2447 310 2498 crucis
338 2444 504 2514 (Psal.
541 2460 595 2504 tt.
626 2445 722 2512 8)?
1382 2457 1389 2460 ‘

214 2556 354 2610 Tulit
380 2574 572 2626 quoque
597 2557 910 2625 butyrum,et
935 2558 1031 2619 lac,
1063 2567 1108 2608 et
1131 2557 1338 2609 uitulum
1364 2571 1512 2622 quem
1534 2570 1688 2607 coxe-

136 2654 245 2707 rat,
268 2659 314 2700 et
338 2647 501 2712 posuit
531 2661 701 2697 coram
743 2647 832 2697 eis.
869 2645 966 2698 Per
1003 2645 1084 2697 lac
1123 2644 1407 2712 primordia
1449 2653 1503 2697 et
1544 2644 1689 2697 velut

137 2736 410 2788 elementa
457 2732 587 2800 legis
632 2731 889 2795 Massica,
937 2746 1032 2799 per
1083 2733 1322 2798 butyrum
1368 2731 1685 2798 evangelica:

141 2820 403 2894 perfectio
445 2821 733 2882 doctrinae;
781 2833 872 2886 per
919 2820 998 2870 lac
1033 2815 1352 2883 simplicitas
1402 2818 1588 2870 litterae
1635 2817 1686 2868 in

143 2913 460 2982 Scripturis,
493 2928 584 2978 per
609 2912 852 2978 butyrum
883 2907 1047 2962 virtus
1073 2922 1258 2961 sensus
1281 2909 1484 2977 mystici
1511 2907 1598 2976 qui
1620 2907 1688 2960 de

145 3004 324 3056 littera
353 3002 588 3070 generari
637 3000 772 3052 sulet
797 2999 1124 3066 exprimitur.
1160 2997 1248 3050 Vel
1291 3005 1437 3050 certe
1467 2997 1546 3051 lac
1584 2997 1686 3050 ini-

142 3193 358 3236 creatur
380 3182 623 3238 insinuat.
652 3179 780 3242 Quae
809 3187 997 3232 cuncta
1027 3178 1289 3231 Abraham
1320 3176 1492 3243 posuit
1509 3189 1687 3230 coram

145 3273 276 3324 viris
305 3286 434 3339 quos
480 3277 805 3335 susceperat,
840 3282 896 3329 ut
933 3268 1255 3336 signiﬁcaret
1300 3264 1436 3319 filios
1467 3263 1689 3332 promis-

142 3359 526 3426 sionisepulas
566 3356 827 3426 spiritales
877 3355 1097 3408 Domino
1147 3369 1352 3422 semper
1396 3354 1688 3415 oblaturos,

141 3462 314 3519 panes
337 3425 578 3501 videlicet
611 3425 892 3499 lectionum
923 3455 1246 3507 sanctarum,
1279 3443 1498 3496 vitulum
1522 3443 1689 3496 domi-

143 3542 278 3592 nica:
305 3536 705 3599 lnearnationis,
731 3536 809 3588 lac
835 3534 953 3587 lidei
981 3535 1094 3586 sive
1122 3533 1386 3587 historica:
1411 3532 1692 3600 perfectio-

143 3632 263 3692 nis;
296 3628 539 3696 butyrum
566 3640 812 3677 sensuum
840 3628 954 3677 sive
999 3638 1221 3692 operum
1265 3623 1549 3686 bonorum,
1599 3623 1686 3674 ubi

90 3771 94 3777 ,
141 3719 279 3771 bene
307 3713 605 3781 adiungitur
633 3727 649 3764 :

212 3824 338 3894 Ipse
359 3841 471 3877 vero
497 3823 656 3874 stabat
676 3823 830 3891 juxta
858 3835 942 3873 eos
971 3820 1060 3872 sub
1081 3819 1412 3887 arbore,quia
1441 3818 1686 3872 nimirum

143 3921 213 3983 ita
243 3915 416 3985 epulis
461 3915 578 3968 lidei
628 3926 682 3968 et
712 3914 958 3966 virtutum
994 3912 1272 3964 Dominum
1311 3913 1442 3965 bene
1468 3911 1689 3963 vivendo

144 4019 384 4073 pascere,
421 4004 470 4055 id
500 4010 581 4055 est
611 4000 891 4064 delectare,
940 4001 1211 4060 debemus,
1258 4009 1315 4052 ut
1365 4013 1570 4064 semper
1595 4012 1690 4050 nos

143 4098 195 4146 in
228 4099 515 4158 conspectu
541 4089 656 4157 ejus
675 4089 928 4144 assistere
947 4087 1364 4149 meminerimus,
1391 4086 1536 4152 juxta
1569 4085 1691 4135 illud

142 4179 286 4232 beati
322 4177 486 4229 Elia:
523 4175 653 4228 Vivit
703 4175 973 4235 Dominus,
1025 4175 1078 4225 in
1125 4173 1267 4240 cujus
1303 4181 1565 4237 conspectu
1616 4180 1691 4222 sto

141 4264 266 4331 (Ill
303 4264 429 4332 Reg.
459 4279 585 4326 xvn,
624 4263 695 4329 l).
728 4264 787 4315 Et
817 4265 951 4315 sicut
976 4261 1249 4313 Psalmista
1276 4275 1291 4311 :
1320 4259 1384 4311 In
1406 4270 1688 4326 conspectu,

146 4356 342 4422 inquit,
371 4355 662 4422 angelorum
717 4353 928 4416 psallam
977 4350 1065 4400 tibi
1115 4347 1232 4408 (Ps.
1261 4363 1497 4412 csssvu,
1527 4350 1599 4417 l).
1631 4347 1694 4399 Et

151 4449 252 4499 hoc
281 4443 382 4497 sub
417 4443 604 4495 arbore
649 4440 925 4493 dominica:
977 4439 1250 4506 passionis,
1301 4438 1534 4490 dicentes
1576 4450 1692 4489 cum

148 4531 409 4599 Apostolo
437 4546 449 4580 :
478 4527 606 4580 Milli
629 4536 793 4578 autem
821 4526 950 4577 absit
979 4525 1190 4593 gloriari
1220 4525 1315 4576 nisi
1343 4525 1393 4575 in
1423 4539 1564 4576 cruce
1591 4523 1693 4575 Do-

147 4624 275 4674 mini
307 4617 463 4669 nostri
482 4614 606 4668 Iesu
634 4613 816 4666 Christi
838 4614 980 4679 (Gal.
1001 4630 1072 4678 vi,
1106 4612 1217 4682 14).

220 4730 448 4796 Cumque
494 4726 837 4786 comedissent,
884 4725 1121 4777 dixerunt
1161 4727 1227 4777 ad
1263 4742 1379 4779 eum
1422 4742 1439 4779 :
1484 4727 1580 4780 Ubi
1626 4741 1697 4783 est

151 4822 292 4874 Sara
337 4830 463 4869 uxor
507 4813 629 4866 tua?
673 4810 772 4863 Ille
798 4811 1097 4878 respondit:
1130 4811 1257 4866 Ecce
1297 4816 1351 4866 in
1380 4815 1696 4871 tabernaculo

150 4920 245 4969 est.
266 4909 351 4960 cui
370 4907 498 4960 dixit
521 4920 540 4958 :
562 4905 586 4942 ἀ
609 4904 844 4958 Revertar
862 4902 930 4954 ad
946 4911 992 4955 te
1009 4906 1229 4968 tempore
1245 4905 1361 4968 isto,
1379 4909 1478 4958 vita
1501 4911 1697 4971 comite,

155 5010 202 5052 et
233 4998 428 5051 habebit
450 4999 612 5065 [illum
633 4997 766 5050 Sara
787 5009 913 5047 uxor
943 5003 1049 5046 tua.
1079 4996 1246 5048 Ambo
1271 4998 1476 5062 quidem
1503 4998 1697 5052 damiui

156 5090 374 5148 domus,
424 5097 477 5137 et
528 5087 788 5139 Abraham
825 5084 1064 5136 videlicet
1102 5076 1153 5137 et
1196 5084 1325 5138 Sara
1353 5100 1468 5136 cum
1496 5101 1699 5139 summa

161 5176 461 5231 festinantia
515 5172 853 5226 refectimiem
905 5181 1232 5240 praeparant;
1295 5172 1386 5224 sed
1441 5174 1589 5240 quasi
1647 5175 1697 5226 iu

160 5270 326 5320 domo
369 5263 502 5317 bene
528 5263 775 5329 disposita
819 5264 1077 5318 Abraham
1123 5278 1241 5316 cum
1295 5263 1483 5328 paratis
1533 5264 1701 5330 epulis

243 5424 273 5453 ⁸
305 5413 412 5474 AL,
435 5411 632 5461 obtinet.

237 5487 265 5524 ι
297 5482 380 5535 Al.
412 5480 557 5532 deest
581 5479 743 5544 facile.

241 5565 266 5594 e
299 5551 408 5612 AL,
440 5547 504 5601 ad
531 5551 681 5599 corda
708 5559 984 5613 reparatur.

241 5616 266 5651 "
298 5620 408 5683 AL,
432 5628 669 5669 revertens
697 5619 884 5666 veniam
907 5619 972 5668 ad
998 5629 1065 5674 te,

451 5736 709 5796 Ριτιιοι.
747 5731 876 5790 XCI
889 5772 904 5789 .

1790 1896 2037 1953 tanquam
2069 1889 2224 1940 homo
2252 1898 2366 1942 erat
2395 1893 2821 1956 tnamlucaturus,
2863 1909 2962 1946 non
3006 1895 3172 1947 solum
3201 1896 3328 1949 visi-

1790 1975 1964 2027 biliter
2010 1973 2334 2044 apparendo,
2362 1980 2451 2031 sed
2482 1980 2639 2031 etiam
2689 1981 2752 2032 ad
2787 1996 3018 2034 mensam
3061 1983 3327 2036 hominum

1794 2061 2071 2115 residendo
2099 2078 2162 2116 ac
2190 2066 2573 2129 manducando,
2607 2067 2923 2132 figurarent;
2949 2070 3039 2121 sed
3071 2070 3161 2132 illi,
3190 2073 3325 2123 sicut

1785 2149 1918 2201 idem
1952 2149 2180 2217 Rapbael
2210 2152 2299 2216 ai',
2330 2153 2446 2204 cibo
2467 2153 2732 2216 invisibili,
2756 2154 2805 2205 id
2835 2163 2916 2206 est
2954 2154 3038 2220 qui
3061 2155 3127 2205 ab
3149 2156 3314 2208 homi-

1787 2238 1934 2291 nibus
1959 2239 2009 2291 in
2039 2254 2194 2292 carne
2215 2239 2520 2307 degentibus
2563 2241 2723 2294 videri
2747 2258 2846 2294 non
2878 2252 3066 2308 p0test,
3097 2246 3316 2297 uteban-

1789 2334 1891 2387 tur,
1926 2327 2167 2381 videlicet
2187 2328 2374 2397 gaudio
2395 2329 2877 2397 contemplationisi
2911 2332 2975 2384 de
3001 2347 3099 2399 qua
3125 2342 3177 2386 et
3211 2332 3323 2385 Do-

1791 2416 1966 2467 minus
2020 2416 2070 2468 in
2123 2415 2404 2486 Evangelia
2443 2434 2454 2466 :
2497 2417 2627 2479 Quia
2645 2418 2834 2486 angeli,
2865 2420 3048 2485 inquit,
3077 2436 3246 2472 eorum
3274 2437 3323 2472 in

1788 2505 1921 2556 cmlis
1947 2521 2141 2574 semper
2166 2506 2329 2558 vident
2354 2508 2534 2574 {aciem
2564 2505 2732 2558 Patris
2762 2507 2855 2560 mei
2880 2509 2964 2574 qui
2991 2508 3040 2557 iu
3071 2509 3206 2560 caelis
3253 2519 3325 2560 est

1788 2591 1995 2662 (Matth.
2028 2610 2187 2663 χιιιιι,1
2224 2596 2343 2662 10);
2394 2611 2602 2662 semper
2646 2597 2839 2650 etenim
2893 2598 3086 2661 vident,
3119 2601 3214 2652 hoc
3240 2609 3322 2652 est

1787 2685 1945 2734 etiam
1965 2698 2082 2736 cum
2123 2684 2185 2736 ad
2217 2696 2310 2736 nos
2337 2685 2505 2750 aliqua
2536 2685 2870 2738 ministraturi
2914 2685 3036 2738 furis
3069 2688 3319 2751 veniunt;

1788 2772 2036 2824 eredihile
2062 2781 2140 2825 est
2165 2781 2332 2824 autem
2364 2773 2497 2837 quod
2550 2787 2667 2824 esea
2716 2788 2867 2839 quam
2915 2775 3314 2842 manducabant,

1789 2859 1962 2910 statim
2015 2868 2074 2912 ut
2120 2860 2350 2926 spiritale
2407 2862 2486 2913 vel
2519 2871 2540 2897 ο
2581 2861 2854 2913 mtherium
2906 2876 3090 2928 corpus
3139 2878 3319 2917 eorum

1794 2942 1816 2982 ί
1848 2955 1967 2997 cont
1987 2947 2081 3013 git,
2112 2949 2253 3000 velut
2300 2961 2432 3014 aqua
2476 2947 2675 3000 ardenti
2707 2947 2928 3000 flammae
2958 2948 3170 3014 injecta,
3195 2965 3325 3004 con-

1157 3033 1554 3104 A""'_,‘A""Af“’_"::
1717 3048 1761 3104 τί
1795 3043 1996 3098 sumpta
2025 3033 2198 3097 fuerit,
2225 3043 2278 3088 et
2306 3047 2406 3087 non
2433 3035 2565 3087 sicut
2593 3050 2721 3104 aqua
2749 3036 2913 3088 arenti
2960 3045 3113 3089 terra:
3149 3037 3320 3093 infusa

145 3094 278 3146 tium
312 3091 451 3155 ﬁdei,
481 3090 722 3158 butyrum
751 3091 1120 3154 perfectionem
1151 3084 1324 3153 operis
1351 3099 1465 3153 quas
1490 3097 1558 3137 ex
1585 3084 1685 3138 lide
1709 3099 1757 3162 ο

1793 3127 1856 3179 ad
1876 3128 2219 3202 reficiendum
2237 3143 2427 3193 corpus
2448 3141 2628 3182 eorum
2661 3127 2956 3196 profecerit,
2984 3131 3244 3196 quomodo
3265 3132 3318 3185 in

1800 3217 1970 3282 nobis,
2001 3231 2116 3270 cum
2140 3217 2529 3281 manducamus,
2563 3215 2672 3271 fieri
2704 3219 2856 3272 solet.

1864 3304 2020 3356 Erant
2052 3315 2075 3352 Β
2104 3314 2268 3357 autem
2296 3305 2440 3357 ambo
2478 3320 2615 3356 senes
2662 3313 3000 3371 pi'ovectarque
3053 3313 3235 3367 (etatis,
3279 3313 3326 3355 et

1793 3395 2036 3446 desierant
2075 3393 2221 3446 Sara:
2263 3394 2373 3458 ﬁeri
2391 3393 2666 3444 muliebria.
2691 3392 2767 3442 Ad
2794 3391 3076 3442 faciendam
3108 3392 3324 3443 auxesin

1795 3485 2042 3548 potentia:
2071 3481 2322 3539 cmicsris,
2355 3480 2535 3529 ambos
2568 3478 2687 3529 dicit
2718 3490 2832 3529 esse
2871 3479 3122 3542 seniores,
3150 3487 3202 3530 et
3231 3478 3321 3530 in-

1791 3584 1948 3634 super
1978 3568 2180 3628 Saram,
2210 3580 2326 3622 cum
2358 3564 2538 3618 fuisset
2565 3565 2777 3625 sterilis,
2813 3575 2918 3616 tum
2952 3564 3107 3617 etiam
3136 3579 3322 3619 cruore

1793 3668 2062 3709 menstruo
2087 3654 2193 3723 jam
2225 3653 2548 3713 destitutam,
2579 3663 2789 3718 propter
2816 3653 2955 3720 quod
2991 3655 3095 3720 jam
3139 3670 3325 3718 parere

1796 3760 1897 3797 non
1928 3752 2121 3812 posset,
2162 3742 2364 3795 etiamsi
2386 3741 2573 3795 sterilis
2601 3756 2700 3793 non
2746 3742 2942 3794 fuisset.
2994 3742 3151 3794 Porro
3181 3745 3222 3795 si
3251 3743 3327 3798 fe-

1791 3835 1928 3887 mina
1961 3835 2028 3884 ita
2070 3832 2505 3898 sit‘pro’vectioris
2551 3829 2738 3893 astatis,
2787 3841 2839 3881 ut
2877 3833 2922 3883 ei
2955 3831 3105 3883 solita
3137 3833 3325 3885 mulie-

1785 3939 1903 3975 rum
1951 3920 2328 3982 adhucllluant,
2382 3919 2446 3972 de
2494 3918 2682 3985 juvene
2712 3932 2895 3985 parere
2926 3928 3114 3983 potest,
3149 3919 3214 3971 de
3240 3933 3324 3971 se-

1792 4012 1934 4062 niore
1961 4023 2060 4061 non
2088 4009 2544 4076 potest;quamvis
2583 4006 2752 4058 adhuc
2791 4009 2952 4072 possit
2997 4007 3081 4059 ille
3124 4009 3322 4070 senior,

1789 4097 1878 4150 sed
1907 4096 1970 4149 de
2015 4094 2398 4146 adolescentula
2444 4096 2672 4158 gignere.
2726 4096 2855 4145 sicut
2895 4094 3155 4146 Abraham
3203 4101 3320 4160 post

1791 4195 2011 4245 mortem
2044 4183 2190 4236 Sara:
2212 4183 2277 4234 de
2320 4181 2544 4233 Cethura
2573 4182 2754 4246 potuit,
2805 4182 2920 4245 quia
2951 4182 3177 4234 vividam
3209 4183 3320 4247 ejus

1791 4272 1986 4326 invenit
2014 4279 2252 4333 aetatem;
2286 4267 2384 4321 hoc
2423 4282 2545 4336 ergo
2593 4277 2672 4321 est
2717 4269 2852 4333 quod
2907 4270 3150 4322 nimirum
3179 4285 3324 4322 eom-

1795 4364 2004 4417 mendat
2049 4360 2331 4428 Apostolus
2357 4373 2472 4413 cum
2501 4360 2572 4411 ait
2599 4375 2612 4410 :
2662 4359 2756 4422 Qui
2787 4370 2964 4425 praeter
2985 4377 3119 4428 spem
3144 4362 3194 4413 in
3238 4378 3326 4426 spe

1793 4451 2022 4513 credidit,
2049 4459 2098 4501 ut
2127 4448 2266 4516 ﬁeret
2310 4457 2449 4510 pater
2491 4449 2758 4499 multarum
2790 4448 3027 4512 gentium,
3057 4451 3328 4500 secundum

1793 4544 1923 4610 quod
1949 4541 2138 4592 dictum
2167 4548 2237 4590 est
2265 4539 2306 4588 ei
2341 4552 2357 4588 :
2385 4537 2470 4589 Sic
2497 4537 2588 4587 erit
2607 4551 2770 4586 semen
2801 4543 3038 4598 tuum;et
3060 4524 3328 4614 no'uinﬁr-

1798 4644 1956 4685 matus
1977 4632 2028 4682 in
2067 4630 2164 4695 ﬁde
2185 4643 2283 4679 non
2309 4626 2631 4678 consideravit
2666 4640 2844 4690 corpus
2873 4641 3015 4675 suum
3032 4626 3144 4692 jam
3169 4641 3331 4678 emor-

1797 4730 1956 4780 tuum,
1995 4734 2106 4770 cum
2149 4717 2252 4782 fere
2280 4725 2472 4765 rentum
2511 4722 2634 4765 esset
2677 4728 2940 4775 annorum,
2986 4723 3030 4764 et
3055 4724 3330 4769 emortuam

1796 4809 1992 4862 vulvam
2027 4805 2189 4868 Sorte,
2211 4804 2261 4854 in
2300 4801 2623 4869 promissione
2662 4801 2808 4853 alium
2839 4800 2932 4852 Dei
2962 4817 3059 4855 non
3089 4802 3335 4859 haesitavit

1798 4898 1968 4965 (Rom.
2001 4910 2068 4958 tv,
2088 4893 2194 4959 l8).
2213 4890 2289 4943 Ad
2319 4891 2415 4944 hoc
2441 4891 2579 4942 enim
2609 4890 2741 4941 dicit
2761 4891 2982 4944 Abrahae
3007 4893 3112 4957 jam
3139 4908 3327 4959 corpus

1800 4988 1960 5042 fuisse
1983 4979 2297 5044 emortuum,
2324 4981 2564 5048 quoniam
2595 4995 2696 5033 non
2723 4997 2786 5034 ex
2815 4984 2952 5034 omni
2985 4984 3192 5046 femina,
3239 5000 3320 5037 cm

1781 5076 1964 5128 adhuc
2010 5079 2148 5127 esset
2199 5069 2405 5138 aliquod
2462 5070 2690 5132 pariendi
2743 5080 2945 5137 tempus
2997 5082 3318 5135 extremum,

1799 5178 2045 5232 generare
2072 5158 2097 5196 ιι
2120 5161 2229 5226 ipse
2258 5157 2306 5210 in
2325 5159 2412 5210 illa
2449 5169 2600 5211 astate
2617 5160 2784 5211 adhuc
2814 5171 3015 5224 posset:
3043 5160 3104 5209 ad
3129 5158 3321 5224 aliquid

1800 5254 1935 5306 enim
1965 5257 2253 5302 emortuum
2285 5261 2473 5315 corpus
2521 5247 2806 5312 intelligere
2831 5247 3096 5306 debemus,
3137 5261 3238 5300 non
3262 5248 3326 5302 ad

1873 5417 1895 5443 ε
1928 5407 2031 5465 AL,
2058 5419 2275 5454 aereum.

1876 5475 1893 5511 τ
1927 5475 2031 5531 AL,
2060 5473 2316 5538 contingit.

1874 5553 1896 5588 ις
1925 5544 2004 5594 Al.
2035 5541 2180 5591 deost
2207 5551 2391 5592 autent.

1877 5612 1900 5647 ιι
1929 5610 2033 5675 AL,
2050 5609 2184 5673 ipsa.
