3872 6262
461 439 556 495 i7!

921 441 1117 497 suos
1162 416 1612 496 vmcnsstus
1650 435 1928 496 orsuuu
1975 438 2011 493 ιδ

2116 437 2150 492 S
2186 431 2252 518 η.
2297 465 2361 476 --
2399 430 2790 492 ΕΧΕΟΕΤΙΩΑ
2831 431 3154 488 ῦΕΝυΙΝΔ.

3487 138 3837 330 T1

3573 429 3693 488 l7!

457 549 670 612 omnia;
706 563 822 600 nam
844 549 884 600 si
913 548 976 600 ad
1004 549 1198 612 omnia,
1228 562 1328 602 non
1357 548 1464 616 iam
1491 559 1744 603 senectus
1774 549 1895 612 vivi,
1920 549 2009 600 sed
2045 557 2086 610 Α
2117 519 2322 624 (animo
2343 560 2454 598 eum
2485 543 2598 608 illo,
2619 552 2668 600 et
2713 541 2822 612 ipse
2847 556 3039 595 merum
3065 541 3246 610 (Apoc.
3299 553 3380 607 ιιι,
3421 541 3540 611 ω).
3579 542 3701 608 Ιςιε,

458 639 684 692 cadaver
706 647 786 691 est
818 639 1032 691 mortui.
1430 686 1441 692 ,.

538 727 661 792 Qun:
687 727 798 780 risit
826 727 1016 780 occulte
1042 728 1213 778 dicens
1241 743 1260 780 :
1295 723 1564 796 Postquam
1613 729 1757 781 senui
1783 738 1829 780 et
1853 727 2017 780 domi-

456 837 548 873 nus
603 837 740 875 meus
792 821 987 874 vetulus
1015 829 1108 879 est,
1137 820 1376 885 uoluptati
1423 835 1626 886 operam
1653 820 1819 873 dabo?
1849 819 2017 887 Hujus

454 910 734 964 sontentiai
783 911 1021 963 meminit
1051 909 1316 976 apostolus
1357 908 1560 972 Petrus,
1597 923 1716 961 cum
1767 908 2015 961 mulieres

464 996 591 1051 viris
619 999 726 1051 suis
742 998 1103 1063 obtemperare
1118 995 1404 1051 admonens
1421 995 1609 1064 adjecit
1635 1013 1647 1049 :
1670 1004 1694 1032 ³·
1713 995 1860 1052 Sicut
1881 995 2016 1050 Sora

457 1089 544 1138 ob:
556 1086 724 1140 diebat
751 1087 982 1149 Abram,
1005 1085 1256 1138 dominum
1280 1101 1395 1140 eum
1418 1101 1618 1141 vocans.
1663 1085 1880 1141 Videtur
1918 1100 2012 1136 ano

459 1188 562 1230 tem
595 1175 774 1230 simile
800 1174 916 1228 huic
943 1175 1062 1228 loco
1090 1174 1228 1242 quod
1269 1189 1430 1242 supra
1478 1175 1546 1230 de
1584 1174 1851 1229 Abraham
1883 1175 2011 1242 legi-

459 1276 564 1328 tur,
603 1265 720 1333 quia
743 1263 920 1316 audito
949 1262 1091 1317 Sara:
1139 1273 1308 1329 partu,
1343 1262 1600 1317 occiderit
1647 1264 1698 1316 in
1723 1261 1933 1326 faciem,
1963 1271 2015 1315 et

457 1353 636 1415 riserit
685 1353 736 1405 in
785 1352 942 1404 corde
995 1365 1092 1404 suo
1143 1350 1325 1404 dicens
1385 1367 1398 1402 :
1454 1348 1680 1404 Putasne
1729 1351 2014 1404 centenario

463 1455 690 1500 nascetur
711 1445 865 1512 ﬁlius,
896 1454 940 1497 et
967 1443 1101 1497 Sara
1123 1443 1459 1510 nonagenaria
1483 1443 1679 1510 pariet?
1708 1442 2013 1512 addiditque

461 1537 640 1591 dicens
687 1535 752 1588 ad
806 1535 1008 1587 Deum:
1045 1531 1250 1587 Utinam
1307 1531 1499 1586 lsmael
1541 1532 1670 1585 sitiat
1716 1547 1887 1585 coram
1933 1533 2013 1586 te!

462 1641 645 1683 verum
667 1627 785 1694 quia
815 1625 1095 1692 Apostolus
1120 1623 1246 1678 dicit
1271 1623 1411 1690 quod
1433 1623 1696 1679 Abraham
1724 1637 1828 1678 non
1852 1623 2012 1678 basi-

462 1716 648 1771 taverit
692 1713 1001 1780 difﬁdentia,
1052 1713 1234 1769 Saram
1283 1726 1407 1768 vero
1453 1713 1750 1779 hcsitasse,
1781 1726 2012 1780 sequens

455 1804 668 1861 Domini
697 1818 875 1882 sermo
905 1803 1229 1866 manifestat,
1260 1801 1484 1855 dicentis
1511 1801 1578 1854 ad
1599 1799 1864 1855 Abraham
1890 1817 1902 1852 :

2122 635 2171 688 id
2203 642 2306 700 est,
2339 634 2716 702 protoplastus,
2758 631 2849 700 qui
2906 630 3120 684 vetitum
3176 628 3429 694 comedit,
3483 639 3543 684 et
3602 643 3704 684 eas

2119 737 2249 792 quas
2279 724 2328 776 iu
2355 723 2633 790 praesentia
2663 720 2870 775 Domini
2901 719 3314 787 angelorumque
3340 718 3460 787 ejus
3481 718 3705 776 habere

2125 826 2404 883 perpetuas
2438 822 2637 881 poterat
2660 813 2876 868 delicias
2903 811 3099 876 amisit,
3139 812 3263 864 foris
3289 811 3450 866 etiam
3481 825 3516 865 a
3539 812 3704 881 ligno

2118 906 2242 955 vita:
2273 902 2550 955 visibiliter
2591 903 2858 968 exclusus,
2911 911 2968 956 ut
3016 911 3260 972 patenter
3303 903 3703 959 ostenderetur

2117 990 2256 1060 quod
2286 991 2560 1058 sapientiae
2587 989 2809 1044 fructum
2862 991 3330 1058 iucorruptibilem,
3361 1009 3469 1062 quo
3495 993 3703 1049 invisi-

2119 1082 2291 1134 biliter
2320 1079 2422 1133 frui
2453 1081 2674 1144 solebat,
2698 1081 2945 1148 perdidit.
2973 1081 3032 1134 Et
3052 1081 3171 1149 quia
3201 1082 3384 1136 beatus
3408 1084 3696 1138 Abraham

2118 1173 2304 1227 merito
2323 1171 2429 1241 'piae
2458 1172 2752 1226 devotionis
2776 1173 2885 1240 jam
2910 1173 3138 1226 fructum
3167 1175 3516 1241 sapienticet
3535 1175 3694 1240 vitae,

2115 1276 2234 1332 qua:
2261 1260 2503 1317 Christus
2524 1272 2630 1328 est,
2657 1261 3041 1330 aliquantisper
3060 1271 3382 1330 gustaverat,
3408 1263 3696 1319 rectesub

2114 1353 2302 1407 arbore
2351 1354 2649 1406 consistens
2705 1353 2982 1405 Dominum
3029 1351 3222 1406 vidisse
3264 1365 3326 1405 ac
3370 1355 3697 1422 suscepisse

2117 1432 2377 1495 narratur.
2411 1440 2521 1494 Illic
2546 1440 2675 1504 Eva,
2709 1440 2893 1494 relicto
2948 1441 3143 1496 timore
3188 1439 3391 1506 divino,
3433 1441 3698 1509 neglecto

2113 1532 2210 1585 viri
2237 1529 2483 1593 consilio,
2526 1529 2751 1584 accessit
2796 1531 3076 1587 temeraria
3129 1530 3196 1584 ad
3249 1539 3587 1600 serpentem,
3636 1531 3696 1586 is

2112 1636 2215 1688 quo
2243 1620 2481 1690 diabolus
2504 1619 2832 1687 loquebatur,
2857 1635 2886 1672 a
2915 1634 3020 1688 quo
3040 1619 3255 1674 seducta
3294 1619 3360 1675 ad
3381 1619 3693 1675 emunden-

2112 1706 2236 1761 dum
2269 1708 2447 1770 vetita,
2478 1707 2645 1761 virum
2678 1721 2887 1773 quoque
2913 1721 3026 1760 sua:
3054 1706 3514 1774 pravaricationis
3531 1721 3693 1763 com-

2115 1795 2302 1863 plicem
2325 1794 2478 1861 fecit;
2503 1803 2717 1864 propter
2744 1794 2888 1864 quod
2910 1804 2964 1850 et
2988 1796 3143 1864 just:
3170 1796 3534 1853 damnationis
3559 1812 3690 1852 cum

533 1894 703 1961 Quare
737 1894 849 1946 risit
894 1891 1026 1946 Sara
1067 1890 1281 1943 dicens:
1314 1888 1455 1942 Num
1500 1905 1610 1943 vere
1638 1891 1866 1959 paritura
1897 1905 2007 1944 sum
2040 1889 2084 1948 Β
2117 1883 2228 1937 viro
2256 1894 2468 1953 accepta
2508 1885 2775 1938 sententia
2817 1882 3017 1939 audivit
3064 1884 3203 1940 inter
3233 1885 3335 1940 alia
3366 1902 3380 1937 :
3411 1882 3477 1938 In
3501 1885 3692 1940 dolore

459 1980 830 2037 anusHiestat
853 1979 1067 2048 intelligi
1092 1979 1226 2047 quod
1253 1979 1434 2033 audito
1459 1981 1581 2046 quia
1616 1979 1744 2033 Sara
1779 1983 2009 2046 paritura

389 2087 392 2090 '
462 2082 603 2126 esset
631 2071 898 2135 lllium,et
943 2069 1207 2124 Abraham
1245 2069 1390 2137 prius
1441 2069 1619 2122 riserit
1645 2069 1915 2123 admirans
1958 2067 2010 2124 in

462 2164 673 2232 gttudio,
705 2171 759 2216 et
780 2163 893 2232 ipsa
917 2161 1043 2217 Sara
1074 2160 1409 2229 postmodum
1440 2159 1687 2215 dubitans
1717 2162 1766 2215 in
1788 2161 2009 2231 gaudio;

459 2251 608 2321 cujus
635 2261 807 2305 tamen
835 2249 1097 2312 dubietas,
1121 2249 1394 2312 continuo,
1433 2248 1553 2302 data
1585 2249 1792 2304 ratione
1823 2249 2012 2305 divinat

460 2343 732 2411 putentia,
753 2340 921 2393 ablata
952 2349 1054 2403 est,
1085 2337 1295 2392 dicente
1323 2337 1388 2391 ad
1417 2351 1536 2391 eum
1567 2337 1756 2406 angelo
1781 2356 1794 2390 :
1898 2361 1901 2364 -
1981 2327 1995 2338 ⁸

532 2429 774 2498 Nunquid
817 2427 922 2481 Deo
967 2436 1038 2480 est
1075 2425 1347 2495 quidquam
1393 2425 1636 2493 difﬁcile?
1679 2422 1841 2477 Juxta
1888 2440 2011 2479 con-

457 2520 648 2572 dictum
669 2529 885 2574 revertar
906 2518 973 2570 ad
997 2528 1062 2583 te,
1088 2516 1180 2568 hoc
1196 2525 1270 2568 est
1295 2515 1470 2569 eodem
1500 2524 1735 2585 tempore,
1781 2516 1886 2570 vita
1924 2531 2013 2570 co-

462 2611 603 2675 mite,
639 2607 666 2645 ι)
694 2619 740 2662 et
767 2609 960 2661 habebit
989 2608 1120 2661 Sara
1163 2605 1347 2674 ﬁlium.
1378 2604 1489 2672 Qua
1519 2605 1698 2659 audita
1729 2607 2012 2674 sententia,

463 2697 599 2749 adeo
627 2695 894 2750 dubietate
918 2695 1059 2748 omni
1090 2705 1311 2757 remeta,
1351 2693 1402 2747 in
1447 2693 1550 2748 iide
1576 2693 1886 2748 conﬁrmata
1907 2705 2008 2762 est,

462 2793 521 2839 ut
549 2784 734 2837 merito
757 2784 822 2838 de
854 2782 939 2837 illa
963 2781 1102 2836 dicat
1141 2782 1424 2852 Apostolus
1444 2798 1466 2834 τ
1498 2777 1631 2835 Fide
1665 2793 1713 2834 et
1738 2782 1849 2852 ipsa
1875 2783 2012 2839 Sara

463 2876 689 2930 uirtutem
725 2874 917 2943 accepit
966 2873 1033 2926 ad
1073 2872 1385 2926 emissionem
1405 2871 1630 2926 seminis.
1663 2872 1811 2938 Quod
1839 2886 2012 2929 autem

463 2966 592 3022 dicit
614 2973 835 3019 revertar
863 2967 927 3016 ad
953 2970 1020 3027 te,
1066 2970 1119 3016 et
1153 2960 1390 3029 adiunxit
1433 2960 1537 3013 vita
1563 2962 1764 3026 comite,
1787 2962 2015 3017 humano

465 3054 672 3123 quidem
695 3066 842 3107 more
879 3051 1126 3122 loquitur,
1161 3049 1307 3118 quasi
1338 3048 1537 3104 diceret
1569 3066 1580 3101 :
1611 3047 1669 3104 Si
1695 3049 1801 3104 vita
1831 3063 2013 3104 comes
2058 3039 2072 3054 ’

2112 1976 2276 2045 paries
2295 1976 2432 2046 ﬁlios
2479 1973 2686 2048 (Gates.
2718 1991 2796 2043 ιιι,
2826 1976 2952 2045 16);
2989 1978 3322 2046 primumque
3350 1978 3478 2032 Cain
3509 1975 3689 2032 lilium

2112 2063 2494 2120 maledictiouis
2519 2073 2573 2120 et
2599 2065 2919 2120 fratricidam
2955 2063 3152 2135 genuit.
3188 2066 3283 2119 Hic
3309 2065 3446 2121 Sara
3477 2061 3508 2101 ⁴
3543 2064 3684 2121 sub.

2111 2156 2220 2212 dita
2271 2157 2445 2212 timori
2477 2156 2680 2224 divino,
2712 2157 2869 2213 simul
2913 2168 2967 2212 et
3020 2157 3320 2225 religiosam
3360 2155 3462 2212 viri
3511 2155 3685 2211 Idem

2111 2252 2270 2314 atque
2291 2246 2657 2315 operationem
2677 2256 2879 2310 secuta,
2905 2254 3194 2315 apparente
3221 2243 3465 2312 Domino,
3484 2259 3687 2315 exspe-

2112 2331 2288 2385 ctabat
2311 2332 2422 2401 ipsa
2447 2331 2592 2386 domi
2620 2332 2791 2387 donec
2812 2332 2890 2387 vir
2914 2343 3245 2398 occurreret,
3271 2342 3326 2386 et
3345 2347 3466 2399 qua:
3489 2344 3687 2388 essent

2113 2422 2316 2492 agenda
2337 2421 2598 2490 disceret;
2633 2423 2727 2479 sed
2753 2431 2810 2477 et
2854 2424 3026 2494 epulis
3065 2424 3119 2479 in
3149 2426 3547 2494 susceptionem
3581 2425 3687 2480 Do-

2113 2514 2244 2568 mini
2274 2514 2606 2584 preparatis,
2629 2513 2973 2569 nihilominus
3004 2515 3117 2584 ipsa
3159 2528 3218 2570 se
3243 2513 3388 2570 domi
3418 2528 3686 2570 verecun-

2111 2602 2231 2659 data
2258 2601 2495 2668 retinuit,
2527 2617 2588 2658 ac
2613 2604 2786 2658 virum
2813 2618 2967 2658 suum
2996 2619 3118 2668 cum
3146 2603 3224 2660 eis
3250 2603 3441 2676 praeire
3463 2602 3537 2658 ad
3578 2604 3684 2659 Do-

2113 2694 2314 2749 minum
2336 2694 2492 2763 eique
2517 2709 2740 2748 munera
2781 2709 2893 2749 suae
2914 2693 3213 2751 devotionis
3239 2694 3396 2751 simul
3435 2703 3490 2750 et
3511 2695 3686 2764 ipsius

2112 2782 2304 2838 ollerre
2331 2781 2615 2852 gaudebat,
2632 2783 2969 2853 QuaprOpter
2996 2772 3156 2841 ambo
3185 2785 3682 2841 remunerationem

2111 2873 2192 2926 sui
2223 2873 2462 2928 beneﬁcii
2492 2876 2751 2944 promissa
2781 2874 2965 2930 sobole
3005 2871 3388 2946 perceperunt;
3419 2890 3516 2930 nec
3545 2891 3680 2946 qua-

2114 2963 2242 3018 libet
2287 2965 2490 3031 sobole,
2531 2964 2624 3020 sed
2676 2965 2764 3020 illa
2811 2966 2990 3036 utique
3017 2967 3068 3021 in
3097 2981 3202 3037 qua
3228 2966 3680 3024 benedicerentur

2112 3067 2296 3109 omnes
2320 3065 2521 3124 gentes.
2557 3055 2625 3110 Et
2651 3061 2859 3122 merito,
2893 3039 2965 3111 ibi
3011 3057 3152 3112 enim
3205 3067 3386 3112 reatus
3416 3061 3679 3128 praevari-

461 3140 772 3198 luerit.~Sed
799 3141 955 3196 altius
996 3127 1574 3207 imelligendum‘quod
1602 3138 1772 3208 angeli
1802 3153 2012 3207 semper
2054 3211 2086 3218 _
2114 3144 2338 3199 cationi;
2380 3145 2432 3199 in
2457 3147 2631 3213 primo
2655 3147 2821 3202 Adam
2850 3147 3026 3203 debita
3057 3148 3256 3203 union.
3305 3127 3679 3218 plagiarium;

465 3319 808 3386 descendant,
859 3318 946 3371 illa
991 3319 1173 3384 utique
1216 3315 1320 3370 vita
1344 3329 1460 3384 qua:
1491 3314 1662 3369 dicit:
1696 3314 1838 3371 Sicut
1881 3316 2013 3369 enim

471 3409 625 3466 Pater
648 3409 797 3465 habet
816 3409 966 3462 vitam
994 3407 1048 3458 in
1075 3406 1358 3472 semetipso,
1375 3405 1447 3458 sic
1475 3406 1608 3458 dedit
1633 3416 1678 3458 et
1707 3402 1846 3460 Filio
1864 3408 2015 3458 vitam

467 3501 652 3555 habere
675 3501 726 3553 in
749 3499 1044 3566 semetipso;
1061 3495 1210 3564 cujus
1237 3495 1476 3551 videlicet
1497 3496 1616 3549 vita:
1640 3495 1840 3550 visione
1859 3506 2015 3564 atque

471 3591 818 3646 illustrations:
846 3596 899 3643 et
927 3586 1097 3655 angeli
1121 3595 1174 3640 et
1201 3584 1438 3639 homines
1467 3587 1630 3641 sancti
1665 3586 1795 3640 llunt
1821 3573 2012 3656 perpeé

468 3693 564 3737 tuo
615 3679 772 3736 beati.
822 3678 1217 3745 Compsraudns
1266 3691 1394 3731 sane
1437 3677 1641 3732 videtur
1687 3677 1773 3732 hic
1805 3677 1953 3739 locus
1982 3691 2011 3731 a

471 3772 740 3825 contrario
758 3765 912 3820 lactis
938 3760 1274 3834 protoplasti;
1303 3764 1393 3819 ille
1435 3767 1636 3820 etenim
1663 3775 1780 3833 post
1810 3747 2012 3821 reatum

471 3858 919 3930 pravaricationis
972 3870 1074 3909 non
1126 3855 1320 3911 vidisse
1377 3854 1653 3909 Dominum
1705 3855 1892 3918 Deum,
1920 3854 2013 3910 sed

400 3985 412 3996 ο
471 3967 650 4006 vocent
703 3959 826 4003 tunc
875 3948 1264 4002 deambulantis
1313 3949 1365 4000 in
1415 3949 1659 4015 paradiso
1714 3948 2015 4015 perhibetur

471 4041 710 4105 audisse;
744 4040 828 4093 hic
859 4039 1045 4092 futurae
1073 4037 1452 4092 benedictionis
1497 4038 1619 4104 (ide,
1667 4054 1760 4107 spe
1792 4054 1853 4095 ac
1881 4039 2017 4094 dile-

481 4135 683 4197 ctione,
715 4144 966 4185 accensus
997 4130 1120 4184 vidit
1144 4138 1366 4184 statttem
1401 4129 1694 4202 Dominum,
1721 4132 1842 4198 quia
1861 4131 2012 4184 nimi-

477 4236 592 4275 rum
622 4234 740 4272 cum
787 4221 885 4274 hoc
926 4232 1176 4273 mansura
1219 4228 1350 4283 erat,
1392 4219 1458 4271 ab
1504 4218 1592 4272 illo
1641 4219 2015 4286 contemplatio

355 3287 360 3292 ,
471 3233 577 3288 vita
604 3231 797 3286 comite
827 3233 937 3285 sive.
967 3229 1021 3283 in
1047 3230 1198 3284 cmlis
1218 3236 1620 3292 conversentur,
1641 3241 1736 3282 seu
1757 3225 1823 3280 ad
1848 3235 2014 3281 terras
2041 3211 2088 3276 C
2119 3232 2204 3288 hic
2259 3211 2471 3303 tempus
2513 3233 2894 3303 redemptionis
2945 3250 3040 3303 per
3089 3211 3378 3291 secundum
3423 3240 3597 3291 Adam
3626 3211 3681 3294 ei

2116 3323 2504 3393 prasagabatur
2534 3307 2761 3379 futurum
2790 3333 2844 3380 et
2873 3324 3172 3393 parabatur.
3205 3325 3458 3396 Sequitur
3484 3344 3500 3381 :

2187 3420 2211 3450 '
2237 3411 2362 3468 Cum
2385 3417 2718 3468 surrexissent
2737 3430 2854 3485 ergo
2876 3415 2992 3468 inde
3017 3416 3136 3480 uiri,
3181 3417 3474 3476 direxerat
3500 3421 3681 3474 oculos

2115 3512 2287 3556 contra
2311 3502 2608 3571 Sodomam,
2631 3513 2679 3557 et
2706 3503 2957 3557 Abraham
2989 3504 3139 3558 simul
3158 3505 3488 3575 gradiantur
3508 3507 3679 3560 ddu—

2113 3605 2230 3646 eens
2261 3607 2364 3647 eos.
2409 3591 2540 3647 Cum
2571 3594 2864 3649 surrexisse
2906 3592 3152 3648 dicantur
3193 3593 3317 3649 inde
3349 3595 3680 3662 virilosten-

2113 3682 2254 3736 ditur
2280 3685 2414 3752 quod
2443 3681 2461 3720 ί
2487 3683 2795 3739 sedentibus
2825 3684 2903 3737 eis
2929 3693 3106 3736 astans
3141 3684 3477 3739 ministrabat
3499 3686 3678 3740 Abra-

2117 3773 2263 3838 ham,
2295 3775 2537 3843 quamvis
2558 3775 2728 3841 primo
2755 3785 2957 3827 stantes
2987 3773 3194 3830 viderit.
3234 3773 3544 3846 Direxerunt
3573 3790 3675 3828 au-

2118 3871 2219 3914 tcm
2266 3862 2444 3915 oculos
2473 3873 2656 3915 contra
2685 3860 2993 3926 Sodomam,
3049 3871 3104 3915 ut
3162 3863 3301 3916 sicut
3347 3861 3502 3916 ﬁdem
3533 3865 3678 3916 beati

2117 3949 2340 4002 Abrahae
2373 3949 2507 4003 latis
2530 3949 2969 4016 promissionihus
2999 3958 3425 4012 remunerarent,
3457 3950 3527 4002 ita
3555 3964 3680 4018 per-

2116 4041 2291 4096 lidiam
2321 4040 2495 4110 impia:
2521 4041 2752 4094 civitatis
2780 4038 3006 4094 ﬂammis
3051 4039 3328 4094 ultricibus
3361 4041 3674 4109 perderent,

2111 4135 2258 4205 juxta
2287 4135 2413 4189 illud
2445 4133 2758 4199 Psalmista,
2787 4134 3023 4204 quicum
3061 4132 3129 4187 de
3177 4133 3378 4189 sattetis
3421 4134 3679 4202 pietatem

2116 4223 2366 4280 Dominis
2393 4221 2736 4294 υιώηιὶδὶωθι
2761 4239 2778 4274 :
2805 4221 2956 4276 Oculi
2989 4221 3193 4282 Domini
3229 4220 3590 4293 supajutos,
3625 4236 3674 4277 et

480 4309 672 4363 divina:
700 4307 956 4361 claritatis
979 4308 1323 4360 abscesserat.
1355 4304 1446 4359 Ille
1461 4304 1635 4358 audita
1651 4317 1780 4358 voce
1808 4303 2013 4358 Domini

2116 4329 2266 4368 aures
2293 4315 2406 4384 ejus
2430 4315 2497 4366 ad
2520 4328 2690 4384 preces
2717 4328 2890 4368 eorum
2914 4311 3085 4384 (Psal.
3139 4329 3328 4379 xxxnt,
3361 4314 3474 4388 £6),
3506 4315 3678 4386 proti-

477 4399 568 4453 Dei
599 4395 876 4452 abscondit
904 4409 961 4448 se
992 4395 1387 4454 tremebundus,
1418 4394 1534 4460 quia
1583 4391 1820 4460 proiecto
1847 4405 1904 4444 se
1927 4405 2016 4445 ero

476 4501 623 4543 rasae
643 4484 1002 4557 erubescebat.
1019 4482 1116 4536 llic
1135 4482 1248 4534 viso
1265 4481 1483 4535 Domino
1496 4481 1668 4535 statim
1685 4479 2012 4536 lmtabundus

2116 4417 2215 4457 nus
2259 4403 2595 4457 severitatem
2638 4401 2754 4470 ejus
2805 4401 2858 4455 in
2909 4404 3256 4472 reproborum
3306 4404 3679 4458 ultione'snb-

2112 4489 2288 4560 iunxit
2317 4507 2329 4542 :
2361 4489 2547 4544 Vultus
2569 4500 2737 4544 autent
2760 4487 3287 4558 Domini,'inquiens,
3308 4505 3468 4562 super
3487 4490 3680 4558 {scien-

476 4577 720 4638 accurrit,
733 4541 833 4626 ⁴οιιὶ
855 4588 912 4626 se
937 4570 1314 4640 complacuisse
1343 4570 1656 4626 obedientiaa
1683 4573 1871 4626 merito
1892 4587 2001 4626 creo
2042 4541 2095 4604 Β
2112 4541 2190 4636 ξοδ
2216 4580 2372 4646 male,
2398 4589 2452 4632 ul
2491 4582 2666 4646 perdat
2715 4578 2778 4641 de
2804 4591 2939 4630 terre
2966 4541 3464 4634 membr-iem'eornm
3487 4541 3671 4648 iure,

473 4665 648 4720 debat.
678 4665 764 4718 llle
795 4664 858 4717 ad
889 4695 929 4716 λ.
957 4678 1061 4715 ratu
1092 4670 1206 4728 post
1244 4662 1533 4727 meridiem,
1569 4663 1668 4716 iste
1692 4665 1742 4716 in
1769 4664 1884 4730 ipso
1908 4663 2013 4717 ler-

480 4773 604 4810 vnrc
624 4756 761 4821 diei;
795 4757 912 4824 quia
942 4758 1024 4807 hic
1042 4754 1200 4808 divini
1230 4756 1426 4809 amoris
1471 4755 1591 4822 igne
1622 4753 1897 4825 ﬂagrabat,
1930 4754 2019 4808 ille

475 4846 672 4902 divina:
691 4847 1038 4915 protectinnis
1063 4855 1114 4898 et
1137 4845 1431 4899 dilectionis
1453 4860 1483 4898 a
1512 4859 1570 4920 se
1599 4846 1768 4900 lucem
1797 4859 2017 4913 peccan-

473 4939 544 4996 do
578 4934 861 5007 fugaverat.
892 4936 989 4991 llic
1009 4935 1264 5006 hospitem
1292 4936 1568 4991 Dominum
1600 4938 1784 5006 recipit
1813 4938 2017 5002 acreil-

478 5029 574 5092 cit,
606 5036 663 5080 ut
682 5027 935 5096 appositis
961 5028 1130 5095 epulis
1157 5029 1453 5104 carnalibus
1484 5029 1712 5086 insinuet
1731 5029 1870 5096 quod
1899 5043 2016 5091 eum

471 5118 644 5186 epulis
689 5117 1011 5186 spiritalibus
1060 5120 1109 5169 in
1160 5119 1319 5172 cor‘de
1369 5119 1451 5187 pie
1497 5117 1721 5172 vivendo
1752 5119 2015 5184 reticeret,

471 5198 620 5275 iuxta
650 5207 787 5275 quod
834 5207 945 5274 ipse
976 5205 1226 5260 Dominus
1253 5207 1315 5259 de
1341 5209 1450 5260 suis
1481 5206 1804 5261 amatoribus
1826 5208 2018 5274 prorni-

472 5296 575 5350 sit:
611 5295 737 5351 Ecce
763 5305 842 5350 sto
864 5300 929 5350 ad
948 5295 1133 5348 ostium
1162 5304 1214 5349 et
1246 5295 1423 5362 pulso;
1454 5296 1499 5348 si
1540 5295 1652 5364 quis
1689 5295 1910 5348 audierit
1933 5311 2019 5348 oo-

473 5402 578 5440 cent
619 5402 799 5450 meum,
847 5397 895 5439 et
934 5387 1180 5456 aperuerit
1233 5386 1378 5450 milii,
1414 5398 1434 5424 ο
1462 5387 1658 5440 intrabo
1687 5388 1756 5439 ad
1776 5387 1944 5454 illum,
1968 5398 2019 5440 et

538 5508 567 5536 α
596 5497 703 5560 AL,
733 5499 803 5550 sic
832 5507 878 5550 et
903 5496 1052 5551 Sara.

539 5570 567 5606 δ
593 5565 851 5635 A_l.,deest
870 5575 949 5620 et.

544 5650 567 5678 ο
595 5635 700 5696 ΑΙ.,
729 5635 964 5686 introibo.

535 5707 568 5746 Α
599 5704 704 5765 ΑΙ.,
728 5701 973 5772 subjecta,

543 5779 568 5808 ⁸
595 5773 699 5834 AL,
730 5784 958 5836 cumque.

2120 4671 2228 4741 i7).
2251 4669 2403 4735 Quod
2428 4671 2752 4723 autem’cum
2779 4669 2981 4736 angelis
3027 4669 3361 4736 gradiebstur
3403 4668 3668 4725 Abraham

2120 4760 2389 4814 deducens
2417 4771 2531 4822 eos,
2559 4771 2625 4811 ex
2652 4755 3035 4834 consuetudine
3061 4759 3265 4814 devota
3297 4758 3670 4825 hospitalitatis

2118 4841 2312 4904 iecisse
2337 4845 2631 4913 credendus
2651 4855 2765 4912 est;
2792 4846 2886 4901 sed
2917 4846 3092 4902 felices
3120 4850 3196 4903 illi
3218 4861 3457 4918 gressus,
3481 4851 3669 4920 quibus

2121 4925 2426 4990 ltomo'cunt
2449 4936 2649 5005 angelis
2681 4936 2882 5010 ingredi
2911 4927 3102 4992 ineruit
3131 4940 3184 4991 in
3217 4949 3378 5004 terra,
3406 4937 3434 4974 ⁸
3462 4924 3661 5012 eosque

2117 5043 2237 5084 cum
2266 5029 2331 5082 ad
2364 5042 2423 5083 se
2447 5028 2713 5084 venissent
2735 5029 3054 5082 visitandum
3083 5028 3150 5083 ad
3184 5031 3374 5084 colum
3404 5030 3668 5086 reditum

2116 5117 2408 5181 deducere;
2441 5115 2561 5172 l‘elia
2609 5127 2783 5170 autem
2823 5110 2964 5170 nunc
2991 5131 3180 5171 eorum
3222 5120 3324 5172 vita
3351 5119 3440 5189 qui
3473 5119 3669 5188 angeli-

2118 5222 2234 5262 cam
2263 5207 2317 5260 in
2353 5205 2368 5244 ¹
2403 5207 2562 5261 terris
2586 5191 3045 5261 conversationem
3074 5219 3387 5276 sequuntur,
3419 5208 3665 5271 ﬁdelia.

2117 5296 2314 5361 sobrie,
2347 5304 2398 5351 et
2423 5294 2588 5364 iuste,
2614 5303 2670 5349 et
2695 5296 2798 5364 pie,
2829 5307 2884 5362 et
2905 5304 3073 5361 caste,
3116 5296 3363 5363 visendo,
3389 5313 3452 5354 ac
3479 5297 3671 5353 divinis

2117 5385 2358 5455 laudibus
2405 5377 2638 5454 semper,
2695 5393 2949 5454 quantum
2990 5373 3201 5441 mortali
3256 5378 3514 5458 possibile
3555 5394 3670 5451 est.

2192 5500 2210 5538 ί
2246 5501 2350 5564 AL,
2375 5487 2718 5554 redeuntibus.

2194 5579 2217 5616 υ
2239 5568 2347 5630 AL,
2372 5569 2698 5636 promisisset.

2197 5622 2465 5711 F‘AlJeos
2663 5622 2758 5711 aL,
2787 5651 2872 5693 eos
2899 5640 2984 5709 qui
3004 5622 3138 5695 cum.

2197 5706 2211 5744 ί
2245 5705 2356 5773 AL,
2387 5715 2541 5764 terra.
