3872 6262
134 421 238 483 ns
338 479 356 501 ,

1363 416 1826 475 ΠΕΧΑΕΠΕΗΟΝ
1867 413 1988 470 LIB.
2032 412 2124 469 IV.

3213 410 3313 468 ιιι

127 494 385 588 vacatulo.
435 531 621 585 Verum
671 531 854 586 beatus
893 532 1176 596 Abraham,
1216 531 1336 599 quia
1379 531 1658 584 Dominum
1690 533 1742 589 Α
1767 526 1902 594 apud
1925 525 2092 594 ipsum
2124 541 2217 592 pro
2243 525 2361 580 aliis
2387 525 2531 594 quasi
2559 523 2696 593 apud
2739 494 3040 578 unanimum
3081 510 3307 580 amicum

131 623 276 676 adeo
305 630 328 658 ⁸
354 620 638 690 gaudenter
653 620 948 676 venientem
966 621 1193 688 excepit,
1218 628 1276 673 ut
1299 620 1455 674 etiam
1475 620 1670 674 abeun-

128 720 212 763 tes
257 707 404 778 quasi
436 705 463 744 δ
491 707 810 763 domesticos
848 708 1113 762 deducere
1160 717 1390 773 curaret,
1447 715 1674 760 meretur

127 797 316 850 altiora
343 783 639 850 divinorum
669 810 886 864 operum
941 805 1146 850 secreta
1184 808 1537 863 cognoscere;
1585 793 1672 862 qui

127 893 187 939 et
214 885 327 951 ipse
351 883 737 938 districtionem
758 897 1000 952 superna:
1027 881 1496 936 animadversionis
1541 895 1672 936 ven-

131 984 302 1024 turam
326 972 523 1026 mundo
546 971 864 1040 intelligens,
884 971 1019 1024 sicut
1039 970 1182 1038 prius
1209 985 1267 1024 se
1294 969 1401 1024 Deo
1427 969 1672 1024 devotum

128 1059 180 1111 in
212 1059 506 1127 hospitibus
529 1059 872 1128 suscipiendis
891 1058 1211 1122 ostenderat,
1245 1059 1314 1110 ita
1333 1073 1455 1127 erga
1481 1057 1659 1126 prosi-

127 1161 246 1200 mos
270 1148 550 1202 sollicitum
573 1161 668 1217 pro
689 1149 766 1202 eis
794 1147 1128 1217 postmodum
1161 1148 1504 1216 supplicando
1526 1162 1673 1201 mon-

124 1240 336 1294 stravit.

203 1326 343 1380 Dixit
370 1328 535 1395 itaque
558 1327 802 1382 Dominus
822 1345 841 1383 :
872 1329 1076 1385 Clamor
1105 1331 1440 1387 Sodomorum
1465 1341 1513 1384 et
1530 1342 1554 1370 ε
1577 1329 1676 1385 Co-

127 1419 351 1472 utorrlta
375 1419 736 1488 multiplicatus
759 1431 850 1481 est,
876 1432 921 1474 et
958 1435 1209 1488 peccatum
1231 1439 1400 1475 eorum
1425 1437 1678 1490 aggrava-

128 1514 238 1558 tuut
276 1515 348 1559 est
378 1509 548 1561 nimis.
588 1511 886 1564 Clamorem
934 1509 1282 1564 Sodomorum
1311 1511 1564 1565 scelerum
1596 1508 1672 1562 ia-

128 1611 273 1650 mam
303 1597 384 1650 vel
417 1599 588 1665 potius
615 1597 882 1653 infamiam
910 1598 1057 1663 dicit,
1088 1614 1118 1652 a
1147 1615 1251 1668 quo
1270 1613 1366 1654 nos
1392 1599 1676 1668 prohibens

127 1683 416 1752 Apostolus
443 1684 601 1738 dicit:
633 1685 807 1738 Omnis
831 1688 1138 1751 amaritudo,
1169 1696 1216 1742 et
1245 1688 1343 1753 ira,
1366 1696 1413 1742 et
1438 1689 1675 1757 indigns-

126 1775 227 1837 tio,
249 1786 294 1826 et
317 1773 528 1841 clamor,
546 1783 592 1828 et
614 1776 943 1844 blasphemia,
966 1779 1180 1832 tollatur
1197 1795 1227 1831 a
1242 1779 1379 1834 vobis
1400 1795 1512 1832 euut
1538 1779 1674 1832 omni

1773 621 2140 686 intercederet,
2186 619 2523 674 nihilominus
2571 616 2622 672 in
2661 631 2755 672 sua
2813 617 3157 671 aestimatione
3195 617 3315 671 vilis

1771 709 1883 776 ipse
1905 709 2193 778 permansit
2215 723 2278 764 ac
2319 707 2626 776 despectus;
2681 705 2819 762 unde
2858 705 2909 761 in
2947 707 3178 760 secunda
3219 719 3316 760 sua

1770 799 2004 852 oratione
2029 797 2158 850 dicit
2174 797 2238 850 ad
2264 813 2382 852 eum
2410 813 2424 848 :

1843 885 1973 952 Quia
2015 889 2164 942 tentet
2191 892 2335 956 crept,
2383 887 2558 952 loquar
2607 886 2674 940 ad
2725 885 2991 941 Dominum
3013 901 3173 940 meum
3201 900 3316 938 cum

1770 979 1866 1030 sint
1915 981 2079 1045 pulvis
2133 987 2180 1032 et
2224 977 2371 1031 cinis.
2419 977 2533 1041 Quo
2561 977 2720 1032 verbo
2762 975 3031 1031 manifeste
3084 985 3314 1029 nostram

1773 1067 2039 1134 redarguit
2057 1066 2381 1135 superbiam,
2408 1065 2498 1134 qni
2529 1065 2682 1135 longe
2714 1064 3073 1120 abaltitudine
3101 1066 3315 1117 merito-

1773 1170 1890 1208 rum
1914 1155 2029 1223 ejus
2057 1155 2333 1218 distantes,
2373 1154 2524 1222 longe
2551 1167 2580 1206 a
2610 1153 2958 1208 collocutione
3004 1153 3179 1206 divina
3222 1167 3317 1221 pro

1774 1254 1951 1298 nostra
1993 1244 2240 1299 tarditate
2282 1251 2440 1310 atque
2476 1242 2665 1296 inertia
2717 1242 2938 1314 remoti,
2976 1240 3319 1295 nihilominus

1775 1345 1897 1405 typo
1921 1336 2163 1391 elationis
2192 1334 2373 1401 inﬂati,
2415 1334 2642 1389 cinerem
2672 1348 2766 1388 nos
2792 1328 2852 1387 ac
2883 1335 3148 1402 pulverem
3171 1333 3313 1388 futu-

1775 1440 1864 1478 ros
1911 1425 2131 1479 minime
2177 1425 2488 1490 recolimus;
2518 1439 2637 1478 nam
2682 1424 2864 1480 beatus
2909 1425 3172 1479 Abraham
3211 1441 3317 1495 quo

1775 1512 1964 1566 divina
2017 1513 2236 1568 visionis
2282 1511 2490 1582 puritati
2543 1513 2698 1566 altius
2750 1511 3206 1580 appropinquaxit,
3251 1527 3317 1566 co

1775 1603 1968 1657 certius
1993 1617 2104 1659 sua
2133 1602 2423 1672 fragilitatis
2469 1603 2673 1657 iniirma
2705 1602 2952 1672 dispersit
2975 1608 3047 1658 ‘et
3090 1603 3314 1673 abjecta.

1777 1693 1844 1745 At
1872 1707 1990 1758 nos,
2029 1701 2056 1740 ι
2094 1693 2182 1761 qui
2206 1707 2236 1745 a
2267 1692 2504 1747 contuitu
2563 1693 2783 1747 interna
2847 1692 3101 1748 claritatis
3138 1693 3318 1750 nubilo

1777 1790 1968 1836 nostra
1997 1781 2266 1850 pravitatis
2287 1779 2630 1841 excludimur.
2654 1786 2800 1833 tanto
2826 1779 2999 1834 minus
3029 1780 3201 1837 insita
3221 1799 3317 1835 nu-

126 1863 326 1915 utatuia
376 1861 590 1928 (Ephes.
640 1841 735 1928 ιν(
754 1862 884 1932 51);
913 1867 996 1920 cui
1027 1867 1276 1922 nimirum
1301 1869 1516 1923 clamori
1545 1882 1668 1924 con-
1699 1841 1745 1901 Β
1773 1870 1853 1926 bis
1878 1841 2101 1928 isdria
2122 1870 2363 1928 tenebras
2382 1870 2654 1954 deflemus,
2685 1879 2878 1940 quanto
2905 1870 2978 1924 nil
3008 1878 3198 1942 preter
3218 1870 3316 1926 has

129 1959 328 2010 trarins
347 1967 428 2011 est
448 1958 649 2013 clamor
675 1959 988 2026 electorum,
1020 1961 1088 2015 de
1107 1977 1213 2028 quo
1239 1960 1565 2016 conﬁdenter
1577 1976 1674 2018 suo

125 2046 367 2100 Creatori
397 2046 780 2115 supplicantes,
824 2051 969 2104 aiunt
996 2049 1231 2105 dicentes
1274 2050 1512 2120 singuli:
1562 2050 1672 2105 Do-

126 2140 287 2202 tuine,
325 2137 509 2189 exaudi
533 2140 812 2192 orationem
847 2155 1030 2204 meatu,
1079 2149 1128 2194 et
1152 2139 1340 2194 clamor
1374 2156 1513 2195 naeus
1533 2139 1603 2194 ad
1627 2150 1676 2196 ts

126 2221 155 2260 ⁸
187 2226 442 2293 perueniat
472 2225 646 2291 (Psal.
672 2241 744 2291 cr,
775 2225 855 2292 Ξ).
887 2227 1101 2298 Magnus
1128 2230 1322 2298 quippe
1349 2229 1553 2284 illorum
1574 2231 1678 2283 cla-

130 2326 250 2365 mor
277 2321 362 2367 est
387 2315 632 2368 meritum
658 2315 885 2370 sublime
913 2324 970 2371 et
1012 2306 1235 2372 intentio
1284 2317 1406 2372 ﬁdei
1442 2317 1673 2372 calcatis

136 2402 253 2455 sola
277 2392 540 2468 quarens,
574 2404 660 2459 ubi
677 2404 919 2460 Christus
935 2416 1018 2459 est
1034 2405 1085 2458 in
1110 2405 1331 2460 dextera
1347 2405 1434 2461 Dei
1454 2405 1672 2469 sedens;

129 2490 222 2558 qui
255 2490 502 2558 quoniam
532 2507 636 2546 non
660 2501 898 2548 terrenas
925 2506 1075 2562 opes,
1098 2507 1203 2548 non
1227 2494 1450 2562 gloriam
1467 2495 1675 2550 inanem

125 2578 510 2646 caducamque,
535 2595 639 2634 non
664 2581 919 2635 moritura
949 2580 1122 2636 carnis
1142 2565 1351 2650 gaudia,
1372 2582 1466 2636 sed
1493 2596 1676 2652 super-

125 2683 197 2723 na
229 2677 430 2724 tantum
461 2670 620 2738 bona,
644 2670 969 2736 desiderant,
997 2674 1158 2726 altum
1197 2672 1432 2740 profecto
1451 2683 1504 2726 et
1524 2673 1672 2740 quasi

130 2759 367 2812 clamore
385 2773 667 2828 personum
696 2769 779 2814 est
797 2775 954 2816 omne
977 2762 1115 2830 quod
1138 2771 1318 2831 agunt.
1341 2761 1530 2816 Verum
1549 2761 1676 2814 mul-

128 2846 370 2914 tiplieato
396 2845 626 2902 clamore
655 2856 1013 2916 peccatorum,
1043 2849 1096 2903 id
1120 2857 1203 2903 est
1228 2847 1432 2904 enormi
1463 2848 1671 2902 illorum

125 2934 353 3008 scelere,
386 2935 656 2990 videamus
683 2936 808 3005 quid
830 2939 1084 3007 sequitur.
1118 2937 1131 2946 ’
1405 3000 1410 3002 _

204 3022 534 3092 Descendunt,
577 3028 756 3096 inquit,
801 3037 848 3082 et
894 3027 1065 3087 uidebo
1116 3039 1286 3084 utrum
1303 3029 1573 3084 clamarem
1591 3027 1676 3096 qui

124 3115 259 3167 venit
275 3112 344 3166 ad
361 3130 439 3168 ste
456 3130 601 3185 opere
619 3114 984 3186 contpleoerint,
1007 3133 1073 3172 ait
1097 3134 1198 3172 non
1223 3129 1294 3172 est
1312 3121 1404 3182 ita,
1426 3128 1478 3170 ut
1498 3118 1671 3170 sciant.

123 3205 278 3268 Quod
307 3219 432 3274 ergo
551 3175 871 3262 descendere
920 3175 1168 3262 Dominus
1205 3208 1270 3263 ad
1301 3175 1578 3263 videndum
1602 3223 1670 3261 an
1702 3175 1747 3238 ϐ

123 3294 270 3348 idem
299 3295 498 3349 clamor
545 3293 699 3351 verus
725 3305 882 3359 esset,
928 3299 1120 3364 aiebat,
1145 3312 1248 3351 non
1273 3312 1420 3352 suam
1448 3296 1677 3352 ostendit

124 3383 496 3450 ignorantiam,
525 3384 615 3454 qui
645 3384 876 3439 omnium
919 3385 1073 3440 habet
1100 3386 1393 3453 scientiam,
1417 3390 1506 3442 sed
1535 3397 1674 3444 nos-

124 3481 267 3527 tram
311 3473 523 3533 instruit
587 3475 955 3538 temeritatem,
1002 3490 1068 3529 ne
1115 3487 1396 3547 antequam
1448 3479 1675 3545 perfecte

133 3562 426 3626 discamus,
475 3565 832 3631 proximorum
875 3565 1260 3631 reprehendere
1304 3565 1437 3620 facta
1480 3574 1676 3636 pransu-

129 3662 374 3712 mamus;
406 3647 546 3717 quod
588 3650 758 3717 ipsum
803 3649 1049 3705 nesetiu
1098 3655 1486 3707 constructione
1515 3657 1675 3708 turris

123 3743 307 3804 docet,
338 3741 424 3794 ubi
444 3740 693 3808 scriptum
738 3750 820 3794 est
841 3741 959 3809 quia
1004 3740 1272 3798 descendit
1320 3741 1572 3796 Dominus
1595 3743 1674 3797 vi-

127 3837 260 3890 dere
309 3835 573 3890 civitatem
638 3839 693 3886 et
749 3842 945 3885 turrem
1001 3846 1156 3896 quam
1204 3831 1531 3889 adificahant
1581 3836 1673 3892 filii

126 3929 298 3983 Adam
323 3943 338 3992 ;
367 3925 487 3994 quid
509 3927 646 3979 enim
673 3923 898 3988 decmlo
925 3922 979 3976 in
1009 3931 1199 3978 terram
1242 3936 1350 3994 non
1387 3932 1412 3960 ο
1452 3925 1671 3992 videret,

122 4017 195 4071 de
236 4031 342 4084 quo
379 4017 628 4082 scriptum
672 4024 752 4068 est
774 4013 892 4082 quia
921 4015 1089 4067 nudus
1116 4021 1198 4066 est
1225 4011 1458 4067 infernus
1497 4028 1672 4069 coram

123 4109 244 4176 illo,
271 4117 325 4162 et
355 4107 550 4163 nullum
581 4112 662 4159 est
685 4105 1065 4173 operimentum
1097 4101 1396 4171 perditioni.

197 4196 652 4260 Converteruntque
698 4209 751 4246 ss
804 4194 940 4258 inde,
995 4201 1042 4246 et
1085 4192 1314 4245 abierunt
1360 4191 1673 4252 Sodomant;

125 4285 386 4342 Abraham
410 4300 521 4338 raro
564 4283 731 4336 adhuc
767 4285 927 4334 stabat
948 4297 1114 4334 coram
1168 4280 1400 4344 Domino,
1423 4290 1471 4334 et
1493 4295 1676 4348 appro-

125 4378 381 4446 pinquaus
404 4374 475 4426 ait
500 4389 519 4425 :
551 4371 794 4437 Nunquid
828 4369 1002 4436 perdes
1037 4371 1229 4434 justum
1255 4385 1367 4422 eum
1393 4370 1585 4440 impio?
1614 4369 1674 4425 Si

127 4466 318 4536 (uelint
338 4463 694 4531 quinquaginta
711 4459 833 4522 iusti
855 4458 908 4511 in
936 4458 1131 4512 civitate
1172 4459 1404 4526 paribuut
1425 4458 1596 4526 simul,
1623 4468 1676 4513 et

126 4565 344 4619 cetera,
393 4565 556 4618 usque
603 4550 724 4602 dunt
772 4548 882 4602 ait:
916 4548 1063 4614 Quod
1107 4548 1150 4601 si
1171 4549 1356 4602 inuenti
1399 4552 1584 4617 fuerint
1607 4549 1675 4602 ibi

126 4652 329 4709 decent;
354 4652 402 4696 et
423 4641 551 4696 dixit
581 4641 827 4694 Dominus
851 4655 870 4692 :
898 4639 1016 4692 Non
1054 4641 1225 4693 delebo
1261 4649 1461 4707 propter
1485 4639 1672 4693 deum.

131 4737 344 4808 Legitur
386 4735 440 4789 iu
495 4732 836 4802 sequentibus
882 4731 1018 4796 quod
1063 4730 1170 4784 duo
1190 4729 1362 4799 angeli
1393 4728 1674 4784 Sodomam

131 4827 373 4882 venerint
392 4833 444 4878 et
469 4820 696 4889 suscepti
717 4819 822 4873 sint
850 4834 877 4870 a
909 4818 1033 4883 Lot;
1066 4818 1205 4872 unde
1223 4818 1511 4874 verisimile
1531 4819 1676 4895 vide-

134 4928 224 4970 tur
270 4915 408 4981 quod
454 4916 555 4968 hoc
605 4895 655 4965 in
697 4912 813 4964 loco
857 4909 962 4963 duo
1007 4909 1178 4977 angeli
1217 4909 1562 4966 discesserint
1611 4913 1678 4966 ab

134 5003 423 5069 Abraham,
452 5013 508 5057 et
527 5000 613 5056 ille
639 5016 756 5054 cum
793 4999 813 5037 ‘
853 5015 958 5053 uno
997 4999 1082 5066 qui
1120 5011 1299 5053 secum
1343 5000 1678 5055 remansisset

134 5096 343 5146 locutus
389 5105 486 5159 pro
521 5090 731 5158 civitate
777 5088 1004 5156 peritura
1049 5088 1424 5142 intercesserit.
1473 5087 1529 5141 in
1574 5102 1675 5155 qua

137 5179 520 5235 intercessione
551 5181 807 5246 praecipue
845 5175 998 5231 beati
1041 5177 1263 5231 Abrahe
1310 5175 1677 5243 perpendenda

135 5281 222 5325 est
271 5269 554 5332 humilitas,
590 5267 680 5336 qui
700 5283 815 5320 cum
849 5264 976 5320 tanti
999 5265 1066 5319 sit
1091 5265 1297 5320 habitus
1323 5265 1459 5334 apud
1489 5263 1674 5332 Deum,

137 5375 198 5417 nt
239 5370 293 5415 et
328 5373 448 5413 eum
477 5355 703 5423 hospitio
743 5355 892 5424 quasi
937 5353 1246 5409 familiarem
1290 5351 1597 5422 susciperet,
1623 5363 1680 5410 et

209 5525 235 5584 9
264 5516 371 5581 AL,
399 5513 640 5584 gaudens.

208 5582 238 5627 ι
270 5588 372 5647 AL,
399 5580 740 5635 domesticum.

214 5667 236 5694 ε
262 5659 369 5712 ΑΙ..
389 5650 847 5705 Gomorrttteorum.

209 5724 238 5765 «ι
267 5727 378 5794 ΔΙ..
403 5723 585 5780 veniat.
813 5729 823 5746 '

1771 1961 1962 2016 intueri
1989 1965 2240 2018 solemus.

1851 2049 2194 2119 eruutqus
2205 2051 2307 2108 duo
2316 2053 2482 2122 angeli
2496 2050 2770 2107 Sodomant
2782 2066 2999 2118 uespere,
3013 2051 3212 2105 sedente
3225 2051 3316 2106 Lat

1771 2137 1822 2191 in
1845 2139 2033 2206 {orion
2058 2139 2288 2193 civitatis.
2318 2138 2432 2194 Non
2459 2140 2576 2193 sine
2593 2152 2746 2192 causa
2773 2137 2943 2206 angeli
2965 2137 3051 2204 qui
3072 2137 3135 2192 ad
3156 2139 3316 2193 meri-

1772 2227 1911 2281 dieut
1938 2228 2002 2280 ad
2033 2227 2295 2282 Abraham
2322 2237 2595 2300 venerant,
2624 2240 2842 2289 vespere
2865 2225 3149 2280 Sodomatu
3171 2226 3316 2281 veni-

1775 2333 1832 2371 re
1876 2316 2236 2385 perhibentur,
2263 2317 2388 2386 quia
2431 2316 2674 2371 nimirum
2717 2315 2791 2369 illi
2824 2329 3070 2383 prospera
3107 2329 3170 2370 ac
3200 2315 3315 2370 lata

1775 2407 2035 2470 nuntiare,
2064 2406 2185 2462 huic
2221 2405 2437 2462 adversa
2477 2405 2673 2461 inferre
2701 2414 2987 2469 venerunt;
3029 2405 3113 2458 ille
3143 2404 3316 2459 fructu

1775 2495 1906 2569 lucis
1946 2497 2011 2550 ad
2063 2487 2300 2552 caelestia
2343 2493 2617 2565 ﬂagrabat,
2644 2497 2756 2550 ha-c
2797 2495 3039 2548 vitiorum
3086 2493 3316 2549 tenebris

1773 2587 1984 2660 obsessa
2013 2585 2287 2652 perditioni
2317 2595 2527 2640 aeterna
2565 2583 2960 2654 propinquabat.

1849 2676 1952 2741 Qui
1975 2690 2088 2728 eum
2113 2675 2333 2740 uidisset,
2353 2676 2593 2739 surrexit,
2615 2683 2660 2729 et
2680 2674 2765 2727 iuit
2793 2674 2983 2726 obviam
3005 2674 3110 2736 eis;
3136 2673 3315 2729 adora-

1772 2767 1934 2831 aitque
1971 2781 2159 2829 pronus
2200 2764 2257 2818 iit
2301 2760 2456 2830 ttrra,
2513 2774 2562 2818 at
2604 2765 2732 2818 dixit
2754 2781 2772 2818 :
2796 2765 3032 2832 Obsecro,
3081 2765 3315 2832 Domine,

1774 2853 2017 2906 declinata
2054 2853 2106 2905 in
2129 2854 2346 2906 domum
2391 2851 2536 2919 pueri
2573 2851 2742 2916 uestri,
2789 2863 2840 2904 et
2890 2861 3084 2906 manete
3131 2852 3221 2914 ibi,
3260 2863 3316 2907 et

1773 2949 1984 2994 cetera.
2016 2939 2254 3007 Magnum
2288 2937 2681 3007 perfectumque
2723 2937 2774 2992 in
2822 2937 2976 2992 beato
3015 2937 3316 2992 Lotesem-

1774 3029 1917 3097 plum
1949 3028 2055 3082 Deo
2079 3027 2284 3082 devoto
2323 3025 2694 3092 hospitalitatis
2736 3026 3050 3090 ostenditur,
3090 3027 3177 3095 qui
3227 3027 3312 3080 in-

1775 3116 2071 3186 gredientes
2133 3116 2318 3170 urbem
2371 3115 2602 3184 hospites
2658 3129 2760 3170 non
2811 3116 2982 3170 solum
3031 3129 3320 3171 occurrens

1774 3206 2020 3275 excipere
2050 3214 2260 3274 paratus
2286 3202 2403 3268 fuit,
2435 3219 2614 3260 verum
2641 3206 2798 3259 etiam
2840 3215 2895 3257 ut
2919 3203 2983 3258 ad
3000 3196 3064 3259 "se
3089 3204 3318 3260 diverte-

1772 3307 1891 3354 rent
1941 3311 2230 3360 secumque
2273 3296 2664 3366 requiescerent
2711 3294 2952 3348 obnixius
3001 3291 3317 3362 postulabat.

1774 3385 2081 3442 Renuebant
2105 3395 2281 3441 autem
2329 3384 2500 3455 primo
2533 3384 2746 3438 domum
2772 3383 2888 3455 ejus
2930 3373 3142 3446 intrare,
3175 3381 3317 3450 quod

1773 3483 1946 3532 tamen
1975 3475 2307 3545 postmodum
2341 3489 2407 3530 eo
2430 3475 2778 3542 compellente
2823 3472 2995 3527 facere
3029 3485 3316 3528 consense-

1773 3576 1914 3627 runt,
1939 3576 1992 3618 ut
2012 3565 2089 3619 sic
2112 3563 2426 3618 industriam
2477 3561 2849 3632 hospitalitatis
2878 3560 2995 3630 ejus
3018 3561 3318 3632 diligentius

1773 3654 2085 3722 probarent;
2136 3653 2408 3721 probatam
2452 3650 2663 3722 dignius
2728 3655 3148 3716 remunerarent,
3189 3648 3315 3704 dum

1772 3759 1890 3799 eum
1921 3758 1949 3796 a
1981 3743 2308 3810 peccantium
2338 3743 2550 3797 interitu
2580 3757 2702 3798 cum
2726 3756 2819 3797 sua
2848 3741 3007 3795 domo
3028 3742 3315 3811 eriperent.

1840 3833 1994 3888 Prius
2021 3839 2186 3887 autem
2208 3847 2361 3902 quam
2386 3832 2514 3886 irent
2533 3831 2775 3896 cubitum,
2805 3831 2897 3882 viri
2918 3830 3130 3884 civitatis
3155 3830 3317 3883 valla-

1771 3935 1946 3979 oeruttt
1973 3925 2194 3992 domum,
2217 3938 2248 3976 a
2276 3938 2428 3990 puero
2475 3937 2627 3989 usque
2663 3921 2732 3973 ad
2753 3935 2940 3985 uuetn,
2971 3920 3129 3972 omnis
3153 3935 3317 3986 popu—

1772 4019 1852 4069 lus
1874 4013 2058 4078 simul;
2085 4020 2472 4080 exarmatque
2498 4011 2610 4075 Lat,
2637 4018 2687 4085 et
2711 4009 2944 4062 dixerunt
2972 4007 3016 4061 ei
3039 4023 3058 4059 :
3085 4006 3181 4061 Ubi
3201 4016 3316 4060 sunt

1772 4108 1867 4160 tiri
1919 4107 2002 4172 qui
2051 4103 2346 4156 introierunt
2370 4103 2438 4154 ad
2473 4110 2520 4152 te
2571 4109 2748 4162 nocte;
2774 4100 2904 4172 sduc
2946 4099 3062 4152 illas
3104 4098 3224 4162 huc,
3255 4107 3318 4152 ut

1772 4206 2124 4264 cogitamus
2169 4205 2272 4251 eos,
2316 4195 2418 4244 etc.
2450 4187 2560 4242 iloc
2595 4196 2676 4242 est
2701 4189 2838 4254 quod
2881 4187 3131 4254 propheta
3157 4185 3318 4240 Isaias

1772 4285 1838 4339 de
1863 4281 2052 4351 populo
2081 4279 2235 4336 Israel
2262 4290 2417 4346 supra
2461 4274 2674 4331 modum
2707 4287 2955 4343 peccante
2981 4274 3058 4328 ait
3083 4292 3094 4326 :
3125 4273 3315 4327 Pecca-

1774 4384 1878 4428 tum
1901 4386 2048 4426 suum
2081 4371 2205 4423 sicut
2234 4367 2456 4422 Sodoma
2490 4364 2883 4437 pradicaserunt
2910 4380 2999 4416 nec
3043 4362 3315 4418 absconde-

1706 4494 1754 4552 υ
1776 4475 1892 4518 runt
1913 4462 2063 4534 (Issi.
2085 4476 2163 4529 tu,
2186 4459 2263 4529 9).
2287 4456 2780 4552 Peccatumquippe
2800 4469 2952 4509 suurn
2980 4455 3119 4510 sicut
3143 4453 3315 4552 Sudo-

1777 4557 1916 4612 mitte
1945 4553 2377 4624 pradicaverunt,
2409 4563 2506 4603 nec
2530 4547 2939 4614 absconderant,
2970 4561 3090 4600 cum
3118 4545 3324 4614 absque

1774 4652 2016 4710 respectu
2070 4637 2287 4709 pudoris
2354 4635 2574 4704 alicujus
2614 4649 2798 4689 omnes
2840 4648 2870 4687 a
2913 4633 3096 4703 puerili
3159 4643 3315 4688 actate

1774 4745 1938 4801 usque
1962 4729 2025 4783 ad
2047 4727 2278 4782 ultimam
2318 4731 2639 4778 senectutem
2686 4721 2904 4777 masculi
2953 4721 3005 4774 in
3052 4719 3314 4774 masculos

1777 4818 2148 4891 turpitudinem
2175 4813 2377 4882 operari
2407 4812 2666 4880 solebant,
2689 4811 2822 4864 adro
2845 4820 2895 4863 ut
2925 4824 2991 4865 ne
3018 4809 3315 4879 hospitibus

1771 4913 1984 4982 quidem
2012 4923 2074 4962 ac
2118 4904 2402 4973 peregrinis
2451 4918 2546 4958 sua
2596 4902 2792 4956 scelera
2843 4900 3189 4966 abscondere,
3219 4901 3315 4954 sed

1775 5014 1832 5058 et
1860 5003 1979 5064 hos,
2000 5000 2104 5052 vim
2134 4993 2430 5057 inferendo,
2467 4992 2578 5046 suis
2608 4991 2805 5045 similes
2827 4988 2999 5044 facere
3027 4990 3320 5062 sceleribus

1777 5106 1934 5163 atque
1951 5091 2060 5146 suis
2085 5086 2405 5143 facinoribus
2432 5083 2700 5153 implicare
2722 5081 3117 5137 contenderent.

1845 5185 1994 5254 Quod
2023 5195 2150 5237 vero
2173 5177 2465 5233 furentibus
2490 5177 2569 5230 eis
2589 5176 2641 5228 in
2677 5173 2781 5228 tale
2824 5170 3314 5240 ﬂagitium-patran-

1776 5275 1899 5330 dum
1927 5274 2053 5328 dicit
2103 5270 2238 5326 inter
2258 5267 2358 5321 alia
2380 5267 2508 5321 Lot:
2536 5261 2713 5319 Habeo
2732 5263 2857 5314 duas
2887 5259 3020 5328 ﬁlias
3055 5272 3166 5325 quas
3201 5273 3324 5310 nec.

1777 5343 1898 5420 dum
1938 5368 2267 5433 cognoverunt
2295 5360 2476 5425 eirurit,
2499 5354 2708 5412 educam
2731 5368 2818 5408 eas
2852 5351 2920 5403 ad
2942 5363 3049 5418 eos,
3081 5359 3126 5403 et
3151 5350 3330 5404 abuti-

1856 5526 1878 5553 ⁶
1915 5514 2020 5569 ΑΙ..
2051 5508 2246 5560 viderit.

1857 5585 1875 5623 ί
1917 5582 2022 5643 ΑΙ.,
2046 5592 2156 5630 cunt
2177 5591 2254 5630 eo.

1851 5661 1877 5698 ι
1915 5650 2021 5716 AL,
2049 5646 2186 5717 quia.
