3872 6262
482 470 586 528 I75
967 465 1159 521 BEDzE
1207 468 1648 524 VENERABILIS
1686 462 1965 527 OPERUM
2003 471 2174 530 PARS
2206 467 2271 530 ΙΙ.
2299 505 2366 516 -—
2407 475 2780 533 EXEGETICA
2821 480 3130 556 GENUINA.
3550 492 3644 548 178

443 626 446 631 .
479 583 712 655 musicis,
740 585 865 638 sicut
899 585 1138 654 placuerit
1163 587 1314 652 nobis,
1345 584 1613 669 dummodo
1649 585 1765 637 siris
1792 584 1908 637 istis
1933 582 2012 635 ni-
2039 582 2089 641 Α
2337 594 2382 638 et
2410 587 2634 652 ﬁnitima
2659 589 2896 656 ciuitates,
2927 594 3082 645 simili
3120 599 3265 648 modo
3289 609 3337 651 et
3361 600 3440 652 lite
3487 603 3651 669 fonti.

481 672 554 726 hil
578 674 772 740 faciatis
801 675 936 729 mali.
987 676 1237 744 Quoniam
1286 666 1600 745 prostituere
1642 675 1846 730 volebat
1875 674 2007 727 tilias

481 775 604 815 suas
626 761 717 817 bac
781 767 1226 834 compensatione,
1280 775 1336 820 ut
1362 765 1459 819 viri
1487 765 1715 833 hospites
1741 765 1853 833 ejus
1881 763 2007 816 nihil

476 864 504 901 τι
553 850 832 906 Sodomitis
878 857 979 908 ta'e
1011 865 1327 922 paterentur,
1376 855 1892 910 utrum'admittenda
1943 853 2010 907 sit

475 945 831 1009 compensatio
867 943 1183 1014 ﬂaugitiorirm
1210 946 1287 999 vel
1310 959 1630 1014 quorumque
1658 953 2006 1014 peccatorum,

478 1041 534 1092 ut
557 1045 648 1084 nos
678 1031 926 1087 faciamus
957 1035 1076 1087 mali
1099 1034 1310 1102 aliquid,
1345 1049 1410 1089 ne
1431 1035 1560 1088 alius
1584 1035 1794 1104 gravius
1816 1034 2007 1086 malum

476 1122 647 1187 faciat,
687 1137 751 1177 an
791 1125 960 1190 potius
1004 1126 1375 1193 perturbationi
1420 1127 1514 1179 Lot
1543 1141 1643 1180 non
1667 1123 1884 1178 consilio
1913 1124 2008 1177 tri-

474 1207 734 1267 buendum
762 1216 828 1267 sit
855 1216 972 1283 quia
1005 1215 1103 1269 hoc
1151 1217 1360 1282 dixerit,
1405 1216 1594 1270 merito
1641 1216 1924 1283 quaeritur;
1955 1221 2007 1267 et

474 1301 717 1356 nimirum
749 1304 1189 1379 periculosissime
1237 1304 1526 1358 admittitur
1552 1304 1665 1374 haec
1685 1314 2026 1370 compensa-'

474 1393 580 1458 tio;
622 1395 664 1446 si
712 1401 884 1448 autem
935 1394 1305 1462 perturbationi
1348 1390 1586 1448 humanae
1636 1392 1900 1457 tribuitur,
1952 1400 2003 1447 et

472 1486 630 1538 menti
654 1493 797 1538 tanto
822 1485 960 1538 malo
983 1495 1251 1552 per-motae,
1285 1483 1588 1561 nullomodo
1614 1468 1861 1537 imitanda
1899 1469 1998 1536 est.

537 1575 604 1628 Et
626 1566 734 1628 ecce
768 1577 1000 1628 miserunt
1024 1591 1222 1628 manum
1246 1576 1357 1640 viri,
1382 1583 1426 1627 et
1453 1574 1833 1626 introduxerunt
1860 1573 1928 1624 ad
1950 1587 2001 1625 se

471 1662 589 1727 Lot,
620 1665 995 1732 clouseruntque
1033 1665 1247 1728 ostium,
1275 1675 1321 1718 et
1342 1679 1423 1717 cos
1468 1663 1554 1732 qui
1578 1671 1716 1716 erant
1739 1663 1861 1729 {oris
1887 1679 2000 1731 per-

463 1763 719 1807 cusserunt
760 1755 995 1818 cwcitate,
1027 1772 1056 1806 a
1083 1754 1285 1806 minimo
1326 1768 1476 1822 usque
1501 1755 1567 1805 ad
1599 1739 1899 1820 niaximum,
1928 1753 1999 1804 ita

2113 683 2236 724 cette
2254 663 2386 738 sunt,
2411 675 2638 728 abeuntes
2664 687 2773 743 post
2815 694 3012 734 carnem
3061 683 3306 744 alteram;
3359 663 3504 750 facta
3527 702 3646 743 sunt

2109 763 2403 828 exemplum,
2452 763 2583 831 ignis
2610 767 2781 819 (ειωὶ
2803 783 2998 835 partem
3035 775 3323 826 sustinentes
3345 774 3494 841 (Iud.
3522 785 3644 846 vn).

2108 851 2473 909 l’otestautem
2506 857 2641 912 idem
2671 859 2798 925 ignis
2828 861 3176 916 Sodomiticus
3215 870 3370 916 etiam
3402 863 3646 920 ﬂammas

2106 941 2342 996 vitiorum
2377 944 2562 1010 quibus
2591 947 2641 1000 in
2670 949 2764 1000 hac
2816 949 2917 1000 vita
2949 950 3151 1016 reprobi
3188 963 3430 1016 uruntur,
3484 965 3645 1021 atque

2108 1032 2171 1082 ad
2195 1033 2566 1099 sempiternum
2599 1046 2952 1104 praipnrantur
2980 1040 3296 1104 incendium,
3329 1056 3431 1094 non
3458 1045 3646 1095 incon-

2105 1118 2372 1174 venientcr
2395 1121 2674 1188 insinuare,
2699 1130 2786 1193 qui
2813 1140 2928 1180 cum
2957 1142 3092 1180 nunc
3117 1128 3166 1181 in
3196 1129 3644 1197 concupiscentiis

2104 1210 2325 1263 terrenis
2367 1213 2636 1280 carnisque
2705 1208 2970 1270 illecebris
3031 1219 3218 1272 ardere
3245 1235 3348 1272 non
3402 1232 3642 1286 cessant,

2102 1308 2224 1352 tunc
2270 1298 2385 1368 igne
2447 1302 2658 1358 ultionis
2729 1305 2913 1358 ardere
2992 1321 3252 1374 nunquam
3289 1307 3316 1344 δ
3357 1311 3640 1366 desissent.

2104 1391 2247 1446 llunc
2274 1409 2478 1463 quoque
2504 1408 2713 1450 sensum
2753 1398 2973 1452 Domino
2998 1398 3312 1458 afﬁrmante.
3342 1403 3448 1454 imo
3477 1404 3638 1457 etiam

2100 1481 2338 1547 docen'e,
2383 1487 2467 1554 qui
2513 1487 2622 1540 ait:
2654 1486 2717 1541 In
2760 1489 2852 1542 illa
2888 1490 3011 1542 liora
3050 1490 3136 1557 qui
3163 1493 3311 1558 fuerit
3340 1493 3393 1543 iu
3439 1503 3567 1545 tecto
3592 1502 3642 1546 es

2100 1584 2215 1622 uasa
2242 1575 2353 1641 ejus
2377 1572 2428 1624 in
2460 1573 2630 1639 domo,
2657 1591 2719 1627 ne
2767 1579 3027 1628 descendat
3068 1577 3242 1631 tollere
3285 1578 3418 1640 illa;
3465 1590 3510 1632 et
3551 1581 3641 1649 qui

2098 1660 2148 1710 in
2176 1675 2318 1728 agro,
2367 1661 2594 1714 similiter
2639 1679 2738 1715 non
2780 1665 2948 1716 redeat
2989 1676 3156 1729 retro;
3204 1681 3445 1720 memores
3487 1679 3641 1722 estote

2098 1747 2265 1799 αεοώ
2287 1747 2376 1799 Lot
2403 1747 2548 1817 (Luc.
2583 1764 2708 1812 xm,
2734 1749 2842 1819 5|).
2875 1751 3052 1818 Neque
3093 1752 3230 1806 enim
3273 1753 3530 1808 docemur
3572 1770 3639 1810 ne

460 1851 517 1894 ut
543 1845 722 1896 ostium
746 1843 965 1895 invenire
987 1857 1086 1894 non
1109 1850 1326 1909 possent,
1357 1852 1411 1895 et
1447 1849 1635 1895 cetera
1667 1855 1829 1908 usque
1859 1839 1921 1892 ad
1946 1840 1994 1892 id
2034 1901 2071 1909 _
2101 1837 2323 1891 instante
2343 1838 2559 1892 articulo
2587 1840 2748 1894 ultimi
2788 1843 3062 1907 examinis,
3091 1842 3296 1897 culmen
3329 1855 3488 1898 recta:
3507 1861 3638 1899 con-

462 1933 596 1998 quod
627 1932 752 1983 dixit
776 1931 873 1984 Lot
897 1931 958 1983 ad
986 1945 1207 1999 generes
1243 1944 1363 1983 suos
1395 1947 1406 1980 :
1448 1931 1670 2000 Surgite,
1707 1929 1998 1999 egredimini
2032 1901 2076 1959 Β
2106 1928 2409 1981 versationis
2437 1929 2759 1993 deserentes,
2787 1930 2850 1983 ad
2882 1932 2980 1987 ima
3010 1901 3444 2002 concupiscentia
3484 1951 3635 1989 ηιυιι.

457 2021 524 2071 de
553 2021 658 2071 loco
686 2020 800 2080 isto,
840 2020 952 2082 quin
984 2019 1156 2070 delebit
1205 2018 1444 2070 Dominus
1482 2019 1722 2070 civitatem
1766 2017 1913 2077 hanc.
1953 2027 2003 2070 et
2100 2017 2247 2069 dialis
2285 2019 2512 2070 animum
2559 2017 3056 2084 deﬂectemus;tvel
3108 2037 3192 2086 ne,
3235 2025 3415 2078 relicto
3461 2039 3636 2078 aratro

453 2107 590 2162 cistis
613 2120 680 2161 est
705 2111 842 2178 quasi
873 2109 1048 2160 ludens
1089 2107 1241 2175 loqui.
1287 2107 1436 2172 Quod
1461 2107 1653 2159 ostium
1683 2105 1777 2159 Lot
1821 2105 1997 2160 obclu-

452 2205 640 2251 serunt
682 2195 870 2264 angeli,
927 2210 992 2250 ne
1038 2195 1120 2249 vel
1164 2195 1353 2264 ipsum,
1400 2195 1480 2249 vel
1503 2195 1729 2264 aliquem
1759 2193 1825 2250 de
1844 2195 1998 2260 domo

467 2287 627 2349 ipsius
657 2293 867 2352 possent
894 2284 957 2337 ad
987 2285 1302 2353 perdendum
1350 2297 1530 2352 rapere
1573 2282 1876 2346 Sodomitas,
1907 2298 1996 2351 pa-

462 2381 631 2427 tenter
652 2374 876 2429 insinuat
923 2373 1038 2441 quia
1069 2373 1265 2427 nullum
1294 2373 1360 2426 de
1399 2367 1579 2427 electis
1608 2371 1698 2425 Dei
1735 2373 1995 2439 perditura

460 2471 482 2496 ³
525 2463 588 2515 sit
626 2463 866 2530 impietas
928 2470 982 2515 ct
1034 2461 1326 2531 persecutio
1382 2462 1744 2530 reproborum,
1790 2460 1996 2514 dicente

463 2555 677 2605 Domino
722 2555 785 2605 de
809 2553 992 2607 ovibus
1014 2554 1122 2607 suis
1148 2571 1158 2604 :
1195 2551 1256 2605 Et
1276 2566 1366 2620 ego
1394 2553 1542 2604 vitam
1561 2560 1794 2604 a'tsrnam
1819 2551 1884 2604 do
1904 2551 1991 2616 eis,

459 2653 504 2693 et
534 2659 630 2694 non
650 2642 872 2711 peribunt
900 2642 948 2693 in
971 2650 1227 2707 wtcrnum,
1251 2649 1299 2692 ct
1326 2656 1424 2692 non
1447 2640 1606 2707 rapiet
1631 2655 1712 2693 ens
1736 2640 1992 2707 quisquam

457 2733 519 2786 de
538 2749 688 2785 manu
721 2749 822 2783 mea
849 2737 863 2801 (
888 2729 1040 2784 Joan.
1073 2746 1122 2793 x,
1152 2728 1220 2782 28
1244 2730 1283 2796 ).
1337 2728 1482 2796 Quod
1519 2729 1640 2781 item
1691 2729 1806 2793 Lot,
1833 2726 1993 2780 facill-

457 2833 566 2875 tate
594 2821 659 2874 ab
685 2820 886 2884 angcls
929 2819 1066 2884 data,
1104 2814 1298 2872 nullum
1328 2817 1392 2872 de
1421 2816 1618 2870 civibus
1669 2815 1901 2884 perﬁdis,
1929 2830 1994 2869 ne

455 2914 521 2966 de
549 2912 652 2964 suis
683 2911 889 2978 quidem
912 2911 1143 2978 cognatis
1165 2908 1273 2961 sive
1306 2906 1510 2971 amicis,
1543 2905 1743 2960 tametsi
1773 2905 1990 2970 multum

455 3009 693 3061 conatus,
729 2999 891 3062 potuit
917 2998 978 3050 ad
1012 2999 1229 3050 salutem
1269 3007 1535 3056 revocare,
1588 2992 1845 3060 signiﬁcat
1871 2993 1990 3060 quia

457 3091 643 3144 nullius
675 3091 818 3142 labor
850 3087 1071 3140 hominis
1098 3086 1160 3138 ad
1186 3099 1460 3138 numerum
1481 3082 1989 3149 prtrdestinzttorum,

453 3182 541 3249 qui
572 3193 689 3234 ante
717 3177 1137 3233 constitutionem
1165 3175 1342 3230 mundi
1370 3173 1520 3228 electi
1543 3183 1661 3226 sunt
1682 3186 1710 3224 a
1741 3171 1982 3237 Domino,

387 3320 390 3321 ν
455 3273 531 3324 vel
557 3285 710 3324 unam
738 3270 900 3336 possit
929 3269 1152 3321 animam
1176 3265 1441 3335 adjicere:
1476 3263 1627 3318 Nouit
1651 3263 1778 3316 enim
1813 3261 1986 3315 Domi-

449 3374 550 3410 nus
597 3358 680 3424 qui
722 3365 836 3410 sunt
879 3361 1006 3426 ejus.
1062 3353 1250 3408 Verum
1278 3351 1378 3406 etsi
1405 3349 1986 3418 nostram'lragilitatem

453 3446 540 3516 qui
570 3448 633 3499 ad
656 3447 938 3500 electorum
961 3452 1153 3498 sortem
1201 3443 1458 3510 pertinent
1482 3440 1629 3503 latet,
1671 3452 1771 3492 non
1815 3447 1986 3491 tamen

457 3540 525 3590 τὼ
553 3539 745 3604 egelida
797 3551 915 3589 cura
946 3545 1136 3589 nostra:
1179 3533 1367 3588 salutis
1410 3530 1743 3592 cessandum,
1797 3543 1898 3582 non
1922 3527 1988 3583 ab

455 3627 770 3680 instruendis
800 3624 1048 3694 proximis
1088 3625 1258 3692 lingua
1305 3633 1383 3677 est
1413 3623 1745 3686 continenda,
1789 3619 1881 3674 sed
1920 3619 1985 3672 ad

455 3717 746 3785 exemplum
796 3717 932 3768 beati
970 3713 1089 3778 Lot,~
1113 3723 1167 3768 et
1210 3714 1359 3768 nobis
1403 3721 1545 3766 caste
1588 3710 1886 3774 vivendum,
1933 3718 1987 3764 et
2044 3781 2051 3787 θ

454 3809 734 3864 errantium
767 3821 969 3876 quoque
1013 3807 1320 3860 correctioni
1363 3803 1596 3856 omnium
1644 3801 1852 3869 pietatis
1887 3803 1985 3852 im-

456 3897 804 3967 pendentium,
843 3905 1044 3949 constat
1084 3894 1222 3946 enim
1267 3893 1387 3960 quia
1441 3892 1540 3944 etsi
1592 3888 1984 3956 prmdestinatos

457 3987 521 4041 ad
550 3987 814 4039 interitum
840 3985 1043 4037 salvure
1083 3982 1426 4049 nequivimus,
1478 3988 1667 4033 nostra:
1699 3988 1868 4031 tamen
1897 3976 1984 4031 beo

457 4076 722 4144 nignitatis
750 4088 900 4140 quam
951 4085 1072 4139 erga
1116 4070 1319 4122 illorum
1372 4067 1591 4120 salutem
1638 4065 1984 4134 impendimus

452 4165 741 4220 mercedem
773 4178 874 4217 non
896 4161 1179 4231 perdimus.

474 4248 475 4251 “
525 4253 589 4306 Et
617 4255 889 4306 eduxerunt
911 4268 1020 4305 eum
1050 4260 1407 4318 posueruntque
1434 4257 1573 4302 extra
1597 4249 1860 4301 deitatem.
1903 4245 1984 4300 Ibi

453 4347 643 4398 locutus
669 4350 738 4394 est
760 4344 825 4394 ad
851 4357 963 4393 eum
994 4356 1011 4393 :
1041 4340 1195 4394 Salva
1232 4340 1454 4389 animam
1495 4347 1649 4400 tuam,
1699 4338 1803 4390 noli
1829 4338 1986 4406 respi-

455 4449 564 4488 cere
582 4441 689 4502 post
717 4441 925 4499 tergum,
956 4444 1042 4480 nec
1065 4437 1160 4479 stes
1187 4427 1238 4478 iu
1270 4428 1402 4479 omni
1426 4426 1557 4477 circa
1577 4425 1799 4494 regione,
1821 4425 1907 4478 sed
1932 4426 1984 4478 in

2097 2106 2423 2171 agricultura
2449 2105 2715 2174 spiritalis.
2744 2115 2887 2161 retro
2912 2108 3270 2176 respiciamus,
3291 2114 3505 2180 quando
3529 2129 3633 2166 non

2095 2194 2230 2246 ultra
2257 2194 2404 2248 nobis
2433 2209 2651 2262 operum
2697 2196 2867 2262 aliqua
2895 2199 3151 2252 correctio
3193 2209 3378 2263 restat,
3422 2203 3514 2253 sed
3547 2217 3633 2255 eo-

2097 2296 2210 2334 rum
2238 2297 2352 2349 qum
2377 2285 2574 2351 operati
2593 2298 2775 2338 sumus
2794 2285 3056 2339 reddenda
3082 2286 3213 2340 ratio
3238 2287 3423 2350 instat;
3453 2303 3632 2343 verum

2096 2375 2286 2440 potius,
2318 2376 2622 2429 imminente
2643 2375 2858 2442 judicio,
2885 2375 3122 2430 ﬁdelibus
3142 2379 3253 2431 haec
3283 2387 3305 2414 ε
3337 2379 3634 2431 exhortatio

2098 2462 2270 2527 datur,
2299 2458 2580 2533 inemptis
2612 2465 2765 2520 bonis
2793 2479 2855 2520 ac
2896 2454 3190 2521 salubribus
3237 2469 3500 2532 insistant,
3543 2487 3630 2535 εις,

2099 2549 2339 2604 vitiorum
2391 2567 2510 2622 qua
2577 2553 2836 2623 reliquere
2897 2555 3133 2622 contagia
3177 2564 3495 2620 repetentes,
3538 2558 3632 2610 Lat

2096 2638 2367 2693 imitentur
2388 2656 2621 2706 uxorem,
2637 2656 2750 2710 qua
2772 2642 3036 2695 ardentem
3068 2641 3318 2711 sulphure
3345 2643 3628 2698 Sodomsm

2092 2731 2213 2784 dum
2240 2733 2444 2806 ipenuts
2467 2734 2786 2801 respiceret,
2812 2730 2838 2769 ἀ
2869 2747 3015 2786 versa
3039 2742 3121 2786 est
3155 2734 3204 2786 in
3232 2740 3460 2786 statuam
3482 2733 3628 2786 salis.

2097 2820 2222 2874 Dum
2259 2835 2387 2890 ergo
2411 2835 2508 2875 nos
2552 2821 2801 2876 Dominus
2840 2837 3053 2876 uxorem
3085 2822 3183 2876 Lot
3229 2821 3422 2876 imitari
3452 2823 3626 2890 probi-

2093 2912 2198 2973 bet,
2231 2913 2462 2967 ostendit
2504 2911 2737 2980 profecto
2760 2913 2896 2982 quod
2935 2913 3232 2967 incendium
3279 2913 3528 2977 civitatis,
3561 2912 3625 2966 ad

2094 3001 2230 3068 quod
2294 3001 2473 3055 oculos
2518 3001 2817 3065 reduxerat,
2873 3000 3108 3055 ﬂammas
3177 3000 3443 3066 vitiorum,
3497 3015 3626 3067 quas

2091 3089 2257 3142 vitare
2280 3099 2331 3142 et
2355 3091 2588 3144 valemus
2613 3100 2662 3144 et
2692 3090 2964 3155 debemus,
2990 3089 3253 3158 exprimit.
3296 3088 3448 3143 Unde
3489 3104 3626 3141 nunc

2091 3178 2380 3232 exhortatio
2407 3178 2731 3247 angelorum,
2757 3193 2858 3246 qua
2885 3177 3128 3231 eductum
3170 3179 3235 3231 tle
3255 3177 3501 3231 Sodomis
3526 3177 3624 3229 Lot

2090 3265 2475 3341 admonuerant
2519 3279 2584 3319 ne
2627 3273 2768 3318 retro
2812 3265 3114 3332 respiceret,
3161 3277 3331 3332 neque
3385 3264 3438 3314 in
3483 3262 3624 3316 omni

2091 3355 2227 3407 circa
2283 3354 2495 3422 regione
2547 3354 2877 3416 consisteret,
2935 3353 3028 3406 sed
3073 3363 3298 3406 montem
3350 3353 3625 3406 salvandus

2087 3452 2304 3510 peteret,
2335 3453 2390 3498 et
2435 3443 2742 3512 spiritaliter
2785 3441 3141 3510 intelligenda,
3189 3451 3241 3494 et
3283 3443 3514 3494 maxima
3541 3450 3622 3494 est

2085 3532 2236 3584 nobis
2267 3531 2554 3584 intentione
2578 3528 2880 3598 sequenda;
2919 3543 2984 3581 ne
3029 3527 3273 3582 videlicet
3326 3527 3542 3581 ardores
3570 3537 3620 3580 et

2086 3621 2340 3674 incentiva
2385 3620 2630 3673 vitiorum
2658 3631 2774 3686 qua
2806 3631 3081 3685 parumper
3111 3617 3344 3670 evasisse
3384 3619 3620 3669 videmur

2087 3710 2111 3736 θ
2149 3709 2337 3762 incauti
2380 3718 2693 3775 repetamus,
2765 3718 2935 3771 neque
2974 3702 3288 3758 omnimodis
3336 3705 3384 3755 in
3436 3702 3617 3756 vicinia

2085 3798 2433 3864 peccantium,
2456 3803 2708 3865 quantum
2734 3794 2983 3863 possibile
3009 3803 3109 3858 est,
3139 3808 3351 3846 manere
3391 3807 3614 3844 censen.

2085 3883 2294 3944 tiamus,
2324 3897 2389 3935 ne
2414 3864 2621 3936 illorum
2653 3879 2892 3947 exemplo
2912 3895 2940 3931 a
2964 3864 3159 3933 nostra:
3184 3880 3263 3930 via
3294 3878 3617 3930 rectitudinis

2083 3967 2403 4030 aberremus,
2431 3966 2576 4034 juxta
2603 3965 2728 4020 illud
2752 3965 3037 4020 Psalmistz
3061 3965 3127 4019 de
3164 3965 3318 4018 beato
3359 3968 3470 4018 viro
3501 3979 3521 4017 :
3551 3963 3613 4016 Et

2082 4058 2135 4110 iu
2156 4059 2234 4111 uia
2251 4066 2561 4127 peccaton
2600 4071 2698 4110 non
2725 4058 2871 4108 stetit
2893 4054 3064 4126 (Psal.
3083 4070 3134 4116 .t,
3160 4057 3234 4121 ί),
3264 4055 3357 4109 sed
3385 4056 3451 4107 ad
3480 4054 3616 4108 lasti-

1973 4196 1980 4206 ,
2083 4151 2219 4220 gium
2234 4149 2406 4202 arduae
2419 4161 2666 4203 conversa
2674 4145 3188 4202 tinnisconscendere
3199 4145 3345 4200 ocius
3353 4159 3613 4197 curemus.

2156 4237 2388 4306 Dixitque
2411 4237 2505 4317 ‘Lot
2534 4237 2602 4290 ad
2629 4253 2711 4291 eos
2729 4252 2748 4290 :
2774 4235 2973 4302 Quieso,
3003 4228 3200 4288 domine
3228 4233 3316 4295 uti,
3337 4235 3458 4300 quia
3488 4235 3614 4285 im

2084 4329 2158 4381 uit
2183 4342 2354 4380 seruus
2376 4337 2489 4379 tuus
2513 4326 2728 4396 gratiam
2747 4333 3002 4402 coramte,
3031 4331 3078 4377 et
3105 4322 3444 4392 magniﬁcasti
3463 4323 3612 4373 mise-

2083 4415 2350 4467 ricordiam
2376 4422 2512 4467 tuam
2533 4427 2682 4478 quam
2734 4410 2894 4478 fecisti
2917 4425 3128 4474 mecum,
3168 4416 3220 4459 ut
3247 4409 3467 4461 sulcare:
3511 4408 3614 4458 nni-

453 4495 617 4576 monte
643 4495 834 4572 solrum
853 4527 898 4570 te
926 4518 1023 4584 (ac,
1048 4531 1109 4568 ne
1133 4524 1178 4568 et
1207 4525 1260 4566 tu
1279 4513 1427 4567 simul
1444 4528 1635 4582 pereas.
1661 4510 1983 4568 Generaliter
2009 4526 2060 4587 υ
2087 4517 2216 4556 "tam
2256 4518 2438 4568 mam,
2479 4516 2567 4581 nec
2621 4514 2827 4587 possunt
2865 4498 2918 4549 in
2955 4506 3122 4587 monte
3153 4497 3335 4550 saluari
3381 4511 3445 4548 uc
3492 4495 3611 4563 {orte

455 4611 662 4679 quidem
705 4607 996 4662 incendium
1050 4614 1102 4658 et
1149 4602 1369 4671 perditio
1397 4600 1766 4668 Sodomorum,
1795 4602 1864 4662 de
1881 4615 1978 4669 qua

455 4709 667 4767 ereptus
691 4705 771 4751 est
817 4695 932 4758 Lot,
987 4705 1189 4760 ptenam
1233 4691 1431 4744 ultima:
1471 4688 1808 4743 districtionis
1848 4687 2007 4742 desim

452 4797 608 4856 gnat;
636 4785 858 4855 quando,
903 4783 1158 4846 completa
1189 4782 1238 4833 in
1287 4780 1388 4833 line
1418 4777 1594 4832 muli
1634 4789 1836 4832 summa
1875 4775 1988 4829 ele-

453 4880 683 4939 ctorum,
711 4886 890 4927 omnes
912 4871 1052 4937 impii
1083 4879 1329 4923 aeternum
1378 4869 1640 4934 rapientur
1692 4866 1742 4918 in
1790 4865 1986 4934 ignem,

457 4962 679 5017 Domino
727 4971 1031 5027 exponente,
1073 4958 1159 5025 qui
1189 4959 1261 5009 ait
1293 4973 1303 5006 :
1339 4955 1583 5024 Similiter
1623 4955 1752 5008 sicut
1802 4953 1988 5020 factum

460 5061 542 5106 est
584 5053 636 5103 iu
676 5048 846 5101 diebus
902 5045 1010 5107 Lot,
1063 5046 1267 5098 edebant
1318 5054 1365 5098 et
1413 5044 1655 5108 bibebant,
1697 5042 1912 5095 emebant
1940 5050 1986 5093 et

457 5139 751 5201 vendebant,
808 5133 1094 5203 plantabant
1133 5123 1177 5185 et
1202 5133 1534 5200 tediﬁcabaut,
1588 5147 1689 5201 qua
1716 5132 1796 5205 dis
1823 5139 1988 5183 autem

456 5222 767 5285 exiuit'Lota
789 5220 1048 5289 Sodomis,
1094 5226 1219 5291 pluit
1258 5223 1420 5292 ignem
1453 5234 1500 5277 et
1529 5222 1740 5292 sulphur
1766 5220 1985 5285 dcoalo,

460 5331 504 5372 et
533 5334 698 5372 omnes
719 5310 978 5388 perdidit.’
1004 5314 1291 5369 Secundum
1337 5315 1442 5368 haec
1469 5313 1560 5368 erit
1603 5327 1701 5380 qua
1726 5311 1806 5365 die
1826 5309 1989 5365 Filius

460 5407 672 5459 {torminis
710 5405 1002 5459 revelabitur
1032 5403 1179 5472 (Luc.
1229 5417 1352 5467 xvn,
1397 5401 1513 5473 28).
1565 5403 1661 5459 Cui
1713 5409 1990 5458 attestatur

463 5494 617 5549 etiam
661 5494 924 5560 apostolus
944 5491 1101 5546 ludas
1128 5491 1307 5546 dicens
1337 5506 1352 5545 :
1385 5490 1528 5546 Sicut
1568 5492 1790 5547 Sodoma
1820 5501 1865 5546 et
1889 5491 1986 5546 Go-

530 5636 553 5661 ⁸
595 5625 700 5684 AL,
727 5634 817 5675 est.

530 5693 554 5729 δ
596 5693 699 5746 ΑἸ..
729 5693 999 5748 desistunt;
1023 5690 1110 5740 ιιι..
1143 5691 1396 5743 assistunt.

529 5760 567 5799 ε’
594 5763 698 5828 AL,
727 5769 873 5811 ratio.

2083 4593 2421 4662 apprehendat
2448 4607 2525 4645 me
2545 4591 2752 4643 malum.
2781 4584 2871 4640 Est
2894 4585 3065 4638 civitas
3089 4585 3193 4639 lucc
3212 4589 3354 4652 iuxta
3372 4589 3440 4638 ad
3464 4602 3610 4655 quam

2082 4698 2283 4753 possunt
2323 4685 2499 4752 fugere
2521 4697 2691 4750 parua,
2714 4689 2760 4732 et
2801 4677 3028 4731 salvabor
3054 4679 3106 4732 in
3134 4696 3213 4733 ea.
3258 4679 3368 4747 Non
3399 4681 3467 4733 ita
3489 4694 3612 4747 pre:

2083 4773 2270 4827 sidium
2316 4772 2498 4824 vicina:
2543 4770 2768 4824 civitatis
2810 4766 2830 4806 ι
2873 4769 3020 4837 petiit
3081 4769 3262 4823 beatus
3307 4771 3431 4833 l.ot,_
3471 4769 3612 4837 quasi

2084 4862 2276 4915 malum
2297 4861 2397 4914 sibi
2419 4859 2638 4926 alicujus
2666 4859 2825 4930 plagte
2865 4868 3296 4928 superventurum
3327 4857 3552 4919 timeret,
3570 4856 3611 4910 si

2083 4951 2149 5005 sd
2179 4957 2410 5003 montem
2436 4950 2706 5018 pervenire
2745 4951 3020 5019 potuisset;
3049 4950 3139 5003 sed
3167 4964 3226 5000 ea
3255 4949 3426 5015 potius
3453 4948 3611 5001 inten-

2088 5041 2226 5093 tione
2249 5039 2312 5093 ad
2335 5039 2594 5093 civitatem
2619 5038 2781 5108 juxta
2820 5039 3039 5108 positam
3064 5037 3326 5091 divertere
3354 5038 3611 5106 cupiebat,

2087 5143 2152 5184 ne
2173 5129 2295 5183 dum
2317 5131 2507 5184 montis
2534 5129 2856 5184 altitudinem
2893 5128 2984 5195 qui
3013 5126 3213 5194 longius
3240 5127 3420 5180 aberat
3466 5135 3615 5194 pete-

2084 5228 2186 5285 ret,
2215 5219 2266 5273 in
2293 5220 2406 5288 ipso
2425 5219 2608 5273 itinere
2628 5216 2847 5286 positum
2883 5215 3090 5268 ﬂamma
3110 5230 3225 5286 qua:
3245 5216 3421 5285 impiis
3447 5213 3592 5284 prosi

2086 5325 2168 5364 ma
2197 5309 2495 5364 imminebat
2518 5309 2835 5364 absumeret.
3081 5323 3084 5326 ’

2158 5401 2390 5468 Dixitque
2413 5399 2480 5452 ad
2506 5413 2619 5453 cum
2645 5411 2664 5450 :
2697 5395 2824 5450 Ecce
2844 5395 2992 5448 etiam
3017 5395 3068 5448 iu
3097 5397 3189 5449 Itec
3208 5397 3403 5466 suscepi
3449 5407 3614 5469 ncces

2087 5500 2220 5554 tuas,
2248 5499 2298 5542 ut
2319 5503 2420 5542 non
2442 5487 2717 5542 subsertam
2746 5485 2914 5537 urbem
2951 5499 3039 5553 pro
3063 5497 3161 5552 qua
3195 5487 3390 5538 locutus
3414 5498 3488 5546 es,
3513 5480 3617 5536 etc.

2155 5625 2182 5663 ει
2217 5624 2472 5686 Al.,deest
2491 5635 2629 5676 uersa
2655 5627 2726 5673 est
2754 5620 2805 5673 iu
2829 5615 3202 5676 statuuntsalis.

2159 5701 2184 5730 ⁸
2222 5695 2325 5756 AL,
2355 5694 2569 5745 incaute.

2160 5764 2180 5803 ί
2223 5765 2327 5829 AL,
2354 5759 2488 5829 petit.

3827 3609 3829 3703 ι

3825 3740 3831 3981 l
