3872 6262
347 357 450 437 αττ

1560 365 2016 430 HEXAEIERON
2053 365 2178 423 LIB.
2221 365 2303 420 ιν.

3404 360 3506 423 178

340 492 387 546 0
412 499 594 557 quanta
616 491 816 545 viscera
841 489 1030 544 divine
1049 485 1291 557 pietatial‘
1312 499 1411 540 non
1432 484 1602 538 solum
1623 484 1820 552 justum
1841 488 1870 528 a
1899 475 1946 534 Δ
1971 475 2185 548 introitu
2221 477 2291 529 ad
2313 476 2462 530 illam
2479 517 2492 539 ,
2523 486 2569 530 et
2602 476 2800 530 cenabo
2829 491 2944 529 cum
2971 475 3078 539 illo;
3112 477 3288 543 et‘t'pse
3308 477 3504 529 emacem

346 581 633 650 punitione
656 580 1024 635 sceleratorum
1041 577 1244 641 liberat,
1263 574 1351 631 sed
1375 582 1427 629 et
1444 572 1676 641 plurimis
1697 586 1876 627 eorum

347 676 557 735 propter
587 668 804 721 salutem
844 666 1074 736 ejusdem
1097 664 1223 732 justi
1265 664 1422 717 vitam
1459 674 1612 730 quam
1634 675 1737 715 non
1769 674 1879 715 me—

344 773 498 814 ruere
529 760 784 822 concedit,
812 769 864 811 ut
887 767 939 811 et
959 757 1009 810 in
1036 756 1114 810 eis
1139 755 1229 824 qui
1251 757 1476 823 perirem
1497 751 1618 820 quid
1639 753 1878 820 impietas

345 860 630 920 mereretur
650 849 968 912 ostenderet,
993 855 1043 899 et
1066 847 1118 900 in
1141 846 1222 900 his
1248 847 1333 915 qui
1363 852 1688 899 remanerent
1716 856 1878 912 quan-

341 946 456 992 tum
487 940 786 994 intercessio
811 938 1010 1007 piorum
1037 936 1174 1005 apud
1203 935 1364 992 Deum
1387 936 1582 990 valeret
1602 934 1872 989 indicaret.

416 1025 610 1082 Idcirco
633 1035 853 1080 vocatum
881 1035 951 1078 est
979 1041 1154 1078 nomen
1174 1024 1311 1078 urbis
1337 1025 1474 1078 illius
1502 1023 1681 1094 Segor.
1709 1020 1877 1093 Seqor

339 1104 920 1181 interpretatur'Parva,
954 1131 1070 1182 qum
1095 1114 1290 1170 idcirco
1315 1116 1390 1170 sic
1411 1121 1593 1169 vocata
1622 1121 1720 1178 est,
1751 1114 1871 1180 quia

336 1199 546 1257 dixerat
566 1202 681 1266 Lat,
729 1203 971 1270 Nunquid
1002 1218 1101 1256 non
1147 1203 1342 1256 ntodiea
1369 1215 1459 1257 est.
1508 1202 1662 1273 (Prius
1699 1213 1873 1256 autem

340 1287 466 1343 Bale
487 1290 785 1353 vocabatur,
825 1299 878 1343 ut
899 1289 948 1344 in
969 1291 1327 1358 superioribus
1354 1291 1536 1359 legitur
1553 1306 1572 1345 :
1593 1288 1875 1357 Contraque

338 1395 502 1447 regent
528 1378 669 1441 Bale,
696 1383 804 1448 ipsa
832 1393 902 1436 est
931 1379 1108 1451 Segor.
1155 1384 1525 1446 Interpretatur
1547 1389 1718 1437 autem
1749 1382 1872 1438 Date

340 1467 616 1533 deuoratio,
652 1483 801 1529 quam
835 1469 902 1522 ita
924 1468 1115 1522 dictam
1144 1468 1290 1523 aiunt
1329 1469 1551 1532 ilebrati,
1583 1469 1721 1538 quod
1765 1479 1874 1524 ten-

339 1555 413 1608 tio
455 1565 608 1610 terra:
650 1559 1072 1627 motu-absorpta
1099 1561 1185 1630 sit.
1239 1560 1382 1615 Sicut
1428 1570 1600 1613 autem
1647 1559 1872 1616 Sodoma

335 1643 526 1697 ardens
558 1645 791 1699 ﬂammas
831 1647 1092 1714 vitiorum,
1140 1657 1192 1702 et
1220 1663 1368 1703 mons
1403 1648 1467 1703 ad
1499 1663 1650 1718 quem
1690 1663 1872 1704 ascen-

339 1732 466 1786 tlere
497 1733 589 1786 Lot
612 1733 824 1800 juhctur
849 1737 1096 1792 virtutum
1117 1737 1320 1791 culmen
1345 1737 1590 1801 insinuat,
1619 1737 1686 1791 ita
1708 1737 1874 1806 Seqor

1977 561 2160 634 (Apoc.
2188 580 2265 629 tu,
2297 563 2411 632 20).
2445 565 2513 618 Et
2536 559 2677 634 impii
2706 565 2816 620 suis
2846 564 3315 620 tentatiouibus‘vel
3347 580 3502 633 opera

1975 654 2229 719 ﬁdelium,
2261 653 2339 710 vel
2368 653 2535 720 ipsum
2563 667 2900 722 corrumpere
2927 652 3078 706 fidem
3105 662 3342 720 quammt
3365 669 3381 717 ;
3407 669 3502 721 ap-

1976 746 2188 812 parente
2215 755 2385 796 autem
2418 757 2569 798 mane
2599 742 2753 796 futuri
2783 742 2957 796 δευρυῆ
2984 782 3001 808 ,
3032 743 3082 794 hi
3113 757 3354 796 coronam
3388 742 3506 796 vitae

1974 833 2264 901 accipiunt,
2317 831 2389 886 illi
2431 847 2637 899 pcnam
2681 843 2940 900 perpetua:
2988 832 3169 885 ortis
3213 831 3504 885 incutrunt.

1973 921 2240 990 Condigna
2265 930 2438 974 autem
2468 921 2577 974 suis
2600 922 2887 975 sceleribus
2921 934 3080 988 plena
3103 920 3516 987 Sodomitaa'pe-

1975 1019 2144 1064 reunt.
2171 1009 2297 1063 Nam
2317 1010 2435 1078 quia
2466 1009 2517 1088 in
2547 1010 2820 1078 putredine
2847 1010 3064 1063 luxuriae
3090 1019 3142 1064 et
3168 1009 3353 1063 ardore
3383 1009 3505 1062 libi.

1975 1099 2110 1155 diuis
2135 1099 2292 1154 vitam
2320 1093 2585 1155 duxerunt
2627 1100 2835 1168 impiam
2855 1141 2872 1166 ,
2911 1100 3100 1153 merito
3123 1115 3241 1153 cum
3283 1099 3525 1152 ﬂammis

1974 1188 2168 1258 ignium
2197 1188 2352 1243 etiam
2385 1188 2553 1243 fetore
2589 1189 2853 1258 sulphuris
2883 1189 3182 1255 puniuntur.
3215 1173 3321 1243 Nec
3349 1187 3502 1241 dubi-2

1973 1276 2187 1330 tandum
2209 1276 2329 1344 quin
2358 1277 2443 1330 tali
2475 1292 2623 1344 pana
2652 1293 2754 1330 nou
2797 1277 2964 1330 solum
2995 1277 3056 1329 ad
3092 1279 3503 1344 premens-dum-

1960 1365 2114 1431 ‘nati,
2155 1367 2248 1421 sed
2283 1367 2436 1420 etiam
2483 1375 2607 1422 sunt
2651 1378 2900 1437 perpetuo
2938 1368 3216 1423 damnandi
3241 1409 3255 1432 ,
3300 1369 3536 1423 dicente-

1971 1457 2209 1524 apostolo
2235 1457 2434 1512 Joanne
2473 1475 2487 1511 :
2521 1458 2728 1512 Timidis
2776 1468 2974 1523 autent,
3023 1470 3068 1512 et
3114 1459 3377 1514 incredulis
3404 1499 3419 1523 ,
3465 1471 3511 1514 et

1973 1546 2253 1607 esseet-otia,
2277 1558 2323 1600 et
2343 1547 2599 1600 homicidia
2620 1587 2635 1612 ,
2667 1558 2713 1601 et
2744 1543 3153 1618 fornicatoribus',
3185 1560 3230 1604 et
3251 1552 3506 1618 veneﬁcis,

1972 1641 2018 1684 et
2046 1634 2351 1701 idololatris,
2372 1644 2418 1688 et
2446 1637 2669 1690 omnibus
2700 1639 3014 1692 mendacibus
3045 1657 3161 1706 pars
3189 1640 3388 1694 illorum
3416 1643 3514 1695 erit

1971 1722 2026 1776 in
2068 1731 2245 1796 stagna
2289 1725 2491 1781 ardente
2519 1728 2633 1798 igne
2678 1739 2724 1781 et
2763 1729 3002 1798 sulphure
3048 1729 3224 1802 (Apoc.
3274 1745 3361 1784 ut
3387 1772 3401 1795 ,
3430 1733 3542 1800 ‘2).-

343 1823 622 1887 quemdam
653 1825 800 1877 bona»
836 1828 1245 1880 conversationis
1300 1827 1509 1880 modum
1549 1827 1718 1880 minus

1978 1790 2233 1880 Equalur
2261 1829 2386 1884 ergo
2415 1790 2564 1883 poena
2596 1827 2646 1870 et
2675 1817 2803 1871 ultio
2829 1790 3508 1886 g'eneribus'peccatoriunf,

337 1911 531 1966 fectum
573 1915 840 1981 designat;
887 1918 972 1982 qui
1003 1918 1098 1970 etsi
1128 1933 1156 1970 a
1181 1918 1488 1972 celsitudine
1535 1918 1877 1984 perfectorum

1971 1900 2123 1971 juxta
2156 1901 2286 1960 illud
2309 1904 2449 1972 quod
2489 1905 2566 1958 vir
2592 1906 2800 1973 sapiens
2829 1907 3000 1974 plagas
3043 1905 3400 1978 Egyptiorum
3431 1909 3512 1961 in-

334 2000 506 2055 adhnc
530 2003 678 2068 longe
706 2003 869 2066 abeat,
897 2004 1001 2071 jam
1025 2015 1194 2057 tamen
1224 2020 1253 2058 a
1283 2013 1306 2040 ε
1335 2010 1574 2076 ειηιιηεεο
1602 2007 1870 2062 scelerato-

1976 1998 2266 2058 terpretans
2293 1994 2368 2047 ait
2397 2009 2421 2048 ς·
2446 1993 2523 2047 Ut~
2553 1995 2733 2048 scirent
2758 1997 2874 2066 quin
2911 2011 2998 2064 per
3024 2011 3138 2064 quat
3172 2005 3341 2065 peccat
3367 1996 3509 2062 quis,

335 2105 452 2143 rum
472 2102 704 2145 secretus
729 2101 829 2146 est.
856 2092 1012 2147 Verbi
1037 2095 1196 2162 graia
1237 2095 1322 2160 qui
1361 2096 1683 2163 conjugalem
1728 2107 1872 2152 recte

333 2190 512 2234 servat
542 2182 716 2246 vitam,
743 2198 770 2234 a
801 2183 1154 2237 fornicationis
1182 2184 1388 2253 quidem
1431 2184 1634 2238 ﬂamma
1659 2186 1873 2253 sulphu-

345 2285 435 2322 rea
467 2273 652 2335 evasit,
685 2279 781 2327 nec
826 2283 996 2326 tamen
1042 2283 1269 2328 montem
1311 2274 1643 2328 continentia:
1681 2275 1707 2312 ⁸³
1747 2290 1875 2328 cou-

337 2361 563 2421 scendit,
585 2361 674 2428 qui
700 2377 727 2415 a
751 2364 941 2430 rapinis
969 2372 1124 2432 atque
1143 2365 1360 2418 avaritia
1383 2379 1592 2419 manum
1623 2374 1874 2419 mentem-

314 2463 440 2515 -que
494 2452 698 2514 avertit,
742 2466 804 2506 ac
844 2453 909 2506 de
949 2453 1103 2506 rebus
1151 2455 1338 2508 habitis
1383 2454 1696 2521 pauperibus
1745 2454 1874 2508 dare

331 2537 628 2611 consuevit,
665 2541 884 2593 necdum
912 2549 1082 2594 tamen
1113 2543 1283 2593 omnia
1325 2542 1620 2609 relinquere
1666 2542 1870 2609 potuit;

338 2625 408 2678 de
439 2625 677 2680 incendio
705 2629 914 2696 quidem
936 2629 1280 2684 Sodomorum
1309 2631 1506 2698 afugit,
1532 2633 1726 2687 mania
1743 2643 1868 2702 par-

338 2727 419 2766 vae
440 2713 662 2770 civitatis
693 2717 744 2769 in
788 2733 886 2785 qua
915 2720 1201 2787 periculum
1227 2719 1470 2775 interitus
1508 2721 1755 2777 evaderet
1794 2724 1870 2775 itt-

334 2803 515 2868 travit,
553 2804 641 2860 sed
683 2806 901 2860 necdum
943 2822 1115 2862 arcem
1166 2809 1370 2864 virtutis
1402 2810 1452 2864 in
1483 2825 1582 2876 qua
1621 2809 1726 2880 jam
1754 2826 1872 2880 per-

334 2893 502 2947 fectus
528 2894 778 2950 emineret
810 2897 1060 2959 ascendit,
1093 2906 1354 2954 etcattera
1415 2898 1728 2967 bujnsmodi.

407 2983 498 3037 Sol
525 3000 749 3054 egressus
777 2996 850 3040 est
886 3003 1039 3056 super
1067 2997 1248 3041 terram
1267 3026 1282 3053 ,
1312 2998 1358 3040 et
1393 2987 1487 3041 Lat
1520 2990 1771 3059 ingressus
1799 2999 1870 3044 est

331 3070 532 3137 Segor;
572 3075 727 3144 igitur
757 3072 1001 3128 Dominus
1040 3077 1166 3142 pluit
1202 3093 1348 3145 super
1380 3075 1653 3131 Sodomant
1686 3086 1733 3132 et
1767 3077 1870 3131 Go-

330 3163 589 3215 morrlunn
614 3166 822 3232 sulphur
845 3175 890 3219 et
912 3168 1078 3235 ignem
1105 3185 1138 3219 a
1167 3167 1378 3222 Domino
1405 3170 1466 3222 de
1491 3171 1611 3223 calo
1634 3186 1653 3235 ;
1682 3181 1726 3225 et
1752 3171 1868 3224 sub-

330 3250 478 3302 uertit
519 3251 736 3304 civitates
781 3253 873 3305 has
913 3263 960 3306 et
1003 3271 1199 3307 omnem
1237 3257 1369 3308 circa
1411 3259 1681 3326 regionem.
1732 3259 1869 3314 Solis

331 3338 566 3403 θεῖε-κὶα
592 3355 751 3408 super
776 3349 988 3404 terram,
1017 3357 1134 3397 cum
1165 3357 1264 3411 qua
1292 3351 1314 3382 ο
1344 3344 1608 3400 subversa
1626 3357 1750 3401 sunt
1771 3349 1870 3403 So-

333 3425 491 3482 doma
521 3435 572 3480 et
598 3426 910 3493 Gomorrba,
935 3430 1417 3486 manifestationem.
1439 3432 1606 3487 ultimi
1632 3434 1874 3504 designat

326 3516 586 3572 examinis
611 3557 626 3580 ,
661 3519 905 3587 quando,
935 3521 1091 3587 iustis
1137 3523 1380 3576 emuibns
1407 3523 1604 3590 ereptis
1627 3563 1641 3590 ,
1682 3524 1869 3593 impios

327 3605 634 3670 repentinus
672 3606 932 3674 opprimet
978 3607 1240 3663 interitus.
1288 3610 1352 3662 Et
1382 3621 1526 3664 recte
1552 3612 1730 3678 utique
1774 3604 1869 3666 Dei

321 3693 524 3762 judicio
570 3693 760 3750 factum
805 3704 886 3750 est
930 3705 990 3750 nt
1032 3700 1120 3764 qui
1167 3701 1374 3757 beatum
1421 3699 1516 3752 Lat
1561 3700 1610 3752 in
1643 3700 1898 3754 tenebris

330 3779 501 3836 noctis
549 3781 766 3836 multum
805 3782 1128 3840 laborantem
1165 3801 1226 3841 ae
1253 3787 1562 3842 renitentem
1587 3780 1696 3844 suis
1724 3790 1870 3857 flagi-

334 3871 425 3923 tiis
453 3870 649 3927 irretiri
683 3881 1034 3942 teutaveruut,
1068 3877 1375 3935 adveniente
1401 3881 1572 3935 subito
1597 3881 1702 3944 die,
1732 3882 1870 3936 hunc

329 3970 570 4026 ereptum
600 3971 876 4019 cernentes
894 4002 911 4031 ,
939 3964 1059 4035 ipsi
1089 3980 1300 4035 prorsus
1341 3968 1611 4023 interirent
1633 4010 1649 4035 ,
1680 3971 1868 4037 quique

461 4051 611 4121 {mdis
640 4055 990 4124 voluptatibus
1026 4060 1197 4115 carnis
1225 4061 1277 4114 in
1315 4061 1548 4116 tenebris
1590 4072 1828 4117 arserant
1849 4103 1865 4126 ,

327 4151 614 4210 appetente
640 4143 810 4199 subito
839 4160 994 4201 mane
1017 4187 1034 4211 ,
1066 4147 1317 4215 sulphure
1357 4158 1789 4202 consumerentur
1814 4159 1865 4204 et

329 4229 486 4298 igne,
514 4230 632 4299 quia
660 4240 716 4285 et
739 4246 924 4288 omnes
966 4235 1053 4301 qui
1083 4237 1132 4291 in
1162 4235 1394 4290 concitate
1431 4234 1620 4287 mentis
1661 4235 1866 4289 occulte

329 4318 476 4372 vitiis
503 4318 814 4388 inserviunt,
854 4320 905 4379 in
935 4323 1236 4389 cognitione
1263 4323 1342 4376 sui
1389 4323 1601 4377 sceleris
1641 4325 1807 4391 palam
1834 4338 1863 4376 a

1974 2096 2061 2146 per
2081 2080 2185 2134 [nec
2205 2092 2252 2135 et
2274 2091 2530 2148 torquetur
2552 2083 2702 2153 (Sep.
2733 2100 2803 2147 st,
2832 2086 2940 2153 Π),
2972 2086 3106 2139 sicut
3129 2096 3308 2140 contra
3331 2087 3515 2141 beatus

1974 2167 2072 2222 Lot
2110 2169 2256 2238 juxta
2287 2171 2494 2225 modum
2532 2172 2650 2226 vitae
2679 2188 2838 2242 quam
2882 2174 3102 2229 ducebat
3145 2177 3330 2229 meruit
3369 2176 3519 2229 lihe-

1973 2259 2115 2322 rari;
2146 2260 2266 2328 quia
2295 2259 2434 2313 enim
2467 2261 2738 2328 boSpitalis
2777 2263 3084 2330 exstiterat,
3131 2266 3345 2334 contigit
3388 2280 3509 2318 eum

1972 2350 2229 2418 susceptis
2269 2351 2419 2405 bouis
2465 2351 2768 2420 hospitibus
2797 2354 2861 2408 ab
2906 2354 3115 2408 interitu
3156 2354 3362 2409 salvari.
3406 2354 3512 2409 Nec

1971 2438 2313 2496 dubitandum
2342 2441 2467 2510 quin
2497 2441 2562 2495 ab
2589 2442 2784 2496 eisdem
2828 2443 3115 2510 hospitibus
3145 2454 3257 2511 post
3286 2453 3512 2498 murteta

1974 2529 2044 2586 sit
2069 2529 2119 2584 in
2151 2538 2345 2584 aeterna
2375 2529 2706 2589 tabernaculo
2739 2540 3076 2599 receptus,.ut
3103 2533 3190 2601 qui
3218 2533 3336 2587 coeli
3365 2535 3521 2588 cives

1971 2618 2024 2672 in
2057 2633 2208 2674 suum
2233 2618 2518 2674 introduxit
2545 2618 2846 2687 hospitium,
2878 2621 3088 2690 suisque
3113 2622 3292 2676 reiecit
3314 2623 3507 2690 epulis,

1970 2709 2038 2765 ab
2065 2710 2142 2765 eis
2173 2711 2356 2781 ipsein
2388 2709 2414 2749 ἀ
2446 2711 2734 2767 habitacula
2765 2712 2994 2766 coelestia
3028 2713 3387 2778 indimeretur;
3415 2715 3508 2768 ubi

1971 2812 2106 2866 pane
2123 2800 2433 2869 angelorum
2457 2811 2726 2869 perpetuo,
2756 2803 2854 2855 hoc
2880 2812 2980 2868 est,
3007 2813 3296 2870 conspectu
3318 2803 3515 2856 divinas

1966 2889 2219 2945 claritatis
2255 2890 2420 2959 gloria
2462 2892 2799 2957 reﬁceretur;
2835 2891 2972 2960 quod
3016 2906 3143 2947 vero
3173 2890 3362 2946 dicitur
3387 2891 3519 2960 quia.

1968 2973 2214 3032 Dominus
2248 2979 2375 3048 pluit
2397 2995 2428 3032 a
2461 2979 2676 3034 Domino
2717 2982 2931 3049 sulphur
2965 2991 3011 3036 et
3051 2983 3217 3053 ignem
3245 2980 3308 3035 de
3343 2979 3512 3044 calo,

1970 3065 2244 3121 manifeste
2275 3069 2518 3123 distincta
2565 3080 2649 3124 est
2692 3069 2858 3124 Patris
2888 3069 3097 3125 et-Filii
3142 3080 3402 3139 persona",
3451 3077 3505 3125 et

1970 3154 2182 3210 Sabellii
2214 3155 2427 3212 haeresis
2457 3158 2727 3228 repudiata
2753 3198 2769 3226 ,
2798 3174 2913 3233 qum
2938 3159 3104 3227 ipsum
3138 3159 3356 3213 Patrem.
3379 3158 3504 3214 dicit

1968 3257 2088 3299 esse
2113 3260 2267 3314 quem
2307 3245 2515 3301 Filium.
2545 3247 2686 3303 Pluit
2711 3239 2882 3304 autem
2917 3249 3166 3303 Dominus
3194 3264 3221 3302 a
3258 3249 3501 3312 Domino,

1967 3336 2133 3392 Filius
2158 3353 2187 3392 a
2218 3338 2393 3406 Patre,
2423 3339 2562 3396 unde
2588 3349 2643 3394 et
2669 3340 2790 3394 alibi
2813 3341 3002 3394 dicitur
3026 3339 3166 3392 Patri
3199 3358 3210 3391 :
3244 3339 3424 3395 Omnia
3450 3339 3505 3392 in

1965 3425 2211 3492 sapientia
2233 3426 2391 3495 fecisti
2420 3424 2535 3494 (Ps.
2570 3439 2698 3490 ctu,
2728 3424 2843 3492 24),
2873 3425 2970 3480 hoc
2997 3433 3095 3490 est,
3138 3426 3186 3479 in
3222 3425 3370 3479 Filio.
3398 3425 3498 3478 Cui

1965 3517 2141 3570 simile
2167 3525 2248 3570 est
2271 3515 2396 3570 illud
2422 3515 2730 3582 Psalmista,
2756 3516 2842 3572 ubi
2869 3517 2934 3570 ita
2962 3516 3091 3570 duas
3117 3515 3282 3570 Patris
3303 3525 3356 3570 et
3381 3501 3495 3570 Filii

1966 3606 2214 3660 describit
2235 3621 2482 3676 personas
2501 3646 2517 3674 ,
2549 3617 2604 3663 ut
2635 3617 2808 3663 tamen
2837 3623 2990 3663 unam
3019 3609 3070 3662 in
3096 3609 3295 3663 duabus
3319 3606 3500 3674 perso-

1966 3696 2046 3750 nis
2074 3697 2315 3753 deitatem
2354 3699 2581 3754 iusinuet
2608 3717 2620 3751 :
2650 3699 2805 3754 Sedes
2832 3709 2938 3759 tua.
2985 3699 3141 3764 Deus,
3182 3701 3236 3750 in
3261 3697 3495 3750 mentum

1964 3789 2138 3842 seculi
2160 3791 2334 3856 ;uirga
2358 3788 2623 3858 legitimis,
2652 3791 2789 3861 uirga
2807 3791 2948 3858 regni
2972 3791 3085 3853 tui;
3112 3789 3333 3842 dites-isti
3344 3789 3499 3858 justi-

1965 3877 2106 3941 tiam,
2128 3887 2172 3931 et
2187 3878 2669 3947 odistiiniquilatem,
2686 3887 2944 3949 propterea
2964 3881 3103 3932 unxit
3127 3885 3178 3932 te
3197 3877 3348 3942 Deus,
3364 3875 3499 3930 Deus

1965 3975 2077 4020 tuus
2102 3965 2218 4035 (Ps.
2245 3981 2383 4032 sLtv,
2413 3967 2488 4036 7).
2521 3965 2674 4023 Sedes
2697 3968 2833 4023 enim
2854 3976 2940 4021 t'tta
2970 3967 3120 4031 Deus,
3156 3953 3260 4022 Deo
3281 3966 3388 4019 lilio
3416 3967 3498 4017 dia

1965 4056 2517 4120 eitur;un.1:itteiDeus,
2540 4056 2675 4112 Deus
2688 4066 2818 4123 tuus,
2839 4059 2905 4112 de
2926 4057 3032 4111 Deo
3053 4056 3202 4110 Patre
3213 4056 3503 4123 subjungit..

2035 4144 2413 4211 Respieiensque
2440 4159 2565 4196 uxor
2591 4148 2701 4214 ejus
2726 4156 2835 4213 post
2860 4162 2912 4197 se
2929 4161 3067 4198 uersa
3098 4156 3168 4197 est
3192 4146 3244 4197 in
3272 4153 3492 4196 statuam

1961 4230 2101 4284 salis.
2134 4231 2241 4284 lloc
2265 4245 2386 4292 vere
2402 4231 2546 4299 juxta
2565 4232 2790 4286 litteram
2819 4232 3008 4287 factum
3031 4248 3146 4288 esse
3172 4233 3491 4288 credendum

1964 4331 2059 4382 est.
2099 4321 2326 4391 Denique
2360 4320 2619 4390 Josepitus
2649 4323 2810 4378 refert
2836 4339 2997 4392 usque
3037 4324 3100 4378 ad
3130 4333 3219 4376 sua
3258 4333 3489 4390 tempora

327 4410 566 4490 districto
590 4411 767 4480 judice
794 4412 1060 4469 feriuntur.
1115 4412 1242 4467 Item
1273 4415 1556 4470 notandum
1595 4414 1731 4482 quod
1767 4430 1863 4468 una
1881 4425 1944 4486 ’θ
1966 4414 2201 4470 eamdem
2255 4414 2377 4467 salis
2418 4422 2640 4469 statuam
2688 4415 2739 4468 in
2787 4416 2951 4481 portis
2997 4415 3227 4481 ejusdem
3266 4414 3492 4468 civitatis

325 4500 617 4569 eademque
645 4511 798 4557 nocte
821 4511 878 4557 et
917 4501 1013 4556 Lot
1045 4503 1248 4567 hospite
1285 4502 1504 4556 Domino
1525 4503 1795 4572 gaudebat
1815 4511 1866 4557 et

327 4585 705 4645 defendebatur
731 4590 798 4644 ab
841 4590 1115 4654 hostibus;
1143 4599 1198 4644 et
1224 4589 1503 4644 Sodomita
1548 4603 1640 4643 sua
1666 4591 1864 4644 scelera

223 4718 227 4719 κ
336 4677 692 4742 accumulare,
723 4679 882 4732 etiam
913 4682 1023 4746 ipsa
1051 4679 1148 4732 Lot
1174 4693 1290 4734 cum
1321 4678 1610 4746 hospitibus
1636 4679 1744 4732 suis
1771 4676 1865 4733 fm-

329 4774 476 4838 dato,
507 4768 850 4831 laborabant;
879 4777 995 4822 orto
1021 4778 1192 4822 autem
1219 4770 1352 4832 sole,
1386 4769 1476 4823 hic.
1499 4769 1743 4823 liberatus
1773 4781 1866 4836 pro

329 4876 429 4916 sua
453 4859 675 4930 iustitia,
700 4858 772 4913 illi
803 4871 897 4926 pro
925 4871 1017 4910 sua
1048 4855 1312 4923 impietate
1339 4858 1568 4912 damnati
1593 4897 1609 4922 ,
1638 4851 1864 4926 quisni—

330 4953 525 5004 m'rum
556 4950 608 5003 in
658 4957 810 5002 nocte
847 4945 1000 5015 hujus
1037 4945 1310 4999 saeculi-et
1353 4947 1518 5000 sancti
1547 4946 1773 5014 gaudent
1812 4946 1863 5000 in

329 5038 596 5093 cubilibus
625 5054 839 5096 suorum
866 5037 1096 5093 cordium
1129 5034 1363 5102 recipere
1401 5036 1548 5089 illum
1579 5036 1665 5102 qui
1696 5035 1861 5089 dixit:

333 5125 473 5179 Ecce
491 5141 579 5195 ego
598 5127 790 5180 veniam
806 5137 853 5181 et
874 5127 1102 5181 habitabo
1122 5126 1173 5179 in
1195 5125 1354 5179 medio
1375 5124 1448 5176 tui
1471 5123 1647 5193 (Zach.
1665 5139 1717 5188 ι,
1741 5116 1864 5191 il),

328 5225 392 5269 et
419 5214 469 5267 in
499 5215 806 5284 Apocalypsi
839 5235 853 5270 ε
887 5216 1014 5269 Ecce
1056 5225 1133 5270 sto
1159 5216 1226 5268 ad
1263 5213 1444 5268 ostium
1468 5254 1482 5276 ,
1524 5222 1569 5265 et
1611 5213 1794 5279 pulso;
1822 5214 1866 5266 si

329 5303 450 5368 quis
474 5303 684 5357 audierit
709 5319 875 5357 uocent
904 5321 1099 5370 meam,
1126 5313 1173 5360 et
1196 5302 1444 5372 aperuerit
1471 5300 1591 5353 mihi
1610 5303 1824 5370 jaauam
1845 5339 1860 5365 ,

413 5482 439 5510 ⁸
479 5478 584 5534 Αἱ..
617 5473 872 5535 contagiis.

414 5543 438 5580 δ
481 5542 584 5603 ΑΙ.,
623 5541 852 5592 continuo
878 5543 1180 5592 consrendit.

415 5623 435 5648 ε
477 5611 581 5672 ΑΙ..
613 5610 839 5662 subversa
869 5617 937 5662 est
963 5607 1203 5673 Sodoma,
1231 5610 1424 5664 Otlllsstl
1453 5617 1497 5661 et
1527 5604 1822 5659 Gontorrlta.

412 5679 435 5718 δ
476 5681 554 5735 ΔΙ.
567 5720 580 5734 .
611 5677 934 5749 tabernaé'ula.
1478 5698 1490 5708 ν

1973 4506 2298 4574 perdurasse.
2346 4511 2368 4537 ε
2398 4506 2460 4559 Et
2495 4505 2700 4574 quidem
2730 4523 2859 4560 uxor
2898 4517 3036 4560 metu
3067 4507 3303 4560 [emineat
3331 4505 3490 4573 fragi-

1964 4593 2123 4650 litatis
2151 4594 2212 4646 ad
2241 4595 2524 4648 clamorem
2560 4595 2882 4661 pereuntium
2915 4595 3268 4660 repentinum,
3295 4601 3347 4645 et
3387 4592 3492 4644 ira-

1962 4695 2139 4750 gorem
2165 4681 2491 4735 ﬂammarum
2517 4682 2654 4736 caelo
2676 4680 3025 4747 delapsarum,
3058 4691 3195 4734 retro
3220 4680 3446 4746 respexit
3471 4697 3489 4742 ς

1962 4769 2054 4830 sed
2089 4783 2267 4824 eorum
2298 4778 2466 4823 tamen
2499 4778 2637 4825 tenet
2675 4770 2726 4823 in
2759 4773 2854 4825 hac
2892 4773 3186 4825 inﬁrmitate
3228 4772 3442 4842 figuram
3467 4815 3483 4836 ,

1962 4862 2048 4926 qui
2078 4854 2237 4915 semel
2267 4861 2458 4915 mundo
2493 4862 2876 4925 renuntiantes,
2907 4877 2967 4915 ac
2996 4863 3240 4915 virtutum
3273 4866 3369 4916 iter
3397 4880 3480 4915 ar-

1961 4951 2117 5006 duum
2166 4949 2500 5012 inchoantes,
2549 4962 2764 5020 repente
2800 4951 2866 5004 ad
2913 4967 2973 5004 ea
3013 4967 3127 5020 quae
3169 4952 3482 5011 reliquerant

1949 5037 2135 5094 mundi
2176 5037 2463 5100 desideria,
2507 5040 2734 5094 instabili
2771 5049 2824 5094 et
2863 5040 3003 5093 velut
3043 5040 3281 5093 muliebri
3322 5040 3493 5114 corde“

1960 5137 2268 5190 recurrunt;
2295 5128 2364 5181 de
2392 5122 2576 5192 quibus
2617 5132 2882 5196 apostolus
2914 5129 3098 5184 Petrus
3128 5147 3139 5180 :
3174 5128 3379 5194 Helius,
3409 5131 3479 5180 in-

1960 5215 2088 5285 quit,
2116 5216 2186 5268 eis
2219 5214 2236 5252 ¹
2267 5215 2428 5282 fuerat
2455 5231 2554 5269 non
2587 5233 2874 5287 eogtwscere
2903 5218 3030 5269 viam
3060 5217 3268 5286 justitia:
3297 5257 3309 5278 ,
3335 5232 3490 5282 quant

1961 5313 2068 5372 post
2096 5313 2118 5352 ι
2148 5304 2447 5374 agnitionem
2473 5314 2740 5359 retrorsum
2766 5306 2979 5358 conuerti
3005 5309 3067 5357 ab
3096 5322 3151 5358 eo
3175 5347 3188 5368 ,
3219 5307 3352 5370 quod
3382 5305 3493 5357 illis

2033 5485 2054 5546 ξ
2091 5478 2326 5545 Joseplt.,
2358 5461 2699 5546 Antiq.‘lud.,
2733 5479 2824 5532 lib.
2847 5496 2882 5540 ι,
2911 5495 2954 5532 c.
2983 5480 3054 5534 32

2033 5543 2050 5580 ί
2093 5550 2196 5609 ΔΙ..
2219 5543 2350 5599 erat.
2499 5543 2506 5546 ⁷
2797 5572 2810 5576 -

2029 5627 2051 5662 ιε
2089 5617 2191 5680 ΑΙ.,
2223 5616 2569 5683 cognitionem.
