  <div class='ocr_page' id='page_1' title='image "/cluster/home/n/w/nwhite01/storage/ocr_20150623/90-91/uva.x000827075/728.png"; bbox 0 0 3872 6262; ppageno 0'>
   <div class='ocr_carea' id='block_1_1' title="bbox 1473 409 2226 469">
    <p class='ocr_par' dir='ltr' id='par_1_1' title="bbox 1473 409 2226 469">
     <span class='ocr_line' id='line_1_1' title="bbox 1473 409 2226 469; baseline -0.005 0"><span class='ocrx_word' id='word_1_1' title='bbox 1473 409 1936 469; x_wconf 74' lang='lat' dir='ltr'><strong>HEXAEIIERON</strong></span> <span class='ocrx_word' id='word_1_2' title='bbox 1977 411 2102 468; x_wconf 79' lang='lat' dir='ltr'><strong>LIB.</strong></span> <span class='ocrx_word' id='word_1_3' title='bbox 2141 412 2226 468; x_wconf 72' lang='grc' dir='ltr'><strong>ιν.</strong></span> 
     </span>
    </p>
   </div>
   <div class='ocr_carea' id='block_1_2' title="bbox 3315 411 3417 467">
    <p class='ocr_par' dir='ltr' id='par_1_2' title="bbox 3315 411 3417 467">
     <span class='ocr_line' id='line_1_2' title="bbox 3315 411 3417 467; baseline 0 0"><span class='ocrx_word' id='word_1_4' title='bbox 3315 411 3417 467; x_wconf 59' lang='grc' dir='ltr'><strong>ὶδὶ</strong></span> 
     </span>
    </p>
   </div>
   <div class='ocr_carea' id='block_1_3' title="bbox 218 522 3419 627">
    <p class='ocr_par' dir='ltr' id='par_1_3' title="bbox 218 522 3419 627">
     <span class='ocr_line' id='line_1_3' title="bbox 218 522 3419 627; baseline -0.007 -8"><span class='ocrx_word' id='word_1_5' title='bbox 218 567 271 619; x_wconf 82' lang='lat' dir='ltr'><strong>in</strong></span> <span class='ocrx_word' id='word_1_6' title='bbox 301 571 499 620; x_wconf 75' lang='lat' dir='ltr'><strong>tertiani</strong></span> <span class='ocrx_word' id='word_1_7' title='bbox 527 567 574 613; x_wconf 75' lang='lat' dir='ltr'><strong>et</strong></span> <span class='ocrx_word' id='word_1_8' title='bbox 601 566 830 627; x_wconf 71' lang='lat' dir='ltr'><strong>quamet</strong></span> <span class='ocrx_word' id='word_1_9' title='bbox 857 553 1238 627; x_wconf 67' lang='lat' dir='ltr'><strong>generationem,</strong></span> <span class='ocrx_word' id='word_1_10' title='bbox 1269 557 1311 602; x_wconf 80' lang='lat' dir='ltr'><strong>et</strong></span> <span class='ocrx_word' id='word_1_11' title='bbox 1358 562 1509 616; x_wconf 81' lang='lat' dir='ltr'><strong>usque</strong></span> <span class='ocrx_word' id='word_1_12' title='bbox 1536 547 1590 599; x_wconf 87' lang='lat' dir='ltr'><strong>in</strong></span> <span class='ocrx_word' id='word_1_13' title='bbox 1619 553 1764 598; x_wconf 64' lang='grc' dir='ltr'><strong>ωιτν·</strong></span> <span class='ocrx_word' id='word_1_14' title='bbox 1798 522 2122 627; x_wconf 42' lang='lat' dir='ltr'><strong>A.llehraros</strong></span> <span class='ocrx_word' id='word_1_15' title='bbox 2173 555 2328 594; x_wconf 90' lang='lat' dir='ltr'><strong>unum</strong></span> <span class='ocrx_word' id='word_1_16' title='bbox 2361 547 2440 595; x_wconf 87' lang='lat' dir='ltr'><strong>est</strong></span> <span class='ocrx_word' id='word_1_17' title='bbox 2489 555 2554 595; x_wconf 80' lang='lat' dir='ltr'><strong>ex</strong></span> <span class='ocrx_word' id='word_1_18' title='bbox 2586 540 2766 595; x_wconf 85' lang='lat' dir='ltr'><strong>decem</strong></span> <span class='ocrx_word' id='word_1_19' title='bbox 2813 541 3110 613; x_wconf 72' lang='lat' dir='ltr'><strong>nominibus</strong></span> <span class='ocrx_word' id='word_1_20' title='bbox 3154 540 3247 597; x_wconf 82' lang='lat' dir='ltr'><strong>Dei</strong></span> <span class='ocrx_word' id='word_1_21' title='bbox 3269 581 3283 607; x_wconf 86' lang='lat'><strong>,</strong></span> <span class='ocrx_word' id='word_1_22' title='bbox 3314 557 3419 610; x_wconf 90' lang='lat' dir='ltr'><strong>quo</strong></span> 
     </span>
    </p>
   </div>
   <div class='ocr_carea' id='block_1_4' title="bbox 217 632 1768 717">
    <p class='ocr_par' dir='ltr' id='par_1_4' title="bbox 217 632 1768 717">
     <span class='ocr_line' id='line_1_4' title="bbox 217 632 1768 717; baseline -0.014 -12"><span class='ocrx_word' id='word_1_23' title='bbox 217 666 364 715; x_wconf 73' lang='lat' dir='ltr'><strong>nutu,</strong></span> <span class='ocrx_word' id='word_1_24' title='bbox 397 647 515 717; x_wconf 85' lang='lat' dir='ltr'><strong>quia</strong></span> <span class='ocrx_word' id='word_1_25' title='bbox 548 659 757 701; x_wconf 81' lang='lat' dir='ltr'><strong>errores</strong></span> <span class='ocrx_word' id='word_1_26' title='bbox 785 653 839 697; x_wconf 90' lang='lat' dir='ltr'><strong>et</strong></span> <span class='ocrx_word' id='word_1_27' title='bbox 868 642 986 695; x_wconf 90' lang='lat' dir='ltr'><strong>vitia</strong></span> <span class='ocrx_word' id='word_1_28' title='bbox 1013 680 1030 704; x_wconf 94' lang='lat'><strong>,</strong></span> <span class='ocrx_word' id='word_1_29' title='bbox 1076 648 1132 691; x_wconf 85' lang='grc' dir='ltr'><strong>ιιι</strong></span> <span class='ocrx_word' id='word_1_30' title='bbox 1179 635 1410 691; x_wconf 76' lang='lat' dir='ltr'><strong>diximus</strong></span> <span class='ocrx_word' id='word_1_31' title='bbox 1438 673 1452 696; x_wconf 87' lang='lat'>.</span> <span class='ocrx_word' id='word_1_32' title='bbox 1479 632 1768 688; x_wconf 72' lang='lat' dir='ltr'><strong>electorum</strong></span> 
     </span>
    </p>
   </div>
   <div class='ocr_carea' id='block_1_5' title="bbox 223 720 1770 810">
    <p class='ocr_par' dir='ltr' id='par_1_5' title="bbox 223 720 1770 810">
     <span class='ocr_line' id='line_1_5' title="bbox 223 720 1770 810; baseline -0.014 -14"><span class='ocrx_word' id='word_1_33' title='bbox 223 752 553 810; x_wconf 82' lang='lat' dir='ltr'><strong>nequaquam</strong></span> <span class='ocrx_word' id='word_1_34' title='bbox 584 744 609 774; x_wconf 77' lang='grc' dir='ltr'><strong>ι</strong></span> <span class='ocrx_word' id='word_1_35' title='bbox 638 737 690 790; x_wconf 93' lang='lat' dir='ltr'><strong>in</strong></span> <span class='ocrx_word' id='word_1_36' title='bbox 721 747 994 790; x_wconf 75' lang='lat' dir='ltr'><strong>numerum</strong></span> <span class='ocrx_word' id='word_1_37' title='bbox 1025 729 1274 784; x_wconf 83' lang='lat' dir='ltr'><strong>virtutum</strong></span> <span class='ocrx_word' id='word_1_38' title='bbox 1305 725 1492 794; x_wconf 80' lang='lat' dir='ltr'><strong>quibus</strong></span> <span class='ocrx_word' id='word_1_39' title='bbox 1533 720 1770 776; x_wconf 82' lang='lat' dir='ltr'><strong>Ecclesia</strong></span> 
     </span>
    </p>
   </div>
   <div class='ocr_carea' id='block_1_6' title="bbox 224 811 1772 900">
    <p class='ocr_par' dir='ltr' id='par_1_6' title="bbox 224 811 1772 900">
     <span class='ocr_line' id='line_1_6' title="bbox 224 811 1772 900; baseline -0.016 -15"><span class='ocrx_word' id='word_1_40' title='bbox 224 830 500 900; x_wconf 76' lang='lat' dir='ltr'><strong>perﬁcitur</strong></span> <span class='ocrx_word' id='word_1_41' title='bbox 543 837 702 896; x_wconf 88' lang='lat' dir='ltr'><strong>atque</strong></span> <span class='ocrx_word' id='word_1_42' title='bbox 744 833 961 877; x_wconf 86' lang='lat' dir='ltr'><strong>ornatur</strong></span> <span class='ocrx_word' id='word_1_43' title='bbox 989 821 1423 881; x_wconf 79' lang='lat' dir='ltr'><strong>adnumerantur,</strong></span> <span class='ocrx_word' id='word_1_44' title='bbox 1471 812 1563 868; x_wconf 87' lang='lat' dir='ltr'><strong>sed</strong></span> <span class='ocrx_word' id='word_1_45' title='bbox 1607 811 1772 865; x_wconf 83' lang='lat' dir='ltr'><strong>bono-</strong></span> 
     </span>
    </p>
   </div>
   <div class='ocr_carea' id='block_1_7' title="bbox 188 905 1774 988">
    <p class='ocr_par' dir='ltr' id='par_1_7' title="bbox 188 905 1774 988">
     <span class='ocr_line' id='line_1_7' title="bbox 188 905 1774 988; baseline -0.018 -9"><span class='ocrx_word' id='word_1_46' title='bbox 188 909 345 978; x_wconf 78' lang='lat' dir='ltr'><strong>rum</strong></span> <span class='ocrx_word' id='word_1_47' title='bbox 399 918 573 988; x_wconf 83' lang='lat' dir='ltr'><strong>potius</strong></span> <span class='ocrx_word' id='word_1_48' title='bbox 620 929 838 982; x_wconf 80' lang='lat' dir='ltr'><strong>operum</strong></span> <span class='ocrx_word' id='word_1_49' title='bbox 893 909 1435 978; x_wconf 56' lang='lat' dir='ltr'><strong>superpositione&#39;ne</strong></span> <span class='ocrx_word' id='word_1_50' title='bbox 1483 905 1774 971; x_wconf 87' lang='lat' dir='ltr'><strong>appareant</strong></span> 
     </span>
    </p>
   </div>
   <div class='ocr_carea' id='block_1_8' title="bbox 225 995 1776 1079">
    <p class='ocr_par' dir='ltr' id='par_1_8' title="bbox 225 995 1776 1079">
     <span class='ocr_line' id='line_1_8' title="bbox 225 995 1776 1079; baseline -0.015 -14"><span class='ocrx_word' id='word_1_51' title='bbox 225 1013 581 1079; x_wconf 86' lang='lat' dir='ltr'><strong>ohteguntur;</strong></span> <span class='ocrx_word' id='word_1_52' title='bbox 629 1007 722 1061; x_wconf 81' lang='lat' dir='ltr'><strong>sed</strong></span> <span class='ocrx_word' id='word_1_53' title='bbox 751 1012 808 1058; x_wconf 88' lang='lat' dir='ltr'><strong>et</strong></span> <span class='ocrx_word' id='word_1_54' title='bbox 843 1002 1052 1057; x_wconf 85' lang='lat' dir='ltr'><strong>nomina</strong></span> <span class='ocrx_word' id='word_1_55' title='bbox 1103 999 1324 1053; x_wconf 87' lang='lat' dir='ltr'><strong>ﬁliorum</strong></span> <span class='ocrx_word' id='word_1_56' title='bbox 1369 995 1467 1050; x_wconf 85' lang='lat' dir='ltr'><strong>Lot</strong></span> <span class='ocrx_word' id='word_1_57' title='bbox 1492 1034 1509 1057; x_wconf 92' lang='lat'><strong>,</strong></span> <span class='ocrx_word' id='word_1_58' title='bbox 1553 1005 1776 1060; x_wconf 87' lang='lat' dir='ltr'><strong>quorum</strong></span> 
     </span>
    </p>
   </div>
   <div class='ocr_carea' id='block_1_9' title="bbox 223 1085 1777 1169">
    <p class='ocr_par' dir='ltr' id='par_1_9' title="bbox 223 1085 1777 1169">
     <span class='ocr_line' id='line_1_9' title="bbox 223 1085 1777 1169; baseline -0.013 -14"><span class='ocrx_word' id='word_1_59' title='bbox 223 1103 373 1169; x_wconf 80' lang='lat' dir='ltr'><strong>prior</strong></span> <span class='ocrx_word' id='word_1_60' title='bbox 393 1100 458 1151; x_wconf 85' lang='lat' dir='ltr'><strong>tle</strong></span> <span class='ocrx_word' id='word_1_61' title='bbox 479 1107 649 1168; x_wconf 77' lang='lat' dir='ltr'><strong>patre,</strong></span> <span class='ocrx_word' id='word_1_62' title='bbox 673 1092 937 1148; x_wconf 86' lang='lat' dir='ltr'><strong>secundus</strong></span> <span class='ocrx_word' id='word_1_63' title='bbox 959 1092 1331 1161; x_wconf 83' lang='lat' dir='ltr'><strong>interpretatur</strong></span> <span class='ocrx_word' id='word_1_64' title='bbox 1353 1085 1582 1152; x_wconf 84' lang='lat' dir='ltr'><strong>Populus</strong></span> <span class='ocrx_word' id='word_1_65' title='bbox 1606 1093 1777 1146; x_wconf 84' lang='lat' dir='ltr'><strong>meus,</strong></span> 
     </span>
    </p>
   </div>
   <div class='ocr_carea' id='block_1_10' title="bbox 227 1172 1777 1248">
    <p class='ocr_par' dir='ltr' id='par_1_10' title="bbox 227 1172 1777 1248">
     <span class='ocr_line' id='line_1_10' title="bbox 227 1172 1777 1248; baseline -0.015 0"><span class='ocrx_word' id='word_1_66' title='bbox 227 1187 596 1248; x_wconf 81' lang='lat' dir='ltr'><strong>consuetudini</strong></span> <span class='ocrx_word' id='word_1_67' title='bbox 625 1186 868 1240; x_wconf 87' lang='lat' dir='ltr'><strong>vitiorum</strong></span> <span class='ocrx_word' id='word_1_68' title='bbox 898 1181 1146 1238; x_wconf 84' lang='lat' dir='ltr'><strong>decenter</strong></span> <span class='ocrx_word' id='word_1_69' title='bbox 1170 1187 1446 1248; x_wconf 89' lang='lat' dir='ltr'><strong>aptantur;</strong></span> <span class='ocrx_word' id='word_1_70' title='bbox 1471 1172 1499 1211; x_wconf 63' lang='grc' dir='ltr'>δ</span> <span class='ocrx_word' id='word_1_71' title='bbox 1530 1188 1646 1243; x_wconf 70' lang='lat' dir='ltr'><strong>qua:</strong></span> <span class='ocrx_word' id='word_1_72' title='bbox 1674 1188 1777 1226; x_wconf 90' lang='lat' dir='ltr'><strong>non</strong></span> 
     </span>
    </p>
   </div>
   <div class='ocr_carea' id='block_1_11' title="bbox 228 1267 1781 1339">
    <p class='ocr_par' dir='ltr' id='par_1_11' title="bbox 228 1267 1781 1339">
     <span class='ocr_line' id='line_1_11' title="bbox 228 1267 1781 1339; baseline -0.012 -2"><span class='ocrx_word' id='word_1_73' title='bbox 228 1297 260 1337; x_wconf 91' lang='lat' dir='ltr'><strong>a</strong></span> <span class='ocrx_word' id='word_1_74' title='bbox 295 1283 406 1338; x_wconf 85' lang='lat' dir='ltr'><strong>Deo</strong></span> <span class='ocrx_word' id='word_1_75' title='bbox 433 1278 708 1336; x_wconf 86' lang='lat' dir='ltr'><strong>conditore</strong></span> <span class='ocrx_word' id='word_1_76' title='bbox 750 1275 903 1329; x_wconf 85' lang='lat' dir='ltr'><strong>nob&#39;s</strong></span> <span class='ocrx_word' id='word_1_77' title='bbox 928 1274 1116 1339; x_wconf 65' lang='lat' dir='ltr'><strong>insita,</strong></span> <span class='ocrx_word' id='word_1_78' title='bbox 1161 1271 1253 1327; x_wconf 87' lang='lat' dir='ltr'><strong>sed</strong></span> <span class='ocrx_word' id='word_1_79' title='bbox 1283 1279 1461 1324; x_wconf 83' lang='lat' dir='ltr'><strong>nostra</strong></span> <span class='ocrx_word' id='word_1_80' title='bbox 1491 1281 1554 1320; x_wconf 80' lang='lat' dir='ltr'><strong>es</strong></span> <span class='ocrx_word' id='word_1_81' title='bbox 1600 1267 1781 1334; x_wconf 70' lang='lat' dir='ltr'><strong>prima:</strong></span> 
     </span>
    </p>
   </div>
   <div class='ocr_carea' id='block_1_12' title="bbox 227 1359 1782 1435">
    <p class='ocr_par' dir='ltr' id='par_1_12' title="bbox 227 1359 1782 1435">
     <span class='ocr_line' id='line_1_12' title="bbox 227 1359 1782 1435; baseline -0.011 -8"><span class='ocrx_word' id='word_1_82' title='bbox 227 1370 550 1427; x_wconf 76' lang='lat' dir='ltr'><strong>conditionis</strong></span> <span class='ocrx_word' id='word_1_83' title='bbox 609 1366 814 1435; x_wconf 82' lang='lat' dir='ltr'><strong>origine</strong></span> <span class='ocrx_word' id='word_1_84' title='bbox 873 1363 1122 1418; x_wconf 88' lang='lat' dir='ltr'><strong>divinitus</strong></span> <span class='ocrx_word' id='word_1_85' title='bbox 1176 1359 1302 1413; x_wconf 89' lang='lat' dir='ltr'><strong>mihi</strong></span> <span class='ocrx_word' id='word_1_86' title='bbox 1356 1359 1610 1412; x_wconf 80' lang='lat' dir='ltr'><strong>inscrtum</strong></span> <span class='ocrx_word' id='word_1_87' title='bbox 1659 1369 1782 1410; x_wconf 83' lang='lat' dir='ltr'><strong>esse</strong></span> 
     </span>
    </p>
   </div>
   <div class='ocr_carea' id='block_1_13' title="bbox 229 1446 1780 1532">
    <p class='ocr_par' dir='ltr' id='par_1_13' title="bbox 229 1446 1780 1532">
     <span class='ocr_line' id='line_1_13' title="bbox 229 1446 1780 1532; baseline -0.015 -12"><span class='ocrx_word' id='word_1_88' title='bbox 229 1462 522 1532; x_wconf 77' lang='lat' dir='ltr'><strong>comperio.</strong></span> <span class='ocrx_word' id='word_1_89' title='bbox 570 1456 896 1529; x_wconf 72' lang='lat' dir='ltr'><strong>Cognontino</strong></span> <span class='ocrx_word' id='word_1_90' title='bbox 923 1462 979 1509; x_wconf 91' lang='lat' dir='ltr'><strong>et</strong></span> <span class='ocrx_word' id='word_1_91' title='bbox 1020 1454 1268 1515; x_wconf 82' lang='lat' dir='ltr'><strong>Ammon,</strong></span> <span class='ocrx_word' id='word_1_92' title='bbox 1323 1448 1371 1502; x_wconf 89' lang='lat' dir='ltr'><strong>id</strong></span> <span class='ocrx_word' id='word_1_93' title='bbox 1406 1457 1488 1504; x_wconf 88' lang='lat' dir='ltr'><strong>est</strong></span> <span class='ocrx_word' id='word_1_94' title='bbox 1531 1446 1780 1516; x_wconf 79' lang='lat' dir='ltr'><strong>populum</strong></span> 
     </span>
    </p>
   </div>
   <div class='ocr_carea' id='block_1_14' title="bbox 231 1537 1784 1617">
    <p class='ocr_par' dir='ltr' id='par_1_14' title="bbox 231 1537 1784 1617">
     <span class='ocr_line' id='line_1_14' title="bbox 231 1537 1784 1617; baseline -0.014 -10"><span class='ocrx_word' id='word_1_95' title='bbox 231 1564 437 1614; x_wconf 84' lang='lat' dir='ltr'><strong>meum,</strong></span> <span class='ocrx_word' id='word_1_96' title='bbox 464 1547 588 1617; x_wconf 88' lang='lat' dir='ltr'><strong>quia</strong></span> <span class='ocrx_word' id='word_1_97' title='bbox 611 1556 663 1601; x_wconf 90' lang='lat' dir='ltr'><strong>et</strong></span> <span class='ocrx_word' id='word_1_98' title='bbox 689 1543 823 1600; x_wconf 87' lang='lat' dir='ltr'><strong>mihi</strong></span> <span class='ocrx_word' id='word_1_99' title='bbox 860 1542 959 1596; x_wconf 89' lang='lat' dir='ltr'><strong>hoc</strong></span> <span class='ocrx_word' id='word_1_100' title='bbox 985 1537 1374 1610; x_wconf 83' lang='lat' dir='ltr'><strong>applicandum,</strong></span> <span class='ocrx_word' id='word_1_101' title='bbox 1406 1544 1458 1590; x_wconf 91' lang='lat' dir='ltr'><strong>et</strong></span> <span class='ocrx_word' id='word_1_102' title='bbox 1496 1549 1600 1588; x_wconf 91' lang='lat' dir='ltr'><strong>non</strong></span> <span class='ocrx_word' id='word_1_103' title='bbox 1630 1541 1784 1586; x_wconf 85' lang='lat' dir='ltr'><strong>natu-</strong></span> 
     </span>
    </p>
   </div>
   <div class='ocr_carea' id='block_1_15' title="bbox 233 1621 1784 1693">
    <p class='ocr_par' dir='ltr' id='par_1_15' title="bbox 233 1621 1784 1693">
     <span class='ocr_line' id='line_1_15' title="bbox 233 1621 1784 1693; baseline -0.014 0"><span class='ocrx_word' id='word_1_104' title='bbox 233 1651 413 1693; x_wconf 90' lang='lat' dir='ltr'><strong>rarum</strong></span> <span class='ocrx_word' id='word_1_105' title='bbox 442 1631 701 1690; x_wconf 78' lang='lat' dir='ltr'><strong>conditori</strong></span> <span class='ocrx_word' id='word_1_106' title='bbox 728 1627 1100 1686; x_wconf 88' lang='lat' dir='ltr'><strong>ascribendnm</strong></span> <span class='ocrx_word' id='word_1_107' title='bbox 1122 1637 1405 1692; x_wconf 75' lang='lat' dir='ltr'><strong>cognosco.</strong></span> <span class='ocrx_word' id='word_1_108' title='bbox 1437 1621 1577 1677; x_wconf 86' lang='lat' dir='ltr'><strong>Sane</strong></span> <span class='ocrx_word' id='word_1_109' title='bbox 1603 1629 1784 1673; x_wconf 84' lang='lat' dir='ltr'><strong>notan-</strong></span> 
     </span>
    </p>
   </div>
   <div class='ocr_carea' id='block_1_16' title="bbox 233 1707 1787 1793">
    <p class='ocr_par' dir='ltr' id='par_1_16' title="bbox 233 1707 1787 1793">
     <span class='ocr_line' id='line_1_16' title="bbox 233 1707 1787 1793; baseline -0.015 -12"><span class='ocrx_word' id='word_1_110' title='bbox 233 1725 362 1781; x_wconf 88' lang='lat' dir='ltr'><strong>dum</strong></span> <span class='ocrx_word' id='word_1_111' title='bbox 376 1721 514 1793; x_wconf 87' lang='lat' dir='ltr'><strong>quod</strong></span> <span class='ocrx_word' id='word_1_112' title='bbox 537 1719 747 1792; x_wconf 82' lang='lat' dir='ltr'><strong>proprie</strong></span> <span class='ocrx_word' id='word_1_113' title='bbox 766 1716 992 1786; x_wconf 88' lang='lat' dir='ltr'><strong>populus</strong></span> <span class='ocrx_word' id='word_1_114' title='bbox 1009 1725 1246 1768; x_wconf 78' lang='lat' dir='ltr'><strong>morosus</strong></span> <span class='ocrx_word' id='word_1_115' title='bbox 1266 1710 1663 1779; x_wconf 86' lang='lat' dir='ltr'><strong>interpretatur.</strong></span> <span class='ocrx_word' id='word_1_116' title='bbox 1687 1707 1787 1760; x_wconf 80' lang='lat' dir='ltr'><strong>Po-</strong></span> 
     </span>
    </p>
   </div>
   <div class='ocr_carea' id='block_1_17' title="bbox 235 1799 1784 1886">
    <p class='ocr_par' dir='ltr' id='par_1_17' title="bbox 235 1799 1784 1886">
     <span class='ocr_line' id='line_1_17' title="bbox 235 1799 1784 1886; baseline -0.012 -16"><span class='ocrx_word' id='word_1_117' title='bbox 235 1815 394 1886; x_wconf 87' lang='lat' dir='ltr'><strong>pulus</strong></span> <span class='ocrx_word' id='word_1_118' title='bbox 441 1821 618 1867; x_wconf 86' lang='lat' dir='ltr'><strong>autem</strong></span> <span class='ocrx_word' id='word_1_119' title='bbox 667 1822 814 1864; x_wconf 88' lang='lat' dir='ltr'><strong>meus</strong></span> <span class='ocrx_word' id='word_1_120' title='bbox 844 1819 866 1847; x_wconf 75' lang='grc' dir='ltr'><strong>ε</strong></span> <span class='ocrx_word' id='word_1_121' title='bbox 903 1808 1127 1861; x_wconf 83' lang='lat' dir='ltr'><strong>Ammon</strong></span> <span class='ocrx_word' id='word_1_122' title='bbox 1171 1802 1380 1864; x_wconf 86' lang='lat' dir='ltr'><strong>dicitur.</strong></span> <span class='ocrx_word' id='word_1_123' title='bbox 1427 1799 1567 1868; x_wconf 88' lang='lat' dir='ltr'><strong>quod</strong></span> <span class='ocrx_word' id='word_1_124' title='bbox 1616 1799 1784 1866; x_wconf 85' lang='lat' dir='ltr'><strong>ipsum</strong></span> 
     </span>
    </p>
   </div>
   <div class='ocr_carea' id='block_1_18' title="bbox 234 1891 1785 1978">
    <p class='ocr_par' dir='ltr' id='par_1_18' title="bbox 234 1891 1785 1978">
     <span class='ocr_line' id='line_1_18' title="bbox 234 1891 1785 1978; baseline -0.012 -16"><span class='ocrx_word' id='word_1_125' title='bbox 234 1922 456 1978; x_wconf 87' lang='lat' dir='ltr'><strong>quoque</strong></span> <span class='ocrx_word' id='word_1_126' title='bbox 484 1921 513 1960; x_wconf 93' lang='lat' dir='ltr'><strong>a</strong></span> <span class='ocrx_word' id='word_1_127' title='bbox 557 1913 887 1974; x_wconf 78' lang='lat' dir='ltr'><strong>peccatorum</strong></span> <span class='ocrx_word' id='word_1_128' title='bbox 935 1895 1312 1968; x_wconf 86' lang='lat' dir='ltr'><strong>signiﬁcatione</strong></span> <span class='ocrx_word' id='word_1_129' title='bbox 1351 1907 1456 1948; x_wconf 91' lang='lat' dir='ltr'><strong>non</strong></span> <span class='ocrx_word' id='word_1_130' title='bbox 1502 1891 1785 1958; x_wconf 85' lang='lat' dir='ltr'><strong>discrepat.</strong></span> 
     </span>
    </p>
   </div>
   <div class='ocr_carea' id='block_1_19' title="bbox 235 1979 1791 2058">
    <p class='ocr_par' dir='ltr' id='par_1_19' title="bbox 235 1979 1791 2058">
     <span class='ocr_line' id='line_1_19' title="bbox 235 1979 1791 2058; baseline -0.015 -3"><span class='ocrx_word' id='word_1_131' title='bbox 235 2000 392 2055; x_wconf 87' lang='lat' dir='ltr'><strong>Sicut</strong></span> <span class='ocrx_word' id='word_1_132' title='bbox 424 1996 562 2050; x_wconf 86' lang='lat' dir='ltr'><strong>enim</strong></span> <span class='ocrx_word' id='word_1_133' title='bbox 607 1993 676 2048; x_wconf 91' lang='lat' dir='ltr'><strong>de</strong></span> <span class='ocrx_word' id='word_1_134' title='bbox 713 1993 965 2045; x_wconf 85' lang='lat' dir='ltr'><strong>virtutum</strong></span> <span class='ocrx_word' id='word_1_135' title='bbox 1013 1993 1292 2058; x_wconf 83' lang='lat' dir='ltr'><strong>proventu,</strong></span> <span class='ocrx_word' id='word_1_136' title='bbox 1339 1995 1458 2050; x_wconf 62' lang='lat' dir='ltr'><strong>quae</strong></span> <span class='ocrx_word' id='word_1_137' title='bbox 1495 1994 1525 2034; x_wconf 92' lang='lat' dir='ltr'><strong>a</strong></span> <span class='ocrx_word' id='word_1_138' title='bbox 1569 1979 1791 2034; x_wconf 88' lang='lat' dir='ltr'><strong>Domino</strong></span> 
     </span>
    </p>
   </div>
   <div class='ocr_carea' id='block_1_20' title="bbox 239 2072 1792 2146">
    <p class='ocr_par' dir='ltr' id='par_1_20' title="bbox 239 2072 1792 2146">
     <span class='ocr_line' id='line_1_20' title="bbox 239 2072 1792 2146; baseline -0.016 0"><span class='ocrx_word' id='word_1_139' title='bbox 239 2087 396 2146; x_wconf 89' lang='lat' dir='ltr'><strong>nobis</strong></span> <span class='ocrx_word' id='word_1_140' title='bbox 424 2085 706 2145; x_wconf 85' lang='lat' dir='ltr'><strong>donantur,</strong></span> <span class='ocrx_word' id='word_1_141' title='bbox 735 2077 901 2135; x_wconf 67' lang='lat' dir='ltr'><strong>trctari</strong></span> <span class='ocrx_word' id='word_1_142' title='bbox 941 2076 1198 2131; x_wconf 82' lang='lat' dir='ltr'><strong>debemus</strong></span> <span class='ocrx_word' id='word_1_143' title='bbox 1220 2111 1237 2139; x_wconf 88' lang='lat'><strong>,</strong></span> <span class='ocrx_word' id='word_1_144' title='bbox 1266 2072 1337 2126; x_wconf 89' lang='lat' dir='ltr'><strong>ita</strong></span> <span class='ocrx_word' id='word_1_145' title='bbox 1365 2082 1583 2126; x_wconf 84' lang='lat' dir='ltr'><strong>necesse</strong></span> <span class='ocrx_word' id='word_1_146' title='bbox 1626 2075 1710 2122; x_wconf 90' lang='lat' dir='ltr'><strong>est</strong></span> <span class='ocrx_word' id='word_1_147' title='bbox 1735 2074 1792 2121; x_wconf 87' lang='lat' dir='ltr'><strong>ut</strong></span> 
     </span>
    </p>
   </div>
   <div class='ocr_carea' id='block_1_21' title="bbox 239 2157 1792 2238">
    <p class='ocr_par' dir='ltr' id='par_1_21' title="bbox 239 2157 1792 2238">
     <span class='ocr_line' id='line_1_21' title="bbox 239 2157 1792 2238; baseline -0.017 -4"><span class='ocrx_word' id='word_1_148' title='bbox 239 2179 311 2234; x_wconf 88' lang='lat' dir='ltr'><strong>de</strong></span> <span class='ocrx_word' id='word_1_149' title='bbox 338 2175 581 2231; x_wconf 66' lang='lat' dir='ltr'><strong>vitiorum</strong></span> <span class='ocrx_word' id='word_1_150' title='bbox 611 2178 822 2237; x_wconf 75' lang='lat' dir='ltr'><strong>exortu,</strong></span> <span class='ocrx_word' id='word_1_151' title='bbox 853 2181 969 2238; x_wconf 65' lang='lat' dir='ltr'><strong>qua</strong></span> <span class='ocrx_word' id='word_1_152' title='bbox 1007 2164 1074 2219; x_wconf 89' lang='lat' dir='ltr'><strong>de</strong></span> <span class='ocrx_word' id='word_1_153' title='bbox 1101 2171 1294 2218; x_wconf 67' lang='lat' dir='ltr'><strong>nostrae</strong></span> <span class='ocrx_word' id='word_1_154' title='bbox 1325 2157 1658 2225; x_wconf 86' lang='lat' dir='ltr'><strong>corruptione</strong></span> <span class='ocrx_word' id='word_1_155' title='bbox 1687 2168 1792 2209; x_wconf 88' lang='lat' dir='ltr'><strong>na-</strong></span> 
     </span>
    </p>
   </div>
   <div class='ocr_carea' id='block_1_22' title="bbox 241 2253 1793 2332">
    <p class='ocr_par' dir='ltr' id='par_1_22' title="bbox 241 2253 1793 2332">
     <span class='ocr_line' id='line_1_22' title="bbox 241 2253 1793 2332; baseline -0.018 -9"><span class='ocrx_word' id='word_1_156' title='bbox 241 2277 379 2324; x_wconf 76' lang='lat' dir='ltr'><strong>tura:</strong></span> <span class='ocrx_word' id='word_1_157' title='bbox 425 2263 638 2332; x_wconf 87' lang='lat' dir='ltr'><strong>prodire</strong></span> <span class='ocrx_word' id='word_1_158' title='bbox 682 2266 912 2320; x_wconf 88' lang='lat' dir='ltr'><strong>constat,</strong></span> <span class='ocrx_word' id='word_1_159' title='bbox 959 2253 1158 2309; x_wconf 79' lang='lat' dir='ltr'><strong>salubri</strong></span> <span class='ocrx_word' id='word_1_160' title='bbox 1203 2262 1433 2306; x_wconf 77' lang='lat' dir='ltr'><strong>mmrore</strong></span> <span class='ocrx_word' id='word_1_161' title='bbox 1475 2258 1793 2315; x_wconf 86' lang='lat' dir='ltr'><strong>compunga-</strong></span> 
     </span>
    </p>
   </div>
   <div class='ocr_carea' id='block_1_23' title="bbox 243 2339 1789 2416">
    <p class='ocr_par' dir='ltr' id='par_1_23' title="bbox 243 2339 1789 2416">
     <span class='ocr_line' id='line_1_23' title="bbox 243 2339 1789 2416; baseline -0.017 -4"><span class='ocrx_word' id='word_1_162' title='bbox 243 2370 387 2412; x_wconf 88' lang='lat' dir='ltr'><strong>mur.</strong></span> <span class='ocrx_word' id='word_1_163' title='bbox 418 2352 484 2408; x_wconf 81' lang='lat' dir='ltr'><strong>Et</strong></span> <span class='ocrx_word' id='word_1_164' title='bbox 511 2351 624 2405; x_wconf 62' lang='lat' dir='ltr'><strong>haec</strong></span> <span class='ocrx_word' id='word_1_165' title='bbox 645 2348 854 2416; x_wconf 83' lang='lat' dir='ltr'><strong>quidem</strong></span> <span class='ocrx_word' id='word_1_166' title='bbox 884 2343 1020 2398; x_wconf 83' lang='lat' dir='ltr'><strong>illius</strong></span> <span class='ocrx_word' id='word_1_167' title='bbox 1045 2341 1143 2397; x_wconf 83' lang='lat' dir='ltr'><strong>Lot</strong></span> <span class='ocrx_word' id='word_1_168' title='bbox 1165 2340 1234 2395; x_wconf 87' lang='lat' dir='ltr'><strong>de</strong></span> <span class='ocrx_word' id='word_1_169' title='bbox 1261 2339 1464 2394; x_wconf 88' lang='lat' dir='ltr'><strong>incestu</strong></span> <span class='ocrx_word' id='word_1_170' title='bbox 1486 2341 1789 2403; x_wconf 89' lang='lat' dir='ltr'><strong>conceptus.</strong></span> 
     </span>
    </p>
   </div>
   <div class='ocr_carea' id='block_1_24' title="bbox 245 2427 1794 2510">
    <p class='ocr_par' dir='ltr' id='par_1_24' title="bbox 245 2427 1794 2510">
     <span class='ocr_line' id='line_1_24' title="bbox 245 2427 1794 2510; baseline -0.015 -8"><span class='ocrx_word' id='word_1_171' title='bbox 245 2448 416 2502; x_wconf 81' lang='lat' dir='ltr'><strong>Porro</strong></span> <span class='ocrx_word' id='word_1_172' title='bbox 444 2443 589 2498; x_wconf 85' lang='lat' dir='ltr'><strong>Isaac</strong></span> <span class='ocrx_word' id='word_1_173' title='bbox 615 2440 704 2510; x_wconf 91' lang='lat' dir='ltr'><strong>qui</strong></span> <span class='ocrx_word' id='word_1_174' title='bbox 733 2438 800 2492; x_wconf 89' lang='lat' dir='ltr'><strong>de</strong></span> <span class='ocrx_word' id='word_1_175' title='bbox 831 2435 1179 2505; x_wconf 74' lang='lat' dir='ltr'><strong>promissione</strong></span> <span class='ocrx_word' id='word_1_176' title='bbox 1223 2440 1375 2487; x_wconf 86' lang='lat' dir='ltr'><strong>natus</strong></span> <span class='ocrx_word' id='word_1_177' title='bbox 1400 2437 1480 2484; x_wconf 90' lang='lat' dir='ltr'><strong>est</strong></span> <span class='ocrx_word' id='word_1_178' title='bbox 1505 2467 1521 2492; x_wconf 90' lang='lat'><strong>,</strong></span> <span class='ocrx_word' id='word_1_179' title='bbox 1551 2435 1604 2482; x_wconf 93' lang='lat' dir='ltr'><strong>et</strong></span> <span class='ocrx_word' id='word_1_180' title='bbox 1632 2427 1794 2480; x_wconf 83' lang='lat' dir='ltr'><strong>inter-</strong></span> 
     </span>
    </p>
   </div>
   <div class='ocr_carea' id='block_1_25' title="bbox 242 2517 1618 2604">
    <p class='ocr_par' dir='ltr' id='par_1_25' title="bbox 242 2517 1618 2604">
     <span class='ocr_line' id='line_1_25' title="bbox 242 2517 1618 2604; baseline -0.017 -14"><span class='ocrx_word' id='word_1_181' title='bbox 242 2541 486 2604; x_wconf 81' lang='lat' dir='ltr'><strong>pretatur</strong></span> <span class='ocrx_word' id='word_1_182' title='bbox 512 2527 796 2591; x_wconf 81' lang='lat' dir='ltr'><strong>Gaudium,</strong></span> <span class='ocrx_word' id='word_1_183' title='bbox 828 2523 1084 2576; x_wconf 89' lang='lat' dir='ltr'><strong>virtutum</strong></span> <span class='ocrx_word' id='word_1_184' title='bbox 1107 2519 1332 2590; x_wconf 89' lang='lat' dir='ltr'><strong>gratiam</strong></span> <span class='ocrx_word' id='word_1_185' title='bbox 1360 2517 1618 2585; x_wconf 84' lang='lat' dir='ltr'><strong>designat.</strong></span> 
     </span>
    </p>
   </div>
   <div class='ocr_carea' id='block_1_26' title="bbox 320 2605 1799 2692">
    <p class='ocr_par' dir='ltr' id='par_1_26' title="bbox 320 2605 1799 2692">
     <span class='ocr_line' id='line_1_26' title="bbox 320 2605 1799 2692; baseline -0.014 -15"><span class='ocrx_word' id='word_1_186' title='bbox 320 2621 585 2692; x_wconf 86' lang='lat' dir='ltr'><strong>Profectus</strong></span> <span class='ocrx_word' id='word_1_187' title='bbox 611 2617 726 2671; x_wconf 80' lang='lat' dir='ltr'><strong>inde</strong></span> <span class='ocrx_word' id='word_1_188' title='bbox 755 2613 1007 2670; x_wconf 77' lang='lat' dir='ltr'><strong>Abraham</strong></span> <span class='ocrx_word' id='word_1_189' title='bbox 1033 2612 1087 2665; x_wconf 87' lang='lat' dir='ltr'><strong>in</strong></span> <span class='ocrx_word' id='word_1_190' title='bbox 1117 2621 1302 2665; x_wconf 80' lang='lat' dir='ltr'><strong>terram</strong></span> <span class='ocrx_word' id='word_1_191' title='bbox 1324 2608 1627 2672; x_wconf 76' lang='lat' dir='ltr'><strong>Australent,</strong></span> <span class='ocrx_word' id='word_1_192' title='bbox 1652 2605 1799 2658; x_wconf 72' lang='lat' dir='ltr'><strong>habi-</strong></span> 
     </span>
    </p>
   </div>
   <div class='ocr_carea' id='block_1_27' title="bbox 245 2695 1797 2770">
    <p class='ocr_par' dir='ltr' id='par_1_27' title="bbox 245 2695 1797 2770">
     <span class='ocr_line' id='line_1_27' title="bbox 245 2695 1797 2770; baseline -0.014 0"><span class='ocrx_word' id='word_1_193' title='bbox 245 2713 371 2770; x_wconf 73' lang='lat' dir='ltr'><strong>tauit</strong></span> <span class='ocrx_word' id='word_1_194' title='bbox 397 2713 526 2765; x_wconf 84' lang='lat' dir='ltr'><strong>inter</strong></span> <span class='ocrx_word' id='word_1_195' title='bbox 551 2708 712 2764; x_wconf 76' lang='lat' dir='ltr'><strong>Gades</strong></span> <span class='ocrx_word' id='word_1_196' title='bbox 741 2716 786 2761; x_wconf 82' lang='lat' dir='ltr'><strong>et</strong></span> <span class='ocrx_word' id='word_1_197' title='bbox 818 2705 950 2765; x_wconf 84' lang='lat' dir='ltr'><strong>Sur,</strong></span> <span class='ocrx_word' id='word_1_198' title='bbox 989 2710 1035 2756; x_wconf 87' lang='lat' dir='ltr'><strong>et</strong></span> <span class='ocrx_word' id='word_1_199' title='bbox 1067 2700 1416 2769; x_wconf 80' lang='lat' dir='ltr'><strong>peregrinatus</strong></span> <span class='ocrx_word' id='word_1_200' title='bbox 1444 2706 1515 2754; x_wconf 87' lang='lat' dir='ltr'><strong>est</strong></span> <span class='ocrx_word' id='word_1_201' title='bbox 1558 2700 1611 2750; x_wconf 88' lang='lat' dir='ltr'><strong>in</strong></span> <span class='ocrx_word' id='word_1_202' title='bbox 1636 2695 1797 2751; x_wconf 85' lang='lat' dir='ltr'><strong>Gera-</strong></span> 
     </span>
    </p>
   </div>
   <div class='ocr_carea' id='block_1_28' title="bbox 245 2791 1800 2868">
    <p class='ocr_par' dir='ltr' id='par_1_28' title="bbox 245 2791 1800 2868">
     <span class='ocr_line' id='line_1_28' title="bbox 245 2791 1800 2868; baseline -0.009 -9"><span class='ocrx_word' id='word_1_203' title='bbox 245 2806 341 2862; x_wconf 85' lang='lat' dir='ltr'><strong>ris.</strong></span> <span class='ocrx_word' id='word_1_204' title='bbox 373 2802 521 2868; x_wconf 85' lang='lat' dir='ltr'><strong>Quod</strong></span> <span class='ocrx_word' id='word_1_205' title='bbox 552 2798 814 2854; x_wconf 82' lang='lat' dir='ltr'><strong>Abraham</strong></span> <span class='ocrx_word' id='word_1_206' title='bbox 839 2795 980 2850; x_wconf 86' lang='lat' dir='ltr'><strong>venit</strong></span> <span class='ocrx_word' id='word_1_207' title='bbox 1003 2796 1053 2849; x_wconf 94' lang='lat' dir='ltr'><strong>in</strong></span> <span class='ocrx_word' id='word_1_208' title='bbox 1075 2805 1267 2849; x_wconf 89' lang='lat' dir='ltr'><strong>terram</strong></span> <span class='ocrx_word' id='word_1_209' title='bbox 1294 2791 1612 2854; x_wconf 81' lang='lat' dir='ltr'><strong>Australem,</strong></span> <span class='ocrx_word' id='word_1_210' title='bbox 1638 2799 1800 2845; x_wconf 86' lang='lat' dir='ltr'><strong>terre-</strong></span> 
     </span>
    </p>
   </div>
   <div class='ocr_carea' id='block_1_29' title="bbox 245 2881 1806 2966">
    <p class='ocr_par' dir='ltr' id='par_1_29' title="bbox 245 2881 1806 2966">
     <span class='ocr_line' id='line_1_29' title="bbox 245 2881 1806 2966; baseline -0.013 -15"><span class='ocrx_word' id='word_1_211' title='bbox 245 2895 348 2952; x_wconf 89' lang='lat' dir='ltr'><strong>stri</strong></span> <span class='ocrx_word' id='word_1_212' title='bbox 373 2906 469 2948; x_wconf 85' lang='lat' dir='ltr'><strong>suo</strong></span> <span class='ocrx_word' id='word_1_213' title='bbox 492 2890 680 2946; x_wconf 84' lang='lat' dir='ltr'><strong>itinere</strong></span> <span class='ocrx_word' id='word_1_214' title='bbox 708 2887 976 2943; x_wconf 70' lang='lat' dir='ltr'><strong>caelestem</strong></span> <span class='ocrx_word' id='word_1_215' title='bbox 1007 2885 1198 2938; x_wconf 82' lang='lat' dir='ltr'><strong>mentis</strong></span> <span class='ocrx_word' id='word_1_216' title='bbox 1227 2881 1516 2966; x_wconf 73' lang='lat' dir='ltr'><strong>protectum</strong></span> <span class='ocrx_word' id='word_1_217' title='bbox 1547 2882 1806 2948; x_wconf 73' lang='lat' dir='ltr'><strong>insinuat;</strong></span> 
     </span>
    </p>
   </div>
   <div class='ocr_carea' id='block_1_30' title="bbox 248 2974 1802 3057">
    <p class='ocr_par' dir='ltr' id='par_1_30' title="bbox 248 2974 1802 3057">
     <span class='ocr_line' id='line_1_30' title="bbox 248 2974 1802 3057; baseline -0.01 -16"><span class='ocrx_word' id='word_1_218' title='bbox 248 2999 359 3057; x_wconf 88' lang='lat' dir='ltr'><strong>quo</strong></span> <span class='ocrx_word' id='word_1_219' title='bbox 384 2997 592 3054; x_wconf 87' lang='lat' dir='ltr'><strong>semper</strong></span> <span class='ocrx_word' id='word_1_220' title='bbox 636 2981 701 3037; x_wconf 89' lang='lat' dir='ltr'><strong>ad</strong></span> <span class='ocrx_word' id='word_1_221' title='bbox 734 2979 1042 3048; x_wconf 80' lang='lat' dir='ltr'><strong>perfectiora</strong></span> <span class='ocrx_word' id='word_1_222' title='bbox 1068 2977 1320 3030; x_wconf 90' lang='lat' dir='ltr'><strong>virtutum</strong></span> <span class='ocrx_word' id='word_1_223' title='bbox 1348 2987 1539 3042; x_wconf 77' lang='lat' dir='ltr'><strong>Opera,</strong></span> <span class='ocrx_word' id='word_1_224' title='bbox 1585 2974 1719 3028; x_wconf 85' lang='lat' dir='ltr'><strong>sicut</strong></span> <span class='ocrx_word' id='word_1_225' title='bbox 1746 2979 1802 3026; x_wconf 81' lang='lat' dir='ltr'><strong>ct</strong></span> 
     </span>
    </p>
   </div>
   <div class='ocr_carea' id='block_1_31' title="bbox 247 3060 1800 3132">
    <p class='ocr_par' dir='ltr' id='par_1_31' title="bbox 247 3060 1800 3132">
     <span class='ocr_line' id='line_1_31' title="bbox 247 3060 1800 3132; baseline -0.009 -3"><span class='ocrx_word' id='word_1_226' title='bbox 247 3073 431 3129; x_wconf 63' lang='lat' dir='ltr'><strong>ceteri</strong></span> <span class='ocrx_word' id='word_1_227' title='bbox 468 3070 636 3127; x_wconf 85' lang='lat' dir='ltr'><strong>sancti</strong></span> <span class='ocrx_word' id='word_1_228' title='bbox 679 3068 883 3124; x_wconf 81' lang='lat' dir='ltr'><strong>solebat</strong></span> <span class='ocrx_word' id='word_1_229' title='bbox 923 3064 1226 3123; x_wconf 85' lang='lat' dir='ltr'><strong>ascendere.</strong></span> <span class='ocrx_word' id='word_1_230' title='bbox 1265 3063 1427 3119; x_wconf 82' lang='lat' dir='ltr'><strong>Terra</strong></span> <span class='ocrx_word' id='word_1_231' title='bbox 1465 3062 1657 3132; x_wconf 86' lang='lat' dir='ltr'><strong>quippe</strong></span> <span class='ocrx_word' id='word_1_232' title='bbox 1693 3060 1800 3116; x_wconf 81' lang='lat' dir='ltr'><strong>Au-</strong></span> 
     </span>
    </p>
   </div>
   <div class='ocr_carea' id='block_1_32' title="bbox 1878 624 3422 697">
    <p class='ocr_par' dir='ltr' id='par_1_32' title="bbox 1878 624 3422 697">
     <span class='ocr_line' id='line_1_32' title="bbox 1878 624 3422 697; baseline 0 -17"><span class='ocrx_word' id='word_1_233' title='bbox 1878 624 2296 697; x_wconf 62' lang='lat' dir='ltr'><strong>lomuipotentis</strong></span> <span class='ocrx_word' id='word_1_234' title='bbox 2323 627 2456 682; x_wconf 90' lang='lat' dir='ltr'><strong>solet</strong></span> <span class='ocrx_word' id='word_1_235' title='bbox 2501 627 2667 681; x_wconf 82' lang='lat' dir='ltr'><strong>virtus</strong></span> <span class='ocrx_word' id='word_1_236' title='bbox 2711 628 3012 697; x_wconf 79' lang='lat' dir='ltr'><strong>signiﬁcari.</strong></span> <span class='ocrx_word' id='word_1_237' title='bbox 3063 628 3422 696; x_wconf 73' lang='lat' dir='ltr'><strong>llabitatergo</strong></span> 
     </span>
    </p>
   </div>
   <div class='ocr_carea' id='block_1_33' title="bbox 1874 708 3424 784">
    <p class='ocr_par' dir='ltr' id='par_1_33' title="bbox 1874 708 3424 784">
     <span class='ocr_line' id='line_1_33' title="bbox 1874 708 3424 784; baseline 0.001 -16"><span class='ocrx_word' id='word_1_238' title='bbox 1874 708 2008 768; x_wconf 70' lang='lat' dir='ltr'><strong>ititer</strong></span> <span class='ocrx_word' id='word_1_239' title='bbox 2033 713 2200 770; x_wconf 84' lang='lat' dir='ltr'><strong>Cades</strong></span> <span class='ocrx_word' id='word_1_240' title='bbox 2226 724 2279 769; x_wconf 89' lang='lat' dir='ltr'><strong>et</strong></span> <span class='ocrx_word' id='word_1_241' title='bbox 2302 714 2409 770; x_wconf 89' lang='lat' dir='ltr'><strong>Snr</strong></span> <span class='ocrx_word' id='word_1_242' title='bbox 2430 755 2444 779; x_wconf 90' lang='lat'><strong>,</strong></span> <span class='ocrx_word' id='word_1_243' title='bbox 2475 718 2563 784; x_wconf 86' lang='lat' dir='ltr'><strong>qui</strong></span> <span class='ocrx_word' id='word_1_244' title='bbox 2596 730 2688 784; x_wconf 87' lang='lat' dir='ltr'><strong>per</strong></span> <span class='ocrx_word' id='word_1_245' title='bbox 2713 731 2871 784; x_wconf 88' lang='lat' dir='ltr'><strong>opera</strong></span> <span class='ocrx_word' id='word_1_246' title='bbox 2902 717 3148 770; x_wconf 89' lang='lat' dir='ltr'><strong>virtutum</strong></span> <span class='ocrx_word' id='word_1_247' title='bbox 3171 717 3236 768; x_wconf 90' lang='lat' dir='ltr'><strong>ad</strong></span> <span class='ocrx_word' id='word_1_248' title='bbox 3265 717 3424 770; x_wconf 73' lang='lat' dir='ltr'><strong>visio-</strong></span> 
     </span>
    </p>
   </div>
   <div class='ocr_carea' id='block_1_34' title="bbox 1874 802 3420 872">
    <p class='ocr_par' dir='ltr' id='par_1_34' title="bbox 1874 802 3420 872">
     <span class='ocr_line' id='line_1_34' title="bbox 1874 802 3420 872; baseline 0.002 -16"><span class='ocrx_word' id='word_1_249' title='bbox 1874 817 1996 856; x_wconf 90' lang='lat' dir='ltr'><strong>nem</strong></span> <span class='ocrx_word' id='word_1_250' title='bbox 2047 803 2282 872; x_wconf 76' lang='lat' dir='ltr'><strong>quotidie</strong></span> <span class='ocrx_word' id='word_1_251' title='bbox 2325 803 2406 856; x_wconf 85' lang='lat' dir='ltr'><strong>sui</strong></span> <span class='ocrx_word' id='word_1_252' title='bbox 2451 802 2750 858; x_wconf 89' lang='lat' dir='ltr'><strong>Conditoris</strong></span> <span class='ocrx_word' id='word_1_253' title='bbox 2780 804 3027 868; x_wconf 88' lang='lat' dir='ltr'><strong>anhelat;</strong></span> <span class='ocrx_word' id='word_1_254' title='bbox 3079 814 3133 859; x_wconf 91' lang='lat' dir='ltr'><strong>et</strong></span> <span class='ocrx_word' id='word_1_255' title='bbox 3175 806 3420 872; x_wconf 82' lang='lat' dir='ltr'><strong>quoniam</strong></span> 
     </span>
    </p>
   </div>
   <div class='ocr_carea' id='block_1_35' title="bbox 1876 891 3422 960">
    <p class='ocr_par' dir='ltr' id='par_1_35' title="bbox 1876 891 3422 960">
     <span class='ocr_line' id='line_1_35' title="bbox 1876 891 3422 960; baseline 0.002 -14"><span class='ocrx_word' id='word_1_256' title='bbox 1876 891 1988 947; x_wconf 71' lang='lat' dir='ltr'><strong>haec</strong></span> <span class='ocrx_word' id='word_1_257' title='bbox 2014 905 2132 946; x_wconf 87' lang='lat' dir='ltr'><strong>esse</strong></span> <span class='ocrx_word' id='word_1_258' title='bbox 2159 891 2291 946; x_wconf 89' lang='lat' dir='ltr'><strong>visio</strong></span> <span class='ocrx_word' id='word_1_259' title='bbox 2337 893 2391 946; x_wconf 91' lang='lat' dir='ltr'><strong>in</strong></span> <span class='ocrx_word' id='word_1_260' title='bbox 2421 891 2596 946; x_wconf 81' lang='lat' dir='ltr'><strong>futuro</strong></span> <span class='ocrx_word' id='word_1_261' title='bbox 2642 892 2810 956; x_wconf 82' lang='lat' dir='ltr'><strong>solet,</strong></span> <span class='ocrx_word' id='word_1_262' title='bbox 2857 892 2910 948; x_wconf 89' lang='lat' dir='ltr'><strong>in</strong></span> <span class='ocrx_word' id='word_1_263' title='bbox 2955 896 3198 960; x_wconf 65' lang='lat' dir='ltr'><strong>presenti</strong></span> <span class='ocrx_word' id='word_1_264' title='bbox 3245 904 3422 949; x_wconf 84' lang='lat' dir='ltr'><strong>autem</strong></span> 
     </span>
    </p>
   </div>
   <div class='ocr_carea' id='block_1_36' title="bbox 1874 979 3423 1050">
    <p class='ocr_par' dir='ltr' id='par_1_36' title="bbox 1874 979 3423 1050">
     <span class='ocr_line' id='line_1_36' title="bbox 1874 979 3423 1050; baseline 0.002 -15"><span class='ocrx_word' id='word_1_265' title='bbox 1874 980 2068 1035; x_wconf 62' lang='lat' dir='ltr'><strong>seculo</strong></span> <span class='ocrx_word' id='word_1_266' title='bbox 2099 979 2402 1048; x_wconf 85' lang='lat' dir='ltr'><strong>peregrinos</strong></span> <span class='ocrx_word' id='word_1_267' title='bbox 2431 994 2490 1034; x_wconf 87' lang='lat' dir='ltr'><strong>se</strong></span> <span class='ocrx_word' id='word_1_268' title='bbox 2517 994 2633 1035; x_wconf 89' lang='lat' dir='ltr'><strong>esse</strong></span> <span class='ocrx_word' id='word_1_269' title='bbox 2670 981 2979 1047; x_wconf 80' lang='lat' dir='ltr'><strong>proﬁtentur</strong></span> <span class='ocrx_word' id='word_1_270' title='bbox 3001 1025 3016 1050; x_wconf 93' lang='lat'><strong>,</strong></span> <span class='ocrx_word' id='word_1_271' title='bbox 3057 984 3144 1050; x_wconf 89' lang='lat' dir='ltr'><strong>qui</strong></span> <span class='ocrx_word' id='word_1_272' title='bbox 3172 993 3423 1038; x_wconf 57' lang='lat' dir='ltr'><strong>aeternam</strong></span> 
     </span>
    </p>
   </div>
   <div class='ocr_carea' id='block_1_37' title="bbox 1876 1068 3422 1142">
    <p class='ocr_par' dir='ltr' id='par_1_37' title="bbox 1876 1068 3422 1142">
     <span class='ocr_line' id='line_1_37' title="bbox 1876 1068 3422 1142; baseline 0.001 -17"><span class='ocrx_word' id='word_1_273' title='bbox 1876 1070 1930 1125; x_wconf 86' lang='lat' dir='ltr'><strong>in</strong></span> <span class='ocrx_word' id='word_1_274' title='bbox 1957 1070 2110 1124; x_wconf 68' lang='lat' dir='ltr'><strong>caelis</strong></span> <span class='ocrx_word' id='word_1_275' title='bbox 2134 1069 2354 1138; x_wconf 88' lang='lat' dir='ltr'><strong>patriam</strong></span> <span class='ocrx_word' id='word_1_276' title='bbox 2399 1083 2613 1138; x_wconf 87' lang='lat' dir='ltr'><strong>sperare</strong></span> <span class='ocrx_word' id='word_1_277' title='bbox 2640 1068 2958 1137; x_wconf 85' lang='lat' dir='ltr'><strong>didicerunt,</strong></span> <span class='ocrx_word' id='word_1_278' title='bbox 2983 1083 3124 1128; x_wconf 90' lang='lat' dir='ltr'><strong>recte</strong></span> <span class='ocrx_word' id='word_1_279' title='bbox 3152 1075 3385 1142; x_wconf 83' lang='lat' dir='ltr'><strong>sequitur-</strong></span> <span class='ocrx_word' id='word_1_280' title='bbox 3410 1093 3422 1126; x_wconf 92' lang='lat'><strong>:</strong></span> 
     </span>
    </p>
   </div>
   <div class='ocr_carea' id='block_1_38' title="bbox 1928 1150 3428 1232">
    <p class='ocr_par' dir='ltr' id='par_1_38' title="bbox 1928 1150 3428 1232">
     <span class='ocr_line' id='line_1_38' title="bbox 1928 1150 3428 1232; baseline 0.002 -18"><span class='ocrx_word' id='word_1_281' title='bbox 1928 1150 1933 1153; x_wconf 57' lang='grc'><em>”</em></span> <span class='ocrx_word' id='word_1_282' title='bbox 1949 1161 2015 1215; x_wconf 83' lang='lat' dir='ltr'><strong>Et</strong></span> <span class='ocrx_word' id='word_1_283' title='bbox 2043 1162 2386 1231; x_wconf 82' lang='lat' dir='ltr'><strong>peregrinatus</strong></span> <span class='ocrx_word' id='word_1_284' title='bbox 2414 1171 2484 1217; x_wconf 79' lang='lat' dir='ltr'><strong>est</strong></span> <span class='ocrx_word' id='word_1_285' title='bbox 2506 1162 2558 1214; x_wconf 85' lang='lat' dir='ltr'><strong>in</strong></span> <span class='ocrx_word' id='word_1_286' title='bbox 2584 1159 2804 1215; x_wconf 78' lang='lat' dir='ltr'><strong>Ceraris.</strong></span> <span class='ocrx_word' id='word_1_287' title='bbox 2838 1161 2967 1216; x_wconf 81' lang='lat' dir='ltr'><strong>Nam</strong></span> <span class='ocrx_word' id='word_1_288' title='bbox 2995 1173 3047 1218; x_wconf 92' lang='lat' dir='ltr'><strong>et</strong></span> <span class='ocrx_word' id='word_1_289' title='bbox 3087 1165 3248 1219; x_wconf 89' lang='lat' dir='ltr'><strong>verbo</strong></span> <span class='ocrx_word' id='word_1_290' title='bbox 3279 1177 3428 1232; x_wconf 81' lang='lat' dir='ltr'><strong>pere-</strong></span> 
     </span>
    </p>
   </div>
   <div class='ocr_carea' id='block_1_39' title="bbox 1877 1249 3429 1321">
    <p class='ocr_par' dir='ltr' id='par_1_39' title="bbox 1877 1249 3429 1321">
     <span class='ocr_line' id='line_1_39' title="bbox 1877 1249 3429 1321; baseline 0.004 -17"><span class='ocrx_word' id='word_1_291' title='bbox 1877 1252 2185 1321; x_wconf 85' lang='lat' dir='ltr'><strong>grinationis</strong></span> <span class='ocrx_word' id='word_1_292' title='bbox 2227 1259 2280 1305; x_wconf 87' lang='lat' dir='ltr'><strong>et</strong></span> <span class='ocrx_word' id='word_1_293' title='bbox 2306 1252 2518 1305; x_wconf 90' lang='lat' dir='ltr'><strong>nomine</strong></span> <span class='ocrx_word' id='word_1_294' title='bbox 2543 1249 2754 1305; x_wconf 68' lang='lat' dir='ltr'><strong>Geram</strong></span> <span class='ocrx_word' id='word_1_295' title='bbox 2779 1293 2792 1314; x_wconf 93' lang='lat'><strong>,</strong></span> <span class='ocrx_word' id='word_1_296' title='bbox 2824 1252 2874 1306; x_wconf 92' lang='lat' dir='ltr'><strong>id</strong></span> <span class='ocrx_word' id='word_1_297' title='bbox 2898 1263 2984 1307; x_wconf 89' lang='lat' dir='ltr'><strong>est</strong></span> <span class='ocrx_word' id='word_1_298' title='bbox 3013 1256 3301 1319; x_wconf 84' lang='lat' dir='ltr'><strong>incolatus,</strong></span> <span class='ocrx_word' id='word_1_299' title='bbox 3332 1257 3429 1310; x_wconf 58' lang='lat' dir='ltr'><strong>de.</strong></span> 
     </span>
    </p>
   </div>
   <div class='ocr_carea' id='block_1_40' title="bbox 1881 1339 3422 1410">
    <p class='ocr_par' dir='ltr' id='par_1_40' title="bbox 1881 1339 3422 1410">
     <span class='ocr_line' id='line_1_40' title="bbox 1881 1339 3422 1410; baseline 0.002 -17"><span class='ocrx_word' id='word_1_300' title='bbox 1881 1348 2058 1394; x_wconf 89' lang='lat' dir='ltr'><strong>center</strong></span> <span class='ocrx_word' id='word_1_301' title='bbox 2087 1349 2387 1395; x_wconf 87' lang='lat' dir='ltr'><strong>sanctorum</strong></span> <span class='ocrx_word' id='word_1_302' title='bbox 2410 1339 2514 1393; x_wconf 80' lang='lat' dir='ltr'><strong>vita</strong></span> <span class='ocrx_word' id='word_1_303' title='bbox 2548 1339 2815 1409; x_wconf 86' lang='lat' dir='ltr'><strong>ﬁguratur,</strong></span> <span class='ocrx_word' id='word_1_304' title='bbox 2847 1357 2983 1410; x_wconf 64' lang='lat' dir='ltr'><strong>qum,</strong></span> <span class='ocrx_word' id='word_1_305' title='bbox 3006 1353 3257 1410; x_wconf 78' lang='lat' dir='ltr'><strong>quantum</strong></span> <span class='ocrx_word' id='word_1_306' title='bbox 3286 1345 3422 1396; x_wconf 85' lang='lat' dir='ltr'><strong>divi-</strong></span> 
     </span>
    </p>
   </div>
   <div class='ocr_carea' id='block_1_41' title="bbox 1884 1428 3425 1500">
    <p class='ocr_par' dir='ltr' id='par_1_41' title="bbox 1884 1428 3425 1500">
     <span class='ocr_line' id='line_1_41' title="bbox 1884 1428 3425 1500; baseline 0.006 -21"><span class='ocrx_word' id='word_1_307' title='bbox 1884 1428 1964 1480; x_wconf 84' lang='lat' dir='ltr'><strong>nis</strong></span> <span class='ocrx_word' id='word_1_308' title='bbox 1992 1428 2285 1494; x_wconf 77' lang='lat' dir='ltr'><strong>mancipata</strong></span> <span class='ocrx_word' id='word_1_309' title='bbox 2317 1429 2598 1496; x_wconf 58' lang='lat' dir='ltr'><strong>pra-captis</strong></span> <span class='ocrx_word' id='word_1_310' title='bbox 2616 1468 2631 1495; x_wconf 87' lang='lat'><strong>,</strong></span> <span class='ocrx_word' id='word_1_311' title='bbox 2662 1439 2862 1484; x_wconf 88' lang='lat' dir='ltr'><strong>tantum</strong></span> <span class='ocrx_word' id='word_1_312' title='bbox 2891 1446 2920 1484; x_wconf 89' lang='lat' dir='ltr'><strong>a</strong></span> <span class='ocrx_word' id='word_1_313' title='bbox 2948 1434 3318 1500; x_wconf 87' lang='lat' dir='ltr'><strong>temporalibus</strong></span> <span class='ocrx_word' id='word_1_314' title='bbox 3343 1445 3425 1488; x_wconf 86' lang='lat' dir='ltr'><strong>est</strong></span> 
     </span>
    </p>
   </div>
   <div class='ocr_carea' id='block_1_42' title="bbox 1883 1517 3427 1596">
    <p class='ocr_par' dir='ltr' id='par_1_42' title="bbox 1883 1517 3427 1596">
     <span class='ocr_line' id='line_1_42' title="bbox 1883 1517 3427 1596; baseline 0.009 -29"><span class='ocrx_word' id='word_1_315' title='bbox 1883 1518 2104 1575; x_wconf 78' lang='lat' dir='ltr'><strong>alienata</strong></span> <span class='ocrx_word' id='word_1_316' title='bbox 2129 1517 2370 1587; x_wconf 89' lang='lat' dir='ltr'><strong>gaudiis;</strong></span> <span class='ocrx_word' id='word_1_317' title='bbox 2419 1519 2558 1574; x_wconf 86' lang='lat' dir='ltr'><strong>unde</strong></span> <span class='ocrx_word' id='word_1_318' title='bbox 2586 1528 2639 1574; x_wconf 74' lang='grc' dir='ltr'><strong>ιιι</strong></span> <span class='ocrx_word' id='word_1_319' title='bbox 2665 1522 2945 1588; x_wconf 78' lang='lat' dir='ltr'><strong>Apostolus</strong></span> <span class='ocrx_word' id='word_1_320' title='bbox 2989 1525 3291 1580; x_wconf 87' lang='lat' dir='ltr'><strong>eorumdetn</strong></span> <span class='ocrx_word' id='word_1_321' title='bbox 3335 1543 3427 1596; x_wconf 83' lang='lat' dir='ltr'><strong>pa-</strong></span> 
     </span>
    </p>
   </div>
   <div class='ocr_carea' id='block_1_43' title="bbox 1889 1609 3429 1679">
    <p class='ocr_par' dir='ltr' id='par_1_43' title="bbox 1889 1609 3429 1679">
     <span class='ocr_line' id='line_1_43' title="bbox 1889 1609 3429 1679; baseline 0.008 -19"><span class='ocrx_word' id='word_1_322' title='bbox 1889 1609 2232 1665; x_wconf 85' lang='lat' dir='ltr'><strong>triarcharum</strong></span> <span class='ocrx_word' id='word_1_323' title='bbox 2261 1610 2420 1663; x_wconf 83' lang='lat' dir='ltr'><strong>vitam</strong></span> <span class='ocrx_word' id='word_1_324' title='bbox 2467 1612 2766 1679; x_wconf 85' lang='lat' dir='ltr'><strong>glorillcaus</strong></span> <span class='ocrx_word' id='word_1_325' title='bbox 2795 1612 2964 1666; x_wconf 78' lang='lat' dir='ltr'><strong>aiebat</strong></span> <span class='ocrx_word' id='word_1_326' title='bbox 2996 1632 3009 1666; x_wconf 86' lang='lat'><strong>;</strong></span> <span class='ocrx_word' id='word_1_327' title='bbox 3050 1611 3182 1669; x_wconf 75' lang='lat' dir='ltr'><strong>Fide</strong></span> <span class='ocrx_word' id='word_1_328' title='bbox 3207 1629 3429 1673; x_wconf 84' lang='lat' dir='ltr'><strong>moratus</strong></span> 
     </span>
    </p>
   </div>
   <div class='ocr_carea' id='block_1_44' title="bbox 1887 1697 3427 1768">
    <p class='ocr_par' dir='ltr' id='par_1_44' title="bbox 1887 1697 3427 1768">
     <span class='ocr_line' id='line_1_44' title="bbox 1887 1697 3427 1768; baseline 0.006 -16"><span class='ocrx_word' id='word_1_329' title='bbox 1887 1706 1958 1752; x_wconf 81' lang='lat' dir='ltr'><strong>est</strong></span> <span class='ocrx_word' id='word_1_330' title='bbox 1985 1697 2235 1751; x_wconf 78' lang='lat' dir='ltr'><strong>Abraham</strong></span> <span class='ocrx_word' id='word_1_331' title='bbox 2265 1698 2316 1751; x_wconf 88' lang='lat' dir='ltr'><strong>in</strong></span> <span class='ocrx_word' id='word_1_332' title='bbox 2342 1707 2473 1751; x_wconf 86' lang='lat' dir='ltr'><strong>terra</strong></span> <span class='ocrx_word' id='word_1_333' title='bbox 2505 1701 2934 1768; x_wconf 85' lang='lat' dir='ltr'><strong>repromissionis,</strong></span> <span class='ocrx_word' id='word_1_334' title='bbox 2966 1712 3199 1766; x_wconf 79' lang='lat' dir='ltr'><strong>tanquam</strong></span> <span class='ocrx_word' id='word_1_335' title='bbox 3230 1708 3280 1758; x_wconf 88' lang='lat' dir='ltr'><strong>in</strong></span> <span class='ocrx_word' id='word_1_336' title='bbox 3306 1710 3427 1763; x_wconf 87' lang='lat' dir='ltr'><strong>alie-</strong></span> 
     </span>
    </p>
   </div>
   <div class='ocr_carea' id='block_1_45' title="bbox 1890 1785 3430 1849">
    <p class='ocr_par' dir='ltr' id='par_1_45' title="bbox 1890 1785 3430 1849">
     <span class='ocr_line' id='line_1_45' title="bbox 1890 1785 3430 1849; baseline 0.006 -11"><span class='ocrx_word' id='word_1_337' title='bbox 1890 1802 1976 1847; x_wconf 86' lang='lat' dir='ltr'><strong>na,</strong></span> <span class='ocrx_word' id='word_1_338' title='bbox 2008 1787 2060 1838; x_wconf 88' lang='lat' dir='ltr'><strong>in</strong></span> <span class='ocrx_word' id='word_1_339' title='bbox 2087 1787 2271 1839; x_wconf 81' lang='lat' dir='ltr'><strong>casulis</strong></span> <span class='ocrx_word' id='word_1_340' title='bbox 2315 1785 2584 1840; x_wconf 83' lang='lat' dir='ltr'><strong>habitando</strong></span> <span class='ocrx_word' id='word_1_341' title='bbox 2633 1803 2746 1840; x_wconf 85' lang='lat' dir='ltr'><strong>cum</strong></span> <span class='ocrx_word' id='word_1_342' title='bbox 2771 1787 2920 1842; x_wconf 86' lang='lat' dir='ltr'><strong>Isaac</strong></span> <span class='ocrx_word' id='word_1_343' title='bbox 2961 1802 3007 1843; x_wconf 89' lang='lat' dir='ltr'><strong>et</strong></span> <span class='ocrx_word' id='word_1_344' title='bbox 3027 1789 3184 1844; x_wconf 68' lang='lat' dir='ltr'><strong>Iacob</strong></span> <span class='ocrx_word' id='word_1_345' title='bbox 3213 1793 3430 1849; x_wconf 68' lang='lat' dir='ltr'><strong>coluere-</strong></span> 
     </span>
    </p>
   </div>
   <div class='ocr_carea' id='block_1_46' title="bbox 1816 1846 3433 1948">
    <p class='ocr_par' dir='ltr' id='par_1_46' title="bbox 1816 1846 3433 1948">
     <span class='ocr_line' id='line_1_46' title="bbox 1816 1846 3433 1948; baseline 0.004 -20"><span class='ocrx_word' id='word_1_346' title='bbox 1816 1846 1867 1908; x_wconf 76' lang='grc' dir='ltr'>Β</span> <span class='ocrx_word' id='word_1_347' title='bbox 1889 1846 2034 1928; x_wconf 78' lang='lat' dir='ltr'><strong>dibus</strong></span> <span class='ocrx_word' id='word_1_348' title='bbox 2052 1875 2395 1942; x_wconf 72' lang='lat' dir='ltr'><strong>promissionis</strong></span> <span class='ocrx_word' id='word_1_349' title='bbox 2423 1877 2646 1944; x_wconf 75' lang='lat' dir='ltr'><strong>ejusdem</strong></span> <span class='ocrx_word' id='word_1_350' title='bbox 2669 1892 2688 1939; x_wconf 84' lang='lat'><em>;</em></span> <span class='ocrx_word' id='word_1_351' title='bbox 2725 1877 3034 1945; x_wconf 70' lang='lat' dir='ltr'><strong>exspectabat</strong></span> <span class='ocrx_word' id='word_1_352' title='bbox 3078 1881 3207 1933; x_wconf 80' lang='lat' dir='ltr'><strong>enim</strong></span> <span class='ocrx_word' id='word_1_353' title='bbox 3249 1846 3433 1948; x_wconf 75' lang='lat' dir='ltr'><strong>funda-</strong></span> 
     </span>
    </p>
   </div>
   <div class='ocr_carea' id='block_1_47' title="bbox 1888 1961 3436 2040">
    <p class='ocr_par' dir='ltr' id='par_1_47' title="bbox 1888 1961 3436 2040">
     <span class='ocr_line' id='line_1_47' title="bbox 1888 1961 3436 2040; baseline 0.004 -20"><span class='ocrx_word' id='word_1_354' title='bbox 1888 1976 2052 2021; x_wconf 82' lang='lat' dir='ltr'><strong>menta</strong></span> <span class='ocrx_word' id='word_1_355' title='bbox 2100 1966 2361 2020; x_wconf 76' lang='lat' dir='ltr'><strong>habentem</strong></span> <span class='ocrx_word' id='word_1_356' title='bbox 2403 1961 2678 2031; x_wconf 73' lang='lat' dir='ltr'><strong>civitatem,</strong></span> <span class='ocrx_word' id='word_1_357' title='bbox 2731 1972 2876 2040; x_wconf 83' lang='lat' dir='ltr'><strong>cujus</strong></span> <span class='ocrx_word' id='word_1_358' title='bbox 2905 1971 3090 2037; x_wconf 74' lang='lat' dir='ltr'><strong>artifex</strong></span> <span class='ocrx_word' id='word_1_359' title='bbox 3135 1980 3187 2024; x_wconf 82' lang='lat' dir='ltr'><strong>et</strong></span> <span class='ocrx_word' id='word_1_360' title='bbox 3208 1971 3436 2026; x_wconf 81' lang='lat' dir='ltr'><strong>conditor</strong></span> 
     </span>
    </p>
   </div>
   <div class='ocr_carea' id='block_1_48' title="bbox 1890 2054 3426 2128">
    <p class='ocr_par' dir='ltr' id='par_1_48' title="bbox 1890 2054 3426 2128">
     <span class='ocr_line' id='line_1_48' title="bbox 1890 2054 3426 2128; baseline 0.005 -20"><span class='ocrx_word' id='word_1_361' title='bbox 1890 2054 2025 2124; x_wconf 69' lang='lat' dir='ltr'><strong>Deus</strong></span> <span class='ocrx_word' id='word_1_362' title='bbox 2071 2055 2227 2126; x_wconf 80' lang='lat' dir='ltr'><strong>(Heb.</strong></span> <span class='ocrx_word' id='word_1_363' title='bbox 2258 2071 2328 2119; x_wconf 78' lang='grc' dir='ltr'><strong>χι,</strong></span> <span class='ocrx_word' id='word_1_364' title='bbox 2357 2056 2434 2124; x_wconf 88' lang='lat'><strong>9).</strong></span> <span class='ocrx_word' id='word_1_365' title='bbox 2489 2056 2553 2110; x_wconf 84' lang='lat' dir='ltr'><strong>Et</strong></span> <span class='ocrx_word' id='word_1_366' title='bbox 2589 2057 2744 2123; x_wconf 88' lang='lat' dir='ltr'><strong>paulo</strong></span> <span class='ocrx_word' id='word_1_367' title='bbox 2779 2069 2934 2126; x_wconf 86' lang='lat' dir='ltr'><strong>post:</strong></span> <span class='ocrx_word' id='word_1_368' title='bbox 2981 2056 3140 2113; x_wconf 67' lang='lat' dir='ltr'><strong>Juxta</strong></span> <span class='ocrx_word' id='word_1_369' title='bbox 3177 2061 3325 2128; x_wconf 75' lang='lat' dir='ltr'><strong>ﬁdem</strong></span> <span class='ocrx_word' id='word_1_370' title='bbox 3350 2064 3426 2116; x_wconf 62' lang='lat' dir='ltr'><strong>dev</strong></span> 
     </span>
    </p>
   </div>
   <div class='ocr_carea' id='block_1_49' title="bbox 1891 2149 3434 2219">
    <p class='ocr_par' dir='ltr' id='par_1_49' title="bbox 1891 2149 3434 2219">
     <span class='ocr_line' id='line_1_49' title="bbox 1891 2149 3434 2219; baseline 0.003 -18"><span class='ocrx_word' id='word_1_371' title='bbox 1891 2150 2050 2219; x_wconf 86' lang='lat' dir='ltr'><strong>functi</strong></span> <span class='ocrx_word' id='word_1_372' title='bbox 2077 2157 2190 2203; x_wconf 87' lang='lat' dir='ltr'><strong>sunt</strong></span> <span class='ocrx_word' id='word_1_373' title='bbox 2221 2164 2391 2202; x_wconf 87' lang='lat' dir='ltr'><strong>omnes</strong></span> <span class='ocrx_word' id='word_1_374' title='bbox 2416 2149 2498 2201; x_wconf 88' lang='lat' dir='ltr'><strong>isti</strong></span> <span class='ocrx_word' id='word_1_375' title='bbox 2519 2189 2532 2212; x_wconf 90' lang='lat'><strong>,</strong></span> <span class='ocrx_word' id='word_1_376' title='bbox 2582 2165 2680 2202; x_wconf 85' lang='lat' dir='ltr'><strong>non</strong></span> <span class='ocrx_word' id='word_1_377' title='bbox 2704 2151 2915 2218; x_wconf 79' lang='lat' dir='ltr'><strong>acceptis</strong></span> <span class='ocrx_word' id='word_1_378' title='bbox 2938 2153 3399 2216; x_wconf 76' lang='lat' dir='ltr'><strong>repromissionibns</strong></span> <span class='ocrx_word' id='word_1_379' title='bbox 3419 2194 3434 2214; x_wconf 88' lang='lat'><strong>,</strong></span> 
     </span>
    </p>
   </div>
   <div class='ocr_carea' id='block_1_50' title="bbox 1890 2237 3435 2310">
    <p class='ocr_par' dir='ltr' id='par_1_50' title="bbox 1890 2237 3435 2310">
     <span class='ocr_line' id='line_1_50' title="bbox 1890 2237 3435 2310; baseline 0.004 -19"><span class='ocrx_word' id='word_1_380' title='bbox 1890 2240 1977 2292; x_wconf 85' lang='lat' dir='ltr'><strong>sed</strong></span> <span class='ocrx_word' id='word_1_381' title='bbox 2006 2238 2201 2306; x_wconf 81' lang='lat' dir='ltr'><strong>alonge</strong></span> <span class='ocrx_word' id='word_1_382' title='bbox 2220 2254 2303 2291; x_wconf 87' lang='lat' dir='ltr'><strong>eas</strong></span> <span class='ocrx_word' id='word_1_383' title='bbox 2334 2239 2627 2304; x_wconf 85' lang='lat' dir='ltr'><strong>aspicientes</strong></span> <span class='ocrx_word' id='word_1_384' title='bbox 2652 2250 2698 2292; x_wconf 87' lang='lat' dir='ltr'><strong>et</strong></span> <span class='ocrx_word' id='word_1_385' title='bbox 2727 2237 3023 2306; x_wconf 83' lang='lat' dir='ltr'><strong>salutantes,</strong></span> <span class='ocrx_word' id='word_1_386' title='bbox 3070 2251 3115 2294; x_wconf 87' lang='lat' dir='ltr'><strong>et</strong></span> <span class='ocrx_word' id='word_1_387' title='bbox 3146 2243 3435 2310; x_wconf 80' lang='lat' dir='ltr'><strong>conﬁtcntes</strong></span> 
     </span>
    </p>
   </div>
   <div class='ocr_carea' id='block_1_51' title="bbox 1892 2325 3440 2398">
    <p class='ocr_par' dir='ltr' id='par_1_51' title="bbox 1892 2325 3440 2398">
     <span class='ocr_line' id='line_1_51' title="bbox 1892 2325 3440 2398; baseline 0.001 -18"><span class='ocrx_word' id='word_1_388' title='bbox 1892 2327 2011 2395; x_wconf 86' lang='lat' dir='ltr'><strong>quia</strong></span> <span class='ocrx_word' id='word_1_389' title='bbox 2033 2326 2276 2394; x_wconf 82' lang='lat' dir='ltr'><strong>peregrini</strong></span> <span class='ocrx_word' id='word_1_390' title='bbox 2297 2335 2342 2378; x_wconf 89' lang='lat' dir='ltr'><strong>et</strong></span> <span class='ocrx_word' id='word_1_391' title='bbox 2363 2325 2580 2395; x_wconf 81' lang='lat' dir='ltr'><strong>hospites</strong></span> <span class='ocrx_word' id='word_1_392' title='bbox 2606 2336 2719 2380; x_wconf 88' lang='lat' dir='ltr'><strong>sunt</strong></span> <span class='ocrx_word' id='word_1_393' title='bbox 2740 2342 2888 2394; x_wconf 73' lang='lat' dir='ltr'><strong>super</strong></span> <span class='ocrx_word' id='word_1_394' title='bbox 2907 2335 3090 2382; x_wconf 77' lang='lat' dir='ltr'><strong>terrent</strong></span> <span class='ocrx_word' id='word_1_395' title='bbox 3113 2328 3294 2398; x_wconf 58' lang='lat' dir='ltr'><strong>(ibist,</strong></span> <span class='ocrx_word' id='word_1_396' title='bbox 3326 2328 3440 2397; x_wconf 69' lang='lat'><strong>13).</strong></span> 
     </span>
    </p>
   </div>
   <div class='ocr_carea' id='block_1_52' title="bbox 1893 2413 3438 2488">
    <p class='ocr_par' dir='ltr' id='par_1_52' title="bbox 1893 2413 3438 2488">
     <span class='ocr_line' id='line_1_52' title="bbox 1893 2413 3438 2488; baseline 0.005 -22"><span class='ocrx_word' id='word_1_397' title='bbox 1893 2415 1993 2482; x_wconf 84' lang='lat' dir='ltr'><strong>Qui</strong></span> <span class='ocrx_word' id='word_1_398' title='bbox 2022 2414 2159 2469; x_wconf 88' lang='lat' dir='ltr'><strong>enim</strong></span> <span class='ocrx_word' id='word_1_399' title='bbox 2190 2413 2303 2468; x_wconf 67' lang='lat' dir='ltr'><strong>haec</strong></span> <span class='ocrx_word' id='word_1_400' title='bbox 2357 2414 2538 2467; x_wconf 87' lang='lat' dir='ltr'><strong>dicunt</strong></span> <span class='ocrx_word' id='word_1_401' title='bbox 2579 2415 2869 2482; x_wconf 78' lang='lat' dir='ltr'><strong>signiﬁcant</strong></span> <span class='ocrx_word' id='word_1_402' title='bbox 2909 2430 2970 2471; x_wconf 86' lang='lat' dir='ltr'><strong>se</strong></span> <span class='ocrx_word' id='word_1_403' title='bbox 3011 2420 3225 2485; x_wconf 88' lang='lat' dir='ltr'><strong>patriam</strong></span> <span class='ocrx_word' id='word_1_404' title='bbox 3271 2419 3438 2488; x_wconf 84' lang='lat' dir='ltr'><strong>inqui-</strong></span> 
     </span>
    </p>
   </div>
   <div class='ocr_carea' id='block_1_53' title="bbox 1895 2499 3439 2568">
    <p class='ocr_par' dir='ltr' id='par_1_53' title="bbox 1895 2499 3439 2568">
     <span class='ocr_line' id='line_1_53' title="bbox 1895 2499 3439 2568; baseline 0.002 -11"><span class='ocrx_word' id='word_1_405' title='bbox 1895 2517 2049 2566; x_wconf 85' lang='lat' dir='ltr'><strong>rere;</strong></span> <span class='ocrx_word' id='word_1_406' title='bbox 2093 2511 2208 2555; x_wconf 89' lang='lat' dir='ltr'><strong>erat</strong></span> <span class='ocrx_word' id='word_1_407' title='bbox 2252 2507 2424 2555; x_wconf 89' lang='lat' dir='ltr'><strong>autem</strong></span> <span class='ocrx_word' id='word_1_408' title='bbox 2458 2499 2667 2555; x_wconf 85' lang='lat' dir='ltr'><strong>Geraris</strong></span> <span class='ocrx_word' id='word_1_409' title='bbox 2689 2502 2812 2555; x_wconf 90' lang='lat' dir='ltr'><strong>olim</strong></span> <span class='ocrx_word' id='word_1_410' title='bbox 2843 2505 3091 2568; x_wconf 84' lang='lat' dir='ltr'><strong>terminus</strong></span> <span class='ocrx_word' id='word_1_411' title='bbox 3115 2507 3439 2561; x_wconf 69' lang='lat' dir='ltr'><strong>Chananaeo-</strong></span> 
     </span>
    </p>
   </div>
   <div class='ocr_carea' id='block_1_54' title="bbox 1897 2592 3432 2662">
    <p class='ocr_par' dir='ltr' id='par_1_54' title="bbox 1897 2592 3432 2662">
     <span class='ocr_line' id='line_1_54' title="bbox 1897 2592 3432 2662; baseline 0.002 -11"><span class='ocrx_word' id='word_1_412' title='bbox 1897 2612 2014 2651; x_wconf 89' lang='lat' dir='ltr'><strong>rum</strong></span> <span class='ocrx_word' id='word_1_413' title='bbox 2037 2594 2101 2648; x_wconf 88' lang='lat' dir='ltr'><strong>ad</strong></span> <span class='ocrx_word' id='word_1_414' title='bbox 2133 2592 2406 2648; x_wconf 86' lang='lat' dir='ltr'><strong>meridiem</strong></span> <span class='ocrx_word' id='word_1_415' title='bbox 2432 2635 2447 2660; x_wconf 89' lang='lat'><strong>,</strong></span> <span class='ocrx_word' id='word_1_416' title='bbox 2481 2602 2530 2647; x_wconf 92' lang='lat' dir='ltr'><strong>et</strong></span> <span class='ocrx_word' id='word_1_417' title='bbox 2558 2593 2742 2647; x_wconf 79' lang='lat' dir='ltr'><strong>civitas</strong></span> <span class='ocrx_word' id='word_1_418' title='bbox 2788 2597 3092 2662; x_wconf 85' lang='lat' dir='ltr'><strong>metropolis</strong></span> <span class='ocrx_word' id='word_1_419' title='bbox 3125 2595 3432 2661; x_wconf 70' lang='lat' dir='ltr'><strong>Palmstinm.</strong></span> 
     </span>
    </p>
   </div>
   <div class='ocr_carea' id='block_1_55' title="bbox 1897 2682 3434 2752">
    <p class='ocr_par' dir='ltr' id='par_1_55' title="bbox 1897 2682 3434 2752">
     <span class='ocr_line' id='line_1_55' title="bbox 1897 2682 3434 2752; baseline 0.005 -16"><span class='ocrx_word' id='word_1_420' title='bbox 1897 2686 2062 2752; x_wconf 80' lang='lat' dir='ltr'><strong>posita</strong></span> <span class='ocrx_word' id='word_1_421' title='bbox 2090 2685 2222 2738; x_wconf 89' lang='lat' dir='ltr'><strong>inter</strong></span> <span class='ocrx_word' id='word_1_422' title='bbox 2241 2682 2412 2738; x_wconf 81' lang='lat' dir='ltr'><strong>Gades</strong></span> <span class='ocrx_word' id='word_1_423' title='bbox 2453 2691 2508 2737; x_wconf 92' lang='lat' dir='ltr'><strong>et</strong></span> <span class='ocrx_word' id='word_1_424' title='bbox 2531 2682 2663 2749; x_wconf 89' lang='lat' dir='ltr'><strong>Sur,</strong></span> <span class='ocrx_word' id='word_1_425' title='bbox 2692 2685 2794 2739; x_wconf 90' lang='lat' dir='ltr'><strong>hoc</strong></span> <span class='ocrx_word' id='word_1_426' title='bbox 2817 2697 2895 2739; x_wconf 86' lang='lat' dir='ltr'><strong>est</strong></span> <span class='ocrx_word' id='word_1_427' title='bbox 2925 2686 3058 2742; x_wconf 89' lang='lat' dir='ltr'><strong>inter</strong></span> <span class='ocrx_word' id='word_1_428' title='bbox 3098 2687 3228 2742; x_wconf 86' lang='lat' dir='ltr'><strong>duas</strong></span> <span class='ocrx_word' id='word_1_429' title='bbox 3254 2691 3434 2743; x_wconf 85' lang='lat' dir='ltr'><strong>solitu-</strong></span> 
     </span>
    </p>
   </div>
   <div class='ocr_carea' id='block_1_56' title="bbox 1897 2773 3442 2847">
    <p class='ocr_par' dir='ltr' id='par_1_56' title="bbox 1897 2773 3442 2847">
     <span class='ocr_line' id='line_1_56' title="bbox 1897 2773 3442 2847; baseline 0.005 -20"><span class='ocrx_word' id='word_1_430' title='bbox 1897 2774 2068 2841; x_wconf 77' lang='lat' dir='ltr'><strong>di..es,</strong></span> <span class='ocrx_word' id='word_1_431' title='bbox 2089 2788 2306 2843; x_wconf 87' lang='lat' dir='ltr'><strong>quarum</strong></span> <span class='ocrx_word' id='word_1_432' title='bbox 2329 2789 2428 2828; x_wconf 87' lang='lat' dir='ltr'><strong>una</strong></span> <span class='ocrx_word' id='word_1_433' title='bbox 2442 2773 2932 2844; x_wconf 70' lang='lat' dir='ltr'><strong>Egyptojungitur,</strong></span> <span class='ocrx_word' id='word_1_434' title='bbox 2957 2779 3198 2845; x_wconf 85' lang='lat' dir='ltr'><strong>adquam</strong></span> <span class='ocrx_word' id='word_1_435' title='bbox 3220 2781 3442 2847; x_wconf 82' lang='lat' dir='ltr'><strong>populus</strong></span> 
     </span>
    </p>
   </div>
   <div class='ocr_carea' id='block_1_57' title="bbox 1899 2864 3444 2932">
    <p class='ocr_par' dir='ltr' id='par_1_57' title="bbox 1899 2864 3444 2932">
     <span class='ocr_line' id='line_1_57' title="bbox 1899 2864 3444 2932; baseline 0.005 -16"><span class='ocrx_word' id='word_1_436' title='bbox 1899 2873 2049 2931; x_wconf 85' lang='lat' dir='ltr'><strong>trans</strong></span> <span class='ocrx_word' id='word_1_437' title='bbox 2058 2864 2243 2918; x_wconf 79' lang='lat' dir='ltr'><strong>fretum</strong></span> <span class='ocrx_word' id='word_1_438' title='bbox 2260 2864 2417 2918; x_wconf 79' lang='lat' dir='ltr'><strong>ltubri</strong></span> <span class='ocrx_word' id='word_1_439' title='bbox 2434 2865 2593 2918; x_wconf 86' lang='lat' dir='ltr'><strong>maris</strong></span> <span class='ocrx_word' id='word_1_440' title='bbox 2605 2866 2858 2932; x_wconf 79' lang='lat' dir='ltr'><strong>pervenit,</strong></span> <span class='ocrx_word' id='word_1_441' title='bbox 2872 2865 3032 2919; x_wconf 86' lang='lat' dir='ltr'><strong>altera</strong></span> <span class='ocrx_word' id='word_1_442' title='bbox 3045 2881 3170 2922; x_wconf 83' lang='lat' dir='ltr'><strong>vero</strong></span> <span class='ocrx_word' id='word_1_443' title='bbox 3181 2867 3346 2922; x_wconf 79' lang='lat' dir='ltr'><strong>Gades</strong></span> <span class='ocrx_word' id='word_1_444' title='bbox 3357 2884 3444 2924; x_wconf 78' lang='lat' dir='ltr'><strong>us-</strong></span> 
     </span>
    </p>
   </div>
   <div class='ocr_carea' id='block_1_58' title="bbox 1896 2950 3441 3024">
    <p class='ocr_par' dir='ltr' id='par_1_58' title="bbox 1896 2950 3441 3024">
     <span class='ocr_line' id='line_1_58' title="bbox 1896 2950 3441 3024; baseline 0.006 -22"><span class='ocrx_word' id='word_1_445' title='bbox 1896 2965 1998 3019; x_wconf 90' lang='lat' dir='ltr'><strong>que</strong></span> <span class='ocrx_word' id='word_1_446' title='bbox 2018 2950 2082 3003; x_wconf 90' lang='lat' dir='ltr'><strong>ad</strong></span> <span class='ocrx_word' id='word_1_447' title='bbox 2104 2951 2510 3004; x_wconf 87' lang='lat' dir='ltr'><strong>Sarracenorum</strong></span> <span class='ocrx_word' id='word_1_448' title='bbox 2529 2965 2757 3005; x_wconf 88' lang='lat' dir='ltr'><strong>eremum</strong></span> <span class='ocrx_word' id='word_1_449' title='bbox 2785 2960 2812 2998; x_wconf 78' lang='grc' dir='ltr'>σ</span> <span class='ocrx_word' id='word_1_450' title='bbox 2837 2953 3151 3008; x_wconf 78' lang='lat' dir='ltr'><strong>extenditur.</strong></span> <span class='ocrx_word' id='word_1_451' title='bbox 3167 2955 3441 3024; x_wconf 84' lang='lat' dir='ltr'><strong>Sequitur:</strong></span> 
     </span>
    </p>
   </div>
   <div class='ocr_carea' id='block_1_59' title="bbox 1979 3064 3448 3134">
    <p class='ocr_par' dir='ltr' id='par_1_59' title="bbox 1979 3064 3448 3134">
     <span class='ocr_line' id='line_1_59' title="bbox 1979 3064 3448 3134; baseline 0.001 -14"><span class='ocrx_word' id='word_1_452' title='bbox 1979 3065 2212 3134; x_wconf 75' lang='lat' dir='ltr'><strong>Dixitque</strong></span> <span class='ocrx_word' id='word_1_453' title='bbox 2243 3067 2305 3118; x_wconf 90' lang='lat' dir='ltr'><strong>de</strong></span> <span class='ocrx_word' id='word_1_454' title='bbox 2334 3064 2464 3120; x_wconf 86' lang='lat' dir='ltr'><strong>Sara</strong></span> <span class='ocrx_word' id='word_1_455' title='bbox 2493 3081 2647 3119; x_wconf 76' lang='lat' dir='ltr'><strong>uxore</strong></span> <span class='ocrx_word' id='word_1_456' title='bbox 2685 3082 2808 3120; x_wconf 85' lang='lat' dir='ltr'><strong>sua:</strong></span> <span class='ocrx_word' id='word_1_457' title='bbox 2855 3066 3011 3123; x_wconf 83' lang='lat' dir='ltr'><strong>Soror</strong></span> <span class='ocrx_word' id='word_1_458' title='bbox 3039 3085 3148 3122; x_wconf 88' lang='lat' dir='ltr'><strong>mea</strong></span> <span class='ocrx_word' id='word_1_459' title='bbox 3180 3080 3273 3123; x_wconf 88' lang='lat' dir='ltr'><strong>est.</strong></span> <span class='ocrx_word' id='word_1_460' title='bbox 3305 3069 3448 3123; x_wconf 75' lang='lat' dir='ltr'><strong>Misit</strong></span> 
     </span>
    </p>
   </div>
   <div class='ocr_carea' id='block_1_60' title="bbox 247 3150 3467 3231">
    <p class='ocr_par' dir='ltr' id='par_1_60' title="bbox 247 3150 3467 3231">
     <span class='ocr_line' id='line_1_60' title="bbox 247 3150 3467 3231; baseline -0.001 -15"><span class='ocrx_word' id='word_1_461' title='bbox 247 3163 430 3218; x_wconf 89' lang='lat' dir='ltr'><strong>stralis</strong></span> <span class='ocrx_word' id='word_1_462' title='bbox 452 3202 470 3226; x_wconf 90' lang='lat'><strong>,</strong></span> <span class='ocrx_word' id='word_1_463' title='bbox 494 3175 614 3231; x_wconf 74' lang='lat' dir='ltr'><strong>quae</strong></span> <span class='ocrx_word' id='word_1_464' title='bbox 638 3159 741 3214; x_wconf 88' lang='lat' dir='ltr'><strong>luci</strong></span> <span class='ocrx_word' id='word_1_465' title='bbox 791 3166 848 3213; x_wconf 91' lang='lat' dir='ltr'><strong>et</strong></span> <span class='ocrx_word' id='word_1_466' title='bbox 886 3155 1061 3212; x_wconf 88' lang='lat' dir='ltr'><strong>ardori</strong></span> <span class='ocrx_word' id='word_1_467' title='bbox 1092 3154 1224 3209; x_wconf 86' lang='lat' dir='ltr'><strong>solis</strong></span> <span class='ocrx_word' id='word_1_468' title='bbox 1265 3154 1483 3208; x_wconf 78' lang='lat' dir='ltr'><strong>vicinior</strong></span> <span class='ocrx_word' id='word_1_469' title='bbox 1511 3161 1622 3218; x_wconf 88' lang='lat' dir='ltr'><strong>cst,</strong></span> <span class='ocrx_word' id='word_1_470' title='bbox 1654 3150 1797 3206; x_wconf 88' lang='lat' dir='ltr'><strong>illam</strong></span> <span class='ocrx_word' id='word_1_471' title='bbox 1832 3171 1876 3231; x_wconf 70' lang='grc' dir='ltr'>ο</span> <span class='ocrx_word' id='word_1_472' title='bbox 1905 3174 2023 3228; x_wconf 83' lang='lat' dir='ltr'><strong>ergo</strong></span> <span class='ocrx_word' id='word_1_473' title='bbox 2049 3157 2328 3210; x_wconf 77' lang='lat' dir='ltr'><strong>Abimelech</strong></span> <span class='ocrx_word' id='word_1_474' title='bbox 2374 3172 2471 3219; x_wconf 71' lang='lat' dir='ltr'><strong>rea;</strong></span> <span class='ocrx_word' id='word_1_475' title='bbox 2487 3154 2712 3219; x_wconf 75' lang='lat' dir='ltr'><strong>Geram,</strong></span> <span class='ocrx_word' id='word_1_476' title='bbox 2757 3165 2804 3208; x_wconf 87' lang='lat' dir='ltr'><strong>et</strong></span> <span class='ocrx_word' id='word_1_477' title='bbox 2846 3157 2960 3208; x_wconf 85' lang='lat' dir='ltr'><strong>tulit</strong></span> <span class='ocrx_word' id='word_1_478' title='bbox 2983 3175 3108 3211; x_wconf 85' lang='lat' dir='ltr'><strong>eam.</strong></span> <span class='ocrx_word' id='word_1_479' title='bbox 3149 3159 3322 3224; x_wconf 80' lang='lat' dir='ltr'><strong>Quare</strong></span> <span class='ocrx_word' id='word_1_480' title='bbox 3348 3159 3467 3214; x_wconf 86' lang='lat' dir='ltr'><strong>hoc-</strong></span> 
     </span>
    </p>
   </div>
   <div class='ocr_carea' id='block_1_61' title="bbox 248 3241 1800 3320">
    <p class='ocr_par' dir='ltr' id='par_1_61' title="bbox 248 3241 1800 3320">
     <span class='ocr_line' id='line_1_61' title="bbox 248 3241 1800 3320; baseline -0.006 -15"><span class='ocrx_word' id='word_1_481' title='bbox 248 3267 398 3320; x_wconf 73' lang='lat' dir='ltr'><strong>smpe</strong></span> <span class='ocrx_word' id='word_1_482' title='bbox 424 3252 583 3304; x_wconf 87' lang='lat' dir='ltr'><strong>vitam</strong></span> <span class='ocrx_word' id='word_1_483' title='bbox 613 3248 844 3303; x_wconf 88' lang='lat' dir='ltr'><strong>ﬁdelium</strong></span> <span class='ocrx_word' id='word_1_484' title='bbox 884 3245 1032 3315; x_wconf 78' lang='lat' dir='ltr'><strong>juxta</strong></span> <span class='ocrx_word' id='word_1_485' title='bbox 1079 3244 1308 3299; x_wconf 83' lang='lat' dir='ltr'><strong>murales</strong></span> <span class='ocrx_word' id='word_1_486' title='bbox 1355 3256 1543 3298; x_wconf 77' lang='lat' dir='ltr'><strong>sensus</strong></span> <span class='ocrx_word' id='word_1_487' title='bbox 1587 3241 1800 3303; x_wconf 86' lang='lat' dir='ltr'><strong>indicat.</strong></span> 
     </span>
    </p>
   </div>
   <div class='ocr_carea' id='block_1_62' title="bbox 247 3331 1806 3413">
    <p class='ocr_par' dir='ltr' id='par_1_62' title="bbox 247 3331 1806 3413">
     <span class='ocr_line' id='line_1_62' title="bbox 247 3331 1806 3413; baseline -0.006 -17"><span class='ocrx_word' id='word_1_488' title='bbox 247 3356 392 3413; x_wconf 63' lang='lat' dir='ltr'><strong>qua,</strong></span> <span class='ocrx_word' id='word_1_489' title='bbox 424 3340 664 3396; x_wconf 87' lang='lat' dir='ltr'><strong>discusso</strong></span> <span class='ocrx_word' id='word_1_490' title='bbox 689 3348 901 3406; x_wconf 84' lang='lat' dir='ltr'><strong>torpore</strong></span> <span class='ocrx_word' id='word_1_491' title='bbox 924 3333 1368 3401; x_wconf 64' lang='lat' dir='ltr'><strong>concupiscentia</strong></span> <span class='ocrx_word' id='word_1_492' title='bbox 1398 3331 1694 3395; x_wconf 87' lang='lat' dir='ltr'><strong>mundialis,</strong></span> <span class='ocrx_word' id='word_1_493' title='bbox 1726 3333 1806 3386; x_wconf 87' lang='lat' dir='ltr'><strong>in-</strong></span> 
     </span>
    </p>
   </div>
   <div class='ocr_carea' id='block_1_63' title="bbox 251 3422 1806 3498">
    <p class='ocr_par' dir='ltr' id='par_1_63' title="bbox 251 3422 1806 3498">
     <span class='ocr_line' id='line_1_63' title="bbox 251 3422 1806 3498; baseline -0.008 -12"><span class='ocrx_word' id='word_1_494' title='bbox 251 3440 402 3486; x_wconf 86' lang='lat' dir='ltr'><strong>terna</strong></span> <span class='ocrx_word' id='word_1_495' title='bbox 425 3428 542 3484; x_wconf 88' lang='lat' dir='ltr'><strong>luce</strong></span> <span class='ocrx_word' id='word_1_496' title='bbox 568 3438 808 3498; x_wconf 65' lang='lat' dir='ltr'><strong>superna</strong></span> <span class='ocrx_word' id='word_1_497' title='bbox 849 3422 1144 3479; x_wconf 82' lang='lat' dir='ltr'><strong>dilectionis</strong></span> <span class='ocrx_word' id='word_1_498' title='bbox 1174 3422 1339 3490; x_wconf 84' lang='lat' dir='ltr'><strong>magis</strong></span> <span class='ocrx_word' id='word_1_499' title='bbox 1383 3422 1654 3491; x_wconf 77' lang='lat' dir='ltr'><strong>magisque</strong></span> <span class='ocrx_word' id='word_1_500' title='bbox 1677 3435 1806 3491; x_wconf 85' lang='lat' dir='ltr'><strong>quo-</strong></span> 
     </span>
    </p>
   </div>
   <div class='ocr_carea' id='block_1_64' title="bbox 245 3511 1802 3581">
    <p class='ocr_par' dir='ltr' id='par_1_64' title="bbox 245 3511 1802 3581">
     <span class='ocr_line' id='line_1_64' title="bbox 245 3511 1802 3581; baseline -0.005 -7"><span class='ocrx_word' id='word_1_501' title='bbox 245 3520 386 3577; x_wconf 89' lang='lat' dir='ltr'><strong>tidie</strong></span> <span class='ocrx_word' id='word_1_502' title='bbox 412 3518 617 3574; x_wconf 86' lang='lat' dir='ltr'><strong>solebat</strong></span> <span class='ocrx_word' id='word_1_503' title='bbox 644 3515 902 3571; x_wconf 77' lang='lat' dir='ltr'><strong>innovari.</strong></span> <span class='ocrx_word' id='word_1_504' title='bbox 933 3514 999 3569; x_wconf 81' lang='lat' dir='ltr'><strong>Et</strong></span> <span class='ocrx_word' id='word_1_505' title='bbox 1023 3515 1304 3581; x_wconf 68' lang='lat' dir='ltr'><strong>Abraham,</strong></span> <span class='ocrx_word' id='word_1_506' title='bbox 1332 3512 1518 3567; x_wconf 86' lang='lat' dir='ltr'><strong>deletis</strong></span> <span class='ocrx_word' id='word_1_507' title='bbox 1538 3511 1802 3578; x_wconf 85' lang='lat' dir='ltr'><strong>Sodomis,</strong></span> 
     </span>
    </p>
   </div>
   <div class='ocr_carea' id='block_1_65' title="bbox 249 3603 1806 3678">
    <p class='ocr_par' dir='ltr' id='par_1_65' title="bbox 249 3603 1806 3678">
     <span class='ocr_line' id='line_1_65' title="bbox 249 3603 1806 3678; baseline -0.007 -14"><span class='ocrx_word' id='word_1_508' title='bbox 249 3617 452 3664; x_wconf 83' lang='lat' dir='ltr'><strong>terram</strong></span> <span class='ocrx_word' id='word_1_509' title='bbox 486 3607 621 3678; x_wconf 84' lang='lat' dir='ltr'><strong>petit</strong></span> <span class='ocrx_word' id='word_1_510' title='bbox 643 3604 942 3662; x_wconf 82' lang='lat' dir='ltr'><strong>Australetu</strong></span> <span class='ocrx_word' id='word_1_511' title='bbox 967 3643 984 3668; x_wconf 88' lang='lat'><strong>,</strong></span> <span class='ocrx_word' id='word_1_512' title='bbox 1023 3617 1145 3658; x_wconf 92' lang='lat' dir='ltr'><strong>cum</strong></span> <span class='ocrx_word' id='word_1_513' title='bbox 1182 3603 1381 3657; x_wconf 88' lang='lat' dir='ltr'><strong>electus</strong></span> <span class='ocrx_word' id='word_1_514' title='bbox 1423 3603 1645 3670; x_wconf 79' lang='lat' dir='ltr'><strong>quisque</strong></span> <span class='ocrx_word' id='word_1_515' title='bbox 1688 3617 1806 3667; x_wconf 80' lang='lat' dir='ltr'><strong>pra-</strong></span> 
     </span>
    </p>
   </div>
   <div class='ocr_carea' id='block_1_66' title="bbox 249 3688 1804 3754">
    <p class='ocr_par' dir='ltr' id='par_1_66' title="bbox 249 3688 1804 3754">
     <span class='ocr_line' id='line_1_66' title="bbox 249 3688 1804 3754; baseline -0.008 -1"><span class='ocrx_word' id='word_1_516' title='bbox 249 3712 441 3754; x_wconf 90' lang='lat' dir='ltr'><strong>vorum</strong></span> <span class='ocrx_word' id='word_1_517' title='bbox 486 3707 712 3750; x_wconf 84' lang='lat' dir='ltr'><strong>cernens</strong></span> <span class='ocrx_word' id='word_1_518' title='bbox 755 3692 1024 3748; x_wconf 80' lang='lat' dir='ltr'><strong>interitum</strong></span> <span class='ocrx_word' id='word_1_519' title='bbox 1053 3689 1080 3729; x_wconf 75' lang='grc' dir='ltr'><strong>ιι</strong></span> <span class='ocrx_word' id='word_1_520' title='bbox 1106 3689 1345 3744; x_wconf 85' lang='lat' dir='ltr'><strong>devotius</strong></span> <span class='ocrx_word' id='word_1_521' title='bbox 1389 3703 1512 3742; x_wconf 86' lang='lat' dir='ltr'><strong>sese</strong></span> <span class='ocrx_word' id='word_1_522' title='bbox 1552 3689 1604 3741; x_wconf 91' lang='lat' dir='ltr'><strong>in</strong></span> <span class='ocrx_word' id='word_1_523' title='bbox 1651 3688 1804 3741; x_wconf 85' lang='lat' dir='ltr'><strong>obse-</strong></span> 
     </span>
    </p>
   </div>
   <div class='ocr_carea' id='block_1_67' title="bbox 249 3777 1804 3860">
    <p class='ocr_par' dir='ltr' id='par_1_67' title="bbox 249 3777 1804 3860">
     <span class='ocr_line' id='line_1_67' title="bbox 249 3777 1804 3860; baseline -0.01 -15"><span class='ocrx_word' id='word_1_524' title='bbox 249 3790 436 3860; x_wconf 86' lang='lat' dir='ltr'><strong>quium</strong></span> <span class='ocrx_word' id='word_1_525' title='bbox 462 3782 767 3843; x_wconf 82' lang='lat' dir='ltr'><strong>Conditoris</strong></span> <span class='ocrx_word' id='word_1_526' title='bbox 793 3781 872 3837; x_wconf 84' lang='lat' dir='ltr'><strong>sui</strong></span> <span class='ocrx_word' id='word_1_527' title='bbox 898 3781 1157 3851; x_wconf 85' lang='lat' dir='ltr'><strong>accingit,</strong></span> <span class='ocrx_word' id='word_1_528' title='bbox 1207 3789 1262 3833; x_wconf 88' lang='lat' dir='ltr'><strong>ut</strong></span> <span class='ocrx_word' id='word_1_529' title='bbox 1291 3779 1373 3833; x_wconf 87' lang='lat' dir='ltr'><strong>cui</strong></span> <span class='ocrx_word' id='word_1_530' title='bbox 1400 3777 1618 3832; x_wconf 87' lang='lat' dir='ltr'><strong>interius</strong></span> <span class='ocrx_word' id='word_1_531' title='bbox 1642 3777 1804 3831; x_wconf 82' lang='lat' dir='ltr'><strong>dona-</strong></span> 
     </span>
    </p>
   </div>
   <div class='ocr_carea' id='block_1_68' title="bbox 252 3869 1804 3946">
    <p class='ocr_par' dir='ltr' id='par_1_68' title="bbox 252 3869 1804 3946">
     <span class='ocr_line' id='line_1_68' title="bbox 252 3869 1804 3946; baseline -0.008 -11"><span class='ocrx_word' id='word_1_532' title='bbox 252 3890 368 3935; x_wconf 90' lang='lat' dir='ltr'><strong>tum</strong></span> <span class='ocrx_word' id='word_1_533' title='bbox 397 3886 481 3934; x_wconf 88' lang='lat' dir='ltr'><strong>est</strong></span> <span class='ocrx_word' id='word_1_534' title='bbox 506 3874 785 3946; x_wconf 72' lang='lat' dir='ltr'><strong>perditioni</strong></span> <span class='ocrx_word' id='word_1_535' title='bbox 813 3871 1071 3927; x_wconf 87' lang='lat' dir='ltr'><strong>malorum</strong></span> <span class='ocrx_word' id='word_1_536' title='bbox 1096 3883 1373 3938; x_wconf 89' lang='lat' dir='ltr'><strong>superesse</strong></span> <span class='ocrx_word' id='word_1_537' title='bbox 1397 3912 1413 3936; x_wconf 87' lang='lat'><strong>,</strong></span> <span class='ocrx_word' id='word_1_538' title='bbox 1459 3877 1724 3923; x_wconf 86' lang='lat' dir='ltr'><strong>mereatur</strong></span> <span class='ocrx_word' id='word_1_539' title='bbox 1753 3869 1804 3922; x_wconf 91' lang='lat' dir='ltr'><strong>in</strong></span> 
     </span>
    </p>
   </div>
   <div class='ocr_carea' id='block_1_69' title="bbox 251 3956 1804 4035">
    <p class='ocr_par' dir='ltr' id='par_1_69' title="bbox 251 3956 1804 4035">
     <span class='ocr_line' id='line_1_69' title="bbox 251 3956 1804 4035; baseline -0.008 -13"><span class='ocrx_word' id='word_1_540' title='bbox 251 3976 514 4022; x_wconf 68' lang='lat' dir='ltr'><strong>internum</strong></span> <span class='ocrx_word' id='word_1_541' title='bbox 541 3961 742 4035; x_wconf 85' lang='lat' dir='ltr'><strong>gaudiis</strong></span> <span class='ocrx_word' id='word_1_542' title='bbox 765 3961 1022 4017; x_wconf 84' lang='lat' dir='ltr'><strong>interesse</strong></span> <span class='ocrx_word' id='word_1_543' title='bbox 1045 3959 1322 4015; x_wconf 85' lang='lat' dir='ltr'><strong>bonorum.</strong></span> <span class='ocrx_word' id='word_1_544' title='bbox 1349 3956 1637 4012; x_wconf 83' lang='lat' dir='ltr'><strong>Pestilente</strong></span> <span class='ocrx_word' id='word_1_545' title='bbox 1664 3959 1804 4012; x_wconf 89' lang='lat' dir='ltr'><strong>enim</strong></span> 
     </span>
    </p>
   </div>
   <div class='ocr_carea' id='block_1_70' title="bbox 249 4048 1806 4126">
    <p class='ocr_par' dir='ltr' id='par_1_70' title="bbox 249 4048 1806 4126">
     <span class='ocr_line' id='line_1_70' title="bbox 249 4048 1806 4126; baseline -0.007 -17"><span class='ocrx_word' id='word_1_546' title='bbox 249 4054 560 4126; x_wconf 77' lang='lat' dir='ltr'><strong>ﬂagellato,</strong></span> <span class='ocrx_word' id='word_1_547' title='bbox 588 4051 809 4107; x_wconf 90' lang='lat' dir='ltr'><strong>astutior</strong></span> <span class='ocrx_word' id='word_1_548' title='bbox 834 4051 935 4106; x_wconf 89' lang='lat' dir='ltr'><strong>erit</strong></span> <span class='ocrx_word' id='word_1_549' title='bbox 964 4049 1233 4120; x_wconf 81' lang='lat' dir='ltr'><strong>parvulus.</strong></span> <span class='ocrx_word' id='word_1_550' title='bbox 1265 4048 1361 4103; x_wconf 90' lang='lat' dir='ltr'><strong>Ubi</strong></span> <span class='ocrx_word' id='word_1_551' title='bbox 1383 4048 1652 4116; x_wconf 88' lang='lat' dir='ltr'><strong>sequentia</strong></span> <span class='ocrx_word' id='word_1_552' title='bbox 1676 4061 1806 4115; x_wconf 85' lang='lat' dir='ltr'><strong>quo-</strong></span> 
     </span>
    </p>
   </div>
   <div class='ocr_carea' id='block_1_71' title="bbox 253 4135 1808 4215">
    <p class='ocr_par' dir='ltr' id='par_1_71' title="bbox 253 4135 1808 4215">
     <span class='ocr_line' id='line_1_71' title="bbox 253 4135 1808 4215; baseline -0.008 -15"><span class='ocrx_word' id='word_1_553' title='bbox 253 4159 363 4215; x_wconf 85' lang='lat' dir='ltr'><strong>que</strong></span> <span class='ocrx_word' id='word_1_554' title='bbox 386 4142 545 4197; x_wconf 90' lang='lat' dir='ltr'><strong>verba</strong></span> <span class='ocrx_word' id='word_1_555' title='bbox 587 4142 779 4210; x_wconf 90' lang='lat' dir='ltr'><strong>quibus</strong></span> <span class='ocrx_word' id='word_1_556' title='bbox 797 4141 988 4196; x_wconf 87' lang='lat' dir='ltr'><strong>dicitur</strong></span> <span class='ocrx_word' id='word_1_557' title='bbox 1014 4139 1153 4210; x_wconf 89' lang='lat' dir='ltr'><strong>quod</strong></span> <span class='ocrx_word' id='word_1_558' title='bbox 1185 4138 1446 4194; x_wconf 80' lang='lat' dir='ltr'><strong>Abraham</strong></span> <span class='ocrx_word' id='word_1_559' title='bbox 1495 4135 1808 4190; x_wconf 84' lang='lat' dir='ltr'><strong>habitaverit</strong></span> 
     </span>
    </p>
   </div>
   <div class='ocr_carea' id='block_1_72' title="bbox 253 4223 1803 4298">
    <p class='ocr_par' dir='ltr' id='par_1_72' title="bbox 253 4223 1803 4298">
     <span class='ocr_line' id='line_1_72' title="bbox 253 4223 1803 4298; baseline -0.007 -11"><span class='ocrx_word' id='word_1_560' title='bbox 253 4233 398 4289; x_wconf 86' lang='lat' dir='ltr'><strong>inter</strong></span> <span class='ocrx_word' id='word_1_561' title='bbox 419 4228 588 4286; x_wconf 79' lang='lat' dir='ltr'><strong>Gades</strong></span> <span class='ocrx_word' id='word_1_562' title='bbox 634 4237 688 4285; x_wconf 89' lang='lat' dir='ltr'><strong>et</strong></span> <span class='ocrx_word' id='word_1_563' title='bbox 715 4229 852 4295; x_wconf 77' lang='lat' dir='ltr'><strong>Sor,</strong></span> <span class='ocrx_word' id='word_1_564' title='bbox 893 4237 952 4284; x_wconf 89' lang='lat' dir='ltr'><strong>et</strong></span> <span class='ocrx_word' id='word_1_565' title='bbox 991 4227 1353 4298; x_wconf 85' lang='lat' dir='ltr'><strong>peregrinatus</strong></span> <span class='ocrx_word' id='word_1_566' title='bbox 1382 4224 1452 4279; x_wconf 89' lang='lat' dir='ltr'><strong>sit</strong></span> <span class='ocrx_word' id='word_1_567' title='bbox 1480 4226 1532 4279; x_wconf 92' lang='lat' dir='ltr'><strong>in</strong></span> <span class='ocrx_word' id='word_1_568' title='bbox 1566 4223 1803 4291; x_wconf 81' lang='lat' dir='ltr'><strong>Geraris,</strong></span> 
     </span>
    </p>
   </div>
   <div class='ocr_carea' id='block_1_73' title="bbox 253 4311 1802 4387">
    <p class='ocr_par' dir='ltr' id='par_1_73' title="bbox 253 4311 1802 4387">
     <span class='ocr_line' id='line_1_73' title="bbox 253 4311 1802 4387; baseline -0.006 -13"><span class='ocrx_word' id='word_1_569' title='bbox 253 4315 618 4387; x_wconf 82' lang='lat' dir='ltr'><strong>spiritualihus</strong></span> <span class='ocrx_word' id='word_1_570' title='bbox 644 4317 931 4372; x_wconf 85' lang='lat' dir='ltr'><strong>electorum</strong></span> <span class='ocrx_word' id='word_1_571' title='bbox 960 4313 1281 4384; x_wconf 77' lang='lat' dir='ltr'><strong>profectibus</strong></span> <span class='ocrx_word' id='word_1_572' title='bbox 1311 4319 1434 4381; x_wconf 87' lang='lat' dir='ltr'><strong>apte</strong></span> <span class='ocrx_word' id='word_1_573' title='bbox 1461 4311 1802 4366; x_wconf 87' lang='lat' dir='ltr'><strong>conveniunt.</strong></span> 
     </span>
    </p>
   </div>
   <div class='ocr_carea' id='block_1_74' title="bbox 251 4398 1803 4472">
    <p class='ocr_par' dir='ltr' id='par_1_74' title="bbox 251 4398 1803 4472">
     <span class='ocr_line' id='line_1_74' title="bbox 251 4398 1803 4472; baseline -0.006 -9"><span class='ocrx_word' id='word_1_574' title='bbox 251 4405 428 4462; x_wconf 74' lang='lat' dir='ltr'><strong>Cedas</strong></span> <span class='ocrx_word' id='word_1_575' title='bbox 453 4418 679 4472; x_wconf 83' lang='lat' dir='ltr'><strong>namque</strong></span> <span class='ocrx_word' id='word_1_576' title='bbox 699 4403 913 4464; x_wconf 82' lang='lat' dir='ltr'><strong>Sancta.</strong></span> <span class='ocrx_word' id='word_1_577' title='bbox 945 4403 1056 4456; x_wconf 85' lang='lat' dir='ltr'><strong>sive</strong></span> <span class='ocrx_word' id='word_1_578' title='bbox 1083 4400 1412 4456; x_wconf 84' lang='lat' dir='ltr'><strong>Commutata</strong></span> <span class='ocrx_word' id='word_1_579' title='bbox 1435 4440 1451 4464; x_wconf 86' lang='lat'><strong>,</strong></span> <span class='ocrx_word' id='word_1_580' title='bbox 1483 4400 1584 4456; x_wconf 90' lang='lat' dir='ltr'><strong>Sur</strong></span> <span class='ocrx_word' id='word_1_581' title='bbox 1611 4398 1803 4463; x_wconf 82' lang='lat' dir='ltr'><strong>Fortis,</strong></span> 
     </span>
    </p>
   </div>
   <div class='ocr_carea' id='block_1_75' title="bbox 1906 3246 3450 3313">
    <p class='ocr_par' dir='ltr' id='par_1_75' title="bbox 1906 3246 3450 3313">
     <span class='ocr_line' id='line_1_75' title="bbox 1906 3246 3450 3313; baseline 0.001 -10"><span class='ocrx_word' id='word_1_582' title='bbox 1906 3248 2103 3303; x_wconf 81' lang='lat' dir='ltr'><strong>dixerit</strong></span> <span class='ocrx_word' id='word_1_583' title='bbox 2132 3246 2395 3301; x_wconf 85' lang='lat' dir='ltr'><strong>Abraham</strong></span> <span class='ocrx_word' id='word_1_584' title='bbox 2441 3246 2506 3300; x_wconf 88' lang='lat' dir='ltr'><strong>de</strong></span> <span class='ocrx_word' id='word_1_585' title='bbox 2549 3249 2710 3313; x_wconf 74' lang='lat' dir='ltr'><strong>Sara,</strong></span> <span class='ocrx_word' id='word_1_586' title='bbox 2759 3258 2812 3302; x_wconf 89' lang='lat' dir='ltr'><strong>et</strong></span> <span class='ocrx_word' id='word_1_587' title='bbox 2858 3250 2997 3303; x_wconf 84' lang='lat' dir='ltr'><strong>unde</strong></span> <span class='ocrx_word' id='word_1_588' title='bbox 3039 3250 3450 3305; x_wconf 40' lang='lat' dir='ltr'><strong>credendum&#39;sit</strong></span> 
     </span>
    </p>
   </div>
   <div class='ocr_carea' id='block_1_76' title="bbox 1906 3337 3443 3407">
    <p class='ocr_par' dir='ltr' id='par_1_76' title="bbox 1906 3337 3443 3407">
     <span class='ocr_line' id='line_1_76' title="bbox 1906 3337 3443 3407; baseline -0.001 -14"><span class='ocrx_word' id='word_1_589' title='bbox 1906 3355 2054 3406; x_wconf 88' lang='lat' dir='ltr'><strong>eam,</strong></span> <span class='ocrx_word' id='word_1_590' title='bbox 2105 3337 2309 3392; x_wconf 85' lang='lat' dir='ltr'><strong>tametsi</strong></span> <span class='ocrx_word' id='word_1_591' title='bbox 2339 3337 2565 3392; x_wconf 87' lang='lat' dir='ltr'><strong>ablatam</strong></span> <span class='ocrx_word' id='word_1_592' title='bbox 2597 3339 2647 3391; x_wconf 91' lang='lat' dir='ltr'><strong>in</strong></span> <span class='ocrx_word' id='word_1_593' title='bbox 2675 3338 2889 3391; x_wconf 88' lang='lat' dir='ltr'><strong>domum</strong></span> <span class='ocrx_word' id='word_1_594' title='bbox 2919 3340 3075 3406; x_wconf 83' lang='lat' dir='ltr'><strong>regis,</strong></span> <span class='ocrx_word' id='word_1_595' title='bbox 3119 3349 3443 3407; x_wconf 84' lang='lat' dir='ltr'><strong>nequaquam</strong></span> 
     </span>
    </p>
   </div>
   <div class='ocr_carea' id='block_1_77' title="bbox 1905 3425 3441 3497">
    <p class='ocr_par' dir='ltr' id='par_1_77' title="bbox 1905 3425 3441 3497">
     <span class='ocr_line' id='line_1_77' title="bbox 1905 3425 3441 3497; baseline -0.003 -15"><span class='ocrx_word' id='word_1_596' title='bbox 1905 3428 2043 3497; x_wconf 87' lang='lat' dir='ltr'><strong>regis</strong></span> <span class='ocrx_word' id='word_1_597' title='bbox 2065 3427 2343 3481; x_wconf 87' lang='lat' dir='ltr'><strong>concubitu</strong></span> <span class='ocrx_word' id='word_1_598' title='bbox 2377 3425 2537 3479; x_wconf 79' lang='lat' dir='ltr'><strong>fuisse</strong></span> <span class='ocrx_word' id='word_1_599' title='bbox 2558 3435 2849 3478; x_wconf 85' lang='lat' dir='ltr'><strong>contactatu</strong></span> <span class='ocrx_word' id='word_1_600' title='bbox 2869 3467 2881 3490; x_wconf 92' lang='lat'><strong>,</strong></span> <span class='ocrx_word' id='word_1_601' title='bbox 2909 3438 3061 3494; x_wconf 84' lang='lat' dir='ltr'><strong>supra</strong></span> <span class='ocrx_word' id='word_1_602' title='bbox 3098 3426 3204 3493; x_wconf 83' lang='lat' dir='ltr'><strong>jam</strong></span> <span class='ocrx_word' id='word_1_603' title='bbox 3249 3426 3441 3479; x_wconf 90' lang='lat' dir='ltr'><strong>dictum</strong></span> 
     </span>
    </p>
   </div>
   <div class='ocr_carea' id='block_1_78' title="bbox 1904 3512 3449 3578">
    <p class='ocr_par' dir='ltr' id='par_1_78' title="bbox 1904 3512 3449 3578">
     <span class='ocr_line' id='line_1_78' title="bbox 1904 3512 3449 3578; baseline 0 -9"><span class='ocrx_word' id='word_1_604' title='bbox 1904 3526 2004 3578; x_wconf 88' lang='lat' dir='ltr'><strong>est,</strong></span> <span class='ocrx_word' id='word_1_605' title='bbox 2033 3515 2119 3568; x_wconf 82' lang='lat' dir='ltr'><strong>ubi</strong></span> <span class='ocrx_word' id='word_1_606' title='bbox 2148 3515 2302 3568; x_wconf 87' lang='lat' dir='ltr'><strong>simili</strong></span> <span class='ocrx_word' id='word_1_607' title='bbox 2331 3513 2487 3566; x_wconf 87' lang='lat' dir='ltr'><strong>modo</strong></span> <span class='ocrx_word' id='word_1_608' title='bbox 2509 3528 2538 3564; x_wconf 87' lang='lat' dir='ltr'><strong>a</strong></span> <span class='ocrx_word' id='word_1_609' title='bbox 2564 3512 2835 3568; x_wconf 84' lang='lat' dir='ltr'><strong>Pharaone</strong></span> <span class='ocrx_word' id='word_1_610' title='bbox 2859 3514 3083 3578; x_wconf 85' lang='lat' dir='ltr'><strong>sublata,</strong></span> <span class='ocrx_word' id='word_1_611' title='bbox 3114 3514 3204 3568; x_wconf 89' lang='lat' dir='ltr'><strong>sed</strong></span> <span class='ocrx_word' id='word_1_612' title='bbox 3230 3515 3449 3570; x_wconf 90' lang='lat' dir='ltr'><strong>Domino</strong></span> 
     </span>
    </p>
   </div>
   <div class='ocr_carea' id='block_1_79' title="bbox 1902 3599 3444 3674">
    <p class='ocr_par' dir='ltr' id='par_1_79' title="bbox 1902 3599 3444 3674">
     <span class='ocr_line' id='line_1_79' title="bbox 1902 3599 3444 3674; baseline 0.002 -18"><span class='ocrx_word' id='word_1_613' title='bbox 1902 3604 2193 3666; x_wconf 83' lang='lat' dir='ltr'><strong>imperante</strong></span> <span class='ocrx_word' id='word_1_614' title='bbox 2216 3614 2312 3653; x_wconf 89' lang='lat' dir='ltr'><strong>suo</strong></span> <span class='ocrx_word' id='word_1_615' title='bbox 2333 3599 2539 3668; x_wconf 89' lang='lat' dir='ltr'><strong>conjugi</strong></span> <span class='ocrx_word' id='word_1_616' title='bbox 2565 3599 2768 3655; x_wconf 84' lang='lat' dir='ltr'><strong>reddita</strong></span> <span class='ocrx_word' id='word_1_617' title='bbox 2787 3603 3024 3658; x_wconf 85' lang='lat' dir='ltr'><strong>est.Cum</strong></span> <span class='ocrx_word' id='word_1_618' title='bbox 3047 3617 3172 3658; x_wconf 86' lang='lat' dir='ltr'><strong>vero</strong></span> <span class='ocrx_word' id='word_1_619' title='bbox 3191 3605 3444 3674; x_wconf 87' lang='lat' dir='ltr'><strong>sequitur.</strong></span> 
     </span>
    </p>
   </div>
   <div class='ocr_carea' id='block_1_80' title="bbox 1986 3686 3446 3759">
    <p class='ocr_par' dir='ltr' id='par_1_80' title="bbox 1986 3686 3446 3759">
     <span class='ocr_line' id='line_1_80' title="bbox 1986 3686 3446 3759; baseline 0.003 -19"><span class='ocrx_word' id='word_1_620' title='bbox 1986 3688 2124 3742; x_wconf 81' lang='lat' dir='ltr'><strong>Venit</strong></span> <span class='ocrx_word' id='word_1_621' title='bbox 2146 3697 2310 3741; x_wconf 88' lang='lat' dir='ltr'><strong>autem</strong></span> <span class='ocrx_word' id='word_1_622' title='bbox 2339 3686 2472 3741; x_wconf 86' lang='lat' dir='ltr'><strong>Deus</strong></span> <span class='ocrx_word' id='word_1_623' title='bbox 2492 3690 2556 3741; x_wconf 85' lang='lat' dir='ltr'><strong>ad</strong></span> <span class='ocrx_word' id='word_1_624' title='bbox 2587 3689 2869 3744; x_wconf 79' lang='lat' dir='ltr'><strong>Abimeleclt</strong></span> <span class='ocrx_word' id='word_1_625' title='bbox 2894 3707 2979 3759; x_wconf 84' lang='lat' dir='ltr'><strong>per</strong></span> <span class='ocrx_word' id='word_1_626' title='bbox 2998 3692 3242 3744; x_wconf 88' lang='lat' dir='ltr'><strong>somnium</strong></span> <span class='ocrx_word' id='word_1_627' title='bbox 3267 3695 3446 3756; x_wconf 85' lang='lat' dir='ltr'><strong>noctis,</strong></span> 
     </span>
    </p>
   </div>
   <div class='ocr_carea' id='block_1_81' title="bbox 1903 3777 3447 3848">
    <p class='ocr_par' dir='ltr' id='par_1_81' title="bbox 1903 3777 3447 3848">
     <span class='ocr_line' id='line_1_81' title="bbox 1903 3777 3447 3848; baseline 0.001 -16"><span class='ocrx_word' id='word_1_628' title='bbox 1903 3788 1950 3833; x_wconf 90' lang='lat' dir='ltr'><strong>et</strong></span> <span class='ocrx_word' id='word_1_629' title='bbox 1978 3781 2046 3834; x_wconf 86' lang='lat' dir='ltr'><strong>ait</strong></span> <span class='ocrx_word' id='word_1_630' title='bbox 2071 3779 2150 3833; x_wconf 82' lang='lat' dir='ltr'><strong>illi</strong></span> <span class='ocrx_word' id='word_1_631' title='bbox 2177 3795 2195 3833; x_wconf 89' lang='lat'><strong><em>:</em></strong></span> <span class='ocrx_word' id='word_1_632' title='bbox 2220 3777 2299 3832; x_wconf 85' lang='lat' dir='ltr'><strong>En</strong></span> <span class='ocrx_word' id='word_1_633' title='bbox 2330 3781 2554 3832; x_wconf 87' lang='lat' dir='ltr'><strong>morieris</strong></span> <span class='ocrx_word' id='word_1_634' title='bbox 2579 3790 2779 3848; x_wconf 81' lang='lat' dir='ltr'><strong>propter</strong></span> <span class='ocrx_word' id='word_1_635' title='bbox 2807 3782 3060 3833; x_wconf 76' lang='lat' dir='ltr'><strong>mulierem</strong></span> <span class='ocrx_word' id='word_1_636' title='bbox 3093 3797 3242 3847; x_wconf 87' lang='lat' dir='ltr'><strong>quam</strong></span> <span class='ocrx_word' id='word_1_637' title='bbox 3269 3783 3447 3847; x_wconf 82' lang='lat' dir='ltr'><strong>tulisti,</strong></span> 
     </span>
    </p>
   </div>
   <div class='ocr_carea' id='block_1_82' title="bbox 1904 3865 3446 3938">
    <p class='ocr_par' dir='ltr' id='par_1_82' title="bbox 1904 3865 3446 3938">
     <span class='ocr_line' id='line_1_82' title="bbox 1904 3865 3446 3938; baseline 0.004 -21"><span class='ocrx_word' id='word_1_638' title='bbox 1904 3865 2048 3920; x_wconf 80' lang='lat' dir='ltr'><strong>habet</strong></span> <span class='ocrx_word' id='word_1_639' title='bbox 2073 3867 2201 3919; x_wconf 89' lang='lat' dir='ltr'><strong>enim</strong></span> <span class='ocrx_word' id='word_1_640' title='bbox 2228 3867 2426 3929; x_wconf 79' lang='lat' dir='ltr'><strong>uirum;</strong></span> <span class='ocrx_word' id='word_1_641' title='bbox 2474 3867 2751 3919; x_wconf 78' lang='lat' dir='ltr'><strong>Abimelech</strong></span> <span class='ocrx_word' id='word_1_642' title='bbox 2786 3882 2897 3921; x_wconf 79' lang='lat' dir='ltr'><strong>vero</strong></span> <span class='ocrx_word' id='word_1_643' title='bbox 2927 3883 3025 3921; x_wconf 88' lang='lat' dir='ltr'><strong>non</strong></span> <span class='ocrx_word' id='word_1_644' title='bbox 3054 3869 3278 3938; x_wconf 83' lang='lat' dir='ltr'><strong>tetigerat</strong></span> <span class='ocrx_word' id='word_1_645' title='bbox 3302 3885 3411 3923; x_wconf 87' lang='lat' dir='ltr'><strong>eam</strong></span> <span class='ocrx_word' id='word_1_646' title='bbox 3430 3910 3446 3935; x_wconf 89' lang='lat'><strong>,</strong></span> 
     </span>
    </p>
   </div>
   <div class='ocr_carea' id='block_1_83' title="bbox 1907 3955 3448 4027">
    <p class='ocr_par' dir='ltr' id='par_1_83' title="bbox 1907 3955 3448 4027">
     <span class='ocr_line' id='line_1_83' title="bbox 1907 3955 3448 4027; baseline 0.001 -19"><span class='ocrx_word' id='word_1_647' title='bbox 1907 3964 1951 4009; x_wconf 87' lang='lat' dir='ltr'><strong>et</strong></span> <span class='ocrx_word' id='word_1_648' title='bbox 1971 3957 2040 4008; x_wconf 88' lang='lat' dir='ltr'><strong>ait</strong></span> <span class='ocrx_word' id='word_1_649' title='bbox 2064 3971 2080 4007; x_wconf 89' lang='lat'><em>:</em></span> <span class='ocrx_word' id='word_1_650' title='bbox 2110 3955 2319 4008; x_wconf 86' lang='lat' dir='ltr'><strong>Domine</strong></span> <span class='ocrx_word' id='word_1_651' title='bbox 2341 3972 2457 4008; x_wconf 83' lang='lat' dir='ltr'><strong>num</strong></span> <span class='ocrx_word' id='word_1_652' title='bbox 2480 3965 2671 4024; x_wconf 74' lang='lat' dir='ltr'><strong>gentem</strong></span> <span class='ocrx_word' id='word_1_653' title='bbox 2695 3957 3001 4025; x_wconf 84' lang='lat' dir='ltr'><strong>ignorantem</strong></span> <span class='ocrx_word' id='word_1_654' title='bbox 3023 3966 3066 4011; x_wconf 87' lang='lat' dir='ltr'><strong>et</strong></span> <span class='ocrx_word' id='word_1_655' title='bbox 3080 3960 3273 4027; x_wconf 78' lang='lat' dir='ltr'><strong>justam</strong></span> <span class='ocrx_word' id='word_1_656' title='bbox 3298 3959 3448 4012; x_wconf 89' lang='lat' dir='ltr'><strong>inter-</strong></span> 
     </span>
    </p>
   </div>
   <div class='ocr_carea' id='block_1_84' title="bbox 1906 4044 3449 4111">
    <p class='ocr_par' dir='ltr' id='par_1_84' title="bbox 1906 4044 3449 4111">
     <span class='ocr_line' id='line_1_84' title="bbox 1906 4044 3449 4111; baseline 0.005 -15"><span class='ocrx_word' id='word_1_657' title='bbox 1906 4045 2042 4111; x_wconf 78' lang='lat' dir='ltr'><strong>ﬁcies</strong></span> <span class='ocrx_word' id='word_1_658' title='bbox 2066 4045 2091 4097; x_wconf 68' lang='grc' dir='ltr'><strong><em>Ρ</em></strong></span> <span class='ocrx_word' id='word_1_659' title='bbox 2116 4044 2180 4098; x_wconf 83' lang='lat' dir='ltr'><strong>Et</strong></span> <span class='ocrx_word' id='word_1_660' title='bbox 2199 4055 2389 4098; x_wconf 62' lang='lat' dir='ltr'><strong>cetera</strong></span> <span class='ocrx_word' id='word_1_661' title='bbox 2421 4044 2577 4110; x_wconf 81' lang='lat' dir='ltr'><strong>hujus</strong></span> <span class='ocrx_word' id='word_1_662' title='bbox 2598 4046 2856 4101; x_wconf 84' lang='lat' dir='ltr'><strong>lectionis.</strong></span> <span class='ocrx_word' id='word_1_663' title='bbox 2896 4047 3115 4101; x_wconf 73' lang='lat' dir='ltr'><strong>Videtur</strong></span> <span class='ocrx_word' id='word_1_664' title='bbox 3146 4049 3449 4103; x_wconf 86' lang='lat' dir='ltr'><strong>Abimelech</strong></span> 
     </span>
    </p>
   </div>
   <div class='ocr_carea' id='block_1_85' title="bbox 1907 4135 3451 4202">
    <p class='ocr_par' dir='ltr' id='par_1_85' title="bbox 1907 4135 3451 4202">
     <span class='ocr_line' id='line_1_85' title="bbox 1907 4135 3451 4202; baseline 0.003 -16"><span class='ocrx_word' id='word_1_665' title='bbox 1907 4135 2101 4186; x_wconf 87' lang='lat' dir='ltr'><strong>cultum</strong></span> <span class='ocrx_word' id='word_1_666' title='bbox 2133 4148 2272 4188; x_wconf 71' lang='lat' dir='ltr'><strong>veras</strong></span> <span class='ocrx_word' id='word_1_667' title='bbox 2312 4135 2578 4202; x_wconf 75' lang='lat' dir='ltr'><strong>religionis</strong></span> <span class='ocrx_word' id='word_1_668' title='bbox 2619 4148 2672 4189; x_wconf 89' lang='lat' dir='ltr'><strong>et</strong></span> <span class='ocrx_word' id='word_1_669' title='bbox 2705 4151 2861 4189; x_wconf 84' lang='lat' dir='ltr'><strong>nosse</strong></span> <span class='ocrx_word' id='word_1_670' title='bbox 2909 4148 2961 4190; x_wconf 90' lang='lat' dir='ltr'><strong>ct</strong></span> <span class='ocrx_word' id='word_1_671' title='bbox 3000 4151 3118 4189; x_wconf 85' lang='lat' dir='ltr'><strong>cum</strong></span> <span class='ocrx_word' id='word_1_672' title='bbox 3148 4139 3258 4189; x_wconf 88' lang='lat' dir='ltr'><strong>suis</strong></span> <span class='ocrx_word' id='word_1_673' title='bbox 3283 4141 3451 4190; x_wconf 82' lang='lat' dir='ltr'><strong>omni-</strong></span> 
     </span>
    </p>
   </div>
   <div class='ocr_carea' id='block_1_86' title="bbox 1906 4222 3444 4292">
    <p class='ocr_par' dir='ltr' id='par_1_86' title="bbox 1906 4222 3444 4292">
     <span class='ocr_line' id='line_1_86' title="bbox 1906 4222 3444 4292; baseline 0.003 -16"><span class='ocrx_word' id='word_1_674' title='bbox 1906 4222 2003 4276; x_wconf 87' lang='lat' dir='ltr'><strong>hos</strong></span> <span class='ocrx_word' id='word_1_675' title='bbox 2033 4223 2245 4276; x_wconf 88' lang='lat' dir='ltr'><strong>sedulus</strong></span> <span class='ocrx_word' id='word_1_676' title='bbox 2266 4226 2566 4278; x_wconf 78' lang='lat' dir='ltr'><strong>exercuisse</strong></span> <span class='ocrx_word' id='word_1_677' title='bbox 2592 4241 2605 4288; x_wconf 93' lang='lat'><strong>;</strong></span> <span class='ocrx_word' id='word_1_678' title='bbox 2653 4225 2917 4292; x_wconf 84' lang='lat' dir='ltr'><strong>quomodo</strong></span> <span class='ocrx_word' id='word_1_679' title='bbox 2944 4226 3084 4279; x_wconf 89' lang='lat' dir='ltr'><strong>enim</strong></span> <span class='ocrx_word' id='word_1_680' title='bbox 3117 4226 3274 4279; x_wconf 89' lang='lat' dir='ltr'><strong>homo</strong></span> <span class='ocrx_word' id='word_1_681' title='bbox 3315 4227 3444 4280; x_wconf 88' lang='lat' dir='ltr'><strong>alie-</strong></span> 
     </span>
    </p>
   </div>
   <div class='ocr_carea' id='block_1_87' title="bbox 1907 4313 3449 4383">
    <p class='ocr_par' dir='ltr' id='par_1_87' title="bbox 1907 4313 3449 4383">
     <span class='ocr_line' id='line_1_87' title="bbox 1907 4313 3449 4383; baseline 0.003 -18"><span class='ocrx_word' id='word_1_682' title='bbox 1907 4327 2005 4366; x_wconf 89' lang='lat' dir='ltr'><strong>nus</strong></span> <span class='ocrx_word' id='word_1_683' title='bbox 2033 4325 2063 4364; x_wconf 87' lang='lat' dir='ltr'><strong>a</strong></span> <span class='ocrx_word' id='word_1_684' title='bbox 2092 4313 2388 4380; x_wconf 86' lang='lat' dir='ltr'><strong>cognitione</strong></span> <span class='ocrx_word' id='word_1_685' title='bbox 2412 4323 2466 4366; x_wconf 90' lang='lat' dir='ltr'><strong>et</strong></span> <span class='ocrx_word' id='word_1_686' title='bbox 2494 4314 2682 4366; x_wconf 90' lang='lat' dir='ltr'><strong>timore</strong></span> <span class='ocrx_word' id='word_1_687' title='bbox 2714 4313 2836 4374; x_wconf 84' lang='lat' dir='ltr'><strong>Dei,</strong></span> <span class='ocrx_word' id='word_1_688' title='bbox 2890 4315 2974 4368; x_wconf 90' lang='lat' dir='ltr'><strong>vel</strong></span> <span class='ocrx_word' id='word_1_689' title='bbox 3013 4314 3118 4368; x_wconf 88' lang='lat' dir='ltr'><strong>Deo</strong></span> <span class='ocrx_word' id='word_1_690' title='bbox 3146 4316 3449 4383; x_wconf 88' lang='lat' dir='ltr'><strong>alloquente</strong></span> 
     </span>
    </p>
   </div>
   <div class='ocr_carea' id='block_1_88' title="bbox 1905 4399 3450 4476">
    <p class='ocr_par' dir='ltr' id='par_1_88' title="bbox 1905 4399 3450 4476">
     <span class='ocr_line' id='line_1_88' title="bbox 1905 4399 3450 4476; baseline 0.001 -21"><span class='ocrx_word' id='word_1_691' title='bbox 1905 4412 2200 4476; x_wconf 84' lang='lat' dir='ltr'><strong>mereretur</strong></span> <span class='ocrx_word' id='word_1_692' title='bbox 2227 4399 2420 4465; x_wconf 75' lang='lat' dir='ltr'><strong>corripi</strong></span> <span class='ocrx_word' id='word_1_693' title='bbox 2449 4417 2567 4456; x_wconf 89' lang='lat' dir='ltr'><strong>cum</strong></span> <span class='ocrx_word' id='word_1_694' title='bbox 2613 4413 2900 4469; x_wconf 76' lang='lat' dir='ltr'><strong>peccasset,</strong></span> <span class='ocrx_word' id='word_1_695' title='bbox 2927 4404 3006 4456; x_wconf 81' lang='lat' dir='ltr'><strong>vel</strong></span> <span class='ocrx_word' id='word_1_696' title='bbox 3035 4403 3189 4460; x_wconf 87' lang='lat' dir='ltr'><strong>verba</strong></span> <span class='ocrx_word' id='word_1_697' title='bbox 3221 4403 3313 4458; x_wconf 88' lang='lat' dir='ltr'><strong>Dei</strong></span> <span class='ocrx_word' id='word_1_698' title='bbox 3332 4419 3450 4458; x_wconf 87' lang='lat' dir='ltr'><strong>cor-</strong></span> 
     </span>
    </p>
   </div>
   <div class='ocr_carea' id='block_1_89' title="bbox 253 4489 3448 4564">
    <p class='ocr_par' dir='ltr' id='par_1_89' title="bbox 253 4489 3448 4564">
     <span class='ocr_line' id='line_1_89' title="bbox 253 4489 3448 4564; baseline -0.001 -12"><span class='ocrx_word' id='word_1_699' title='bbox 253 4496 456 4552; x_wconf 83' lang='lat' dir='ltr'><strong>Gerara</strong></span> <span class='ocrx_word' id='word_1_700' title='bbox 500 4497 870 4564; x_wconf 87' lang='lat' dir='ltr'><strong>interpretatur</strong></span> <span class='ocrx_word' id='word_1_701' title='bbox 896 4491 1174 4546; x_wconf 85' lang='lat' dir='ltr'><strong>lncolatus.</strong></span> <span class='ocrx_word' id='word_1_702' title='bbox 1204 4489 1467 4562; x_wconf 79' lang='lat' dir='ltr'><strong>Profectus</strong></span> <span class='ocrx_word' id='word_1_703' title='bbox 1495 4507 1611 4560; x_wconf 84' lang='lat' dir='ltr'><strong>ergo</strong></span> <span class='ocrx_word' id='word_1_704' title='bbox 1648 4491 1807 4544; x_wconf 79' lang='lat' dir='ltr'><strong>Abra-</strong></span> <span class='ocrx_word' id='word_1_705' title='bbox 1833 4491 1885 4551; x_wconf 75' lang='grc' dir='ltr'><strong><em>υ</em></strong></span> <span class='ocrx_word' id='word_1_706' title='bbox 1911 4494 2148 4562; x_wconf 87' lang='lat' dir='ltr'><strong>ripieutis</strong></span> <span class='ocrx_word' id='word_1_707' title='bbox 2197 4502 2337 4546; x_wconf 89' lang='lat' dir='ltr'><strong>tanta</strong></span> <span class='ocrx_word' id='word_1_708' title='bbox 2385 4492 2680 4546; x_wconf 87' lang='lat' dir='ltr'><strong>humilitate</strong></span> <span class='ocrx_word' id='word_1_709' title='bbox 2719 4495 3048 4561; x_wconf 84' lang='lat' dir='ltr'><strong>susciperet;</strong></span> <span class='ocrx_word' id='word_1_710' title='bbox 3099 4509 3216 4548; x_wconf 86' lang='lat' dir='ltr'><strong>nam</strong></span> <span class='ocrx_word' id='word_1_711' title='bbox 3261 4503 3314 4549; x_wconf 92' lang='lat' dir='ltr'><strong>et</strong></span> <span class='ocrx_word' id='word_1_712' title='bbox 3341 4509 3448 4552; x_wconf 77' lang='lat' dir='ltr'><strong>sua:</strong></span> 
     </span>
    </p>
   </div>
   <div class='ocr_carea' id='block_1_90' title="bbox 254 4579 1802 4647">
    <p class='ocr_par' dir='ltr' id='par_1_90' title="bbox 254 4579 1802 4647">
     <span class='ocr_line' id='line_1_90' title="bbox 254 4579 1802 4647; baseline -0.002 -10"><span class='ocrx_word' id='word_1_713' title='bbox 254 4586 382 4638; x_wconf 77' lang='lat' dir='ltr'><strong>Iram</strong></span> <span class='ocrx_word' id='word_1_714' title='bbox 400 4586 453 4636; x_wconf 82' lang='lat' dir='ltr'><strong>in</strong></span> <span class='ocrx_word' id='word_1_715' title='bbox 482 4592 667 4637; x_wconf 72' lang='lat' dir='ltr'><strong>tamn</strong></span> <span class='ocrx_word' id='word_1_716' title='bbox 685 4581 986 4647; x_wconf 73' lang='lat' dir='ltr'><strong>Australem,</strong></span> <span class='ocrx_word' id='word_1_717' title='bbox 1010 4579 1246 4635; x_wconf 79' lang='lat' dir='ltr'><strong>habitavit</strong></span> <span class='ocrx_word' id='word_1_718' title='bbox 1268 4582 1397 4635; x_wconf 81' lang='lat' dir='ltr'><strong>inter</strong></span> <span class='ocrx_word' id='word_1_719' title='bbox 1421 4579 1580 4634; x_wconf 78' lang='lat' dir='ltr'><strong>Gades</strong></span> <span class='ocrx_word' id='word_1_720' title='bbox 1608 4591 1652 4634; x_wconf 84' lang='lat' dir='ltr'><strong>et</strong></span> <span class='ocrx_word' id='word_1_721' title='bbox 1681 4581 1802 4646; x_wconf 86' lang='lat' dir='ltr'><strong>Sur,</strong></span> 
     </span>
    </p>
   </div>
   <div class='ocr_carea' id='block_1_91' title="bbox 253 4671 1805 4746">
    <p class='ocr_par' dir='ltr' id='par_1_91' title="bbox 253 4671 1805 4746">
     <span class='ocr_line' id='line_1_91' title="bbox 253 4671 1805 4746; baseline -0.004 -15"><span class='ocrx_word' id='word_1_722' title='bbox 253 4675 382 4746; x_wconf 80' lang='lat' dir='ltr'><strong>quia</strong></span> <span class='ocrx_word' id='word_1_723' title='bbox 421 4673 663 4728; x_wconf 82' lang='lat' dir='ltr'><strong>nimirum</strong></span> <span class='ocrx_word' id='word_1_724' title='bbox 691 4672 846 4726; x_wconf 84' lang='lat' dir='ltr'><strong>electi</strong></span> <span class='ocrx_word' id='word_1_725' title='bbox 891 4687 1073 4727; x_wconf 87' lang='lat' dir='ltr'><strong>omnes</strong></span> <span class='ocrx_word' id='word_1_726' title='bbox 1120 4685 1238 4725; x_wconf 87' lang='lat' dir='ltr'><strong>cum</strong></span> <span class='ocrx_word' id='word_1_727' title='bbox 1283 4671 1548 4740; x_wconf 90' lang='lat' dir='ltr'><strong>agnitione</strong></span> <span class='ocrx_word' id='word_1_728' title='bbox 1573 4672 1805 4726; x_wconf 87' lang='lat' dir='ltr'><strong>veritatis</strong></span> 
     </span>
    </p>
   </div>
   <div class='ocr_carea' id='block_1_92' title="bbox 254 4748 1806 4829">
    <p class='ocr_par' dir='ltr' id='par_1_92' title="bbox 254 4748 1806 4829">
     <span class='ocr_line' id='line_1_92' title="bbox 254 4748 1806 4829; baseline -0.006 -6"><span class='ocrx_word' id='word_1_729' title='bbox 254 4770 407 4823; x_wconf 86' lang='lat' dir='ltr'><strong>intus</strong></span> <span class='ocrx_word' id='word_1_730' title='bbox 434 4763 790 4826; x_wconf 86' lang='lat' dir='ltr'><strong>illustrantur,</strong></span> <span class='ocrx_word' id='word_1_731' title='bbox 840 4748 957 4814; x_wconf 85' lang='lat' dir='ltr'><strong>cum</strong></span> <span class='ocrx_word' id='word_1_732' title='bbox 983 4774 1161 4814; x_wconf 88' lang='lat' dir='ltr'><strong>amore</strong></span> <span class='ocrx_word' id='word_1_733' title='bbox 1184 4761 1405 4829; x_wconf 80' lang='lat' dir='ltr'><strong>ﬂagrant</strong></span> <span class='ocrx_word' id='word_1_734' title='bbox 1431 4760 1621 4815; x_wconf 70' lang='lat' dir='ltr'><strong>divina</strong></span> <span class='ocrx_word' id='word_1_735' title='bbox 1649 4760 1806 4814; x_wconf 89' lang='lat' dir='ltr'><strong>visio-</strong></span> 
     </span>
    </p>
   </div>
   <div class='ocr_carea' id='block_1_93' title="bbox 253 4845 1809 4920">
    <p class='ocr_par' dir='ltr' id='par_1_93' title="bbox 253 4845 1809 4920">
     <span class='ocr_line' id='line_1_93' title="bbox 253 4845 1809 4920; baseline -0.004 -12"><span class='ocrx_word' id='word_1_736' title='bbox 253 4854 370 4919; x_wconf 87' lang='lat' dir='ltr'><strong>nis,</strong></span> <span class='ocrx_word' id='word_1_737' title='bbox 394 4865 550 4920; x_wconf 87' lang='lat' dir='ltr'><strong>opera</strong></span> <span class='ocrx_word' id='word_1_738' title='bbox 578 4861 785 4918; x_wconf 86' lang='lat' dir='ltr'><strong>quoque</strong></span> <span class='ocrx_word' id='word_1_739' title='bbox 811 4845 1104 4900; x_wconf 86' lang='lat' dir='ltr'><strong>sanctitatis</strong></span> <span class='ocrx_word' id='word_1_740' title='bbox 1129 4846 1287 4901; x_wconf 89' lang='lat' dir='ltr'><strong>simul</strong></span> <span class='ocrx_word' id='word_1_741' title='bbox 1317 4863 1572 4903; x_wconf 83' lang='lat' dir='ltr'><strong>exercere</strong></span> <span class='ocrx_word' id='word_1_742' title='bbox 1591 4848 1809 4909; x_wconf 71' lang='lat' dir='ltr'><strong>conten-</strong></span> 
     </span>
    </p>
   </div>
   <div class='ocr_carea' id='block_1_94' title="bbox 255 4932 1806 5004">
    <p class='ocr_par' dir='ltr' id='par_1_94' title="bbox 255 4932 1806 5004">
     <span class='ocr_line' id='line_1_94' title="bbox 255 4932 1806 5004; baseline -0.001 -10"><span class='ocrx_word' id='word_1_743' title='bbox 255 4941 424 5004; x_wconf 81' lang='lat' dir='ltr'><strong>dunt;</strong></span> <span class='ocrx_word' id='word_1_744' title='bbox 454 4945 823 4994; x_wconf 83' lang='lat' dir='ltr'><strong>commutatam</strong></span> <span class='ocrx_word' id='word_1_745' title='bbox 855 4934 992 4988; x_wconf 88' lang='lat' dir='ltr'><strong>inter</strong></span> <span class='ocrx_word' id='word_1_746' title='bbox 1019 4932 1260 4988; x_wconf 83' lang='lat' dir='ltr'><strong>homines</strong></span> <span class='ocrx_word' id='word_1_747' title='bbox 1284 4974 1302 5000; x_wconf 89' lang='lat'><strong>,</strong></span> <span class='ocrx_word' id='word_1_748' title='bbox 1342 4934 1394 4989; x_wconf 89' lang='lat' dir='ltr'><strong>id</strong></span> <span class='ocrx_word' id='word_1_749' title='bbox 1437 4946 1519 4991; x_wconf 89' lang='lat' dir='ltr'><strong>est</strong></span> <span class='ocrx_word' id='word_1_750' title='bbox 1541 4937 1806 4992; x_wconf 61' lang='lat' dir='ltr'><strong>caelestem</strong></span> 
     </span>
    </p>
   </div>
   <div class='ocr_carea' id='block_1_95' title="bbox 259 5021 1807 5096">
    <p class='ocr_par' dir='ltr' id='par_1_95' title="bbox 259 5021 1807 5096">
     <span class='ocr_line' id='line_1_95' title="bbox 259 5021 1807 5096; baseline -0.001 -14"><span class='ocrx_word' id='word_1_751' title='bbox 259 5041 362 5096; x_wconf 84' lang='lat' dir='ltr'><strong>pro</strong></span> <span class='ocrx_word' id='word_1_752' title='bbox 390 5027 625 5082; x_wconf 84' lang='lat' dir='ltr'><strong>terrestri</strong></span> <span class='ocrx_word' id='word_1_753' title='bbox 648 5066 664 5093; x_wconf 91' lang='lat'><strong>,</strong></span> <span class='ocrx_word' id='word_1_754' title='bbox 714 5038 809 5094; x_wconf 87' lang='lat' dir='ltr'><strong>pro</strong></span> <span class='ocrx_word' id='word_1_755' title='bbox 840 5025 1063 5078; x_wconf 88' lang='lat' dir='ltr'><strong>humana</strong></span> <span class='ocrx_word' id='word_1_756' title='bbox 1111 5021 1397 5092; x_wconf 86' lang='lat' dir='ltr'><strong>angelicam</strong></span> <span class='ocrx_word' id='word_1_757' title='bbox 1434 5024 1626 5081; x_wconf 74' lang='lat' dir='ltr'><strong>durere</strong></span> <span class='ocrx_word' id='word_1_758' title='bbox 1652 5028 1807 5080; x_wconf 89' lang='lat' dir='ltr'><strong>vitam</strong></span> 
     </span>
    </p>
   </div>
   <div class='ocr_carea' id='block_1_96' title="bbox 258 5105 1806 5184">
    <p class='ocr_par' dir='ltr' id='par_1_96' title="bbox 258 5105 1806 5184">
     <span class='ocr_line' id='line_1_96' title="bbox 258 5105 1806 5184; baseline -0.002 -12"><span class='ocrx_word' id='word_1_759' title='bbox 258 5123 454 5172; x_wconf 86' lang='lat' dir='ltr'><strong>curant</strong></span> <span class='ocrx_word' id='word_1_760' title='bbox 474 5105 503 5181; x_wconf 30' lang='grc' dir='ltr'><strong>,ί</strong></span> <span class='ocrx_word' id='word_1_761' title='bbox 521 5127 574 5171; x_wconf 88' lang='lat' dir='ltr'><strong>et</strong></span> <span class='ocrx_word' id='word_1_762' title='bbox 601 5116 904 5172; x_wconf 83' lang='lat' dir='ltr'><strong>lortitudine</strong></span> <span class='ocrx_word' id='word_1_763' title='bbox 932 5114 1055 5168; x_wconf 81' lang='lat' dir='ltr'><strong>ﬁdei</strong></span> <span class='ocrx_word' id='word_1_764' title='bbox 1084 5114 1292 5169; x_wconf 68' lang='lat' dir='ltr'><strong>invictae</strong></span> <span class='ocrx_word' id='word_1_765' title='bbox 1337 5114 1384 5167; x_wconf 90' lang='lat' dir='ltr'><strong>ei</strong></span> <span class='ocrx_word' id='word_1_766' title='bbox 1414 5115 1806 5184; x_wconf 74' lang='lat' dir='ltr'><strong>qui&#39;singulari-</strong></span> 
     </span>
    </p>
   </div>
   <div class='ocr_carea' id='block_1_97' title="bbox 260 5196 1804 5272">
    <p class='ocr_par' dir='ltr' id='par_1_97' title="bbox 260 5196 1804 5272">
     <span class='ocr_line' id='line_1_97' title="bbox 260 5196 1804 5272; baseline -0.001 -13"><span class='ocrx_word' id='word_1_767' title='bbox 260 5215 346 5259; x_wconf 87' lang='lat' dir='ltr'><strong>ter</strong></span> <span class='ocrx_word' id='word_1_768' title='bbox 373 5201 520 5258; x_wconf 78' lang='lat' dir='ltr'><strong>fortis</strong></span> <span class='ocrx_word' id='word_1_769' title='bbox 545 5212 628 5258; x_wconf 87' lang='lat' dir='ltr'><strong>est</strong></span> <span class='ocrx_word' id='word_1_770' title='bbox 653 5196 921 5259; x_wconf 66' lang='lat' dir='ltr'><strong>adbmrere</strong></span> <span class='ocrx_word' id='word_1_771' title='bbox 950 5219 1052 5258; x_wconf 86' lang='lat' dir='ltr'><strong>non</strong></span> <span class='ocrx_word' id='word_1_772' title='bbox 1079 5211 1305 5265; x_wconf 86' lang='lat' dir='ltr'><strong>cessant.</strong></span> <span class='ocrx_word' id='word_1_773' title='bbox 1336 5204 1569 5257; x_wconf 88' lang='lat' dir='ltr'><strong>dicentes</strong></span> <span class='ocrx_word' id='word_1_774' title='bbox 1596 5207 1804 5272; x_wconf 88' lang='lat' dir='ltr'><strong>singuli,</strong></span> 
     </span>
    </p>
   </div>
   <div class='ocr_carea' id='block_1_98' title="bbox 264 5290 1808 5347">
    <p class='ocr_par' dir='ltr' id='par_1_98' title="bbox 264 5290 1808 5347">
     <span class='ocr_line' id='line_1_98' title="bbox 264 5290 1808 5347; baseline 0 0"><span class='ocrx_word' id='word_1_775' title='bbox 264 5304 290 5332; x_wconf 79' lang='grc' dir='ltr'><strong><em>ο</em></strong></span> <span class='ocrx_word' id='word_1_776' title='bbox 321 5292 558 5347; x_wconf 72' lang='lat' dir='ltr'><strong>dicentes</strong></span> <span class='ocrx_word' id='word_1_777' title='bbox 581 5305 767 5347; x_wconf 83' lang='lat' dir='ltr'><strong>omnes</strong></span> <span class='ocrx_word' id='word_1_778' title='bbox 797 5310 812 5346; x_wconf 91' lang='lat'><strong>:</strong></span> <span class='ocrx_word' id='word_1_779' title='bbox 848 5292 978 5347; x_wconf 67' lang='lat' dir='ltr'><strong>lilii</strong></span> <span class='ocrx_word' id='word_1_780' title='bbox 1013 5305 1180 5346; x_wconf 87' lang='lat' dir='ltr'><strong>autem</strong></span> <span class='ocrx_word' id='word_1_781' title='bbox 1207 5292 1460 5345; x_wconf 76' lang='lat' dir='ltr'><strong>adluerere</strong></span> <span class='ocrx_word' id='word_1_782' title='bbox 1495 5290 1595 5346; x_wconf 89' lang='lat' dir='ltr'><strong>Deo</strong></span> <span class='ocrx_word' id='word_1_783' title='bbox 1626 5293 1808 5347; x_wconf 84' lang='lat' dir='ltr'><strong>bonum</strong></span> 
     </span>
    </p>
   </div>
   <div class='ocr_carea' id='block_1_99' title="bbox 260 5377 1806 5452">
    <p class='ocr_par' dir='ltr' id='par_1_99' title="bbox 260 5377 1806 5452">
     <span class='ocr_line' id='line_1_99' title="bbox 260 5377 1806 5452; baseline 0.002 -17"><span class='ocrx_word' id='word_1_784' title='bbox 260 5393 338 5436; x_wconf 82' lang='lat' dir='ltr'><strong>est</strong></span> <span class='ocrx_word' id='word_1_785' title='bbox 360 5378 476 5451; x_wconf 84' lang='lat' dir='ltr'><strong>(Ps.</strong></span> <span class='ocrx_word' id='word_1_786' title='bbox 500 5392 666 5442; x_wconf 78' lang='lat' dir='ltr'><strong>usu,</strong></span> <span class='ocrx_word' id='word_1_787' title='bbox 686 5377 799 5448; x_wconf 74' lang='grc'><strong>28).</strong></span> <span class='ocrx_word' id='word_1_788' title='bbox 827 5380 1116 5435; x_wconf 80' lang='lat' dir='ltr'><strong>Notandum</strong></span> <span class='ocrx_word' id='word_1_789' title='bbox 1148 5395 1371 5450; x_wconf 89' lang='lat' dir='ltr'><strong>namque</strong></span> <span class='ocrx_word' id='word_1_790' title='bbox 1388 5380 1523 5450; x_wconf 89' lang='lat' dir='ltr'><strong>quod</strong></span> <span class='ocrx_word' id='word_1_791' title='bbox 1545 5381 1646 5436; x_wconf 90' lang='lat' dir='ltr'><strong>Sur</strong></span> <span class='ocrx_word' id='word_1_792' title='bbox 1673 5385 1806 5452; x_wconf 90' lang='lat' dir='ltr'><strong>apud</strong></span> 
     </span>
    </p>
   </div>
   <div class='ocr_carea' id='block_1_100' title="bbox 335 5529 841 5594">
    <p class='ocr_par' dir='ltr' id='par_1_100' title="bbox 335 5529 841 5594">
     <span class='ocr_line' id='line_1_100' title="bbox 335 5529 841 5594; baseline -0.006 -10"><span class='ocrx_word' id='word_1_793' title='bbox 335 5540 364 5569; x_wconf 77' lang='grc' dir='ltr'><strong>ι</strong></span> <span class='ocrx_word' id='word_1_794' title='bbox 403 5530 509 5594; x_wconf 86' lang='lat' dir='ltr'><strong>Al.,</strong></span> <span class='ocrx_word' id='word_1_795' title='bbox 536 5529 590 5582; x_wconf 85' lang='lat' dir='ltr'><strong>in</strong></span> <span class='ocrx_word' id='word_1_796' title='bbox 619 5545 841 5583; x_wconf 80' lang='lat' dir='ltr'><strong>numero.</strong></span> 
     </span>
    </p>
   </div>
   <div class='ocr_carea' id='block_1_101' title="bbox 339 5599 674 5667">
    <p class='ocr_par' dir='ltr' id='par_1_101' title="bbox 339 5599 674 5667">
     <span class='ocr_line' id='line_1_101' title="bbox 339 5599 674 5667; baseline -0.006 -15"><span class='ocrx_word' id='word_1_797' title='bbox 339 5599 366 5635; x_wconf 73' lang='grc' dir='ltr'>δ</span> <span class='ocrx_word' id='word_1_798' title='bbox 407 5603 510 5660; x_wconf 77' lang='grc' dir='ltr'><strong>ΑΙ..</strong></span> <span class='ocrx_word' id='word_1_799' title='bbox 539 5600 674 5667; x_wconf 80' lang='lat' dir='ltr'><strong>quia.</strong></span> 
     </span>
    </p>
   </div>
   <div class='ocr_carea' id='block_1_102' title="bbox 339 5667 723 5726">
    <p class='ocr_par' dir='ltr' id='par_1_102' title="bbox 339 5667 723 5726">
     <span class='ocr_line' id='line_1_102' title="bbox 339 5667 723 5726; baseline -0.008 -4"><span class='ocrx_word' id='word_1_800' title='bbox 339 5672 358 5694; x_wconf 82' lang='lat'><strong><em>&#39;</em></strong></span> <span class='ocrx_word' id='word_1_801' title='bbox 403 5670 508 5726; x_wconf 85' lang='grc' dir='ltr'><strong>ΑΙ..</strong></span> <span class='ocrx_word' id='word_1_802' title='bbox 541 5667 723 5719; x_wconf 75' lang='lat' dir='ltr'><strong>Animi.</strong></span> 
     </span>
    </p>
   </div>
   <div class='ocr_carea' id='block_1_103' title="bbox 341 5733 751 5806">
    <p class='ocr_par' dir='ltr' id='par_1_103' title="bbox 341 5733 751 5806">
     <span class='ocr_line' id='line_1_103' title="bbox 341 5733 751 5806; baseline 0.007 -16"><span class='ocrx_word' id='word_1_803' title='bbox 341 5733 364 5770; x_wconf 77' lang='grc' dir='ltr'><em>δ</em></span> <span class='ocrx_word' id='word_1_804' title='bbox 399 5740 504 5806; x_wconf 74' lang='lat' dir='ltr'><strong>AL,</strong></span> <span class='ocrx_word' id='word_1_805' title='bbox 532 5739 751 5793; x_wconf 76' lang='lat' dir='ltr'><strong>devotus.</strong></span> 
     </span>
    </p>
   </div>
   <div class='ocr_carea' id='block_1_104' title="bbox 1912 4582 3445 4654">
    <p class='ocr_par' dir='ltr' id='par_1_104' title="bbox 1912 4582 3445 4654">
     <span class='ocr_line' id='line_1_104' title="bbox 1912 4582 3445 4654; baseline -0.001 -16"><span class='ocrx_word' id='word_1_806' title='bbox 1912 4586 2083 4654; x_wconf 89' lang='lat' dir='ltr'><strong>gentis</strong></span> <span class='ocrx_word' id='word_1_807' title='bbox 2131 4582 2484 4637; x_wconf 86' lang='lat' dir='ltr'><strong>innocentiam</strong></span> <span class='ocrx_word' id='word_1_808' title='bbox 2535 4584 2948 4648; x_wconf 84' lang='lat' dir='ltr'><strong>demonstravit,</strong></span> <span class='ocrx_word' id='word_1_809' title='bbox 2996 4599 3111 4637; x_wconf 91' lang='lat' dir='ltr'><strong>cum</strong></span> <span class='ocrx_word' id='word_1_810' title='bbox 3142 4586 3250 4636; x_wconf 84' lang='lat' dir='ltr'><strong>ait:</strong></span> <span class='ocrx_word' id='word_1_811' title='bbox 3309 4583 3445 4637; x_wconf 80' lang='lat' dir='ltr'><strong>Nunt</strong></span> 
     </span>
    </p>
   </div>
   <div class='ocr_carea' id='block_1_105' title="bbox 1906 4671 3446 4743">
    <p class='ocr_par' dir='ltr' id='par_1_105' title="bbox 1906 4671 3446 4743">
     <span class='ocr_line' id='line_1_105' title="bbox 1906 4671 3446 4743; baseline 0 -18"><span class='ocrx_word' id='word_1_812' title='bbox 1906 4681 2096 4743; x_wconf 79' lang='lat' dir='ltr'><strong>gentem</strong></span> <span class='ocrx_word' id='word_1_813' title='bbox 2125 4673 2432 4742; x_wconf 71' lang='lat' dir='ltr'><strong>ignorantem</strong></span> <span class='ocrx_word' id='word_1_814' title='bbox 2463 4681 2508 4723; x_wconf 86' lang='lat' dir='ltr'><strong>et</strong></span> <span class='ocrx_word' id='word_1_815' title='bbox 2537 4673 2720 4735; x_wconf 77' lang='lat' dir='ltr'><strong>instant</strong></span> <span class='ocrx_word' id='word_1_816' title='bbox 2756 4671 3068 4737; x_wconf 71' lang='lat' dir='ltr'><strong>inter/idea?</strong></span> <span class='ocrx_word' id='word_1_817' title='bbox 3107 4671 3170 4724; x_wconf 83' lang='lat' dir='ltr'><strong>Et</strong></span> <span class='ocrx_word' id='word_1_818' title='bbox 3198 4672 3276 4724; x_wconf 87' lang='lat' dir='ltr'><strong>sui</strong></span> <span class='ocrx_word' id='word_1_819' title='bbox 3308 4673 3446 4741; x_wconf 80' lang='lat' dir='ltr'><strong>puri-</strong></span> 
     </span>
    </p>
   </div>
   <div class='ocr_carea' id='block_1_106' title="bbox 1909 4759 3445 4828">
    <p class='ocr_par' dir='ltr' id='par_1_106' title="bbox 1909 4759 3445 4828">
     <span class='ocr_line' id='line_1_106' title="bbox 1909 4759 3445 4828; baseline -0.002 -10"><span class='ocrx_word' id='word_1_820' title='bbox 1909 4773 2064 4818; x_wconf 88' lang='lat' dir='ltr'><strong>tatem</strong></span> <span class='ocrx_word' id='word_1_821' title='bbox 2091 4761 2264 4814; x_wconf 86' lang='lat' dir='ltr'><strong>cordis</strong></span> <span class='ocrx_word' id='word_1_822' title='bbox 2308 4760 2462 4813; x_wconf 88' lang='lat' dir='ltr'><strong>simul</strong></span> <span class='ocrx_word' id='word_1_823' title='bbox 2493 4768 2649 4828; x_wconf 89' lang='lat' dir='ltr'><strong>atque</strong></span> <span class='ocrx_word' id='word_1_824' title='bbox 2693 4761 2866 4826; x_wconf 88' lang='lat' dir='ltr'><strong>operis</strong></span> <span class='ocrx_word' id='word_1_825' title='bbox 2911 4759 3172 4826; x_wconf 79' lang='lat' dir='ltr'><strong>ostendit,</strong></span> <span class='ocrx_word' id='word_1_826' title='bbox 3208 4776 3326 4815; x_wconf 85' lang='lat' dir='ltr'><strong>cum</strong></span> <span class='ocrx_word' id='word_1_827' title='bbox 3356 4763 3445 4815; x_wconf 89' lang='lat' dir='ltr'><strong>ad-</strong></span> 
     </span>
    </p>
   </div>
   <div class='ocr_carea' id='block_1_107' title="bbox 1902 4829 3442 4920">
    <p class='ocr_par' dir='ltr' id='par_1_107' title="bbox 1902 4829 3442 4920">
     <span class='ocr_line' id='line_1_107' title="bbox 1902 4829 3442 4920; baseline -0.001 -17"><span class='ocrx_word' id='word_1_828' title='bbox 1902 4851 2073 4920; x_wconf 80' lang='lat' dir='ltr'><strong>juuxit</strong></span> <span class='ocrx_word' id='word_1_829' title='bbox 2094 4866 2104 4902; x_wconf 93' lang='lat'><strong>:</strong></span> <span class='ocrx_word' id='word_1_830' title='bbox 2133 4847 2197 4901; x_wconf 84' lang='lat' dir='ltr'><strong>In</strong></span> <span class='ocrx_word' id='word_1_831' title='bbox 2222 4848 2536 4915; x_wconf 83' lang='lat' dir='ltr'><strong>simplicitate</strong></span> <span class='ocrx_word' id='word_1_832' title='bbox 2552 4829 2718 4902; x_wconf 62' lang='lat' dir='ltr'><strong>cordis</strong></span> <span class='ocrx_word' id='word_1_833' title='bbox 2737 4849 2834 4902; x_wconf 81' lang='lat' dir='ltr'><strong>mei</strong></span> <span class='ocrx_word' id='word_1_834' title='bbox 2858 4859 2905 4902; x_wconf 87' lang='lat' dir='ltr'><strong>et</strong></span> <span class='ocrx_word' id='word_1_835' title='bbox 2934 4851 3181 4904; x_wconf 86' lang='lat' dir='ltr'><strong>munditia</strong></span> <span class='ocrx_word' id='word_1_836' title='bbox 3202 4867 3442 4906; x_wconf 84' lang='lat' dir='ltr'><strong>manuum</strong></span> 
     </span>
    </p>
   </div>
   <div class='ocr_carea' id='block_1_108' title="bbox 1907 4937 3449 5009">
    <p class='ocr_par' dir='ltr' id='par_1_108' title="bbox 1907 4937 3449 5009">
     <span class='ocr_line' id='line_1_108' title="bbox 1907 4937 3449 5009; baseline -0.003 -14"><span class='ocrx_word' id='word_1_837' title='bbox 1907 4943 2003 5009; x_wconf 87' lang='lat' dir='ltr'><strong>feci</strong></span> <span class='ocrx_word' id='word_1_838' title='bbox 2034 4941 2145 4993; x_wconf 81' lang='lat' dir='ltr'><strong>hoc.</strong></span> <span class='ocrx_word' id='word_1_839' title='bbox 2177 4937 2327 4993; x_wconf 86' lang='lat' dir='ltr'><strong>Unde</strong></span> <span class='ocrx_word' id='word_1_840' title='bbox 2354 4938 2508 4991; x_wconf 89' lang='lat' dir='ltr'><strong>etiam</strong></span> <span class='ocrx_word' id='word_1_841' title='bbox 2552 4938 2673 5005; x_wconf 87' lang='lat' dir='ltr'><strong>quia</strong></span> <span class='ocrx_word' id='word_1_842' title='bbox 2704 4939 2982 5006; x_wconf 86' lang='lat' dir='ltr'><strong>prudenter</strong></span> <span class='ocrx_word' id='word_1_843' title='bbox 3008 4949 3162 5008; x_wconf 89' lang='lat' dir='ltr'><strong>atque</strong></span> <span class='ocrx_word' id='word_1_844' title='bbox 3189 4940 3449 4994; x_wconf 80' lang='lat' dir='ltr'><strong>humiliter</strong></span> 
     </span>
    </p>
   </div>
   <div class='ocr_carea' id='block_1_109' title="bbox 1909 5027 3445 5097">
    <p class='ocr_par' dir='ltr' id='par_1_109' title="bbox 1909 5027 3445 5097">
     <span class='ocr_line' id='line_1_109' title="bbox 1909 5027 3445 5097; baseline -0.003 -13"><span class='ocrx_word' id='word_1_845' title='bbox 1909 5031 2129 5085; x_wconf 88' lang='lat' dir='ltr'><strong>Domino</strong></span> <span class='ocrx_word' id='word_1_846' title='bbox 2176 5027 2478 5097; x_wconf 86' lang='lat' dir='ltr'><strong>respondit,</strong></span> <span class='ocrx_word' id='word_1_847' title='bbox 2510 5042 2631 5081; x_wconf 79' lang='lat' dir='ltr'><strong>mox</strong></span> <span class='ocrx_word' id='word_1_848' title='bbox 2680 5030 2907 5082; x_wconf 84' lang='lat' dir='ltr'><strong>secunda</strong></span> <span class='ocrx_word' id='word_1_849' title='bbox 2952 5030 3066 5097; x_wconf 86' lang='lat' dir='ltr'><strong>ejus</strong></span> <span class='ocrx_word' id='word_1_850' title='bbox 3109 5031 3293 5084; x_wconf 86' lang='lat' dir='ltr'><strong>meruit</strong></span> <span class='ocrx_word' id='word_1_851' title='bbox 3319 5045 3445 5081; x_wconf 83' lang='lat' dir='ltr'><strong>voce</strong></span> 
     </span>
    </p>
   </div>
   <div class='ocr_carea' id='block_1_110' title="bbox 1907 5117 2964 5175">
    <p class='ocr_par' dir='ltr' id='par_1_110' title="bbox 1907 5117 2964 5175">
     <span class='ocr_line' id='line_1_110' title="bbox 1907 5117 2964 5175; baseline -0.004 -1"><span class='ocrx_word' id='word_1_852' title='bbox 1907 5120 2106 5175; x_wconf 88' lang='lat' dir='ltr'><strong>laudari</strong></span> <span class='ocrx_word' id='word_1_853' title='bbox 2138 5119 2292 5174; x_wconf 86' lang='lat' dir='ltr'><strong>simul</strong></span> <span class='ocrx_word' id='word_1_854' title='bbox 2329 5127 2380 5170; x_wconf 83' lang='lat' dir='ltr'><strong>et</strong></span> <span class='ocrx_word' id='word_1_855' title='bbox 2408 5118 2668 5170; x_wconf 87' lang='lat' dir='ltr'><strong>consolari</strong></span> <span class='ocrx_word' id='word_1_856' title='bbox 2708 5117 2964 5172; x_wconf 88' lang='lat' dir='ltr'><strong>dicentis:</strong></span> 
     </span>
    </p>
   </div>
   <div class='ocr_carea' id='block_1_111' title="bbox 1982 5206 3448 5277">
    <p class='ocr_par' dir='ltr' id='par_1_111' title="bbox 1982 5206 3448 5277">
     <span class='ocr_line' id='line_1_111' title="bbox 1982 5206 3448 5277; baseline -0.003 -15"><span class='ocrx_word' id='word_1_857' title='bbox 1982 5209 2042 5262; x_wconf 77' lang='lat' dir='ltr'><strong>Et</strong></span> <span class='ocrx_word' id='word_1_858' title='bbox 2065 5225 2156 5277; x_wconf 82' lang='lat' dir='ltr'><strong>ego</strong></span> <span class='ocrx_word' id='word_1_859' title='bbox 2189 5209 2290 5260; x_wconf 86' lang='lat' dir='ltr'><strong>scio</strong></span> <span class='ocrx_word' id='word_1_860' title='bbox 2316 5207 2448 5274; x_wconf 83' lang='lat' dir='ltr'><strong>quod</strong></span> <span class='ocrx_word' id='word_1_861' title='bbox 2478 5207 2690 5276; x_wconf 79' lang='lat' dir='ltr'><strong>simplici</strong></span> <span class='ocrx_word' id='word_1_862' title='bbox 2719 5209 2868 5260; x_wconf 85' lang='lat' dir='ltr'><strong>corde</strong></span> <span class='ocrx_word' id='word_1_863' title='bbox 2893 5208 3102 5274; x_wconf 75' lang='lat' dir='ltr'><strong>feceris;</strong></span> <span class='ocrx_word' id='word_1_864' title='bbox 3148 5206 3258 5258; x_wconf 86' lang='lat' dir='ltr'><strong>ideo</strong></span> <span class='ocrx_word' id='word_1_865' title='bbox 3285 5215 3448 5258; x_wconf 79' lang='lat' dir='ltr'><strong>curto-</strong></span> 
     </span>
    </p>
   </div>
   <div class='ocr_carea' id='block_1_112' title="bbox 1903 5291 3518 5364">
    <p class='ocr_par' dir='ltr' id='par_1_112' title="bbox 1903 5291 3518 5364">
     <span class='ocr_line' id='line_1_112' title="bbox 1903 5291 3518 5364; baseline -0.004 -11"><span class='ocrx_word' id='word_1_866' title='bbox 1903 5291 2009 5353; x_wconf 70' lang='lat' dir='ltr'><strong>°diri</strong></span> <span class='ocrx_word' id='word_1_867' title='bbox 2035 5312 2099 5364; x_wconf 88' lang='lat' dir='ltr'><strong>te,</strong></span> <span class='ocrx_word' id='word_1_868' title='bbox 2130 5314 2189 5350; x_wconf 86' lang='lat' dir='ltr'><strong>ne</strong></span> <span class='ocrx_word' id='word_1_869' title='bbox 2211 5312 2434 5362; x_wconf 81' lang='lat' dir='ltr'><strong>peccares</strong></span> <span class='ocrx_word' id='word_1_870' title='bbox 2456 5297 2506 5347; x_wconf 91' lang='lat' dir='ltr'><strong>in</strong></span> <span class='ocrx_word' id='word_1_871' title='bbox 2539 5313 2634 5350; x_wconf 79' lang='lat' dir='ltr'><strong>me.</strong></span> <span class='ocrx_word' id='word_1_872' title='bbox 2682 5298 2781 5350; x_wconf 70' lang='lat' dir='ltr'><strong>Sed</strong></span> <span class='ocrx_word' id='word_1_873' title='bbox 2810 5306 2860 5349; x_wconf 90' lang='lat' dir='ltr'><strong>et</strong></span> <span class='ocrx_word' id='word_1_874' title='bbox 2884 5297 2980 5349; x_wconf 89' lang='lat' dir='ltr'><strong>hoc</strong></span> <span class='ocrx_word' id='word_1_875' title='bbox 3004 5296 3138 5362; x_wconf 87' lang='lat' dir='ltr'><strong>quod</strong></span> <span class='ocrx_word' id='word_1_876' title='bbox 3169 5294 3342 5348; x_wconf 80' lang='lat' dir='ltr'><strong>statim</strong></span> <span class='ocrx_word' id='word_1_877' title='bbox 3377 5296 3442 5346; x_wconf 86' lang='lat' dir='ltr'><strong>tie</strong></span> <span class='ocrx_word' id='word_1_878' title='bbox 3514 5298 3518 5303; x_wconf 85' lang='lat'><em>&#39;</em></span> 
     </span>
    </p>
   </div>
   <div class='ocr_carea' id='block_1_113' title="bbox 1909 5393 3460 5459">
    <p class='ocr_par' dir='ltr' id='par_1_113' title="bbox 1909 5393 3460 5459">
     <span class='ocr_line' id='line_1_113' title="bbox 1909 5393 3460 5459; baseline -0.004 -9"><span class='ocrx_word' id='word_1_879' title='bbox 1909 5407 2058 5450; x_wconf 75' lang='grc' dir='ltr'>ιιοι·ιε</span> <span class='ocrx_word' id='word_1_880' title='bbox 2085 5409 2399 5459; x_wconf 70' lang='lat' dir='ltr'><strong>consurgens</strong></span> <span class='ocrx_word' id='word_1_881' title='bbox 2431 5408 2612 5446; x_wconf 88' lang='lat' dir='ltr'><strong>omnes</strong></span> <span class='ocrx_word' id='word_1_882' title='bbox 2639 5407 2816 5444; x_wconf 76' lang='lat' dir='ltr'><strong>servos</strong></span> <span class='ocrx_word' id='word_1_883' title='bbox 2843 5406 2962 5442; x_wconf 78' lang='lat' dir='ltr'><strong>SllOS</strong></span> <span class='ocrx_word' id='word_1_884' title='bbox 2990 5393 3215 5455; x_wconf 80' lang='lat' dir='ltr'><strong>vocavit,</strong></span> <span class='ocrx_word' id='word_1_885' title='bbox 3249 5399 3299 5444; x_wconf 71' lang='grc' dir='ltr'>ει</span> <span class='ocrx_word' id='word_1_886' title='bbox 3327 5405 3460 5459; x_wconf 56' lang='grc' dir='ltr'>(ιιιιθ</span> 
     </span>
    </p>
   </div>
   <div class='ocr_carea' id='block_1_114' title="bbox 1985 5545 2782 5608">
    <p class='ocr_par' dir='ltr' id='par_1_114' title="bbox 1985 5545 2782 5608">
     <span class='ocr_line' id='line_1_114' title="bbox 1985 5545 2782 5608; baseline -0.009 -9"><span class='ocrx_word' id='word_1_887' title='bbox 1985 5551 2005 5573; x_wconf 69' lang='grc' dir='ltr'><strong><em>θ</em></strong></span> <span class='ocrx_word' id='word_1_888' title='bbox 2049 5549 2148 5608; x_wconf 76' lang='lat' dir='ltr'><strong>AL,</strong></span> <span class='ocrx_word' id='word_1_889' title='bbox 2177 5545 2320 5597; x_wconf 84' lang='lat' dir='ltr'><strong>deest</strong></span> <span class='ocrx_word' id='word_1_890' title='bbox 2351 5545 2567 5595; x_wconf 81' lang='lat' dir='ltr'><strong>dicentes</strong></span> <span class='ocrx_word' id='word_1_891' title='bbox 2599 5556 2782 5594; x_wconf 74' lang='lat' dir='ltr'><strong>onmes.</strong></span> 
     </span>
    </p>
   </div>
   <div class='ocr_carea' id='block_1_115' title="bbox 1896 5610 2994 5678">
    <p class='ocr_par' dir='ltr' id='par_1_115' title="bbox 1896 5610 2994 5678">
     <span class='ocr_line' id='line_1_115' title="bbox 1896 5610 2994 5678; baseline -0.005 -11"><span class='ocrx_word' id='word_1_892' title='bbox 1896 5647 1904 5659; x_wconf 75' lang='grc' dir='ltr'><strong>ι</strong></span> <span class='ocrx_word' id='word_1_893' title='bbox 1985 5610 2000 5646; x_wconf 66' lang='grc' dir='ltr'>ί</span> <span class='ocrx_word' id='word_1_894' title='bbox 2044 5615 2146 5674; x_wconf 72' lang='grc' dir='ltr'><strong>ΑΙ..</strong></span> <span class='ocrx_word' id='word_1_895' title='bbox 2177 5614 2486 5678; x_wconf 64' lang='lat' dir='ltr'><strong>omnipotens</strong></span> <span class='ocrx_word' id='word_1_896' title='bbox 2513 5613 2646 5664; x_wconf 81' lang='lat' dir='ltr'><strong>illius</strong></span> <span class='ocrx_word' id='word_1_897' title='bbox 2676 5617 2796 5664; x_wconf 75' lang='lat' dir='ltr'><strong>solet</strong></span> <span class='ocrx_word' id='word_1_898' title='bbox 2825 5616 2994 5664; x_wconf 75' lang='lat' dir='ltr'><strong>virtus.</strong></span> 
     </span>
    </p>
   </div>
   <div class='ocr_carea' id='block_1_116' title="bbox 1984 5683 2772 5747">
    <p class='ocr_par' dir='ltr' id='par_1_116' title="bbox 1984 5683 2772 5747">
     <span class='ocr_line' id='line_1_116' title="bbox 1984 5683 2772 5747; baseline -0.006 -13"><span class='ocrx_word' id='word_1_899' title='bbox 1984 5685 2004 5720; x_wconf 75' lang='grc'><strong><em>⁸</em></strong></span> <span class='ocrx_word' id='word_1_900' title='bbox 2047 5685 2150 5747; x_wconf 78' lang='lat' dir='ltr'><strong>AL,</strong></span> <span class='ocrx_word' id='word_1_901' title='bbox 2182 5683 2414 5733; x_wconf 77' lang='lat' dir='ltr'><strong>tenditur.</strong></span> <span class='ocrx_word' id='word_1_902' title='bbox 2758 5689 2772 5695; x_wconf 74' lang='lat'><strong><em>’</em></strong></span> 
     </span>
    </p>
   </div>
  </div>
