3872 6262
515 406 619 460 183

1005 399 1202 453 Βιοῖιὴε
1251 389 1692 451 VENERABILIS
1731 379 2008 439 OPEBUM
2049 367 2236 431 PARS
2274 354 2334 431 ιιζ
2372 404 2440 418 --
2481 375 2861 429 EXECETICA
2903 373 3218 428 GENl-IINA.

3591 366 3704 421 εει

513 514 611 563 sibi
640 509 934 563 acciderant
977 507 1243 568 narravit;
1292 503 1530 572 quodque
1570 497 1677 561 illi,
1709 491 1884 547 audito
1913 483 2048 554 peri-
2080 487 2122 541 Α
2223 481 2350 571 Ecce
2377 483 2512 535 mille
2541 492 2799 552 argenteos
2827 479 2941 532 dedi
2964 480 3117 548 fratri,
3142 489 3266 541 tuo;
3295 483 3393 531 hoc
3418 487 3515 530 erat
3539 476 3629 528 tibi
3660 475 3713 524 ia

516 600 634 653 culo
656 600 819 665 culpa:
855 597 992 665 quod
1021 611 1108 649 rex
1139 594 1428 654 inciderat,
1475 601 1658 642 omnes
1679 582 1829 638 valde
1860 581 2052 659 timue-

517 701 656 756 runt,
690 698 1027 756 utrorumque
1053 687 1308 744 animum.
1341 684 1441 735 hoc
1462 689 1543 734 est
1565 689 1618 731 et
1643 675 1807 744 ipsius
1836 669 1974 738 regis
2003 676 2057 719 et

515 795 790 833 servorum
821 779 954 846 ejus,
987 790 1140 843 quam
1175 771 1328 825 fuerit
1355 769 1567 837 iustitiae
1598 763 1804 820 deditus
1830 759 2014 812 edocet
2040 770 2051 811 :

517 871 645 924 Nam
676 880 728 923 et
755 884 848 922 rex
877 868 987 934 ipse
1012 881 1126 920 cum
1156 864 1285 918 dixit
1306 863 1370 915 ad
1402 860 1661 913 Abraham
1686 872 1699 907 :
1736 851 1867 917 Quid
1901 847 2058 907 fecisti

516 961 691 1012 nobis?
709 959 829 1024 quid
854 957 1163 1024 peccavimus
1189 955 1238 1006 in
1261 962 1324 1015 fe,
1349 952 1465 1022 quia
1487 945 1726 1002 induisti
1745 956 1892 1012 super
1913 954 1985 992 me
2011 948 2056 990 ct

517 1065 671 1117 super
690 1063 899 1116 regnum
925 1063 1084 1098 meum
1107 1053 1359 1112 peccatum
1386 1039 1571 1108 grande
1593 1037 1615 1090 ?
1642 1033 1912 1088 manifeste
1940 1029 2062 1080 insi-
2107 1097 2111 1102 ‘

527 1139 784 1205 nuatquia
810 1153 910 1189 non
932 1136 1043 1189 leve
1068 1135 1276 1188 duxerit
1295 1128 1598 1198 ignorantiae
1619 1135 1908 1192 peccatum,
1923 1118 2060 1187 quod

524 1242 626 1280 non
651 1225 745 1280 sibi
779 1223 1160 1286 tantammodo,
1213 1236 1392 1275 verum
1422 1217 1578 1271 etiam
1622 1227 1784 1281 regno
1814 1224 1909 1263 suo
1937 1224 2063 1260 con-

526 1319 767 1372 fitebatur
799 1332 915 1371 esse
945 1315 1208 1368 nocivum.
1243 1311 1393 1367 Unde
1417 1324 1512 1362 nec
1544 1308 1642 1360 sibi
1687 1303 1929 1356 sufficere
1950 1312 2065 1351 cre-

522 1410 683 1472 didit,
728 1407 866 1476 quod
917 1421 945 1458 a
975 1407 1081 1460 Deo
1125 1405 1328 1460 veniam
1379 1411 1552 1454 reatus
1601 1394 1911 1454 meruisset,
1961 1391 2066 1442 imo

525 1497 662 1562 quod
690 1495 797 1547 Deo
827 1495 1049 1561 propitio
1091 1507 1155 1546 ne
1187 1499 1426 1558 peccaret
1453 1487 1700 1542 custodiri
1725 1483 1990 1546 meruerit,
2022 1480 2066 1533 si

528 1600 628 1636 non
652 1584 810 1636 etiam
840 1583 1035 1636 homini
1079 1586 1126 1634 in
1159 1595 1311 1650 quem
1344 1579 1552 1631 nescius
1582 1580 1922 1644 peccaverat,
1945 1585 2065 1621 cunt

527 1691 688 1729 uxore
733 1675 962 1738 reddita,
1008 1672 1278 1739 pecuniam
1333 1669 1488 1722 simul
1535 1666 1838 1728 copiosam,
1880 1671 1933 1713 ιιι
1965 1657 2067 1712 sibi

532 1765 929 1832 placari-posset
953 1802 966 1825 ,
998 1762 1247 1815 tribueret
1273 1800 1289 1824 ,
1322 1768 1375 1811 ut
1405 1758 1456 1810 in
1487 1753 1826 1822 sequentibus
1857 1751 2063 1816 legitur.

533 1855 644 1905 Non
692 1863 862 1906 autem
920 1849 1216 1902 mirandum
1274 1846 1514 1899 homines
1562 1840 1955 1897 incircumcisos
2008 1852 2070 1890 eo

494 1979 498 1984 ι
533 1955 767 2007 tempore
807 1940 1034 1994 veritatis
1063 1954 1180 1994 esse
1208 1938 1438 1991 cultores
1465 1935 1714 2004 potuisse,
1742 1948 1860 1985 cum
1894 1932 2073 1984 beatus

534 2044 740 2098 quoque
779 2029 878 2084 Job
907 2039 957 2082 et
985 2043 1132 2094 reges
1161 2027 1314 2081 amici
1347 2027 1463 2095 ejus
1491 2025 1766 2079 credantur
1784 2031 1912 2105 post
1942 2030 2074 2072 tem-

534 2136 655 2186 pora
684 2119 822 2173 datin
843 2119 1258 2172 circumcisionis
1280 2118 1477 2186 absque
1495 2123 1824 2170 sacramento
1852 2113 2073 2166 circum-

532 2207 747 2260 uisionis
769 2207 990 2261 fideliter
1022 2207 1242 2260 Domino
1267 2220 1383 2259 cunt
1410 2207 1519 2258 suis
1544 2204 1786 2257 omnibus
1809 2202 2070 2254 servisse:

534 2295 624 2348 sed
655 2305 708 2348 et
743 2296 864 2349 Sem
891 2295 1240 2363 patriarcham
1281 2309 1399 2348 cum
1431 2292 1733 2360 Arphaxad,
1783 2290 1902 2343 Sale
1923 2329 1937 2351 ,
1970 2287 2072 2341 lie-

536 2386 649 2449 ber,
673 2384 794 2439 ﬁliis
822 2386 933 2440 sive
964 2386 1239 2452 nepotibus
1267 2385 1375 2440 suis
1399 2391 1605 2438 constat
1651 2395 1716 2434 eo
1741 2379 1910 2431 adhuc
1938 2386 2073 2430 tern-

537 2488 663 2542 pore
692 2476 1042 2541 supervixisse
1082 2476 1130 2526 in
1159 2489 1350 2537 carne,
1402 2486 1463 2526 ac
1489 2471 1598 2524 Deo
1643 2470 1882 2536 placitam
1913 2467 2074 2520 vitam

537 2561 651 2616 sine
677 2564 1092 2618 circuntcisionis
1116 2563 1230 2631 lege
1257 2563 1483 2616 duxisse.
1515 2559 1661 2614 Unde
1689 2557 1976 2612 verisimile
2001 2557 2078 2608 vi-

539 2650 691 2703 detur
716 2651 1041 2718 signaculum
1092 2653 1140 2702 in
1171 2650 1566 2704 ciriu.ucisione
1615 2647 1837 2700 Abraha:
1879 2655 2077 2697 tantum

539 2748 594 2793 ct
621 2740 805 2793 semini
851 2754 913 2792 ac
959 2741 1166 2792 familia:
1213 2739 1326 2806 ejus
1370 2752 1487 2793 esse
1533 2739 1708 2791 datum
1735 2778 1748 2800 ,
1794 2737 1846 2788 in
1875 2735 2080 2788 caneris

544 2843 666 2884 vero
695 2830 936 2898 gentibus
965 2830 1196 2898 potuisse
1245 2829 1415 2882 adhuc
1471 2842 1590 2882 esse
1643 2826 1960 2888 nonnullos,
1993 2824 2079 2893 qui

544 2928 570 2956 ⁸
598 2937 692 2989 pro
719 2923 938 2976 naturali
965 2922 1178 2976 scientia
1211 2921 1340 2988 legis
1388 2919 1496 2974 Deo
1547 2920 1733 2971 dev0te
1785 2917 2083 2979 servirent;

547 3014 629 3067 vel
662 3014 946 3068 hostiarum
990 3015 1232 3069 videlicet
1271 3013 1653 3074 oblationibus,
1685 3012 1762 3064 vel
1793 3020 1935 3063 certe
1975 3006 2084 3061 sola

545 3119 683 3159 verat
711 3105 831 3160 fidei
877 3105 1200 3174 professione
1226 3120 1253 3157 a
1280 3103 1460 3172 primat
1498 3100 1950 3171 praevaricationis
1971 3098 2087 3150 labe
2111 3109 2160 3171 ο

551 3204 829 3264 purgatos,
880 3197 1104 3248 maxime
1154 3193 1519 3260 superstitibus
1564 3192 1734 3243 adhuc
1760 3189 1862 3242 illis
1891 3187 1978 3256 qui
2006 3187 2089 3239 vei

549 3284 885 3338 abolitionem
916 3283 1124 3337 humani
1151 3282 1360 3350 generis
1404 3280 1454 3332 in
1484 3277 1708 3338 diluvio,
1739 3275 1820 3331 vel
1850 3285 2089 3328 constru-

551 3363 775 3428 Ctionetn
809 3373 963 3427 turris
999 3387 1059 3425 ac
1088 3370 1399 3425 divisionem
1446 3367 1736 3434 linguarum
1759 3404 1775 3427 ,
1807 3364 1890 3417 vel
1909 3360 2091 3430 perdi-

549 3465 747 3517 tionem
795 3463 1140 3517 Sodomorum
1183 3461 1233 3512 in
1285 3457 1589 3512 memoriam
1634 3461 1892 3508 tenerent.
1938 3451 2092 3504 Nam—

553 3567 654 3621 que
683 3553 849 3617 ipsum
897 3550 1017 3604 Sent
1065 3564 1226 3616 usque
1272 3549 1336 3601 ad
1365 3545 2091 3614 quinquagesimumannum

556 3638 838 3694 nativitatis
863 3638 1022 3692 .lacob
1059 3637 1372 3704 perdurasse
1409 3636 1458 3687 in
1489 3647 1707 3699 corpore
1731 3630 1964 3685 consulta
1991 3629 2095 3682 Ge-

555 3728 694 3783 nesis
719 3729 933 3782 historia
968 3736 1218 3790 testatur;
1266 3727 1348 3779 cui
1392 3723 1666 3778 sententia
1707 3720 1948 3786 congruit
1974 3718 2094 3770 bea-

552 3827 639 3870 tus
669 3831 797 3884 papa
830 3814 1110 3884 Gregorius
1136 3816 1315 3868 dicens
1356 3825 1680 3880 nequaquam
1720 3821 1837 3862 esse
1865 3806 2094 3860 creden-

552 3908 682 3962 dum
706 3916 810 3959 tam
852 3906 1059 3960 brevem
1108 3905 1374 3957 hominum
1419 3915 1672 3955 summam
1706 3897 1807 3952 illis
1846 3895 2095 3961 tempori-

554 3997 653 4051 bus
707 3997 772 4049 ad
805 3997 962 4048 vitam
1013 3995 1312 4061 pervenisse
1363 4001 1665 4059 perpetuam
1707 4001 1862 4055 quam
1912 3984 2096 4065 legifer

559 4090 762 4157 Hoyses
793 4087 1116 4154 paucissimis
1146 4082 1459 4150 scriptorum
1489 4095 1701 4135 suorum
1729 4078 1935 4131 videtur
1953 4090 2096 4128 com-

557 4179 882 4248 prehendere
909 4177 1277 4233 monumentis.
1307 4176 1454 4240 Quod
1481 4184 1653 4227 autem
1681 4171 1942 4226 Abraham
1987 4166 2095 4236 regi

561 4268 742 4321 sedqu
773 4269 984 4321 instanti
1013 4283 1072 4320 ac
1106 4267 1348 4320 nimirum
1400 4261 1718 4331 perQuirenti
1772 4273 1933 4325 quare
1964 4271 2093 4308 uso~

557 4371 674 4410 rem
704 4370 850 4407 suam
880 4355 1066 4408 dixerit
1097 4370 1212 4407 esse
1241 4367 1494 4414 sororem,
1518 4349 1843 4402 satisfaciens
1869 4348 1941 4398 ait
1963 4348 2100 4397 inter

562 4430 750 4500 Ctetera
771 4447 933 4498 :Alias
955 4454 1118 4498 autem
1143 4459 1251 4495 uere
1276 4458 1417 4494 soror
1441 4457 1547 4492 mea
1569 4447 1640 4491 est

560 4549 608 4592 et
633 4555 730 4590 non
757 4537 865 4604 [ilia
891 4537 1061 4589 matris
1082 4551 1202 4587 metu
1225 4553 1243 4598 ;
1267 4543 1412 4586 vetus
1437 4530 1706 4584 translatio
1728 4528 1900 4594 aptius
1928 4525 2102 4588 habet,

565 4627 762 4680 Etenim
788 4643 897 4679 vere
921 4641 1062 4678 soror
1089 4641 1194 4678 mea
1217 4633 1286 4677 est
1311 4623 1373 4674 de
1409 4630 1567 4690 patre,
1597 4619 1683 4671 sed
1705 4633 1803 4670 non
1831 4618 1893 4669 de
1917 4623 2106 4675 matre;

567 4718 616 4771 id
646 4709 725 4770 esi
747 4715 921 4769 fratris
951 4716 1065 4782 ejus
1090 4714 1189 4766 filia
1208 4753 1223 4776 ,
1274 4727 1376 4766 non
1405 4711 1637 4771 sororis;
1669 4710 1850 4759 fratres
1881 4717 2107 4770 namque

573 4806 684 4859 sive
714 4818 923 4857 sorores
971 4800 1339 4868 nonnunquam
1388 4801 1437 4852 in
1468 4797 1751 4863 Scripturis
1799 4781 2107 4861 cognatione

574 4900 847 4954 vocantur,
879 4893 964 4959 qui
992 4899 1114 4944 sunt
1137 4889 1203 4943 de
1230 4904 1330 4942 una
1357 4885 1573 4950 familia,
1605 4885 1652 4936 id
1674 4892 1752 4935 est
1777 4881 1958 4948 patria,
1983 4870 2111 4947 quas

574 4984 741 5039 Latini
797 4983 1132 5048 pateroitates
1176 4983 1611 5047 interpretantur,
1645 4990 1762 5026 cum
1793 4989 1857 5026 ex
1887 4987 1984 5024 una
2029 4985 2111 5022 ra-

573 5074 688 5128 dice
718 5073 874 5124 multa
907 5072 1112 5137 generis
1157 5070 1302 5121 turba
1331 5067 1670 5126 diffunditur;
1704 5062 1931 5130 alioquin
1961 5060 2112 5125 quale

578 5171 659 5216 est
688 5171 740 5212 ut
765 5157 1022 5211 Abraham
1055 5158 1131 5208 vir
1155 5155 1324 5222 justus
1350 5156 1506 5222 patris
1534 5155 1612 5206 sui
1649 5153 1808 5205 filiam
1839 5150 2112 5215 cnnjugettt

576 5248 877 5314 sumpserit,
904 5260 1022 5300 cum
1065 5245 1114 5297 in
1148 5244 1326 5311 primis
1353 5243 1642 5295 hominibus
1674 5249 1886 5307 propter
1914 5242 2113 5292 aurium

583 5342 861 5394 sanitatem
908 5338 958 5390 id
990 5338 1155 5403 ipsum
1187 5335 1449 5400 Scriptura
1496 5348 1594 5383 non
1627 5334 1884 5391 nominet,
1919 5329 2115 5382 malens

580 5426 800 5495 intelligi
848 5439 1001 5494 quam
1054 5423 1292 5491 proferri.
1332 5419 1579 5487 Quodque
1626 5419 1768 5474 Sara:
1808 5419 1939 5472 dixit
1987 5432 2114 5469 rex:

649 5633 674 5660 ι
715 5624 824 5686 AL,
856 5635 944 5688 per
973 5617 1216 5668 naturalis
1247 5617 1498 5667 scientiam
1527 5615 1664 5683 legis.

647 5689 676 5728 δ
712 5693 822 5753 AL,
853 5688 1142 5741 velamento.

2156 571 2181 609 1³
2205 564 2529 624 velamentum
2555 572 2812 624 oculorum
2836 569 2901 620 ad
2920 583 3086 621 omnes
3113 569 3195 636 qui
3232 577 3397 619 tecm
3417 573 3566 627 sunt,
3587 579 3718 631 quo—

2155 679 2344 731 cunque
2383 661 2688 728 perreseris;
2711 667 3043 723 armentaque
3066 667 3112 708 te
3125 655 3514 722 deprehensam.
3542 653 3716 718 Quan-

2156 752 2224 804 do
2246 753 2468 819 jocando
2511 751 2770 816 loquitur,
2798 763 2862 802 eo
2885 748 3022 816 quod
3054 749 3163 814 ipsa
3190 746 3386 798 dixerit
3419 753 3565 796 eum
3603 743 3716 793 fra-

2159 852 2290 894 trem
2332 855 2483 894 suum
2510 852 2658 903 esse,
2702 826 3191 904 deprehensamque
3231 834 3362 888 dicit
3389 846 3518 885 cum
3549 832 3719 882 situl-

2159 928 2313 997 lando
2341 925 2528 981 texerit
2555 930 2859 990 veritatem,
2906 920 3128 978 dicendo
3154 922 3368 974 fratrem
3401 933 3562 972 suum
3591 931 3719 969 em

2159 1031 2277 1072 eum
2309 1018 2392 1085 qui
2426 1015 2518 1067 fuit
2545 1015 2795 1077 maritus,
2842 1013 3182 1080 hortaturque
3234 1019 3288 1061 ut
3318 1012 3419 1060 hoc
3451 1008 3501 1059 in
3538 1018 3720 1073 poste-

2160 1122 2278 1159 rum
2308 1105 2624 1168 meminerit,
2658 1119 2724 1157 ue
2750 1103 2994 1170 deinceps
3018 1101 3173 1154 simili
3205 1097 3552 1152 simulatione
3580 1096 3719 1147 idem

2161 1197 2468 1264 opprobium
2507 1196 2835 1264 deprehensa
2875 1195 3180 1247 incurreret.
3236 1191 3386 1258 Quod
3433 1191 3479 1244 si
3536 1191 3592 1241 in
3622 1189 3721 1240 hae

2163 1285 2384 1338 lectione
2410 1283 2492 1336 ubi
2515 1282 2666 1346 Sara,
2700 1282 2958 1334 Abraham
2983 1280 3339 1346 permittente,
3367 1290 3550 1329 amata
3579 1291 3611 1329 a
3639 1289 3722 1329 re-

2163 1375 2312 1441 gibus
2357 1374 2583 1442 rapitur,
2637 1371 2727 1424 sed
2769 1370 2990 1424 Domino
3034 1379 3347 1436 procurante
3401 1368 3720 1420 intemerata

2168 1466 2276 1517 viro
2303 1463 2564 1525 redditur,
2605 1460 2938 1530 allegoricum
2967 1457 3090 1524 quid
3137 1459 3334 1510 sentire
3362 1455 3623 1515 delectat,
3654 1452 3722 1504 si-

2167 1553 2437 1619 gnificatur
2468 1561 2488 1586 ε
2525 1547 2754 1602 Ecclesia
2804 1543 3173 1598 tentafionibus
3202 1551 3526 1611 potestatum
3577 1559 3726 1593 utun-

2170 1642 2421 1693 danarum
2468 1638 2660 1702 saepius
2687 1649 2805 1689 esse
2836 1620 3116 1702 pulsanda,
3171 1634 3516 1700 permittente
3547 1632 3728 1697 utique

2179 1729 2398 1782 Domino
2421 1766 2436 1790 ,
2465 1728 2550 1792 qni
2583 1724 2662 1777 vir
2688 1721 2803 1790 ejus
2829 1721 2899 1775 ob
2921 1723 3116 1776 donum
3164 1735 3410 1788 superna
3437 1718 3728 1785 protectio-

2100 1799 2145 1860 Β
2178 1819 2256 1871 nis
2275 1826 2328 1870 et
2354 1815 2531 1886 gratias
2573 1812 2746 1867 vocari
2772 1812 3014 1880 dignatus
3041 1821 3160 1874 est,
3202 1819 3256 1862 ut
3295 1809 3607 1861 examinata
3636 1806 3725 1856 aif-

2177 1908 2366 1970 versis,
2396 1905 2722 1960 manifestius
2765 1917 2918 1971 quam
2950 1903 3020 1955 sit
3068 1900 3168 1953 fide
3216 1900 3363 1961 firma
3390 1939 3407 1962 ,
3434 1912 3540 1965 qua
3573 1897 3726 1950 casti-

2177 2008 2280 2052 tate
2304 1997 2411 2052 Deo
2431 1997 2614 2050 devota
2639 2039 2654 2063 ,
2702 2005 2891 2063 quanta
2927 1992 3154 2060 denique
3182 1992 3260 2043 sui
3289 1988 3608 2044 Conditoris
3637 2001 3728 2040 ea-

2174 2087 2342 2141 stodia
2365 2085 2430 2140 ab
2454 2084 2696 2138 omnibus
2724 2095 2933 2149 semper
2960 2080 3029 2133 sit
3063 2079 3293 2133 hostium
3326 2076 3538 2129 insidiis
3569 2083 3730 2126 tutan-

2175 2179 2262 2238 da.
2290 2177 2564 2237 clarescat,
2592 2187 2761 2240 neque
2788 2185 3016 2237 unquam
3047 2183 3074 2220 a
3105 2183 3216 2221 sua:
3245 2167 3363 2219 fidei
3388 2165 3730 2232 simplicitate

2175 2262 2573 2331 corrumpenda.
2607 2261 2754 2327 Quod
2787 2257 3305 2311 autern'rcdditurus
3343 2254 3533 2307 Saram
3570 2256 3730 2306 Abra-

2180 2359 2260 2410 hae
2291 2369 2381 2408 rex
2413 2354 2627 2405 donavit
2655 2350 2812 2403 simul
2836 2361 2962 2401 oves
2991 2356 3045 2400 et
3068 2347 3247 2409 boves,
3279 2357 3466 2398 servos
3493 2353 3554 2394 et
3579 2343 3733 2393 ancil-

2180 2447 2279 2506 las.
2309 2456 2364 2500 et
2393 2445 2666 2512 pecuniam
2697 2440 2968 2508 plurimam
2991 2480 3005 2500 ,
3037 2437 3160 2490 illud
3189 2434 3448 2504 signiﬁcat
3483 2442 3728 2500 tempus,

2177 2551 2280 2604 quo
2311 2548 2528 2601 regnum
2562 2532 2717 2600 hujus
2759 2529 2940 2584 mundi
2964 2527 3271 2581 Christiana:
3300 2525 3421 2578 fidei
3452 2533 3572 2577 erat
3603 2523 3731 2576 colla

2179 2628 2586 2686 submissurum,
2617 2634 2841 2688 eamque
2865 2619 3191 2688 religionem,
3225 2633 3378 2684 quam
3410 2616 3542 2668 olim
3572 2628 3734 2681 expue

2181 2728 2340 2785 gnare
2368 2712 2631 2770 nitebatur
2655 2751 2671 2776 ,
2711 2709 3034 2764 venerationi
3069 2707 3386 2760 habiturum.
3418 2705 3574 2770 Quod
3609 2703 3732 2756 Sara

2183 2803 2263 2856 bis
2288 2817 2316 2854 a
2345 2801 2555 2870 regibus
2582 2800 2859 2867 concupita
2905 2806 2956 2852 et
2990 2800 3135 2863 rapta
3159 2838 3172 2858 ,
3204 2809 3302 2849 nec
3327 2805 3504 2848 tamen
3537 2794 3734 2860 polluta

2185 2902 2282 2954 est,
2313 2891 2574 2960 quondam
2598 2889 2811 2958 quidem
2831 2887 3108 2963 juvencula
3138 2900 3166 2937 a
3192 2883 3493 2946 Pharaone,
3518 2891 3581 2936 et
3605 2895 3737 2933 πως

2191 2980 2484 3047 provectior
2519 2986 2674 3032 astate
2701 2977 2769 3031 ab
2795 2975 3097 3031 Abimelech
3119 3013 3135 3039 ,
3183 2973 3515 3040 significabat
3545 2970 3738 3023 Eccir

2193 3068 2346 3132 siam,
2378 3070 2612 3134 quamvis
2636 3079 2845 3131 semper
2865 3063 2916 3116 in
2945 3064 3042 3114 hac
3073 3062 3176 3113 vita
3205 3058 3476 3114 laboribus
3493 3071 3739 3111 exuun-

2193 3157 2341 3220 dam,
2376 3154 2504 3208 duas
2532 3164 2704 3207 tamen
2730 3153 2957 3220 majores
2977 3148 3186 3205 ceteris
3215 3145 3626 3216 persecutiona
3654 3159 3740 3197 ex—

2194 3257 2497 3315 perturam;
2545 3229 2703 3299 unam
2751 3242 2972 3297 Romani
3023 3241 3270 3308 imperii,
3323 3252 3484 3331 quain
3515 3236 3667 3290 velut
3694 3236 3744 3288 in

2186 3336 2464 3405 juventute
2512 3349 2602 3387 sua
2630 3347 2873 3402 perpessa
2891 3371 2907 3398 ,
2957 3329 3243 3385 fortissime
3270 3343 3332 3382 ac
3356 3327 3739 3396 gloriosissime

2196 3425 2418 3478 Domino
2464 3423 2744 3492 adjuVante
2793 3420 3098 3488 superavit;
3131 3420 3351 3472 alteram
3402 3416 3739 3476 Antichristi,

2195 3530 2351 3584 quam
2383 3513 2524 3568 velut
2552 3513 2603 3566 in
2624 3520 2912 3576 senectute,
2942 3510 3041 3563 hoc
3063 3518 3149 3563 est
3174 3508 3488 3561 imminente
3516 3504 3742 3558 termino

2197 3605 2502 3673 temporalis
2530 3617 2638 3656 sua:
2667 3600 2804 3664 vitae,
2850 3613 3065 3665 passura
3095 3609 3204 3664 est,
3235 3607 3391 3665 atque
3418 3596 3612 3650 eodem
3643 3596 3740 3647 mi-

2195 3704 2403 3749 serante
2431 3694 2648 3748 Domino
2673 3692 2958 3748 devictura.
2990 3691 3118 3745 Nam
3141 3692 3277 3757 quod
3296 3691 3425 3744 Sara
3448 3697 3616 3742 tanta:
3636 3694 3746 3743 erat

2199 3783 2628 3849 pulchritudinis,
2677 3792 2732 3834 ut
2787 3783 2945 3835 etiam
2974 3781 3248 3849 grandaeva
3276 3780 3346 3831 sb
3373 3779 3599 3847 gratiam
3647 3775 3746 3826 fore

2200 3885 2298 3924 inte
2330 3870 2582 3938 potuisset
2608 3871 2771 3922 amari
2791 3908 2805 3929 ,
2836 3867 3091 3936 significat
3123 3864 3410 3919 Ecclesiatn
3442 3864 3630 3914 ultimo
3658 3862 3745 3913 illo

2200 3956 2434 4028 tempore
2463 3969 2600 4014 tanta
2629 3959 2876 4025 virtutum
2922 3956 3086 4024 gloria
3116 3953 3468 4007 decorandsm
3488 3990 3503 4013 ,
3521 3953 3626 4003 cui
3657 3952 3746 4000 hu-

2198 4052 2294 4104 stis
2319 4063 2440 4104 acer
2468 4064 2585 4102 cum
2630 4047 2738 4100 suis
2784 4043 3100 4100 satellitibus
3143 4056 3246 4095 non
3291 4041 3568 4094 minimum
3617 4037 3745 4091 inri-

2200 4143 2360 4207 deat,
2414 4140 2636 4206 ideoque
2676 4153 2794 4192 eam
2844 4135 3046 4188 cunctis
3091 4131 3397 4186 insidiarum
3448 4143 3510 4184 ac
3558 4129 3744 4180 virium

2200 4245 2411 4286 suarum
2440 4230 2638 4281 artibus
2676 4239 2979 4293 expugnare
3020 4223 3342 4285 contendat;
3385 4221 3600 4286 impleta
3633 4230 3744 4283 pro-

2205 4319 2375 4385 phetia
2401 4330 2500 4382 qua
2547 4315 2613 4368 de
2643 4313 2760 4367 filiis
2804 4312 2918 4380 ejus
2944 4313 3183 4365 dicatur:
3233 4311 3409 4364 Adhuc
3445 4306 3745 4370 multiplica-

1647 4437 1775 4502 ,βιίο
1798 4438 1956 4502 pum,
1980 4434 2095 4499 ηιεξ,
2128 4425 2180 4484 ι)
2207 4410 2386 4460 buntur
2414 4408 2465 4458 in
2487 4418 2678 4463 senecta
2714 4406 2880 4467 uberi,
2926 4413 2969 4455 et
2998 4404 3113 4454 bene
3143 4403 3385 4468 patientes
3407 4409 3549 4451 crura
3577 4409 3636 4451 as
3661 4413 3746 4447 en-

2211 4498 2434 4550 nuutient
2459 4495 2626 4563 (Ptol.
2658 4511 2744 4558 xv,
2777 4493 2883 4558 19):
2916 4491 2966 4542 id
2987 4501 3090 4551 est,
3123 4501 3178 4542 ut
3204 4489 3359 4542 fidem
3391 4502 3491 4555 qus
3525 4484 3746 4554 glorian-

2212 4598 2294 4643 tur’
2324 4566 2631 4642 constanter
2661 4586 2795 4637 inter
2822 4581 2956 4635 mala
3002 4595 3120 4652 qua;
3151 4583 3415 4648 patiuntur
3440 4577 3747 4649 pradicant.

2211 4678 2357 4743 Quod
2387 4688 2609 4743 uterque
2635 4687 2726 4725 rex
2759 4685 2825 4725 ne
2853 4669 3035 4724 Soram
3065 4669 3315 4730 violaret,
3341 4669 3447 4721 Deo
3469 4675 3747 4733 procuran-

2210 4781 2281 4831 te,
2311 4775 2548 4820 servatus
2570 4771 2669 4827 est,
2699 4761 2952 4830 significat
2994 4761 3062 4813 ita
3103 4766 3496 4826 pet-secutorum
3531 4751 3745 4811 rabiam

2218 4857 2436 4911 Domino
2458 4855 2759 4916 miserante,
2787 4850 3158 4912 cobibendam,
3188 4855 3249 4900 ut
3279 4857 3432 4898 nemo
3456 4857 3524 4894 ex
3549 4839 3640 4894 his
3666 4843 3745 4909 qui

2212 4963 2334 5000 vere
2361 4947 2424 4999 ad
2453 4946 2737 4999 Ecclesiam
2778 4943 3072 5014 pertinent,
3102 4938 3268 5006 possit
3295 4950 3323 4987 a
3358 4934 3475 4988 ﬁdei
3505 4943 3558 4988 et
3578 4933 3750 4988 chari-

2214 5043 2359 5102 tatis,
2407 5053 2524 5107 quae
2563 5047 2645 5091 est
2689 5034 3018 5096 in'Christo,
3067 5030 3312 5082 castitate
3356 5027 3559 5082 seduci.
3605 5025 3749 5090 Quod

2216 5144 2428 5198 uterque
2457 5130 2638 5198 plagis,
2685 5139 2742 5182 ut
2767 5128 2950 5182 Saram
2984 5123 3094 5175 viro
3113 5135 3214 5174 suo
3239 5120 3488 5176 redderet
3509 5119 3751 5185 conpul-

2217 5240 2302 5277 sus
2331 5235 2442 5286 est,
2475 5231 2785 5289 raptumque
2829 5213 3163 5269 temerarium
3209 5212 3426 5278 pecunia
3455 5209 3614 5265 simul
3635 5204 3754 5260 dats

2217 5315 2462 5374 correxit,
2490 5311 2814 5379 significabat
2862 5309 3220 5372 persecutores
3249 5302 3448 5366 saepius
3473 5299 3542 5351 ab
3569 5293 3751 5363 injuria

2177 5427 2184 5433 -
2220 5408 2447 5461 fidelium
2477 5404 2792 5459 adversitate
2836 5411 2900 5450 ac
2937 5395 3140 5447 damnis
3183 5388 3749 5458 rerum‘temporaliutn

2295 5618 2314 5644 ε
2356 5605 2461 5668 AL,
2489 5598 2870 5652 Ecclesium.....
2889 5590 3200 5658 pulsandum.
