3872 6262
183 325 276 381 189

963 323 1026 379 lN
1066 321 1610 380 PENTATEUCHUM
1666 321 2142 379 COSIMENTARII.
2165 351 2236 367 -—
2257 325 2558 385 GENESIS.

3249 342 3348 399 £90

179 434 472 497 observari,
515 435 753 502 quamvis
809 433 1068 502 prlmitiva
1109 434 1162 488 in
1208 431 1548 502 lcrosolymls
1612 431 1710 484 Ec-
1734 435 1781 489 Α
1811 433 1972 498 magis
1999 444 2051 484 et
2077 432 2320 487 vanitatis
2346 449 2504 502 quam
2543 438 2856 506 evangelica:
2897 455 3011 496 erat
3062 449 3340 517 veritatis;

178 520 332 578 clesia
359 522 548 576 multas
575 520 703 590 legis
722 521 1090 586 catt-emonias,
1118 521 1272 576 etiam
1291 522 1435 589 juxta
1461 519 1704 585 litteram,

177 607 521 673 observabat,
560 606 957 663 )udaiaantihns
983 623 1188 677 quoque
1212 608 1290 663 eis
1316 609 1406 678 qui
1444 621 1510 663 ex
1541 608 1709 676 genti-

177 693 270 750 bus
298 695 473 751 vocati
517 697 581 750 ad
631 696 1042 764 Meminerant,
1081 697 1251 751 donec
1299 697 1512 751 dilatata
1554 696 1708 766 longe

175 783 382 850 lateque
421 797 516 853 per
541 783 752 848 orbem,
799 783 957 839 etiam
1004 784 1311 839 sacerdotes
1357 797 1419 838 ac
1463 784 1708 840 doctores

177 881 405 940 ceperat
445 872 637 926 habere
682 872 748 926 de
791 872 1055 940 gentibus,
1095 872 1189 941 qui
1232 873 1430 927 nullam
1474 873 1706 928 ludaicat

179 960 556 1015 observationis
588 976 767 1016 curam
795 961 1068 1026 haberent,
1108 961 1200 1015 sed
1228 971 1427 1016 tantum
1455 961 1707 1032 simplici-

172 1053 277 1102 tate
303 1047 599 1103 Christiana
637 1050 938 1117 apostolicis
972 1059 1025 1102 et
1069 1049 1388 1120 evangelieis
1415 1052 1706 1116 gauderent

169 1135 462 1190 auscultare
501 1137 758 1200 decretis;
803 1136 886 1191 cui
929 1135 1175 1191 videlicet
1202 1136 1575 1192 ecclesiasticas
1619 1140 1702 1194 dl-

169 1225 435 1292 spositlnni
531 1228 880 1295 pulcherrime
943 1227 1105 1293 ﬁgura
1171 1227 1392 1282 ﬁliorum
1470 1229 1701 1284 concinit

167 1311 419 1378 Abraha;
468 1314 611 1382 prius
665 1329 890 1380 namque
943 1331 1098 1385 quam
1146 1326 1296 1370 natus
1338 1328 1474 1371 esset
1535 1321 1697 1382 Isaac,

167 1401 424 1456 Abraham
456 1412 510 1458 et
536 1403 663 1459 Sara
689 1404 753 1458 ad
788 1405 968 1461 lsmael
999 1408 1148 1475 quasi
1192 1406 1257 1460 ad
1298 1409 1506 1461 unicum
1540 1391 1700 1462 tilium

165 1489 545 1558 adgaudebant,
575 1503 631 1546 ut
654 1501 776 1560 pote
817 1494 908 1562 qui
952 1494 1079 1548 nihil
1106 1495 1275 1550 adhuc
1314 1497 1573 1567 supcrbiae
1614 1497 1698 1552 vel

166 1577 389 1636 levitatis
411 1580 463 1634 in
486 1592 665 1637 mente
690 1592 775 1636 aut
807 1583 1041 1639 moribus
1070 1573 1400 1651 ostendebat,
1429 1587 1550 1654 quia
1579 1598 1701 1641 ante

166 1665 574 1724 lnoarnationeln
623 1669 944 1725 Dominicam
988 1687 1050 1726 ac
1078 1673 1452 1727 revelationem
1497 1676 1694 1743 gratias,
1733 1706 1741 1743 ς

1809 517 1914 570 imo
1939 522 2236 586 persecutio
2261 532 2377 575 erat
2399 538 2500 577 non
2532 526 2740 578 minima
2764 542 2858 582 eos
2887 534 2973 598 qui
2998 535 3341 594 manifestata:

1802 607 1907 675 jam
1960 609 2089 662 lueis
2144 608 2288 665 dono
2335 611 2664 679 fruebantur,
2715 617 2764 667 in
2797 620 3008 672 umbras
3056 624 3338 691 figurarum

1805 697 2032 750 voluisse
2055 699 2341 764 reducere;
2368 701 2505 755 unde
2533 717 2653 756 mox
2685 705 2848 770 gratia
2889 718 3055 761 mater
3084 727 3177 776 per
3206 730 3336 779 apo—

1805 784 2058 837 stolorum
2093 786 2372 839 concilium
2419 787 2518 841 bne
2544 789 2728 857 dogma
2754 807 2870 846 cum
2895 793 3005 848 suis
3033 799 3339 853 auctoribus

1806 869 2115 939 ejiciendum
2144 886 2263 926 esse
2292 872 2630 931 decernebat.

1873 956 1992 1012 Non
2020 959 2148 1011 enim
2173 959 2330 1013 heres
2350 962 2463 1026 erit,
2494 963 2752 1029 inquiens,
2795 965 2932 1031 ﬁlius
2970 967 3168 1023 ancilla
3207 987 3324 1025 citas

1803 1046 1910 1113 ﬁlio
1938 1057 1960 1086 ε
1986 1063 2093 1102 meo
2123 1046 2289 1102 isaac.
2336 1048 2484 1114 Quod
2536 1051 2820 1119 Apostolus
2866 1057 3036 1120 posuit
3081 1073 3201 1113 cum
3229 1060 3335 1116 tilio

1802 1133 2001 1199 libere,
2031 1134 2151 1204 quia
2183 1135 2323 1189 nulla
2353 1138 2557 1192 ratione
2583 1153 2702 1192 eum
2729 1145 3054 1210 praeconibus
3077 1133 3331 1214 veritatis,

1805 1222 1894 1292 qui
1950 1240 2048 1278 nos
2103 1241 2196 1292 per
2243 1229 2460 1293 gratiam
2505 1227 2710 1281 Domini
2763 1231 2887 1284 Jesu
2915 1234 3100 1286 salvari
3144 1235 3335 1291 debere

1807 1313 2116 1379 ptattlicant,
2169 1315 2482 1383 suscipiendi
2538 1327 2657 1369 sunt
2709 1317 2820 1369 falsi
2864 1318 3126 1384 doctores,
3154 1323 3240 1389 qui
3266 1324 3336 1376 ita

1799 1402 2008 1455 demum
2051 1403 2204 1454 nobis
2233 1403 2364 1459 hanc
2391 1407 2608 1472 gratiam
2639 1408 2884 1473 prodesse
2920 1408 3252 1476 conﬂi-utaut,
3282 1411 3329 1465 si

1805 1492 1963 1544 etiam
1991 1490 2394 1546 circumcisione
2410 1492 2558 1560 juxta
2591 1493 2720 1562 legis
2750 1496 2902 1545 ritum
2925 1508 3330 1562 consecremur;

1799 1581 1923 1649 quin
1946 1582 2116 1647 potius
2143 1581 2210 1634 ab
2233 1582 2540 1637 litereditate
2563 1585 2770 1653 gratia,
2794 1600 2908 1654 quae
2930 1593 3011 1639 est
3032 1587 3080 1637 iu
3102 1587 3336 1653 Christo,

1801 1667 1852 1721 in
1908 1680 2161 1722 :eternnut
2218 1673 2596 1738 permanebunt
2650 1685 2922 1738 exsortes,
2968 1674 3055 1741 qui
3100 1674 3334 1742 ejusdem

165 1758 322 1810 etiam
361 1757 624 1825 spiritales
669 1760 864 1828 quique
913 1761 962 1813 in
1013 1761 1126 1828 lege
1175 1760 1484 1828 letabantnr
1505 1740 1694 1829 ipsum
1725 1740 1772 1797 Β
1799 1759 1981 1825 gratim
2012 1759 2256 1811 virtutem
2287 1769 2500 1827 negant,
2531 1767 2615 1812 aut
2641 1774 2700 1813 se
2740 1763 2855 1815 sine
2880 1740 3043 1828 gratia
3075 1740 3142 1812 de
3164 1761 3333 1829 operi-

162 1845 328 1914 legem
359 1863 388 1901 a
411 1847 608 1917 populo
629 1850 904 1906 devotione
932 1851 1105 1905 cordis
1133 1852 1338 1906 sincera
1371 1852 1522 1920 juxta
1554 1855 1693 1905 litte-

163 1949 271 1988 ram
295 1936 569 1991 custodiri.
598 1937 663 1992 Et
691 1938 909 2004 merito;
940 1954 1106 2007 neque
1130 1939 1271 1994 enim
1301 1941 1525 2007 pomtlus
1555 1940 1710 1994 idem'

161 2033 341 2081 contra
385 2025 603 2097 gratiam
649 2028 1010 2096 repugnabat,
1063 2037 1154 2081 aut
1201 2027 1366 2094 legem
1416 2026 1696 2096 Evangelio

155 2113 491 2184 prtefcrebat';
534 2115 625 2170 sed
672 2131 734 2170 ea
779 2131 894 2183 quat
941 2118 1051 2171 sola
1104 2124 1382 2184 acceperat
1427 2123 1694 2186 praecepta

156 2203 373 2274 just'tize
413 2204 554 2261 Μοῐί
599 2214 776 2261 mente
821 2205 1140 2261 sectabatur.
1172 2205 1274 2262 Sed
1314 2216 1370 2260 et
1397 2217 1520 2259 nato
1552 2206 1696 2260 Isaac

153 2305 217 2347 ac
243 2292 466 2348 necdum
491 2293 774 2358 ablacta.o,
804 2287 1052 2348 vilescere
1077 2295 1286 2363 quidem
1315 2309 1412 2362 cm.
1437 2296 1475 2348 it
1501 2303 1522 2330 ι
1545 2310 1694 2350 amor

154 2381 362 2446 lsmael,
391 2394 447 2437 ut
477 2395 598 2452 pote
637 2382 1116 2454 congiatulantibzis
1138 2384 1442 2451 parentibus
1474 2385 1537 2437 ad
1562 2383 1694 2438 nati-

150 2474 366 2529 vitatern
395 2473 559 2539 Isaac,
579 2475 730 2542 quasi
756 2474 954 2544 proprii
993 2473 1267 2528 amborum
1311 2475 1426 2538 lilii,
1455 2476 1543 2544 qui
1587 2491 1690 2528 non

152 2570 329 2617 tamen
357 2561 552 2632 aliquid
581 2562 752 2618 adhuc
778 2563 845 2618 de
872 2563 1184 2631 expulsione
1207 2562 1416 2627 lsmael,
1442 2565 1554 2618 sive
1583 2579 1694 2618 ma-

153 2651 248 2705 tris
274 2648 397 2718 ejus
420 2650 734 2716 tractabant,
763 2651 907 2718 quia,
938 2651 1165 2705 revelata
1187 2650 1296 2719 jam
1324 2653 1488 2722 gratia
1522 2652 1694 2705 Evano

149 2741 296 2808 gelii,
317 2750 373 2794 et
393 2740 793 2810 pmdicantibus
817 2741 1079 2795 Christum
1110 2742 1383 2809 apostolis,
1416 2741 1691 2796 ltetabatur

147 2831 385 2887 Ecclesia
430 2832 794 2898 credentium,
843 2832 1153 2887 laetabantur
1192 2833 1291 2901 ipsi
1336 2832 1583 2887 doctores
1623 2832 1690 2887 de

143 2923 338 2977 collata
366 2921 468 2978 sibi
496 2923 841 2992 promissione
861 2924 1004 2993 regni
1038 2924 1150 2988 Dei,
1179 2938 1276 2979 nec
1303 2934 1476 2978 tamen
1504 2926 1690 2980 obser-

145 3010 382 3064 vantiam
428 3010 842 3066 circumcisionis
887 3020 941 3066 et
988 3011 1276 3066 hostiarum
1329 3009 1686 3081 feriarumque

141 3095 392 3165 legalium
413 3097 562 3165 quasi
589 3112 970 3166 supervacuam
994 3097 1268 3153 confestim
1290 3113 1542 3168 respuere
1569 3114 1684 3155 cer-

144 3187 345 3242 tabant.
392 3186 570 3256 Neque
614 3188 754 3240 enim
803 3187 1046 3241 valebant
1090 3202 1150 3242 ea
1197 3202 1315 3258 qua:
1342 3202 1371 3242 a
1417 3188 1525 3242 Dco
1567 3203 1685 3246 esse

137 3275 424 3330 constituta
470 3284 747 3340 noverant,
779 3285 991 3343 repente
1033 3279 1185 3346 quasi
1215 3278 1371 3331 noxia
1406 3277 1683 3344 repellere,

138 3365 373 3422 maxime
402 3380 522 3421 eum
551 3364 688 3421 inter
716 3367 1013 3435 bujusmodi
1053 3370 1458 3425 consuetudines
1500 3379 1679 3424 tenera

137 3455 316 3510 adhuc
342 3463 399 3510 et
427 3456 574 3525 quasi
616 3455 818 3510 lactans
863 3467 1058 3511 sancta:
1099 3457 1348 3513 Ecclesia
1395 3459 1683 3512 nutriretur

139 3541 386 3598 infantia.
433 3543 706 3598 Ablactato
736 3553 914 3598 autem
954 3545 1118 3611 Isaac,
1152 3546 1279 3600 vidit
1322 3545 1448 3599 Sara
1496 3546 1678 3600 luden-

138 3642 243 3686 tem
287 3631 495 3686 ancilla
543 3631 729 3697 lilium,
760 3639 815 3686 et
853 3631 1165 3700 ejiciendum
1195 3647 1312 3688 esse
1340 3649 1460 3688 cum
1508 3642 1679 3689 matre

135 3723 412 3788 decrevit,
456 3723 574 3792 quia
619 3729 890 3791 postquam
938 3723 1203 3776 convaluit
1248 3723 1298 3775 in
1340 3721 1443 3776 lile
1484 3722 1677 3777 Christi

135 3811 374 3868 Ecclesia
418 3811 486 3867 de
524 3812 788 3883 gentibus,
832 3822 1090 3867 venerunt
1115 3817 1144 3855 δ
1166 3815 1375 3883 quidem
1405 3814 1471 3868 de
1497 3815 1675 3868 .Iudtea

134 3901 381 3958 carnales
405 3915 585 3967 sensu,
628 3903 777 3972 quasi
807 3917 930 3958 vere
965 3903 1172 3958 ancillas
1216 3905 1328 3967 lilii,
1359 3913 1414 3959 et
1458 3905 1679 3959 necdum

135 3994 326 4060 spiritu
351 3994 534 4065 gratia
562 3993 706 4049 liberi
732 3993 853 4047 lacti
880 3993 1112 4056 Christo.
1136 3994 1386 4048 docentes
1412 3995 1599 4048 fratres
1619 4008 1680 4048 ac

138 4079 382 4138 dicentes
407 4097 422 4133 :
453 4078 586 4145 Quia
624 4081 722 4134 nisi
748 4081 1175 4134 circumcidamitti
1198 4082 1469 4135 “cundum
1496 4096 1681 4133 morem

137 4165 330 4238 logei,
352 4167 478 4222 salsi
501 4168 612 4235 ﬁeri
639 4185 739 4223 nou
780 4171 982 4236 potestis
1010 4175 1150 4239 (Act.
1183 4184 1269 4236 xv,
1295 4169 1370 4240 1),
1395 4171 1532 4240 quod
1565 4167 1672 4222 ludi

203 4304 236 4336 ⁸
275 4297 388 4362 ΑΙ..
411 4304 625 4351 amator.

204 4363 232 4403 δ
273 4366 385 4432 AL,
416 4367 644 4436 quidam.

1795 1843 1893 1896 bus
1951 1844 2231 1898 extollunt.
2291 1844 2425 1901 Sunt
2451 1854 2506 1900 et
2537 1847 2692 1902 hodie
2745 1848 2976 1901 nonnulli
3009 1850 3058 1900 in
3103 1847 3334 1901 Ecclesia

1798 1934 1918 1985 novi
1967 1934 2177 1999 quidem
2235 1937 2536 1990 testamenti
2589 1940 2938 1992 sacramentis
2988 1939 3189 2002 imbuti,
3239 1938 3329 1991 sed

1793 2034 1887 2087 per
1932 2020 2274 2076 intentionem
2320 2026 2477 2077 animl
2522 2025 2750 2078 carnalis
2778 2024 2842 2079 ad
2876 2034 3022 2080 vetus
3051 2036 3334 2082 ti:statnen-
3369 2017 3372 2020 ’

1794 2117 1903 2160 tum
1942 2119 2100 2176 atque
2125 2109 2190 2162 ad
2222 2109 2438 2178 ﬁguram
2483 2114 2620 2180 Agar
2645 2123 2697 2164 et
2740 2109 2923 2166 lsmael
2975 2112 3330 2180 pertinentes;

1793 2209 1900 2249 non
1950 2197 2089 2263 quod
2137 2211 2258 2251 vere
2289 2199 2482 2253 veteris
2512 2201 2807 2253 testamenti
2839 2203 3078 2255 mandata
3119 2213 3328 2258 secten-

1794 2291 1896 2347 tur,
1928 2297 1998 2338 ex
2029 2285 2218 2350 quibus
2249 2285 2501 2338 Dominus
2515 2287 2632 2340 ait:
2665 2288 2726 2342 Si
2753 2292 2825 2341 vis
2865 2291 3031 2343 uenire
3054 2290 3122 2342 ad
3162 2292 3332 2354 vitam,

1789 2389 1931 2427 serva
1958 2378 2196 2428 mandata
2224 2375 2432 2445 (Matth.
2463 2392 2572 2441 xtx,
2600 2379 2709 2444 l7),
2751 2379 2842 2430 sed
2874 2381 2992 2445 quia
3023 2383 3329 2446 temporalia

1795 2478 1827 2516 a
1880 2464 2100 2520 Domino
2156 2469 2407 2522 beneﬁcia
2461 2469 2712 2537 neglectis
2761 2469 2972 2523 aeternis
3022 2472 3323 2537 requirunt,

1792 2570 1911 2627 qua
1959 2568 2109 2612 vctus
2155 2560 2424 2626 Scriptura
2462 2560 2613 2628 juxta
2647 2562 2869 2614 litteram
2906 2561 3167 2633 intellecta
3199 2576 3332 2613 nun-

1798 2661 2063 2714 nunquam
2097 2662 2288 2702 sonare
2314 2651 2522 2704 videtur
2560 2651 2726 2717 magis
2763 2651 3160 2716 amplectentes,
3190 2651 3329 2717 quod

1787 2736 1862 2788 ait
1891 2749 1986 2803 per
2015 2735 2330 2803 Propltetam
2366 2739 2612 2792 Dominus
2638 2756 2651 2797 :
2683 2739 2742 2793 Si
2762 2739 3011 2792 volueritis
3033 2747 3075 2791 et
3107 2738 3329 2790 audieri-

1786 2826 1848 2878 tis
1869 2841 1966 2890 me,
1991 2825 2118 2878 bona
2146 2833 2289 2878 terra:
2307 2829 2571 2880 comedetis
2593 2827 2740 2896 (Isai.
2773 2843 2831 2893 tt,
2865 2830 2974 2898 ω),
3005 2844 3160 2899 quam
3190 2828 3326 2896 quod

1786 2915 1860 2968 ait
1900 2929 1994 2983 per
2036 2915 2305 2983 seipsum:
2361 2915 2505 2969 Beati
2551 2933 2819 2986 μακροῖσι,
2862 2921 2982 2987 quia
3017 2927 3325 2984 urstrnmest

1785 3019 1991 3075 regnum
2022 3002 2114 3057 Dei
2149 3004 2358 3073 (Matth.
2386 3007 2438 3073 ν)
2468 3021 2482 3069 ;
2510 3007 2574 3057 de
2604 3006 2793 3074 quibus
2839 3007 2965 3059 dicit
3013 3008 3327 3072 Apostolus:

1793 3093 1976 3147 Omnes
2001 3094 2131 3147 enim
2158 3110 2251 3147 sua
2276 3102 2525 3160 quarrunt,
2552 3110 2650 3146 non
2670 3111 2780 3164 qua
2801 3093 2826 3131 ἀ
2857 3106 2970 3149 sunt
2993 3094 3116 3149 Iesu
3142 3095 3330 3148 Clit-isti

1788 3183 1960 3254 (Phil.
1989 3199 2048 3249 tt,
2074 3183 2190 3253 2|),
2218 3186 2304 3253 qui
2335 3187 2445 3238 sive
2472 3184 2527 3237 in
2546 3186 2750 3238 actibus
2798 3201 3018 3253 nequam
3073 3187 3205 3239 inter
3234 3186 3328 3238 bo—

1789 3289 1887 3329 nos
1940 3275 2236 3330 catholicos
2271 3275 2338 3329 ad
2387 3286 2606 3328 mortem
2651 3289 2814 3342 usque
2860 3276 3162 3342 prrdureut,
3214 3277 3326 3330 sive

1786 3375 2002 3434 propter
2038 3365 2267 3417 haereses
2314 3373 2369 3415 et
2410 3373 2588 3429 aperta
2652 3362 2930 3415 schismata
3008 3363 3318 3416 sacerdotali

1779 3452 1976 3519 judicio
2001 3451 2068 3504 de
2090 3449 2322 3505 Ecclesia
2354 3461 2599 3520 tanquam
2627 3452 2830 3504 ancillas
2861 3451 2950 3503 lilii
3008 3467 3098 3516 per
3133 3450 3319 3505 Siram

1785 3540 2000 3594 liberam
2035 3541 2392 3608 expellautur,
2439 3539 2778 3593 nihilominus
2826 3553 3011 3591 omnes
3047 3539 3096 3591 in
3122 3537 3322 3604 judicio

1785 3628 1976 3693 l‘uturo,
2009 3629 2098 3698 qui
2129 3644 2231 3682 non
2263 3639 2416 3682 antea
2447 3645 2506 3683 se
2535 3639 2895 3693 correxerunt,
2922 3628 2989 3680 ab
3022 3626 3326 3680 hereditate

1786 3718 2164 3773 benedictionis
2214 3719 2366 3772 alieni
2414 3718 2701 3772 redduntur
2727 3727 3088 3771 etexturres:
3143 3715 3320 3769 Omnis

1781 3810 1913 3862 enim
1940 3809 2023 3874 qui
2046 3808 2165 3868 facit
2194 3817 2472 3875 peccatum,
2494 3824 2659 3861 seruus
2686 3817 2757 3860 est
2787 3807 3010 3875 peccati;
3038 3822 3206 3858 servus
3228 3822 3322 3857 au-

1783 3907 1880 3952 tem
1925 3914 2026 3951 non
2073 3908 2238 3949 ntauet
2258 3899 2307 3948 in
2333 3896 2557 3949 domoin
2590 3903 2861 3959 internum;
2902 3894 3034 3962 ﬁlius
3067 3902 3233 3947 manet
3263 3894 3317 3945 in

1782 3997 2042 4041 tulerunt.
2086 3987 2148 4041 Si
2176 4002 2296 4053 ergo
2324 3987 2484 4053 ﬁlias,
2534 3985 2717 4053 inquit,
2751 4000 2834 4037 ros
2868 3983 3166 4047 liberaverit,
3203 3997 3313 4034 orre

1783 4077 1932 4131 liberi
1954 4076 2096 4129 eritis
2127 4074 2301 4144 (Iona.
2329 4088 2444 4140 vm,
2475 4071 2586 4141 54).

1855 4299 1876 4327 ⁸
1919 4295 2002 4350 Al.
2030 4293 2177 4350 deest
2205 4309 2332 4347 meo.

1850 4364 1874 4404 ἀ
1913 4365 1996 4419 ΔΙ.
2025 4365 2174 4419 deest
2194 4373 2329 4416 sunt.

135 4494 3322 4524 ________________________________________________

287 4761 292 4765 _
363 4621 526 4750 IN
599 4623 1861 4773 PENTATEUCHUM
1946 4609 3074 4745 COMMENTARII.

1504 4835 1970 4854 ψ

745 4931 1281 5008 EXPOSITIO
1339 4931 1446 5050 1N
1494 4926 1895 5006 PRIMUM
1946 4923 2328 5003 LIBRUM
2387 4889 2688 4998 MOSIS

804 5103 930 5178 Qui
961 5101 1198 5165 dicitur
1227 5098 1528 5162 Hebraiee
1561 5101 1902 5171 Banestrn,
1931 5095 2134 5157 Graec
2161 5102 2360 5154 autem
2387 5095 2675 5156 Genesis.

637 5307 862 5366 CAPUT
899 5307 1168 5363 PRIMUM.

203 5398 270 5456 In
301 5397 546 5469 principio
587 5398 770 5452 aravit
808 5399 943 5453 Deus
984 5400 1158 5454 calum
1185 5409 1230 5453 et
1260 5408 1465 5452 terram.
1494 5397 1683 5466 Utique

134 5503 241 5542 nun
273 5489 331 5542 in
355 5484 612 5557 principio
639 5484 914 5551 temporis,
945 5486 1084 5541 Deus
1108 5487 1248 5541 enim
1274 5485 1391 5538 fecit
1419 5494 1674 5550 tempora.

134 5580 198 5632 Et
225 5580 352 5634 ideo
395 5587 668 5643 antequam
701 5573 838 5628 Deus
870 5577 1060 5630 taceret
1108 5586 1358 5643 tempora,
1398 5588 1498 5628 non
1531 5582 1679 5628 erant

1718 5320 1768 5378 ι)
1793 5317 2048 5371 tempora.
2077 5292 2190 5355 Non
2218 5314 2343 5368 ergo
2364 5312 2640 5366 possumus
2675 5296 2850 5350 dic-ere
2893 5296 3151 5362 quomodo
3185 5295 3319 5348 Deus

1789 5391 2018 5448 nondum
2050 5389 2244 5456 aliquid
2277 5389 2485 5441 iecerat.
2530 5385 2845 5450 Principium
2888 5385 3041 5454 igitur
3079 5385 3316 5439 Christus

1785 5492 1884 5546 est,
1916 5481 2002 5548 qui
2033 5481 2081 5532 in
2105 5478 2383 5546 Evangelia
2409 5476 2570 5531 dicit:
2606 5473 2713 5545 Ego
2740 5491 2849 5528 sum
2881 5477 3197 5544 principium,
3225 5477 3310 5544 qni

1783 5583 1828 5626 et
1884 5573 2056 5638 loquar
2106 5569 2256 5622 nobis.
2312 5566 2588 5634 Propterea
2653 5574 2829 5628 autem
2884 5561 3308 5618 commemoratio
