3872 6262
708 605 1011 674 principium
1045 606 1145 650 est.
1179 569 1461 646 Exordiutn
1511 586 1705 656 quippe
1731 591 1992 636 creatura
2017 569 2102 632 ini

563 669 798 755 sinuatur
832 691 1001 744 adhnc
1043 682 1379 751 imperfectae.
1417 677 1498 731 Fit
1528 683 1700 728 autem
1739 669 1836 723 lilii
1863 682 2102 722 comme-

568 784 786 841 moratio
810 823 825 843 ,
854 779 969 847 quia
1013 775 1226 827 verbum
1257 775 1358 828 est,
1385 767 1435 820 in
1463 780 1526 819 eo
1554 761 1690 829 quod
1724 760 1974 826 scriptum
1994 766 2098 820 est,

568 872 696 930 tlth
720 872 871 933 Deus,
901 868 1053 921 Fiat:
1078 862 1195 932 quia
1219 857 1466 927 perfectio
1489 863 1743 908 creatum
1765 851 1835 904 ibi
1857 849 2099 903 insinua-

571 975 670 1018 tur.
702 961 847 1029 Quod
881 974 1004 1021 ergo
1028 954 1223 1006 dictum
1251 956 1366 1003 est:
1395 947 1456 998 lu
1483 943 1730 1010 principio
1757 939 1939 994 ereum
1963 937 2102 991 Deus

568 1027 747 1110 caloni
773 1062 817 1104 et
848 1059 1051 1106 terram,
1078 1041 1349 1097 materiam
1372 1038 1534 1092 tutius
1561 1041 1818 1086 creatura:
1840 1027 2093 1090 ostendit,

573 1141 839 1199 rationalis
868 1149 918 1188 et
941 1131 1255 1201 corporalis,
1282 1127 1334 1181 id
1381 1133 1486 1186 est,
1530 1121 1831 1187 angelorum
1860 1129 1911 1173 et
1941 1117 2096 1184 hujus

572 1231 771 1288 mundi.
830 1227 1118 1291 Utrumque
1162 1219 1319 1287 igitur
1373 1214 1494 1268 fecit
1540 1211 1712 1272 Deus;
1745 1207 2016 1262 materiam
2044 1212 2099 1260 et

517 1316 542 1323 A
571 1319 822 1380 formam;
862 1316 996 1367 sicut
1022 1323 1117 1362 vox
1144 1318 1197 1362 et
1217 1306 1428 1359 verbum
1451 1300 1608 1355 simul
1632 1301 1707 1362 lit,
1732 1296 1969 1363 quamvis
1999 1310 2096 1348 vox

573 1412 713 1479 prior
739 1410 806 1460 sit
841 1405 1058 1472 origine.
1092 1397 1323 1464 Denique
1357 1393 1624 1461 Scriptura
1664 1392 1736 1442 ait
1779 1405 1790 1440 :
1821 1387 1917 1454 Qui
1943 1385 2104 1455 fecisti

570 1475 811 1550 mundum
840 1492 901 1544 de
926 1487 1130 1541 materia
1159 1483 1380 1552 informi.
1408 1481 1512 1535 Sed
1537 1479 1749 1532 materia
1775 1477 1905 1530 facta
1932 1483 2014 1530 est
2037 1475 2106 1528 de

573 1582 772 1645 nihilo,
823 1577 1000 1631 mundi
1061 1587 1184 1627 vero
1230 1572 1434 1639 species
1480 1569 1546 1622 de
1590 1567 1800 1621 informi
1858 1565 2095 1619 materia.

571 1672 796 1727 Proinde
835 1671 966 1724 duas
1013 1678 1240 1722 restante
1289 1679 1496 1719 omnem
1545 1662 1680 1718 diem
1714 1670 1766 1714 et
1793 1670 1914 1714 ante
1952 1674 2107 1714 omne

573 1773 775 1831 tempus
815 1757 1045 1814 condidit
1076 1758 1230 1818 Deus,
1279 1754 1565 1824 angelicam
1613 1752 1850 1807 videlicet
1898 1761 2107 1803 creatu-

572 1869 704 1919 ram,
733 1864 787 1906 et
816 1853 1090 1904 informem
1121 1847 1390 1899 materiam
1411 1862 1428 1895 ;
1475 1845 1713 1910 quamvis
1751 1843 1892 1894 enim
1933 1842 2107 1892 omnia

571 1942 728 1997 simul
761 1941 891 1993 facta
923 1947 1063 2000 sunt,
1096 1935 1191 2000 Qui
1217 1934 1346 1986 enim
1372 1975 1386 1996 ,
1421 1932 1589 1997 inquit
1617 1930 1883 1988 Salomon,
1913 1928 2028 1980 uiuit
2057 1926 2109 1980 in

568 2045 826 2093 a'ternum,
871 2030 1053 2082 crearit
1099 2026 1266 2079 omnia
1292 2023 1463 2088 simul,
1503 2023 1595 2078 sed
1636 2029 1858 2086 tantum,
1891 2031 1944 2072 ut
1973 2035 2108 2086 ρι-ω-

575 2127 824 2187 diximus,
872 2121 1128 2188 originem
1156 2118 1391 2170 materiae
1417 2111 1657 2167 informis
1683 2113 1957 2165 formatam
1987 2125 2112 2178 spe-

576 2221 735 2280 ciem,
759 2215 897 2267 sicut
923 2227 1019 2263 vox
1048 2210 1262 2264 verbum
1287 2205 1570 2259 antecedit.
1603 2202 1780 2270 Itaque
1808 2218 1909 2255 nou
1935 2204 2110 2256 omnia

576 2324 640 2362 ex
668 2305 834 2360 nihilo
863 2304 981 2357 fecit
1005 2302 1163 2365 Deus,
1193 2297 1284 2352 sed
1305 2296 1542 2364 qum’dam
1571 2310 1636 2349 ex
1660 2289 1842 2359 nihilo,
1874 2294 2110 2359 quoniam

575 2415 638 2454 ex
669 2400 863 2462 aliquo,
894 2395 1127 2451 condidit
1154 2395 1311 2449 Deus.
1347 2393 1416 2445 De
1439 2391 1606 2444 nihilo
1635 2389 1907 2447 mundum,
1941 2396 1993 2437 et
2021 2399 2113 2436 an-

577 2490 746 2556 gelos.
776 2499 831 2540 et
869 2487 1094 2539 animam
1119 2502 1133 2548 ;
1159 2499 1221 2537 ex
1253 2484 1442 2550 aliquo,
1469 2480 1730 2532 hominem
1753 2487 1806 2530 et
1835 2490 2039 2544 pecora,
2063 2483 2116 2527 et

577 2585 798 2640 caeteras
823 2587 1110 2630 creaturas.
1139 2572 1260 2624 Haec
1278 2571 1424 2640 juxta
1444 2570 1736 2621 historiam.
1761 2565 2115 2634 Spiritualiter

577 2675 750 2718 autem
779 2666 830 2716 in
859 2665 957 2717 hoc
994 2663 1247 2731 principio
1273 2660 1482 2714 Christo
1507 2660 1634 2712 fec't
1676 2658 1811 2711 Deus
1841 2657 2032 2712 cm‘utn
2063 2661 2117 2706 et

583 2764 797 2816 terram,
819 2752 868 2805 id
897 2761 978 2805 est
1006 2751 1304 2818 spirituales
1321 2759 1375 2802 et
1401 2748 1487 2815 qui
1516 2746 1751 2799 caelestia
1777 2744 2112 2805 meditantur,

577 2853 631 2896 et
660 2842 895 2896 carnales
925 2842 1013 2909 qui
1039 2850 1246 2894 terrena
1276 2840 1505 2901 sapiunt.
1531 2833 1814 2889 Sciendum
1843 2842 1922 2885 est
1942 2841 2114 2885 autem

575 2932 714 3000 quod
759 2932 894 2998 apud
941 2929 1189 2983 Hebraeos
1233 2928 1366 2982 liber
1415 2928 1512 2978 iste
1539 2923 1775 2977 Bt-resitb
1804 2933 2036 2983 vocatur,
2065 2928 2118 2972 ut

577 3018 934 3072 voluminibus
966 3032 1028 3070 ex
1058 3015 1330 3084 principiis
1371 3027 1554 3067 eorum
1588 3011 1795 3064 nomina
1838 3007 2117 3074 imponun-

578 3117 682 3160 tur.
705 3106 976 3171 Paulisper
996 3104 1061 3157 ad
1078 3103 1346 3157 exordium
1371 3102 1668 3155 redeamus.
1696 3098 1793 3151 Alii
1814 3109 2112 3164 personam,
2142 3121 2193 3184 ε
2222 3098 2275 3130 ει
2309 3098 2532 3184 ξωιυξι.
2560 3098 2692 3184 If":

580 3194 751 3247 locum
783 3203 834 3245 et
862 3202 1068 3258 tempus
1113 3191 1266 3258 hujus
1313 3187 1589 3242 sententias
1638 3162 1925 3254 inquirunt,
1965 3193 2021 3238 et
2049 3184 2116 3238 ita

2221 3166 2414 3221 caelum
2445 3162 2744 3224 Trinitatis,

583 3284 762 3337 dicunt
791 3279 930 3351 quod
978 3281 1195 3347 spiritus
1223 3293 1312 3346 per
1342 3278 1521 3332 Mosen
1552 3274 1722 3341 primo
1749 3274 1885 3326 hanc
1912 3273 2121 3324 locutus

584 3381 674 3431 sit.
704 3373 1000 3454 Prophetia:
1024 3381 1422 3439 autem,genera
1449 3369 1552 3422 tria
1581 3373 1724 3421 sunt.
1749 3362 2028 3430 Prophetia
2055 3362 2122 3414 de

585 3447 869 3534 praeterito,
891 3475 946 3516 ut
967 3463 1017 3515 in
1035 3462 1282 3532 principio
1303 3462 1479 3515 «cavit
1506 3459 1639 3513 Deus
1653 3458 1833 3512 eiulans
1852 3463 1897 3509 et
1913 3445 2120 3518 terram,

587 3562 643 3606 et
672 3555 889 3619 reliqua.
928 3552 997 3603 De
1025 3551 1289 3616 praesenti,
1326 3559 1380 3601 ut
1403 3551 1578 3603 sedens
1605 3547 1834 3601 Christus
1861 3545 1926 3597 ad
1952 3545 2124 3598 dexte-

582 3656 693 3692 ram
737 3639 824 3691 Dei
852 3637 1036 3691 Patris.
1074 3638 1270 3691 Dicitur
1297 3637 1362 3691 de
1388 3635 1583 3699 futuro,
1628 3634 1757 3687 Inde
1784 3642 2022 3695 venturus
2051 3639 2124 3684 est

585 3728 815 3786 iudicare
861 3727 992 3780 vivos
1035 3735 1079 3780 et
1129 3733 1380 3788 mortuos,
1410 3734 1461 3777 et
1500 3724 1719 3789 reliqua.
1768 3719 1832 3772 In
1880 3719 2125 3788 principio

586 3817 789 3869 creavit.
841 3817 940 3870 Alii
993 3817 1188 3869 ducunt
1229 3815 1327 3868 hoc
1366 3812 1679 3882 principium
1707 3810 1772 3865 ad
1815 3808 2124 3875 principium

586 3909 871 3964 creationis
895 3908 1149 3968 omnium,
1173 3907 1295 3959 dum
1325 3903 1454 3957 nihil
1473 3913 1594 3957 ante
1621 3902 1733 3956 hinc
1758 3901 1863 3955 duo
1888 3907 2123 3953 creatum

586 4009 712 4062 est;
746 3998 821 4049 vel
855 3997 904 4048 in
935 3994 1191 4064 principio
1221 3993 1492 4058 temporis,
1541 3992 1662 4059 quia
1701 4000 1927 4055 tempus,
1957 3987 2126 4040 donec

588 4087 779 4143 εωιιηιι
809 4094 860 4139 et
886 4095 1024 4138 terra
1053 4083 1187 4137 facta
1214 4089 1338 4136 sunt
1364 4124 1378 4147 ,
1414 4095 1515 4134 non
1547 4079 1889 4147 reputabatur
1915 4091 1930 4140 ;
1958 4075 2040 4128 vel
2073 4074 2126 4127 in

590 4178 845 4246 principio
873 4179 1207 4245 principatus,
1238 4175 1363 4228 dum
1410 4176 1601 4228 cretum
1631 4178 1686 4225 et
1711 4179 1849 4224 terra
1878 4168 1930 4222 in
1956 4165 2128 4220 enini-

590 4268 687 4320 bus
731 4267 1075 4333 principatum
1120 4273 1334 4319 tenent:
1366 4264 1482 4329 sed,
1512 4263 1648 4316 sicut
1693 4272 1849 4326 supra
1877 4257 2124 4316 diximus,

593 4358 757 4422 magis
779 4355 877 4407 hoc
901 4356 966 4407 de
990 4354 1121 4408 Filio
1142 4355 1473 4408 sentiendum
1494 4359 1594 4415 est,
1616 4349 1794 4404 multis
1813 4347 2127 4401 ciuitirman-

595 4445 734 4497 tibus
783 4444 1163 4504 testimoniis,e
1192 4441 1379 4508 quibus
1407 4441 1506 4492 huc
1529 4448 1612 4493 est
1641 4438 1927 4492 secundum
1980 4438 2121 4500 Λυσι
2153 4452 2206 4510 Ῑ)

595 4538 783 4590 stolum
812 4555 823 4588 :
875 4534 1124 4599 Quoniam
1173 4547 1234 4586 ea:
1275 4531 1414 4599 ipso,
1444 4540 1492 4582 et
1516 4546 1601 4597 per
1654 4529 1841 4593 ipsum,
1869 4536 1912 4578 et
1941 4527 1991 4575 in
2021 4526 2128 4589 ipso
2155 4501 2199 4510 ’⁷
2232 4501 2424 4599 ’ξιυηάίτ

593 4634 707 4677 sunt
742 4625 930 4675 omnia.
975 4624 1037 4674 Et
1089 4619 1345 4686 Propheta
1395 4616 1551 4670 dicit:
1601 4613 1665 4666 In
1695 4615 1841 4665 initio
1869 4621 2049 4664 terram
2077 4619 2132 4661 tu

593 4714 839 4782 fundasti,
873 4712 1104 4774 Domine,
1129 4720 1177 4763 et
1200 4725 1351 4779 Opera
1371 4723 1605 4761 manuum
1632 4716 1832 4758 tuarum
1861 4712 1973 4756 sunt
1996 4700 2129 4753 caeli.

595 4803 830 4857 Joannes
883 4816 1086 4866 quoque
1117 4814 1180 4852 ex
1209 4811 1428 4864 persona
1476 4793 1670 4847 Christi
1705 4793 1849 4855 dicit,
1885 4791 1992 4859 Ego
2020 4803 2132 4840 sum

593 4890 748 4960 alpha
775 4897 823 4943 et
862 4903 1052 4955 ornega.
1077 4888 1165 4947 Et,
1195 4883 1259 4936 In
1288 4885 1537 4953 principio
1565 4891 1670 4934 erat
1708 4881 1942 4933 Verbum.
1971 4878 2131 4930 Nulla

595 4993 808 5052 quoque
857 4976 1151 5031 testimonia
1197 4974 1260 5026 de
1310 4973 1406 5026 hac
1448 4973 1676 5026 dictione
1724 4972 1859 5025 diota
1909 4978 2032 5023 sunt
2079 4967 2132 5020 in

598 5069 902 5136 Scripturis,
953 5079 1068 5134 qua:
1098 5072 1202 5127 est,
1230 5060 1292 5112 In
1325 5063 1590 5128 principio,
1622 5072 1672 5114 et
1701 5062 1915 5130 reliqua.
1945 5059 1987 5112 Ε
2017 5057 2132 5125 qui-

598 5161 695 5214 bus
723 5166 802 5210 est
829 5158 880 5208 in
902 5154 1185 5223 propheta:
1243 5151 1505 5204 Conteram
1558 5162 1706 5220 caput
1749 5153 1887 5207 illius
1915 5155 1968 5206 in
2005 5154 2133 5207 mori

601 5250 763 5311 primo
791 5259 940 5310 usque
993 5240 1232 5294 secundo.
1293 5240 1364 5292 De
1388 5241 1481 5290 hac
1508 5241 1666 5292 etiam
1699 5242 1833 5293 alius
1877 5240 2131 5307 prepheta

598 5332 742 5385 dicit:
777 5329 1096 5400 Congregans
1125 5331 1251 5382 sicut
1279 5331 1329 5380 in
1361 5340 1469 5381 utre
1497 5345 1651 5398 aquas
1682 5331 1853 5382 maris.
1882 5331 1946 5382 Et
1971 5329 2128 5383 alibi:

611 5420 672 5472 In
693 5420 857 5484 capite
888 5419 1000 5469 libri
1028 5420 1268 5486 scriptum
1293 5427 1361 5469 est
1391 5419 1450 5469 de
1477 5434 1571 5470 me.
1601 5418 1673 5470 De
1697 5419 1792 5469 hac
1810 5427 1862 5469 et
1886 5417 2132 5471 Salomon

603 5509 754 5569 dixit,
799 5504 983 5556 Omnes
1029 5515 1264 5558 torrentes
1291 5508 1340 5556 in
1365 5522 1519 5570 nture,
1554 5521 1705 5572 usque
1726 5506 1787 5556 ab
1822 5506 1912 5558 eis.
1961 5506 2022 5558 Et
2050 5505 2134 5558 hic

603 5595 1114 5651 Commemorandutn
1157 5605 1235 5648 est
1263 5596 1396 5665 quod
1429 5597 1637 5659 dicitur,
1668 5595 1775 5663 Ego
1800 5613 1910 5649 sum
1943 5597 2133 5666 primus

614 5696 659 5739 st
690 5685 1002 5740 novissimus.
1036 5687 1322 5754 Utrumque
1353 5687 1450 5740 hoc
1496 5686 1545 5740 iu
1575 5687 1686 5753 lege
1712 5696 1763 5740 ct
1787 5687 1834 5739 in
1878 5687 2129 5754 Apocaly-

1047 397 1242 455 δεῦτε
1282 386 1733 449 νεκειιωιιιιε
1765 379 2048 440 οριιωι
2080 349 2262 480 PARS‘
2299 373 2361 428 ll.
2400 403 2466 414 —
2507 367 2886 426 EXEGETICA
2924 361 3238 422 GENUINA.

565 519 689 575 [lii
737 517 821 569 hic
868 527 966 567 non
995 511 1068 562 ita
1116 507 1191 570 lit,
1221 503 1342 574 quia
1381 499 1607 556 Verbum
1633 504 1734 560 est,
1771 493 1864 547 sed
1893 498 2102 575 tantum
2131 491 2178 545 Δ
2206 471 2281 554 psi
2328 485 2644 546 continetur,
2669 490 2724 536 ut
2747 480 2934 537 dicitur
2975 475 3316 546 Apocalypsis
3363 473 3498 528 Jesu
3536 471 3756 532 curta,

3653 355 3754 412 εει

2202 589 2355 643 quam
2381 583 2435 628 et
2456 574 2593 627 Deus
2610 571 2752 626 dedit
2774 569 2844 625 ei.
2866 568 3090 633 Creavit,
3127 565 3272 634 quasi
3297 563 3534 623 diceret,
3565 562 3760 614 πωπω

2201 667 2361 720 navit.
2415 664 2628 731 Proprie
2655 660 2793 716 enim
2821 672 3000 713 creare
3033 656 3229 722 absque
3255 651 3482 706 materia
3517 649 3756 709 dicitur;

2202 754 2373 809 facere
2419 767 2614 815 autem,
2644 752 2710 803 tle
2735 749 2974 802 materia.
3022 745 3113 797 llic
3166 745 3337 810 primo
3380 740 3532 793 Deus
3570 737 3758 790 inscri-

2206 846 2389 912 ptione
2409 841 2666 909 reperitur
2687 853 2714 891 a
2739 837 2915 906 Moyse
2938 836 3125 896 dictus,
3153 832 3244 886 sed
3273 845 3301 883 a
3329 838 3587 896 serpente
3615 830 3755 892 prius

2201 932 2371 987 dictus
2412 937 2517 996 est,
2553 939 2632 992 ut,
2662 927 2772 981 Scit
2812 927 2942 980 enim
2999 925 3154 987 Deus,
3186 930 3238 975 et
3267 921 3487 986 reliqua.
3552 915 3755 970 οωιιιω

2202 1021 2393 1076 dicitur
2414 1035 2480 1076 eo
2501 1020 2642 1086 quod
2667 1017 2805 1072 celat
2823 1030 3044 1078 arcana;
3077 1012 3159 1066 vel
3183 1027 3212 1065 a
3240 1007 3591 1067 celsitudine.
3622 1007 3700 1058 vel
3727 1019 3757 1056 a

2201 1093 2465 1165 celatura.
2511 1110 2671 1165 Terra
2701 1114 2874 1162 autem
2903 1147 2918 1167 ,
2948 1121 3013 1160 eo
3040 1103 3178 1172 quod
3219 1103 3427 1155 teritur.
3470 1096 3758 1164 Quomodo

2201 1209 2375 1252 autem
2417 1199 2610 1254 cll'ltltll
2648 1207 2703 1250 et
2735 1207 2925 1250 terram
2971 1192 3200 1255 creavit,
3237 1189 3370 1241 alius
3415 1185 3760 1238 demonstrat

2202 1288 2382 1342 dicens
2412 1305 2428 1341 :
2455 1285 2520 1339 In
2547 1320 2550 1321 ν
2574 1285 2821 1354 principio
2862 1281 3046 1336 aravit
3091 1279 3226 1332 Deus
3255 1278 3437 1330 calum
3463 1286 3510 1327 et
3545 1285 3756 1329 term,

2206 1384 2450 1449 tanquam
2502 1374 2764 1441 duplicem
2818 1371 3029 1424 domum
3079 1366 3356 1435 intetjecto
3385 1364 3754 1417 ﬁrmamento.

2208 1466 2272 1518 Et
2297 1447 2439 1526 alibi,
2489 1462 2781 1516 Eztendens
2832 1461 3012 1514 calum
3059 1456 3192 1512 sicut
3216 1456 3415 1524 pellem.
3455 1452 3542 1512 Et.
3569 1447 3762 1503 Estn-

2206 1555 2327 1607 dens
2369 1550 2547 1606 calum
2589 1553 2714 1604 s'cut
2755 1549 3130 1606 vestimentum,
3156 1542 3308 1611 quasi
3347 1553 3653 1594 cameram.
3685 1536 3756 1588 De

2213 1651 2349 1703 terra
2394 1650 2568 1694 autem
2618 1639 2807 1690 dicitur
2851 1637 2973 1702 quia
3026 1633 3237 1687 fundata
3267 1629 3353 1689 sit.
3382 1638 3462 1688 ut,
3496 1624 3760 1679 Fundani

2209 1737 2411 1780 terram.
2451 1727 2514 1780 Et
2549 1725 2602 1778 in
2631 1726 2732 1778 hoc
2788 1724 2975 1776 cmlutn
3003 1730 3057 1775 et
3086 1730 3223 1774 terra
3253 1716 3622 1771 differentiam
3670 1716 3759 1765 hac

2141 1807 2359 1879 Bbent,
2413 1831 2533 1870 cum
2567 1817 2786 1868 alterum
2821 1810 3141 1874 extenditur,
3193 1808 3419 1860 alterum
3474 1818 3607 1858 vero
3655 1803 3765 1884 fuit:

2168 1932 2170 1934 τ
2211 1909 2392 1964 datur.
2423 1906 2488 1961 Et
2519 1907 2631 1960 hac
2652 1907 2774 1960 alibi
2799 1914 2996 1960 mutato
3019 1902 3201 1957 ordine
3223 1903 3421 1968 scripta
3446 1898 3765 1970 reperimus,

2212 2006 2287 2065 ut,
2321 1996 2385 2051 In
2436 1987 2580 2050 initio
2634 2005 2820 2050 terram
2849 2003 2904 2048 tu
2949 1991 3196 2061 fundasti,
3251 1990 3492 2049 Domine,
3523 1997 3577 2040 es
3606 2000 3766 2052 opera

2219 2106 2457 2144 manuum
2484 2096 2691 2141 tuorum
2720 2094 2838 2140 sunt
2881 2085 3010 2141 culi.
3055 2085 3128 2138 Ex
3163 2097 3268 2151 quo
3297 2079 3622 2146 intelligitur
3649 2077 3763 2143 quia

2211 2179 2367 2234 simul
2401 2178 2540 2232 iacta
2561 2185 2707 2230 sunt.
2738 2175 2866 2228 Cum
2893 2183 3066 2227 autem
3099 2172 3180 2224 hic
3198 2170 3392 2225 emittm
3425 2167 3768 2234 singulariter

2210 2269 2407 2321 dictum
2433 2268 2531 2329 sit,
2566 2265 2617 2319 in
2647 2265 2822 2319 multis
2852 2262 3136 2340 Scriptura:
3162 2261 3292 2316 locis
3321 2257 3609 2325 pluraliter
3649 2252 3765 2306 exuli

2213 2360 2579 2428 reperiuntur:
2612 2367 2667 2411 ut
2695 2366 2796 2420 est,
2845 2355 2968 2409 Cteli
3012 2361 3250 2407 enarrsnt
3288 2351 3510 2420 glorians
3541 2348 3764 2408 Donet,

2216 2438 2315 2516 Qui
2345 2451 2461 2518 fecit
2487 2449 2641 2502 celos
2663 2449 2715 2501 in
2745 2441 3118 2509 intellectu;et,
3149 2441 3438 2496 Benedicite
3471 2439 3642 2492 Desint
3665 2437 3768 2488 teli

2212 2538 2509 2606 Dominum;
2542 2547 2614 2604 et,
2665 2536 2890 2589 Laudato
2939 2550 3054 2587 eunt
3097 2532 3204 2586 cali
3248 2531 3518 2583 calorum.
3562 2525 3763 2580 Casium

2217 2630 2302 2682 hic
2332 2629 2715 2698 synecdochice
2739 2627 2951 2689 dicitur,
2983 2624 3032 2678 id
3061 2631 3163 2686 est,
3194 2635 3316 2688 pars
3348 2635 3446 2688 pro
3472 2629 3616 2673 toto.

2218 2716 2303 2770 hic
2333 2713 2543 2782 proprie
2567 2714 2831 2781 dicuntur,
2863 2712 2984 2779 quia
3015 2710 3304 2764 multith
3332 2723 3348 2771 ;
3380 2716 3464 2771 ut,

2334 2813 2831 2866 Seiuditurauricolor
2849 2810 2956 2862 eieil
2976 2808 3299 2872 septemplicis
3321 2806 3506 2863 other,

2219 2913 2440 2967 quorum
2492 2897 2604 2949 haec
2661 2904 2786 2948 sunt
2833 2893 3069 2954 nomina,
3097 2877 3206 2952 aer,
3259 2889 3450 2950 utitor,
3498 2885 3766 2953 olympos,

2217 2986 2442 3052 spatium
2492 2984 2722 3050 igneum,
2770 2983 3173 3042 firmamentum,
3210 2979 3402 3030 emtum
3433 2973 3767 3038 angelorum.

2222 3085 2275 3130 et
2312 3075 2506 3130 coelum
2548 3072 2842 3127 Trinitatis.
2872 3069 3218 3137 Hieronymus
3233 3071 3412 3118 autem
3450 3061 3631 3126 primo
3655 3061 3771 3111 dicit

2789 3156 3020 3214 secundo
3047 3155 3380 3226 angeloru,
3399 3152 3560 3205 tertio
3593 3149 3769 3202 tima-

2224 3266 2482 3310 mentum.
2510 3252 2641 3306 lluie
2668 3259 2846 3315 autem
2869 3247 3171 3312 sententiae,
3201 3258 3322 3311 qua
3349 3251 3456 3308 est,
3488 3239 3555 3293 la
3586 3236 3770 3308 princi-

2225 3343 2307 3409 pio
2329 3341 2508 3394 creauit
2542 3338 2674 3392 Deus
2701 3337 2879 3391 calum
2908 3344 2956 3389 et
2979 3345 3188 3396 terrent,
3217 3329 3546 3396 contrarium
3569 3327 3674 3378 hoc
3700 3325 3782 3374 vi-~

2225 3430 2377 3483 detur
2431 3431 2566 3497 quod
2624 3427 2832 3489 dicitur,
2884 3424 3093 3488 Quando
3120 3409 3239 3487 feci
3282 3419 3465 3474 celans
3492 3425 3540 3469 et
3565 3422 3768 3472 tam.

2227 3518 2558 3576 laudauerunt
2580 3532 2656 3568 uie
2674 3514 2859 3586 angeli.
2882 3511 2986 3566 Sed
3005 3520 3175 3582 tamen
3198 3523 3301 3560 non
3326 3516 3408 3560 est
3419 3512 3633 3558 eontra:
3647 3499 3771 3562 inn,

2224 3609 2345 3678 quia
2384 3605 2540 3662 simul
2571 3605 2703 3659 facta
2725 3611 2856 3657 sunt
2891 3599 3085 3656 omnia.
3109 3597 3319 3654 Centum
3352 3603 3535 3649 autem
3559 3603 3622 3646 et
3643 3605 3772 3646 terra

2169 3711 2171 3713 ’
2227 3699 2431 3753 initium
2460 3697 2672 3758 habent,
2701 3703 2755 3748 et
2782 3692 2936 3749 linem
2967 3689 3104 3758 apud
3135 3702 3229 3742 nos
3256 3705 3267 3738 :
3293 3684 3432 3752 apud
3460 3684 3630 3738 Deum
3663 3685 3771 3734 sine

2227 3787 2379 3843 initio
2427 3787 2705 3850 habentur,
2737 3784 2788 3844 id
2813 3792 2915 3847 est,
2953 3783 3006 3835 in
3047 3779 3323 3848 prasentia
3378 3776 3572 3845 ipsius,
3629 3786 3776 3826 me

2228 3875 2455 3933 hominis
2506 3887 2681 3929 arcam
2735 3869 2994 3924 facientis.
3045 3867 3217 3921 lultae
3239 3871 3420 3916 autem
3452 3863 3703 3914 haereses
3731 3858 3774 3908 in

2233 3970 2331 4024 hac
2373 3966 2632 4024 sententia
2673 3962 3053 4033 praecavenlur.
3086 3956 3215 4026 Quia
3246 3954 3339 4008 alii
3384 3952 3643 4007 dicebant
3669 3965 3775 4004 cre-

2228 4057 2332 4111 lum
2360 4038 2414 4111 et
2439 4065 2632 4110 terram
2687 4052 2802 4107 sine
2827 4041 3095 4117 principio
3132 4034 3323 4105 fuisse,
3353 4053 3408 4094 et
3434 4054 3546 4093 non
3565 4035 3772 4097 Donni;

2227 4150 2319 4200 sed
2361 4145 2489 4198 deos
2520 4143 2605 4197 illa
2637 4141 2923 4202 fecisse.”
2953 4135 3113 4193 Deut!
3158 4139 3312 4185 antea
3363 4144 3471 4184 non
3500 4127 3708 4181 fuisse:
3731 4138 3775 4178 et

2229 4233 2462 4286 haereses
2492 4230 2543 4283 in
2569 4230 2670 4284 hoc
2699 4226 2962 4283 versiculo
2989 4224 3282 4283 salvuntur.
3309 4219 3676 4288 Hieronymus
3697 4231 3778 4270 ve-

2229 4336 2308 4386 ro,
2341 4319 2407 4374 de
2433 4318 2621 4386 quibus
2651 4317 2747 4369 hoc
2779 4316 3022 4368 volumen
3053 4313 3095 4366 si
3117 4311 3338 4373 revelat,
3365 4308 3591 4360 dicens:
3631 4306 3777 4358 Vide-

2231 4412 2349 4464 licet
2395 4405 2800 4474 manifestissima
2841 4414 2910 4465 est
2953 4401 3185 4463 Genesis,
3224 4401 3278 4452 in
3321 4414 3424 4466 qua
3449 4397 3520 4449 de
3545 4402 3776 4448 creatus

2457 4499 2518 4551 de
2541 4494 2747 4550 exordio
2769 4493 2962 4564 generis
2984 4489 3211 4551 humani,
3239 4489 3302 4539 de
3331 4487 3586 4539 divisione
3607 4494 3770 4543 terra.

2232 4590 2292 4642 de
2317 4589 2601 4657 confusione
2642 4584 2957 4654 linguarum,
3005 4589 3238 4649 genisque
3279 4591 3435 4645 usque
3486 4574 3774 4646 [Egyptian

2231 4651 2463 4730 scribitur
2480 4651 2852 4729 \Hebrarorum.
2897 4671 2994 4727 Alii
3016 4681 3188 4736 autem
3230 4665 3436 4731 dicunt,
3461 4666 3520 4719 in
3542 4681 3613 4721 eo
3639 4667 3770 4734 quod

2229 4765 2379 4830 dicit,
2428 4765 2615 4818 caelum
2636 4774 2689 4817 et
2734 4772 2951 4826 terram,
2992 4763 3217 4814 animam
3245 4767 3298 4810 et
3322 4770 3542 4822 corpus,
3573 4756 3659 4806 vel
3687 4754 3776 4806 Νςμ

2234 4871 2353 4911 vum
2383 4862 2437 4910 et
2479 4852 3072 4907 Vetus'l'estamentum
3121 4847 3468 4918 spiritualiter
3519 4856 3684 4912 posse
3713 4842 3777 4892 in-

2237 4947 2416 5015 telligi.

2308 5057 2461 5112 Terra
2501 5065 2666 5108 autem
2707 5063 2813 5108 eral
2841 5053 3018 5106 inanis
3036 5059 3086 5104 et
3108 5063 3286 5107 saeue,
3314 5054 3364 5098 et
3393 5044 3618 5098 teach:
3637 5055 3778 5108 super

2235 5150 2490 5219 abyssum.
2521 5146 2719 5213 Quibus
2749 5144 2922 5198 verbis
2968 5141 3173 5196 videtur
3197 5135 3516 5205 signiﬁcare
3549 5134 3780 5190 infortunio

2237 5248 2393 5293 tatem
2443 5235 2673 5288 materia
2714 5232 3025 5298 corporalis.
3049 5229 3212 5282 Terra
3243 5226 3459 5281 enimet
3487 5242 3632 5294 aqua
3660 5240 3780 5294 ope-

2236 5324 2471 5379 rantibus
2524 5319 2872 5374 tractabiliora
2916 5325 3035 5370 sunt
3060 5313 3287 5367 caeteris.
3318 5315 3682 5383 Abyasusilla
3710 5320 3780 5367 ni-

2237 5415 2425 5468 mirum
2476 5420 2577 5471 est,
2623 5410 2674 5463 in
2723 5423 2823 5482 qua
2867 5405 3102 5460 diabolus
3125 5413 3180 5458 et
3200 5391 3374 5472 angeli
3426 5402 3575 5470 eiu,
3617 5406 3779 5471 quiin

2237 5501 2520 5569 Evangelia
2568 5500 2925 5566 designantur,
2974 5509 3092 5547 cum
3129 5493 3370 5548 dicitur:
3428 5489 3494 5545 Es
3539 5491 3782 5569 regini

2235 5566 2678 5650 illumvdtrmonia,
2711 5602 2771 5638 ne
2805 5585 2999 5655 juberel
3041 5598 3100 5635 ea
3127 5581 3200 5636 ire
3243 5583 3296 5634 in
3317 5581 3587 5651 abyssum.
3616 5566 3783 5630 inanis

2239 5690 2410 5736 autem
2442 5684 2553 5732 crat
2599 5684 2758 5741 terra,
2789 5671 2993 5743 quando
3021 5686 3126 5727 non
3157 5670 3252 5726 fuit
3293 5671 3385 5739 qui
3417 5665 3711 5735 habitaret,
3739 5679 3781 5721 et
