3872 6262
127 391 222 450 1ῢῖ

914 383 977 437 IN
1015 379 1557 440 PENTATEUCIIUM
1598 379 2074 436 COMMENTARII.
2101 409 2160 422 -
2191 381 2488 437 GENESIS.

3190 383 3287 437 191

119 497 486 566 laetitaposita,
527 495 753 550 nondum
775 506 803 546 a
834 495 963 546 mari
990 493 1253 547 distincta.
1286 491 1640 560 Spirimaliter
1673 496 1710 550 Α
1744 492 2039 545 revocando
2080 501 2371 547 creaturam
2399 536 2413 559 ,
2445 476 2723 550 conversio
2773 497 2912 552 illius
2948 499 3082 554 facta
3113 513 3233 556 esse
3254 542 3275 571 ,

127 603 303 646 autem
339 602 496 654 terra,
521 589 572 642 id
603 598 680 642 est
705 600 826 641 caro
849 593 1044 650 nostra,
1070 596 1181 638 erat
1203 584 1372 639 inanis
1391 592 1648 646 elvacua,

130 682 274 752 prius
303 694 459 748 quam
495 678 744 732 doctrinae
774 677 1032 743 acciperet
1062 674 1299 727 formam.
1350 671 1417 725 Et
1445 672 1654 724 tenebris

117 788 270 842 super
289 771 522 840 abyssum
543 783 562 821 :
587 769 704 835 quia
731 768 1037 835 ignorantia!
1057 764 1306 834 profunda
1341 763 1659 816 obscuritate

118 873 247 913 caro
270 867 446 910 nostra
478 855 768 924 tegebatur.

197 946 264 1000 Et
293 947 515 1015 Spiritus
560 944 652 997 Dei
689 932 938 1014 ferebatur
977 959 1124 1013 super
1151 959 1328 1012 aquas.
1355 942 1661 1009 Superfere-

121 1038 280 1092 [ratur
307 1040 484 1104 utique
514 1033 735 1101 Spiritus
765 1034 852 1086 Dei
876 1049 976 1085 non
1002 1031 1362 1100 corporalibus
1387 1032 1538 1095 locis,
1571 1031 1661 1084 sed

123 1126 432 1178 excellentia
491 1123 809 1190 potestatis;
861 1121 978 1188 quia
1033 1121 1336 1185 subjacebat
1404 1121 1659 1171 voluntati

131 1215 404 1268 Creatoris
433 1213 683 1280 quidquid
714 1209 1041 1280 formandum
1075 1209 1548 1276 perﬂeiendumqne
1579 1209 1660 1259 in-

125 1303 433 1356 cboaverat.
485 1302 577 1354 llic
602 1315 728 1354 sane
754 1307 1160 1352 commemorata
1201 1307 1284 1351 est
1310 1298 1557 1358 Trinitas,
1585 1297 1666 1347 di-

126 1403 283 1444 cente
322 1391 588 1457 Scriptura
615 1407 628 1440 :
663 1388 722 1440 In
751 1388 1020 1454 principio,
1071 1387 1120 1437 id
1166 1393 1268 1448 est,
1297 1385 1346 1436 in
1379 1383 1514 1439 Filio
1543 1385 1660 1450 fecit

133 1479 297 1544 Deus,
329 1481 376 1534 id
406 1489 507 1544 est,
540 1481 676 1534 Deus
717 1478 888 1532 Pater.
939 1476 1087 1540 Quod
1135 1483 1308 1528 autem
1365 1472 1466 1525 non
1494 1478 1666 1525 statim

133 1580 256 1638 post
282 1570 825 1624 commemorationem
859 1567 1030 1620 Patris
1057 1575 1110 1620 et
1143 1565 1256 1620 Filii
1289 1564 1517 1633 Spiritus
1544 1579 1667 1616 san-

133 1671 254 1714 etus
303 1659 533 1728 ponitur,
578 1657 669 1711 sed
699 1657 1096 1723 interponuntur
1145 1664 1303 1719 terra,
1335 1662 1388 1708 et
1418 1655 1667 1720 tenebrae,

140 1762 194 1802 et
226 1749 470 1818 abyssus,
497 1757 549 1802 et
574 1761 724 1815 aqua,
754 1745 879 1798 illud
911 1746 961 1798 in
984 1758 1137 1798 causa
1158 1751 1238 1798 est
1263 1744 1380 1811 quia
1403 1743 1478 1795 sic
1495 1743 1673 1796 debuit

1754 592 1908 651 atque
1933 584 2214 636 illuminata
2240 583 2580 650 intelligatur.
2636 585 2773 639 Dixit
2832 588 2986 656 Deus,
3021 589 3140 644 Fiat
3171 594 3283 660 tur,

1756 669 1804 724 id
1852 680 1964 734 est,
2012 671 2336 726 credulitatis
2376 672 2683 726 illuminatio
2729 676 2778 727 lo
2820 678 2970 729 nobis
3010 689 3281 747 appareat.

1757 761 1856 814 Alii
1885 762 2103 826 dicunt,
2151 762 2273 815 illud
2319 763 2456 830 quod
2503 763 2650 828 dixit,
2700 765 2815 819 Fiat
2845 767 2956 829 ιιιε,
3006 752 3069 821 sti
3119 772 3285 824 lucem
3369 812 3371 815 .

1757 849 2002 918 pallidam
2033 849 2293 919 pertinere
2314 892 2328 913 ,
2377 861 2432 906 et
2465 853 2684 905 verbum
2714 855 2848 909 Dixit
2879 839 3192 921 ad'Fillutn,
3235 869 3292 913 et

1761 939 1868 1001 liat;
1902 938 2032 991 Deus
2054 954 2181 992 vero
2201 980 2215 1004 ,
2248 941 2310 994 ad
2341 941 2568 996 Patrem.
2603 943 2782 1018 Aliter.
2799 959 2891 1010 per
2921 946 3086 999 lucem
3107 946 3289 1001 Testa.

1761 1038 1988 1081 mentum
2040 1028 2264 1102 Novum,
2309 1031 2390 1083 vel
2421 1047 2608 1085 sensus
2638 1033 2918 1095 spiritualis
2963 1037 3293 1105 intelligitur,

1760 1121 1847 1187 qui
1871 1135 1897 1170 a
1929 1119 2267 1185 tenebris,-,id
2293 1130 2376 1172 est
2403 1134 2431 1171 a
2463 1121 2630 1174 \‘eteri
2657 1121 3016 1184 Testamento,
3048 1129 3179 1178 vela
3210 1129 3294 1178 lit-

1765 1221 1872 1262 tera
1903 1210 2170 1262 dividitur.
2224 1209 2392 1262 Aliter
2436 1225 2526 1276 per
2557 1211 2724 1262 lucem
2766 1212 2938 1264 anima
2975 1215 3292 1276 ostenditur,

1764 1315 1879 1367 qua:
1924 1315 2082 1353 carne
2130 1285 2461 1367 praestantidr
2502 1308 2603 1352 est.
2655 1297 2752 1350 Per
2799 1300 3040 1352 tenebras
3088 1313 3299 1364 autem,

1765 1404 1885 1442 caro
1909 1404 2025 1442 cum
2066 1390 2175 1442 suis
2220 1391 2380 1451 vitiis,
2429 1389 2808 1456 ut"Apostolns
2859 1390 2970 1451 ait,
3025 1388 3144 1442 Scio
3169 1391 3302 1458 quod

1767 1490 1865 1527 non
1893 1484 1966 1525 est
1993 1475 2172 1526 bonum
2205 1473 2254 1524 in
2281 1487 2430 1526 carne
2460 1487 2586 1525 mea.

1840 1562 1903 1616 Et
1926 1564 2049 1616 uidit
2079 1561 2211 1614 Deus
2236 1562 2392 1614 lucem
2414 1604 2428 1627 ,
2460 1563 2576 1629 quia
2604 1570 2729 1615 esset
2758 1561 2904 1614 bona.
2935 1561 2986 1614 Id
3017 1568 3125 1626 est,
3173 1561 3307 1616 bene

1771 1650 1957 1720 placuit
1983 1651 2052 1705 ei.
2085 1648 2149 1702 Et
2175 1651 2342 1702 divisit
2373 1647 2510 1703 Deus
2533 1650 2662 1700 inter
2684 1650 2846 1700 lucens
2870 1658 2915 1702 et
2946 1651 3170 1702 tenebras
3191 1692 3205 1715 ,
3252 1659 3300 1704 et

1774 1740 1990 1809 reliqua.
2021 1738 2217 1792 Divisio
2245 1738 2455 1804 quidem
2494 1738 2626 1790 lucis
2654 1753 2680 1788 a
2715 1736 2946 1791 tenebris
2972 1777 2988 1798 ,
3038 1739 3305 1792 distinctio

141 1815 372 1903 Spiritus
402 1839 490 1892 Dei
509 1836 782 1897 dominari,
812 1835 861 1888 id
891 1847 969 1890 est
999 1836 1239 1888 voluntas
1271 1834 1382 1897 Dei,
1412 1845 1470 1886 ut
1491 1843 1668 1887 essent
1702 1815 1746 1874 Β
1775 1830 2007 1883 formata:
2053 1829 2135 1886 rei.
2172 1828 2237 1880 ab
2285 1826 2518 1880 informi.
2561 1827 2854 1894 Appellatio
2893 1835 3066 1880 autem
3112 1827 3216 1882 dTei
3255 1837 3309 1884 et

131 1929 238 1981 alia
283 1928 469 1995 quibus
498 1928 914 1996 superlerretur;
945 1941 1047 1979 non
1074 1925 1208 1988 loco,
1249 1925 1338 1978 sed
1370 1931 1625 1992 potestate
1653 1941 1665 1975 :

128 2025 185 2067 et
212 2029 329 2082 quas
360 2013 694 2081 subiacerent
721 2013 971 2066 voluntati
1017 2013 1304 2066 Creatoris.
1354 2011 1466 2065 Non
1495 2021 1668 2066 autem

132 2116 270 2172 aqua
311 2102 388 2156 sic
415 2101 671 2169 appellata
697 2108 780 2154 est
825 2101 940 2154 loco
986 2099 1104 2165 boc,
1136 2107 1194 2152 ut
1220 2099 1329 2152 base
1355 2113 1382 2151 a
1413 2099 1563 2152 nobis
1593 2103 1672 2152 in-

129 2191 419 2258 telligatur,
450 2203 604 2257 quam
636 2187 873 2240 videmus
893 2195 944 2241 et
969 2189 1246 2254 tangimus.
1269 2185 1546 2250 Quomodo
1575 2199 1672 2239 nec

133 2287 302 2342 terra,
347 2277 516 2344 qualis
556 2277 653 2328 ista
681 2289 801 2344 qute
829 2274 931 2341 iam
964 2273 1124 2327 videri
1150 2284 1202 2326 et
1233 2271 1442 2325 tractari
1477 2279 1668 2338 potest,

127 2365 230 2418 sed
276 2367 396 2419 caeli
423 2373 475 2417 et
505 2372 655 2416 terra
686 2365 897 2416 nomine
940 2362 1182 2414 universa
1209 2370 1447 2414 creatura
1469 2359 1670 2429 signiﬁ-

127 2462 250 2507 cata
297 2463 399 2515 est,
431 2469 585 2522 quam
639 2451 761 2505 fecit
787 2462 840 2506 et
860 2450 1093 2506 condidit
1124 2451 1278 2503 Deus.
1332 2449 1455 2504 Ideo
1497 2458 1670 2502 autem

145 2545 448 2597 nominibus
469 2542 750 2596 visibilium
773 2557 944 2595 rerum
969 2541 1080 2594 lucc
1101 2541 1359 2608 appellata
1385 2550 1526 2603 sunt,
1552 2554 1676 2607 pro-

135 2641 260 2701 pter
291 2631 648 2684 inﬁrmitatem
682 2633 1034 2698 parvulorum,
1065 2631 1153 2698 qni
1201 2630 1475 2682 invisibilia
1525 2644 1672 2682 eom-

139 2718 468 2786 prebendere
509 2734 609 2771 non
658 2726 895 2785 possunt.
925 2717 1036 2771 Non
1085 2717 1310 2771 absurde
1337 2729 1509 2771 autem
1541 2732 1675 2787 aqua

133 2806 280 2860 dicta
328 2815 409 2860 est
453 2807 550 2858 ista
596 2806 808 2860 materia
851 2804 1086 2859 informis
1122 2807 1204 2857 cui
1252 2805 1675 2872 superferebntur

132 2895 364 2964 Spiritus
407 2896 521 2962 Dei,
581 2897 699 2964 quia
745 2898 917 2948 omnia
962 2909 1075 2964 qua
1106 2897 1156 2948 in
1187 2904 1320 2948 terra
1366 2907 1672 2960 nascuntur,

139 2987 263 3039 sive
302 2986 566 3048 animalia,
593 2987 706 3039 sive
733 2985 965 3046 arbores,
997 2985 1104 3037 sive
1133 2984 1330 3049 herbte,
1362 2985 1428 3037 ab
1459 2985 1674 3039 humore

134 3075 394 3144 incipiunt
423 3073 629 3128 formari
656 3081 812 3140 atque
854 3073 1059 3126 nutriri.
1093 3071 1312 3142 Spiritus
1347 3071 1440 3126 Dei
1470 3073 1674 3141 fereba-

131 3167 286 3224 batstr
314 3181 461 3234 super
484 3173 662 3231 aquas.
685 3163 873 3231 Utique
893 3179 1051 3232 super
1076 3179 1168 3217 cor
1195 3176 1430 3218 nostrum
1458 3164 1670 3218 ﬂuidum

129 3262 194 3310 et
223 3255 560 3322 tenebrosum
609 3253 1036 3320 superlerebatur
1080 3254 1306 3321 Spiritus
1359 3253 1474 3306 Dei.
1521 3254 1680 3321 Cujus

133 3341 278 3397 ﬂatu
321 3357 504 3396 omnes
545 3338 887 3406 vivillcamur,
915 3352 967 3397 et
997 3345 1047 3395 in
1077 3358 1180 3412 quo
1207 3343 1554 3396 subsistentes
1593 3358 1678 3398 re-

133 3431 485 3501 quiescimus.
520 3431 644 3486 ldeo
684 3433 821 3502 quod
849 3433 1276 3501 superierebatur
1299 3435 1524 3500 Spiritus
1557 3433 1670 3500 Dei,

134 3531 195 3578 et
230 3536 332 3576 non
357 3522 589 3578 inferunt
612 3523 692 3577 vel
721 3521 998 3590 sulierunt,
1031 3522 1273 3576 heresim
1299 3533 1578 3590 praecavet,
1614 3536 1679 3576 ne

133 3624 248 3663 non
275 3609 424 3666 Deus.
441 3611 608 3676 major
636 3611 881 3663 omnibus
907 3610 1160 3663 creaturis
1181 3611 1464 3663 diceretur.
1507 3609 1680 3676 Spiri-

132 3697 351 3751 sualiter
373 3707 504 3749 terra
525 3695 750 3750 Ecclesia
773 3697 988 3764 intelligi
1011 3706 1198 3762 potest,
1222 3712 1337 3765 quae
1357 3706 1468 3750 erat
1491 3698 1675 3764 inanis,

133 3777 195 3840 id
221 3775 436 3839 estsine
460 3785 705 3851 operibus
727 3785 912 3848 bonis;
943 3795 996 3839 et
1015 3801 1190 3847 uacua,
1223 3785 1272 3837 id
1304 3795 1384 3838 est
1408 3787 1520 3839 sine
1548 3799 1682 3854 prae-

132 3875 416 3930 miis.,Per
461 3868 727 3933 tenebras.
777 3873 1008 3928 tenebrae
1052 3873 1358 3941 ignorantia
1386 3884 1437 3927 et
1460 3874 1678 3941 peccati.

141 3962 250 4018 Per
277 3960 460 4016 laciem
496 3962 694 4030 abyssi,
725 3961 1001 4015 multitudo
1026 3962 1294 4016 hominum
1323 3981 1335 4016 :
1367 3973 1421 4018 et
1451 3978 1544 4032 per
1570 3964 1684 4031 Spi-

145 4056 306 4107 ritum
341 4051 454 4114 Dei,
479 4053 697 4120 spiritus
723 4053 1030 4121 prophetiae,
1055 4055 1142 4122 qui
1169 4055 1570 4122 superferebatur
1599 4071 1682 4107 su-

134 4158 232 4212 per
277 4157 455 4210 aquas.
502 4142 599 4193 boc
642 4151 721 4194 est
775 4143 1082 4211 prophetas,
1131 4143 1240 4194 Hoc
1291 4158 1498 4210 quoque
1544 4141 1682 4209 quod

135 4229 291 4293 dicit,
315 4229 536 4297 Spiritus
564 4228 654 4280 Dei
679 4229 1080 4296 superferebatur
1115 4245 1264 4296 super
1289 4245 1468 4296 aquas,
1498 4229 1684 4296 ﬁgurat

134 4315 396 4384 Spiritum
447 4327 684 4369 sanctum
730 4317 1103 4369 descensurum
1135 4332 1292 4382 super
1320 4317 1584 4370 Christum
1615 4320 1681 4372 de

140 4420 282 4474 aqua
337 4405 578 4472 baptismi
626 4405 678 4458 in
729 4405 903 4472 specie
951 4405 1225 4459 columba.
1291 4407 1412 4461 llaec
1472 4423 1678 4476 quoque

139 4495 410 4549 sententia
441 4497 492 4547 in
525 4494 782 4561 principio
809 4508 974 4563 usque
997 4509 1154 4563 super
1176 4512 1360 4562 aquas,
1403 4509 1508 4552 tres
1538 4501 1682 4568 leges

139 4583 428 4650 signiﬁcat,
454 4583 503 4636 id
534 4593 638 4646 est,
692 4591 910 4646 naturae,
940 4592 994 4636 et
1015 4582 1221 4648 littere,
1251 4593 1305 4637 et
1334 4585 1460 4640 Novi
1503 4587 1685 4642 Testa-

138 4673 330 4728 menti.

217 4760 361 4814 Dixit
392 4760 524 4813 Deus
543 4799 559 4824 ,
592 4758 706 4811 Fiat
733 4759 824 4812 tua:
853 4774 873 4813 :
901 4769 947 4813 et
973 4761 1109 4828 facta
1146 4771 1218 4816 est
1245 4764 1354 4818 lux.
1407 4765 1684 4832 Quomodo

138 4849 280 4905 dixit
321 4847 478 4911 Deus,
533 4862 625 4916 per
668 4861 826 4916 quam
873 4862 1087 4914 vocem,
1131 4861 1222 4904 aut
1264 4854 1348 4906 cui
1392 4854 1524 4906 dixit
1565 4866 1686 4909 ante

140 4955 306 4994 omne
333 4939 573 5008 tempus?
603 4938 748 4993 Dixit
786 4949 958 4993 autem
995 4939 1163 4994 Verbo
1196 4942 1296 4996 sibi
1340 4954 1604 4998 coreterno
1631 4954 1686 4998 et

143 5028 592 5092 ineomnvutabili,
622 5043 722 5082 non
749 5029 1007 5098 corporali
1035 5044 1164 5084 sono
1187 5033 1330 5084 vocis
1349 5071 1366 5096 ,
1398 5033 1488 5084 sed
1521 5034 1686 5087 inter-

143 5119 233 5170 nis
262 5118 577 5188 aternisqtte
622 5119 928 5172 rationibus.
989 5119 1284 5188 Spirituaiis
1331 5131 1502 5174 autem
1553 5122 1686 5176 facta

143 5216 229 5258 est
259 5203 369 5270 lux,
397 5216 515 5260 cum
540 5209 688 5270 dixit,
718 5205 836 5260 Fiat
866 5210 975 5272 lux,
1015 5209 1062 5259 id
1091 5217 1172 5261 est
1197 5208 1365 5276 angeli
1396 5217 1449 5262 et
1473 5210 1688 5263 virtutes

143 5295 415 5355 omlestes,
445 5294 512 5348 de
533 5297 721 5361 quibus
747 5297 958 5359 dicitur,
987 5293 1137 5348 Prior
1165 5296 1386 5347 omnium
1413 5307 1586 5350 creata
1612 5307 1686 5351 est

147 5387 426 5455 sapientia.
473 5387 596 5440 Haec
627 5399 798 5462 autem
832 5391 939 5456 ipsa
971 5388 1254 5455 spiritualis
1289 5397 1527 5441 rreatnra
1575 5403 1685 5442 ca:-

150 5483 262 5535 lum
304 5478 557 5546 appellata
601 5490 715 5540 est,
761 5496 878 5532 cum
931 5481 1122 5532 dictum
1181 5487 1261 5531 est
1301 5497 1312 5530 :
1349 5477 1410 5531 In
1439 5479 1686 5547 principio

1770 1919 1938 1972 noctis
1967 1918 2320 1972 distinctionis
2351 1917 2630 1970 insinuatio
2669 1924 2770 1970 est.
2817 1914 2928 1968 Non
2971 1925 3142 1970 autem
3169 1917 3304 1970 dici-

1771 2016 1872 2068 tur,
1925 2005 2070 2059 Fecit
2113 2003 2402 2058 tenebras:
2437 2005 2552 2067 quia
2599 2004 2828 2056 tenebrae
2876 2002 3014 2054 nulla
3064 2011 3306 2058 creatura

1770 2105 1884 2154 est,
1930 2095 2020 2146 sed
2063 2095 2296 2146 absentia
2345 2093 2474 2146 lucis
2503 2093 2730 2146 tenebras
2760 2091 3110 2146 nominantur.
3154 2092 3304 2157 Quod

1769 2191 1944 2237 autem
1971 2183 2178 2246 dicitur,
2225 2181 2433 2235 Vocavit
2459 2185 2619 2235 lucem
2647 2181 2800 2242 diem,
2831 2191 2880 2234 et
2909 2181 3135 2235 tenebras
3157 2196 3303 2234 uoca-

1770 2279 1837 2329 uit
1880 2285 2093 2338 noctem,
2138 2289 2237 2343 qua
2271 2275 2444 2343 lingua
2471 2273 2718 2326 vocavit?
2761 2272 2974 2326 Vocavit
3003 2280 3190 2325 autem-
3219 2270 3306 2324 di-

1774 2376 1916 2420 ctum
1945 2373 2048 2427 est,
2073 2365 2192 2431 quia
2217 2364 2389 2417 vocari
2418 2361 2564 2416 fecit.
2593 2361 2722 2428 Quia
2751 2361 2826 2414 sic
2847 2359 3082 2414 distinxit
3105 2359 3306 2422 omnia,

1775 2465 1833 2508 ut
1871 2435 2095 2508 discerni
2129 2462 2381 2519 possent,
2435 2462 2489 2506 et
2528 2455 2735 2504 nomina
2775 2451 3034 2515 accipere.
3067 2449 3307 2513 Vespera:

1773 2553 1946 2595 autem
1979 2544 2029 2595 in
2055 2551 2164 2594 toto
2185 2539 2274 2595 illo
2298 2540 2490 2603 triduo,
2513 2551 2789 2608 antequam
2814 2539 3084 2592 luminaria
3109 2545 3306 2602 essent,

1775 2633 2118 2687 consummati
2162 2633 2337 2698 operis
2385 2632 2639 2685 terminus
2685 2647 2790 2684 non
2836 2631 3059 2684 absurde
3088 2632 3309 2685 tortasse

1777 2722 2099 2790 intelligitur.
2145 2720 2296 2775 Mane
2322 2732 2496 2775 autem
2541 2723 2727 2775 futura
2762 2722 3077 2788 operationis
3106 2721 3310 2789 signiti-

1775 2813 1930 2864 catio.
1981 2809 2094 2864 Dies
2131 2825 2278 2863 unus.
2325 2810 2587 2864 Fortassis
2631 2811 2713 2863 bic
2757 2811 2861 2864 diei
2915 2825 3102 2863 nomen
3152 2811 3310 2866 totius

1777 2899 2030 2966 temporis
2059 2913 2247 2951 nomen
2277 2908 2386 2963 est,
2417 2905 2470 2950 et
2497 2900 2670 2951 omnia
2705 2899 2970 2952 volumina
2995 2899 3312 2953 saculomm

1777 2993 1876 3045 hoe
1926 2989 2179 3044 vocabulo
2234 2988 2470 3043 includit.
2547 2988 2774 3058 Ideoque
2830 3004 2932 3042 non
2981 2989 3150 3043 dictus
3203 2989 3313 3045 dies

1781 3082 2004 3148 primus,
2051 3077 2144 3132 sed
2188 3076 2302 3131 dics
2351 3091 2506 3130 unus.
2575 3077 2873 3146 Allegorice
2917 3086 3093 3130 autem
3140 3074 3314 3130 Divisit

1781 3169 1917 3224 Deus
1942 3171 2067 3222 inter
2095 3160 2254 3220 lucem
2279 3175 2326 3221 et
2356 3166 2599 3226 tenebras,
2633 3168 2732 3220 lioc
2753 3174 2863 3228 est,
2909 3167 3046 3220 inter
3074 3174 3315 3232 peccato.

1779 3275 1862 3314 res
1908 3258 2213 3313 recedentes
2261 3271 2290 3308 a
2337 3256 2580 3319 veritate,
2630 3262 2684 3307 et
2729 3252 3214 3322 justus-manentes
3259 3251 3312 3304 iu

1779 3348 1960 3402 eadem
2016 3347 2151 3400 luce.
2203 3344 2352 3411 Quod
2397 3359 2500 3396 non
2550 3343 2743 3396 dicitur
2795 3342 2980 3395 fecisse
3025 3342 3308 3401 tenebras,

1778 3437 2009 3491 ostendit
2038 3450 2098 3488 se
2129 3450 2232 3486 non
2259 3441 2592 3499 operatorem
2618 3444 2736 3483 esse
2754 3432 3033 3490 malorum,
3062 3430 3154 3480 sed
3174 3429 3315 3481 ordi-

1779 3535 2013 3580 uatorem
2062 3522 2392 3575 meritorum.
2444 3520 2674 3586 Vespera
2713 3526 2997 3585 peccatum
3047 3517 3316 3570 rationalis

1779 3620 2055 3674 creaturae,
2094 3623 2246 3662 mane
2269 3608 2544 3662 renovatio
2572 3608 2713 3662 illius
2733 3605 3075 3674 signiﬁcatur.

1853 3700 1919 3753 Et
1950 3701 2079 3753 dixit
2113 3698 2247 3753 Deus
2281 3715 2299 3752 :
2331 3697 2451 3750 Fiat
2480 3699 2847 3766 ﬁrmamentum
2884 3697 2932 3748 in
2964 3696 3127 3747 medio
3156 3710 3317 3763 aqua-

1779 3805 1911 3844 rum.
1947 3789 2128 3845 Utrum
2176 3801 2312 3841 nunc
2353 3788 2477 3841 illttd
2527 3788 2716 3840 ctutum
2773 3786 2893 3846 fiat,
2944 3783 3080 3850 quod
3111 3782 3318 3836 excedit

1781 3880 1954 3934 omnia
1980 3877 2114 3932 aeris
2129 3878 2316 3944 spatia,
2335 3883 2386 3928 et
2413 3878 2462 3928 in
2487 3890 2590 3940 quo
2617 3876 2994 3927 constituantur
3021 3880 3206 3940 quarto
3225 3869 3309 3922 die

1784 3965 2080 4027 luminaria,
2101 3979 2165 4017 an
2198 3964 2308 4030 ipse
2339 3977 2429 4016 aer
2457 3971 2669 4015 vocetur
2699 3963 3104 4023 ﬁrmamentum,
3135 3958 3322 4011 merito

1781 4060 1944 4124 quaeri
1989 4063 2179 4120 potest.
2233 4052 2380 4107 Multi
2408 4053 2547 4104 enim
2586 4059 2823 4104 asserunt
2873 4063 3122 4116 aquarum
3154 4057 3308 4101 natu-

1781 4159 1892 4198 ram
1939 4156 2095 4210 super
2139 4139 2398 4192 sidereum
2451 4140 2640 4192 ctutum
2687 4151 2806 4192 esse
2855 4152 2956 4191 non
3007 4151 3200 4204 posse,
3253 4154 3320 4194 eo

1783 4233 1918 4302 quod
1963 4233 2039 4285 sic
2083 4230 2305 4283 habeant
2339 4226 2635 4280 ordinatum
2681 4226 2880 4292 pondus
2908 4240 3091 4289 suum,
3140 4237 3202 4280 ut
3236 4229 3319 4282 vel

1783 4337 1943 4391 super
1987 4329 2182 4375 terram
2227 4317 2466 4382 ﬂuitent,
2513 4317 2593 4370 vel
2643 4316 2692 4369 in
2732 4332 2852 4370 aere
2887 4318 3041 4371 terris
3082 4316 3322 4384 proximo

1708 4436 1760 4498 υ
1789 4411 2108 4489 vaporaliter
2129 4407 2587 4464 circumferantur.
2609 4407 2831 4473 Quidam
2859 4407 2936 4461 liis
2959 4408 3321 4475 consentiens,
3369 4454 3374 4457 _

1786 4501 2018 4557 ostendit
2065 4501 2202 4552 hunc
2230 4512 2408 4550 aerem
2439 4496 2904 4564 coelum'appellari
2929 4538 2943 4560 ,
2999 4498 3133 4550 sicut
3170 4511 3323 4550 eom-

1791 4590 1933 4645 muni
1963 4600 2210 4642 sermone
2236 4585 2458 4636 dicimus
2487 4596 2727 4638 serenum
2754 4585 2944 4637 coelum
2965 4624 2978 4646 ,
3012 4586 3320 4642 nebulosum

1782 4681 1995 4735 celum.
2039 4675 2106 4730 Et
2130 4675 2396 4741 Scriptura
2423 4687 2545 4727 aves
2572 4674 2690 4728 ccli
2721 4683 2906 4742 vocat,
2955 4689 3076 4730 cum
3103 4692 3228 4734 aves
3266 4681 3318 4734 in

1783 4784 1904 4825 avre
1931 4765 2261 4821 manifestum
2291 4763 2360 4816 sit
2385 4763 2583 4817 volare.
2625 4758 3033 4820 Firmamentum
3066 4782 3191 4828 vero
3220 4785 3316 4834 ap—

1786 4856 1986 4925 pellari,
2017 4852 2136 4921 quia
2182 4853 2515 4905 intervallum
2564 4852 2703 4906 illius
2745 4853 2932 4910 dividit
2987 4858 3124 4910 inter
3151 4872 3312 4926 quos-

1785 4947 1904 5001 dam
1932 4956 2152 5010 vapores
2179 4957 2461 5010 aquarum.
2491 4954 2542 4996 et
2576 4942 2704 4995 istas
2731 4957 2892 5010 aquas
2933 4945 3167 4998 visibiles
3204 4959 3324 5012 quas

1786 5037 1836 5090 in
1858 5043 1994 5088 terra
2020 5033 2243 5083 lluitant.
2261 5030 2365 5084 Nos
2385 5045 2508 5085 vero
2529 5033 2812 5099 quomodo,
2841 5032 2919 5086 vel
2941 5047 3008 5094 qu
3025 5050 3054 5080 1·
3076 5048 3223 5098 aquae
3246 5034 3318 5088 ibi

1787 5125 1888 5178 sint
1907 5163 1920 5184 ,
1962 5135 2079 5174 esse
2106 5121 2198 5172 bas
2227 5133 2386 5187 super
2415 5135 2674 5173 summum
2705 5120 2893 5172 caelum
2926 5120 3140 5174 minime
3166 5119 3320 5174 dubi-

1788 5223 1974 5267 temus.
2021 5208 2187 5277 Major
2213 5218 2293 5262 est
2321 5210 2512 5277 quippe
2548 5207 2828 5273 Scriptura:
2858 5207 3009 5272 huius
3033 5209 3320 5262 auctoritas

1788 5314 1940 5367 quam
1974 5299 2142 5349 omnis
2171 5295 2380 5348 bumani
2410 5295 2598 5362 ingenii
2625 5294 2906 5359 capacitas.
2937 5293 3063 5345 Cum
3092 5297 3320 5350 sciamus

1789 5399 1960 5440 autem
2001 5385 2136 5451 quod
2181 5399 2282 5437 non
2329 5385 2480 5434 toties
2520 5381 2649 5434 dixit
2678 5380 2958 5444 Dominus,
3007 5381 3094 5435 liat
3120 5385 3206 5437 illa
3235 5386 3321 5440 vel

1791 5479 1875 5531 illa
1918 5485 2178 5539 creatura,
2218 5474 2422 5541 quoties
2473 5473 2520 5524 in
2569 5471 2668 5524 hoc
2708 5472 2842 5524 libro
2887 5474 3167 5539 reperitur,
3195 5477 3321 5529 dixit

147 5574 339 5630 creavit
388 5571 628 5624 Dominus
676 5575 848 5624 mlum
899 5583 946 5624 et
994 5581 1197 5624 terram.
1256 5570 1321 5624 Ut
1365 5572 1502 5638 quod
1559 5571 1693 5624 dixit
1794 5570 1962 5626 Deus.
1994 5565 2144 5618 Fmt.‘
2182 5566 2350 5620 Unum
2395 5566 2586 5634 quippe
2628 5565 2803 5652 genuit
2855 5562 3079 5618 Verbum
3123 5581 3172 5617 111
3216 5580 3321 5632 quo

154 5667 326 5726 Deus,
377 5660 492 5714 Fiat
539 5662 646 5724 tua,
692 5671 738 5712 et
782 5661 914 5728 facta
959 5671 1029 5713 est
1079 5661 1207 5722 lux;
1246 5659 1484 5714 eamdem
1527 5661 1593 5715 ad
1633 5676 1693 5716 sa
1796 5658 1926 5714 dixit
1969 5657 2142 5711 omnia
2185 5665 2460 5722 antequam
2499 5666 2694 5710 essent.
2720 5651 3134 5727 Sed-Scriptura
3174 5651 3322 5717 quasi
