3872 6262
488 427 581 483 195

973 417 1169 474 ΒΗ)Ᾱί
1212 412 1657 471 VENERABILIS
1695 404 1973 468 Ol‘Eltlill
2016 405 2198 475 PARS,
2229 407 2291 464 ll.
2333 436 2399 451 --
2438 405 2816 465 EXEGETICA
2857 404 3174 464 GENUINA.

482 533 718 606 parvulis
746 533 992 599 loquitur,
1021 526 1141 580 dum
1191 524 1420 578 insinuat
1441 522 1850 590 uniuscujusque
1872 531 2026 585 genta
2058 516 2105 576 Δ
2131 517 2370 586 gregari?
2396 518 2500 575 Sed
2538 519 2644 588 iam
2684 519 3038 589 supradictum
3061 531 3143 576 est
3170 523 3393 578 nomine
3419 534 3694 590 aquarum

482 626 557 681 ris
584 627 834 678 sternam
859 616 1110 672 rationem
1144 615 1306 669 verbo
1333 621 1564 667 creatam
1609 609 1725 664 Dei.
1778 607 1906 663 Cum
1934 623 2027 660 au-

486 727 589 770 tent
614 713 906 769 audivimus
928 709 1056 763 dixit
1083 707 1240 767 Deus,
1274 703 1412 766 Fiet,
1446 699 1782 769 intelligimus
1811 701 1947 766 quod
1977 700 2027 752 in

487 802 647 856 verbo
687 807 799 853 erat
845 806 902 851 ut
949 797 1115 850 lieret.
1168 795 1298 847 Cum
1332 808 1457 846 vero
1496 792 1822 855 audivimus,
1867 799 1920 842 et
1956 789 2030 842 sic

486 893 703 955 factum,
731 887 1069 953 intelligimus
1100 887 1287 938 factum
1330 893 1628 937 creaturam
1657 923 1672 946 ,
1720 889 1774 935 et
1804 895 1906 934 non
1936 894 2029 934 es-

486 983 706 1037 cessisse
747 979 999 1032 terminos
1046 975 1381 1041 praescriptos
1425 973 1476 1025 in
1508 971 1670 1024 verbo
1723 969 1838 1023 Dei.
1893 969 2024 1024 Cum

485 1084 612 1126 vero
636 1067 953 1138 audivimus,
990 1061 1054 1116 Et
1080 1063 1202 1114 vidit
1233 1045 1367 1115 Deus
1397 1061 1518 1130 quia
1539 1061 1722 1112 bonum
1747 1069 1844 1122 est,
1877 1059 2031 1112 intel-

487 1161 700 1228 ligimus
724 1157 776 1211 in
820 1153 1142 1222 benignitate
1169 1153 1386 1221 spiritus
1417 1151 1682 1220 placuisse
1707 1161 1765 1204 ut
1794 1158 2030 1204 maneret

490 1249 684 1302 factum
707 1245 844 1312 quod
881 1242 1120 1310 placebat
1148 1254 1202 1294 nt
1235 1239 1402 1294 ﬂeret.
1446 1240 1582 1299 Cum
1610 1250 1784 1294 autem
1808 1239 2028 1304 addidit,

491 1337 556 1390 Et
585 1336 704 1404 fecit
728 1333 883 1397 Deus,
913 1342 965 1386 et
1011 1347 1105 1385 cur
1154 1332 1202 1385 in
1231 1330 1498 1384 creatione
1537 1331 1668 1385 lucis
1698 1345 1802 1384 non
1835 1333 2029 1383 dictum

488 1436 594 1494 est,
629 1426 695 1480 Et
719 1424 835 1496 fecit
857 1423 1030 1477 Deus!
1057 1423 1186 1489 Quia
1211 1423 1381 1488 primo
1399 1421 1485 1476 die
1514 1435 1618 1490 quo
1647 1421 1783 1475 facta
1813 1429 1894 1474 est
1921 1418 2028 1484 ius,

487 1518 724 1572 conditio
767 1514 1016 1583 spiritalis
1045 1522 1303 1567 creaturas
1351 1512 1643 1565 intimatur.
1701 1511 1758 1565 In
1806 1523 1908 1576 qua
1934 1523 2033 1562 na-

494 1618 607 1661 tura
637 1605 996 1672 intelliguntur
1038 1603 1205 1655 sancti
1239 1599 1410 1670 angeli
1441 1609 1497 1653 et
1523 1599 1768 1651 virtutes.
1820 1596 1878 1650 Et
1909 1609 2031 1664 pro—

498 1705 676 1762 pterea
723 1708 824 1746 non
878 1701 1153 1758 repetunt.
1187 1690 1304 1756 quia
1353 1703 1458 1743 non
1509 1689 1678 1755 primo
1729 1684 2031 1756 recognovit

2133 609 2402 661 materiam
2431 608 2778 676 appellatam,
2832 609 2970 664 unde
3017 617 3129 664 erat
3158 608 3297 665 Deus
3341 609 3526 664 omnia
3576 606 3696 662 for-

2130 706 2386 752 maturus.
2447 697 2562 767 Ipsa
2585 708 2760 753 autem
2781 701 3113 770 congregatio
3132 713 3399 771 aquarum
3430 701 3487 753 in
3517 712 3691 753 unum

2137 788 2245 855 ipsa
2271 787 2598 843 conﬁrmatio
2623 789 2787 844 estin
2813 789 2955 844 illam
2978 790 3196 845 formam
3221 804 3386 856 quam
3409 789 3696 843 videmus.

2129 880 2386 946 Appareat
2423 878 2598 943 arida,
2633 888 2686 931 ut
2715 877 2797 933 illa
2828 877 3078 933 materies
3117 876 3386 946 acciperet
3415 874 3698 930 visibilem

2131 971 2370 1034 formant,
2418 982 2573 1036 quam
2614 981 2753 1022 nunc
2810 967 2969 1022 habet
3013 978 3152 1023 terra
3196 982 3355 1036 quam
3413 965 3698 1019 videretis.

2132 1054 2423 1132 Allegqrice
2450 1065 2623 1109 autem
2649 1054 2863 1125 collegit
2889 1056 2941 1110 in
2974 1070 3138 1110 unum
3163 1068 3327 1122 aquas
3355 1052 3654 1108 inferiores
3677 1091 3698 1115 ,

2131 1144 2231 1198 hoc
2260 1154 2342 1198 est
2369 1145 2610 1198 infideles
2643 1144 2905 1208 homines,
2933 1144 3022 1212 qui
3063 1150 3375 1212 tempestate
3402 1139 3702 1207 cogitatio-

2133 1249 2253 1286 nutn
2293 1233 2580 1287 carnalium
2611 1232 2937 1300 quatiuntur.
2980 1231 3269 1302 Segregorit
3318 1231 3385 1282 ab
3429 1228 3542 1282 illis
3585 1228 3700 1280 σί-

2130 1323 2268 1384 dam,
2298 1323 2544 1390 populum
2569 1322 2772 1376 scilicet
2797 1320 2995 1375 fontem
3018 1322 3140 1375 vita:
3167 1320 3464 1374 sitientem.
3495 1317 3703 1372 Possu-

2131 1422 2246 1462 mus
2267 1422 2474 1476 quoque
2495 1423 2661 1477 aquas
2689 1408 2817 1463 istas
2844 1417 3054 1477 peccata
3087 1406 3410 1476 intelligere,
3435 1419 3568 1472 qua
3593 1401 3700 1457 σὺ

2132 1498 2270 1552 cmlo
2295 1507 2437 1560 sunt.
2472 1497 2570 1551 hoc
2591 1505 2694 1559 est.
2721 1497 2990 1565 subiacent
3011 1495 3200 1550 rationi
3231 1503 3458 1549 nostra.
3482 1490 3625 1559 Qu:
3652 1490 3701 1544 si

2129 1597 2370 1650 separata
2405 1586 2628 1650 iuerint,
2679 1593 2800 1639 tunc
2832 1585 2976 1638 arida
3013 1594 3192 1639 nostra
3221 1597 3322 1637 non
3354 1582 3460 1637 erit
3491 1579 3654 1635 arida
3681 1618 3699 1644 .

2130 1674 2224 1729 sed
2247 1674 2534 1729 fructifera.
2558 1673 2904 1743 Cougregatio
2926 1689 3181 1744 aquarum
3212 1673 3382 1729 maria
3412 1669 3700 1736 dicuntur,

489 1794 726 1840 creatura
757 1783 1008 1850 spiritalis
1032 1820 1047 1845 ,
1106 1778 1576 1834 conformationem
1603 1775 1886 1847 cognorit;
1931 1775 2031 1829 hoc

2141 1764 2186 1816 id
2212 1774 2311 1828 est,
2341 1778 2434 1832 pro
2465 1762 2824 1832 magnitudine
2849 1780 2866 1828 ;
2919 1767 3042 1833 quia
3074 1777 3220 1818 mare
3248 1763 3402 1832 quasi
3432 1777 3700 1832 meum

492 1837 608 1938 ἀι,
659 1837 1003 1928 "mimicae
1033 1837 1279 1923 ’,πειρηθείς
1301 1909 1316 1930 ,
1364 1869 1429 1922 ,α
1460 1884 1614 1936 quam
1640 1837 1893 1922 ὧηνεηξι
1923 1864 2030 1922 τοι»-
2061 1837 2108 1898 Β
2137 1854 2448 1924 intelligitur
2469 1895 2483 1919 ,
2533 1854 2613 1906 vel
2662 1855 2729 1908 de
2775 1854 3126 1910 amaritudine
3167 1856 3364 1910 dicitur
3407 1869 3500 1909 ma
3532 1869 3589 1909 e.
3635 1852 3704 1908 Et

489 1977 625 2020 mata
655 1972 754 2018 est.
783 1961 979 2016 Caetera
1008 1975 1136 2014 vero
1161 1963 1226 2011 ita
1257 1967 1529 2024 creantur,
1574 1968 1629 2011 ut
1659 1959 1801 2025 prius
1828 1958 1953 2012 fiant
1982 1955 2032 2013 in

487 2054 785 2123 cognitione
814 2051 1085 2104 rationalis
1105 2059 1357 2102 creature
1383 2087 1400 2110 ,
1452 2061 1514 2101 ac
1541 2046 1733 2100 demde
1755 2046 1806 2100 in
1835 2061 2033 2115 genere

486 2160 604 2200 suo.
656 2142 722 2197 Et
745 2141 863 2195 ideo
884 2140 1108 2201 dicitur,
1157 2139 1347 2207 [rictum
1376 2145 1448 2190 est
1480 2136 1585 2201 ita,
1639 2137 1738 2188 hoc
1758 2143 1839 2189 e-t
1868 2135 1918 2189 in
1941 2149 2034 2188 co-

487 2233 718 2303 gnitione
761 2228 1013 2299 spiritalis
1041 2226 1321 2290 creaturae,
1348 2239 1410 2279 ac
1431 2223 1624 2279 di-iude
1653 2223 1925 2292 repetitur,
1968 2221 2034 2277 Et

490 2324 606 2391 fecit
636 2319 792 2383 Deus,
824 2319 922 2372 hoc
951 2327 1051 2383 est,
1082 2319 1134 2372 in
1165 2333 1262 2371 sun
1286 2313 1501 2386 genere.
1551 2316 1818 2370 Disserere
1857 2313 2030 2368 autem

489 2413 554 2464 de
579 2409 695 2464 ccli
727 2407 922 2476 figura.
975 2414 1149 2460 utrum
1188 2407 1416 2474 desuper
1454 2404 1660 2473 operist
1685 2412 1879 2456 terram
1902 2441 1918 2463 ,
1965 2411 2059 2455 an'

491 2497 717 2565 undique
751 2495 1040 2550 circumdet
1072 2496 1210 2548 velut
1238 2497 1443 2564 sphaera
1469 2531 1485 2556 ,
1538 2493 1602 2545 ad
1644 2506 1774 2559 Opus
1805 2491 1904 2544 hoc
1931 2506 2033 2544 non

489 2589 734 2656 pertinet.
766 2586 1056 2654 Allegorice
1075 2594 1248 2638 auzem
1270 2623 1286 2647 ,
1333 2581 1476 2636 Fecit
1501 2579 1631 2634 Deus
1664 2581 2038 2636 firmamentum

489 2678 542 2730 ia
570 2677 732 2729 medio
761 2690 1006 2743 aquarum
1025 2683 1080 2726 et
1099 2673 1266 2725 divisit
1292 2672 1420 2724 inter
1441 2686 1624 2740 aquam
1649 2681 1695 2725 et
1723 2686 1926 2741 aquam,
1982 2671 2035 2725 id

494 2772 578 2817 est
598 2760 915 2817 soliditatem
944 2771 1241 2814 sanctarum
1296 2759 1708 2827 Scripturarum.
1743 2758 1808 2812 Et
1833 2755 2033 2814 discre-

493 2852 570 2905 vit
591 2865 750 2918 super
772 2853 869 2904 hoc
891 2850 1278 2905 firmamentum
1308 2863 1491 2918 aquas,
1515 2854 1736 2903 virtutes
1761 2849 2030 2917 caelestes,

497 2939 564 2993 de
584 2938 768 3006 quibus
793 2938 985 2993 dicitur
1015 2954 1030 2992 :
1058 2940 1214 3006 Aqua:
1235 2954 1350 3009 qua:
1371 2955 1544 3008 super,
1597 2953 1763 3009 usque
1788 2936 2031 3006 Domini,

498 3033 618 3098 quia
648 3031 926 3098 Scriptura.
946 3045 1050 3084 non
1078 3030 1311 3098 indigent
1337 3044 1550 3100 semper
1576 3029 1745 3083 Deum
1776 3029 2033 3084 videntes.

494 3118 558 3214 iit
597 3120 697 3175 hoc
721 3118 896 3214 posuit
930 3119 1315 3214 ﬁrmamentum
1343 3133 1500 3214 super
1543 3118 1837 3214 inferiores.
1868 3131 2035 3214 popuf
2059 3148 2110 3214 ο

495 3207 610 3271 lus,
665 3209 755 3276 qui
781 3206 1065 3274 Scriptura:
1093 3206 1490 3274 intelligentiam
1524 3206 1739 3260 habent.
1795 3204 1910 3259 Non
1949 3205 2032 3257 in;

495 3309 726 3366 congrue
750 3309 958 3364 quoque
982 3305 1034 3347 et
1065 3295 1222 3348 homo
1260 3302 1439 3347 noster
1474 3291 1696 3348 interior
1713 3292 1910 3347 cmlum
1946 3307 2036 3360 apo

499 3390 738 3456 pellatur,
773 3385 907 3439 sicut
929 3387 980 3438 in
1006 3384 1286 3452 Evangelio
1316 3399 1330 3435 :
1362 3379 1485 3435 Fiat
1520 3381 1749 3435 voluntas
1771 3392 1876 3446 tua,
1909 3381 2038 3434 sicut

495 3481 547 3532 in
565 3476 689 3532 ccio
708 3485 754 3530 et
782 3476 834 3529 in
855 3481 1010 3529 terra.
1024 3473 1174 3542 Quod
1203 3474 1588 3528 ﬁrmamentum
1606 3472 1896 3541 appellatur
1918 3485 2041 3540 pro.

494 3575 611 3636 pter
636 3565 980 3621 mternitatem
1007 3602 1024 3624 .
1068 3565 1311 3632 quodque
1351 3563 1508 3616 debet
1554 3561 1857 3616 discernere
1901 3561 2038 3615 inter

494 3653 746 3721 spiritalia
774 3661 829 3704 et
855 3649 1083 3704 carnalia
1111 3688 1128 3714 ,
1177 3651 1326 3718 quasi
1355 3651 1492 3704 inter
1517 3664 1704 3719 aquam
1735 3661 1792 3705 et
1819 3664 2029 3719 aquam.

497 3742 596 3798 Alii
637 3740 820 3796 dicunt
855 3739 1012 3792 etiam
1055 3737 1438 3792 ﬁrmamentum
1486 3752 1578 3804 pro
1598 3737 1843 3790 omnibus
1885 3738 2036 3792 cmlis

499 3830 623 3885 dici.
671 3829 728 3883 in
768 3827 939 3882 medio
986 3840 1260 3894 aquarum,
1309 3825 1396 3894 qui
1451 3837 1610 3893 super
1649 3824 2036 3877 ﬁrmamentum

498 3933 647 3986 aqua
673 3927 814 3984 sunt,
839 3927 894 3971 ut
918 3917 1116 3984 angelis
1140 3916 1413 3970 divinitate
1441 3922 1754 3984 temperent,
1780 3923 1839 3972 ut
1869 3912 2040 3983 angeli

415 4027 419 4033 “
497 4007 816 4060 sustinerent
858 4003 1060 4056 vultum
1107 4002 1237 4068 Dei,
1282 4012 1339 4056 ut
1388 4001 1640 4072 Origenes
1679 4002 1824 4057 dicit.
1873 4001 2039 4058 Aliter

504 4109 597 4164 per
641 4095 1028 4176 firmamentum
1078 4091 1313 4148 Ecclesia
1362 4094 1413 4148 in
1464 4094 1637 4148 medio
1663 4107 1939 4162 aquarum,
1987 4094 2040 4150 id

505 4192 609 4248 est,
656 4183 792 4237 inter
817 4184 946 4235 duas
975 4183 1113 4252 lrges
1140 4180 1487 4252 intelligitur;
1534 4183 1615 4238 vel
1645 4182 1781 4238 inter
1807 4189 2039 4239 sanctam

502 4273 794 4328 doctrinam
822 4281 879 4327 et
906 4273 1148 4327 ha-resitn
1173 4317 1188 4341 ,
1235 4287 1356 4342 qua
1376 4288 1540 4342 aquas
1561 4273 1629 4327 ab
1650 4274 1798 4340 aquis
1825 4273 2038 4337 dividit,

503 4361 555 4415 id
581 4367 685 4424 est,
710 4359 912 4412 Novum
949 4376 979 4412 a
1012 4356 1210 4423 Veteri,
1237 4360 1317 4413 vel
1366 4370 1602 4414 sanctam
1644 4359 1940 4414 doctrinam
1981 4363 2048 4416 ab

2133 1944 2330 1998 idcirco
2355 1944 2696 2013 congregatio
2726 1958 2978 2012 aquarum
3010 1944 3173 1998 maria
3201 1943 3535 2018 appellatur,
3568 1942 3694 2011 quia

2131 2033 2302 2087 omnis
2344 2047 2476 2101 aqua
2522 2046 2709 2101 magna
2758 2032 2895 2101 apud
2952 2031 3202 2087 Hebraeos
3248 2048 3399 2088 mare
3439 2040 3697 2087 vocatur.

2132 2122 2502 2192 Cougregeutur
2519 2135 2664 2192 aqua
2683 2121 2735 2174 iu
2761 2121 2926 2176 locum
2952 2137 3122 2187 unm,
3155 2120 3207 2176 id
3235 2132 3338 2186 est,
3372 2130 3700 2190 peccatores

2131 2221 2186 2266 et
2213 2210 2446 2266 uteretici
2474 2210 2526 2264 in
2555 2208 2845 2273 infernum,
2897 2210 3016 2274 quia
3048 2224 3144 2279 pro
3169 2211 3536 2265 amaritudine
3569 2223 3700 2277 pee—

2133 2311 2369 2354 catorum
2396 2296 2559 2352 maria
2585 2297 2852 2354 dicuntur.
2883 2295 2952 2350 Et
2977 2309 3222 2367 apparent
3245 2287 3418 2364 ἀξια,
3453 2299 3566 2353 hoc
3590 2307 3696 2367 est,

2137 2386 2386 2442 Ecclesia.
2829 2419 2833 2421 -
2860 2391 2864 2395 ’

2204 2472 2273 2528 Et
2297 2476 2426 2529 dixit
2471 2474 2608 2534 Deus
2635 2491 2652 2529 :
2681 2472 2943 2530 Ger-mittet
2963 2487 3094 2530 terra
3127 2475 3338 2531 herbam
3395 2476 3603 2545 pum",
3645 2484 3702 2530 et

2135 2566 2332 2634 reliqua
2377 2581 2542 2635 usque
2591 2553 2696 2621 dies
2741 2569 2938 2622 tertius.
2986 2569 3247 2642 Quoniam
3297 2569 3558 2622 distincta
3614 2578 3701 2622 est

2135 2663 2367 2708 creatura
2395 2654 2671 2709 herbarum
2699 2665 2858 2726 atque
2885 2657 3146 2727 lignorum
3171 2672 3200 2710 a
3229 2656 3410 2726 specie
3442 2667 3617 2711 terra
3641 2667 3700 2711 et

2133 2757 2280 2810 aqua
2311 2755 2567 2798 seorsum.
2614 2743 2686 2799 De
2725 2743 2828 2798 illis
2867 2731 3081 2812 dicitur,
3128 2754 3183 2800 ut
3221 2745 3415 2800 exirent
3455 2744 3529 2798 de
3558 2755 3699 2798 terra

2133 2847 2357 2885 seorsum
2401 2831 2503 2887 illis
2529 2832 2724 2887 reddita
2751 2843 2800 2888 et
2819 2834 3004 2889 solida.
3062 2834 3130 2888 Et
3159 2835 3349 2905 factum
3388 2843 3461 2888 est
3491 2834 3597 2888 sic.
3633 2833 3699 2887 ει

2133 2922 2256 2975 sidit
2288 2921 2420 2975 Deus
2436 2922 2557 2992 quia
2576 2921 2893 2988 boue'suut;
2932 2935 3105 2978 tamen
3133 2927 3252 2992 quia
3281 2922 3384 2977 ﬂia
3417 2922 3700 2978 radicibus

2134 3018 2516 3065 connectuntur
2545 3011 2724 3084 terris,
2768 3012 2835 3066 ad
2862 3013 3105 3068 eumdem
3134 3013 3271 3067 diem
3304 3012 3466 3066 soluit
3515 3013 3699 3080 perti-

2139 3111 2282 3151 nere.
2332 3097 2425 3151 iiic
2451 3107 2625 3152 autem
2666 3099 2845 3172 solent
2890 3098 3124 3155 haretiei
3169 3098 3349 3153 dicere
3382 3113 3399 3152 :
3431 3098 3490 3154 Si
3549 3099 3696 3153 Dens

2137 3187 2291 3255 jttsSil
2333 3186 2474 3241 nasci
2522 3187 2709 3242 herbas
2750 3196 2805 3242 et
2831 3189 2994 3256 ligna,
3041 3187 3128 3259 qui
3170 3188 3324 3257 jussit
3351 3188 3583 3257 spinosa
3615 3187 3701 3243 vel

2143 3275 2464 3329 infructuosa
2526 3276 2701 3346 ligna?
2746 3274 2902 3333 Certe
2949 3287 3070 3332 ante
3119 3287 3390 3344 peccatum
3449 3277 3699 3332 homini

2139 3377 2245 3417 non
2291 3373 2373 3418 est
2416 3364 2667 3435 scriptum
2709 3364 2847 3435 quod
2887 3373 3025 3419 terra
3069 3362 3338 3433 protulerit
3386 3363 3480 3417 illa
3515 3377 3699 3419 vene-

2140 3467 2265 3507 nosa
2296 3452 2379 3508 vel
2407 3451 2746 3510 infructuosa.
2781 3453 2918 3522 Ergo
2948 3451 3222 3508 maledicta
3253 3463 3395 3506 terra
3432 3467 3537 3521 per
3566 3466 3700 3521 pee-

2138 3548 2310 3595 caturn
2341 3538 2605 3608 hominis,
2635 3541 2813 3609 spinas
2842 3549 2897 3595 et
2927 3540 3147 3595 tribulos
3172 3542 3462 3611 germinat.
3489 3540 3622 3595 Non
3641 3549 3702 3596 ut

2141 3633 2307 3699 ipsam
2327 3680 2332 3686 .
2350 3644 2556 3699 prunam
2590 3631 2808 3686 sentiret
2832 3639 2967 3685 terra
2995 3633 3299 3700 germinans
3329 3640 3558 3702 propter
3588 3633 3700 3688 cri-

2140 3736 2258 3775 men
2289 3720 2578 3775 humanum
2601 3760 2617 3786 ,
2648 3721 2740 3777 sed
2769 3732 2827 3775 ut
2855 3721 2906 3774 in
2935 3725 3032 3776 hoc
3059 3737 3268 3790 semper
3296 3708 3568 3778 baberent
3597 3725 3698 3778 ho-

2140 3812 2308 3864 mines
2345 3825 2587 3878 pmnam;
2637 3810 2815 3867 herba
2841 3821 3015 3866 autem
3053 3825 3330 3869 venenosa
3355 3813 3425 3866 ad
3473 3805 3699 3881 partem

2144 3898 2226 3950 vel
2252 3897 2318 3949 ad
2337 3897 2768 3951 exercitationem
2795 3900 3092 3954 mortalium
3121 3909 3311 3954 creata
3335 3912 3482 3954 sunt.
3519 3902 3701 3970 Spiric

2146 3985 2318 4040 taliter
2340 3994 2539 4054 autem,
2569 3993 2840 4054 postquam
2867 3999 3071 4042 coercet
3098 3982 3528 4057 Βαιιιὶιιρετδοί
3556 3991 3705 4045 intra

2145 4074 2276 4127 lines
2302 4071 2537 4137 debitos,
2583 4074 2843 4143 germinat
2879 4075 3103 4143 populus
3146 4075 3315 4131 fidelis
3357 4076 3576 4134 fruetus
3613 4079 3701 4134 die

2144 4175 2325 4216 versos
2361 4162 2618 4217 bonorum
2649 4175 2866 4231 operum
2894 4163 3178 4218 secundum
3206 4179 3397 4234 genus.
3448 4167 3702 4239 Diligens

2147 4252 2441 4319 proximum
2468 4251 2717 4306 subsidiis
2743 4251 3058 4320 carnalibus,
3102 4253 3302 4308 habens
3328 4255 3382 4308 iu
3410 4269 3477 4310 aa
3503 4271 3705 4324 nega

2147 4341 2430 4395 secundum
2457 4339 2854 4395 similitudinem
2880 4383 2895 4407 ,
2923 4354 2987 4396 es
3015 4353 3109 4396 sua
3138 4340 3446 4398 inﬁrmitate
3462 4333 3702 4414 ets-p-

503 4419 712 4504 ltzresi.
763 4445 1043 4511 D.eisitqus
1087 4419 1248 4513 usque
1284 4447 1377 4499 sub
1404 4447 1758 4514 ﬁrmamento,
1818 4450 1870 4500 id
1921 4459 2036 4511 est,

2152 4429 2312 4483 tiatur
2371 4430 2629 4494 Intirntis,
2678 4431 2969 4498 producens
3016 4419 3212 4499 lignum
3267 4431 3408 4485 forte
3455 4432 3667 4488 rotate

513 4539 668 4592 Vetus
687 4544 741 4591 et
770 4539 1004 4590 haereses
1030 4537 1130 4588 sub
1152 4535 1384 4589 Ecclesia
1403 4545 1543 4589 sunt.
1570 4535 1770 4589 Novum
1796 4545 1969 4592 autem
1991 4545 2036 4591 et

2152 4520 2495 4585 fructifcrum,
2529 4521 2841 4577 beneﬁcum.
2891 4522 3070 4579 Potest
3089 4531 3146 4576 et
3165 4521 3531 4592 unusquisque
3553 4525 3613 4581 il
3640 4539 3703 4582 Ie

506 4636 686 4680 sancta
710 4626 949 4679 doctrina
970 4639 1124 4692 super
1150 4624 1436 4678 Ecclesiam
1461 4634 1602 4679 sunt.
1634 4623 1935 4694 Vocaoilqus
1955 4626 2049 4694 ﬁr-

507 4723 811 4766 mamentum
836 4714 1016 4766 calum
1041 4751 1056 4774 ,
1103 4711 1153 4766 id
1181 4720 1292 4776 est,
1337 4710 1626 4767 Ecclesiam
1650 4727 1680 4767 a
1713 4713 2047 4767 celsitudine.

416 4871 417 4874 η
508 4803 605 4856 l‘er
642 4802 1023 4854 ﬁrmamentum
1065 4816 1274 4868 qmiqne
1315 4815 1498 4854 sensus
1540 4801 1826 4868 prudentia
1869 4801 2047 4870 perfe-

511 4907 628 4946 ctus
649 4878 1038 4946 demonstratur
1066 4908 1077 4942 :
1107 4889 1195 4958 qui
1225 4903 1280 4943 et
1305 4883 1418 4957 ipse
1456 4906 1643 4946 sensus
1685 4906 1714 4944 a
1739 4893 2050 4946 celsitudine

506 4985 699 5038 celum
743 4979 952 5034 dicitur.
1006 4977 1073 5032 Ut
1118 4981 1310 5048 dividat
1351 4994 1506 5048 aqua
1533 4981 1595 5034 ab
1624 4985 1805 5050 equis,
1863 4983 1912 5037 id
1943 4982 2044 5043 est,

514 5070 769 5125 actualem
800 5079 855 5123 et
886 5067 1171 5121 theoricani
1199 5068 1486 5122 diicernat.
1531 5070 1798 5126 Actualem
1829 5072 1929 5127 sub
1955 5085 2046 5136 se,

509 5150 795 5214 tlzeorieam
821 5172 944 5212 vero
973 5171 1128 5224 supra
1153 5172 1231 5210 se.

582 5245 674 5300 Est
720 5248 912 5317 factum
953 5258 1001 5299 et
1027 5261 1221 5316 uespere
1240 5255 1316 5299 est
1338 5261 1484 5298 me
1521 5246 1625 5300 dies
1661 5249 1924 5302 secundus.
1973 5248 2046 5301 ita

517 5337 629 5392 ita-c
669 5350 784 5405 quo:
838 5346 1183 5405 repetuntur,
1225 5335 1361 5389 sicut
1417 5336 1658 5404 superius
1711 5337 2047 5404 intelligenda

513 5433 652 5482 sunt.

585 5512 723 5566 Dixit
749 5527 860 5564 vero
893 5511 1026 5564 Deus
1044 5527 1062 5564 :
1083 5511 1456 5582 Caugregeurur
1491 5529 1637 5581 aqua
1676 5518 1898 5582 quorsus
1927 5515 2049 5569 caelo

512 5612 648 5668 sunt,
694 5610 749 5656 et
779 5587 994 5667 reliqua.
1029 5598 1248 5663 Quidam
1274 5601 1472 5666 dicunt,
1522 5603 1578 5658 Si
1625 5611 1789 5660 totum
1837 5607 2046 5673 plenum

516 5690 611 5771 fuit
637 5683 807 5762 aqitis,
854 5689 1121 5759 quomodo
1145 5697 1424 5758 potuerant
1448 5706 1596 5764 aqua
1623 5696 1678 5754 in
1715 5712 1876 5754 unum
1903 5712 2049 5771 cm-

2148 4613 2439 4680 germinare
2485 4613 2675 4668 herbas
2727 4608 2884 4667 utiles
2929 4621 2983 4672 et
3023 4612 3162 4682 ligna
3217 4611 3517 4684 fructifera,
3572 4632 3702 4674 cum

2149 4705 2366 4760 virtutes
2393 4705 2565 4760 varias
2594 4705 2848 4758 habuerit.

2222 4793 2286 4845 Et
2305 4793 2434 4845 dixit
2465 4792 2599 4844 Deus
2628 4806 2648 4845 .-
2677 4776 2829 4844 Finit:
2863 4793 2964 4845 duo
2987 4791 3255 4846 luminaria
3277 4796 3333 4847 ιι
3362 4794 3705 4862 manu»

2150 4883 2259 4936 ccli
2276 4921 2291 4946 ,
2330 4892 2382 4932 ut
2409 4879 2607 4935 luceant
2645 4895 2792 4950 super
2816 4891 2999 4935 terram
3019 4921 3034 4946 ,
3073 4892 3128 4936 et
3154 4881 3351 4950 reliqua
3379 4895 3562 4949 usque
3588 4882 3706 4936 dies

2147 4979 2374 5038 quartus.
2420 4969 2552 5034 Quid
2584 4969 2681 5024 sibi
2711 4971 2818 5025 vult
2845 4971 2982 5039 quod
3014 4972 3156 5039 prius
3196 4980 3332 5024 terra
3360 4955 3706 5038 germinare!

2149 5076 2304 5126 quam
2340 5061 2388 5113 in
2415 5065 2549 5115 cmlo
2579 5065 2768 5116 fierent
2795 5062 3068 5116 luminaria
3087 5062 3112 5114 2
3154 5061 3326 5127 Supra
3370 5059 3586 5117 dictum
3618 5072 3704 5118 est

2149 5151 2266 5218 quia
2327 5151 2455 5203 lucis
2517 5155 2724 5203 nomine
2775 5149 3064 5216 spiritualis
3109 5157 3348 5201 creatura
3402 5147 3555 5204 dicta
3618 5162 3707 5209 ut

2149 5243 2313 5310 prima
2343 5243 2425 5296 die
2449 5242 2684 5297 formari.
2711 5245 2785 5294 Ac
2804 5224 2890 5294 die
2913 5238 3139 5292 secunda
3169 5240 3290 5307 pars
3320 5239 3508 5293 mundi
3535 5237 3704 5308 huius

2149 5334 2440 5396 sublimior,
2474 5334 2523 5386 id
2553 5340 2636 5387 est
2663 5331 2851 5386 omium
2884 5328 3156 5383 formatur.
3209 5327 3386 5381 Tertia
3415 5327 3511 5384 die
3551 5339 3704 5384 lusa

2149 5438 2267 5477 cum
2311 5423 2492 5477 herbis
2513 5433 2567 5476 et
2596 5421 2787 5497 lignis,
2831 5419 2953 5490 quia
3007 5416 3105 5470 etsi
3135 5426 3420 5471 moventur
3458 5415 3612 5484 ligas:
3649 5426 3710 5471 ιι

2153 5514 2324 5567 herbae
2343 5527 2434 5580 per
2469 5512 2841 5566 incrementum
2865 5549 2881 5575 ,
2927 5506 3189 5561 radicibus
3222 5515 3398 5560 tamen
3433 5506 3540 5562 In
3573 5513 3706 5562 In.

2153 5605 2327 5669 terris;
2357 5617 2417 5657 ac
2454 5618 2545 5671 per
2576 5606 2672 5656 hoc
2705 5613 2807 5656 non
2839 5610 2975 5652 terra
3007 5599 3150 5665 prius
3169 5595 3374 5665 recepit
3395 5608 3706 5651 ornamen-

2154 5705 2264 5754 tum
2287 5735 2305 5763 ,
2344 5695 2439 5753 sed
2466 5694 2676 5754 calum.
2709 5692 2896 5773 _l‘rima
2923 5688 3058 5744 enim
3084 5687 3198 5744 dies
3223 5685 3530 5756 ἁεμιιιιιι
