3872 6262
92 374 193 433 197
326 389 357 420 ι

909 374 972 430 ΙΝ
1014 367 1571 429 PENTATEUCHUI
1612 367 2098 438 COMMENTARII.
2140 399 2207 411 -
2244 369 2548 427 GENESIS.

91 485 218 538 tuali
244 487 519 552 creaturae,
553 481 785 537 secunda
814 491 869 536 et
897 483 1048 536 tertia
1075 479 1272 536 mundo
1295 480 1379 534 isti
1409 477 1600 534 visibili
1622 518 1638 541 ,
1671 482 1720 539 Α
1750 479 1945 534 minore
1971 483 2136 550 mjus
2155 522 2170 545 ,
2199 491 2254 535 et
2281 480 2502 552 reliqua.
2535 481 2645 538 Hoc
2672 481 2933 539 luminare
2955 493 3181 554 quatuor
3212 499 3296 543 re-

90 581 305 639 pmpter
334 571 438 624 duo
473 571 700 624 maxima
728 570 1020 636 elementa,
1051 570 1103 625 id
1133 579 1217 625 est
1238 570 1430 626 cmlnm
1457 580 1509 624 et
1538 580 1646 622 ter-

90 675 248 726 ram;
294 670 479 729 quarta
512 675 637 713 vero
680 660 768 716 die
808 661 863 715 in
909 663 1047 716 casto
1076 660 1375 725 luminaria;
1424 670 1478 715 et
1511 660 1647 714 sicut

91 753 240 820 prius
264 752 461 807 emittm
488 750 711 830 factum,
760 752 829 805 ita
858 751 1004 820 prius
1033 760 1269 806 ornatur.
1301 751 1432 805 illud
1465 759 1638 805 autem

87 842 231 910 quod
257 843 452 898 dictum
478 852 581 902 est.
612 852 666 895 ut
691 842 790 896 sint
811 843 862 896 in
892 844 1063 913 signa,
1094 852 1140 897 et
1166 845 1218 896 in
1246 853 1493 914 tempore,
1521 851 1566 896 et
1594 843 1647 895 iis

89 931 223 993 dies,
267 940 316 985 et
352 946 546 994 annos,
596 946 753 998 quam
800 931 1024 986 obscure
1065 931 1292 1000 positum
1337 941 1522 1002 quarta
1560 930 1647 985 die

76 1027 330 1094 tempore
359 1023 609 1092 cepisse,
643 1025 797 1091 quasi
829 1025 1073 1090 superius
1105 1022 1334 1077 triduum
1365 1023 1482 1077 sine
1511 1031 1647 1076 tem-

91 1131 222 1184 pore
253 1117 480 1185 potuerit
507 1115 846 1184 pertransire.
882 1117 986 1169 Aut
1031 1115 1181 1183 quasi
1231 1115 1490 1182 potuisset
1529 1127 1650 1168 esse

93 1216 309 1273 tempus
336 1199 461 1260 ante
487 1204 683 1270 sidera,
714 1219 833 1258 cum
870 1204 1008 1267 dies,
1049 1212 1104 1258 et
1128 1203 1294 1268 horas,
1327 1212 1384 1259 et
1409 1201 1550 1266 anni,
1598 1209 1651 1255 ct

91 1309 338 1359 menses.
384 1293 650 1350 sideribus
696 1293 1107 1365 distinguantur.
1159 1294 1264 1351 Sed
1306 1308 1465 1362 supra
1514 1292 1651 1348 disi-

91 1400 214 1440 mus
237 1385 362 1454 quia
408 1392 620 1440 noctem
653 1394 867 1454 propter
915 1391 1334 1439 consummatum
1372 1395 1546 1452 opus.
1595 1389 1652 1434 et

90 1475 234 1530 diem
305 1482 524 1544 propter
583 1473 728 1528 aliud
799 1488 931 1540 opus
998 1471 1350 1528 inchoandum
1434 1480 1645 1527 vocet:

95 1563 365 1618 incertum
395 1572 479 1618 est
514 1571 690 1617 utrum
715 1562 783 1617 ad
809 1557 988 1618 omnia
1017 1564 1192 1617 sidera
1235 1563 1463 1632 pertinet
1505 1559 1648 1630 quod

91 1650 294 1706 dictum
315 1660 399 1706 est
421 1668 436 1703 :
460 1650 581 1707 Sint
608 1652 661 1704 in
684 1652 852 1723 signa,
876 1661 926 1706 et
951 1661 1196 1721 tempora,
1219 1661 1265 1705 et
1291 1651 1344 1704 iu
1370 1651 1497 1715 dies,
1528 1659 1574 1704 et
1598 1650 1651 1703 in

91 1757 259 1797 unos
285 1755 306 1796 :
325 1755 394 1796 an
425 1741 571 1811 signa
601 1753 656 1797 et
683 1749 919 1811 tempore
958 1741 1023 1795 ad
1051 1754 1275 1805 cetera,
1298 1739 1417 1795 dies
1441 1753 1570 1794 vero
1598 1749 1651 1794 et

1748 568 1846 625 bus
1872 570 2042 640 majus
2066 572 2258 626 dicitur
2276 587 2433 642 quam
2460 571 2615 637 luna,
2657 572 2710 627 id
2735 583 2818 629 est
2835 615 2852 640 ,
2893 575 3250 646 magnitudine
3271 614 3294 646 ,

1745 659 1800 714 in
1828 676 2051 717 excessu
2079 663 2322 732 longum,
2369 678 2466 718 nec
2495 678 2600 718 non
2627 664 2911 733 splendore
2951 675 3006 721 es
3029 676 3289 734 tempore.

1747 749 1934 805 Sidera
1960 761 2136 806 autem
2159 755 2226 807 ab
2251 754 2448 821 angelis
2474 752 2594 810 vehi
2613 754 2863 812 dicuntur
2884 798 2902 824 ,
2939 771 3162 825 quorum
3193 757 3295 813 mi-

1749 838 1992 895 nistratio
2035 849 2119 895 est
2155 841 2330 903 sidera
2377 841 2609 908 vehere,
2658 851 2719 898 ut
2761 832 2896 899 alius
2946 845 3188 900 tractavit
3223 849 3295 902 de

1747 925 1984 996 Δεδοιιοιί
2022 930 2361 994 testimonio,
2395 945 2502 1000 quo
2529 930 2753 997 dicitur,
2803 930 2925 986 Non
2952 919 3121 1003 angeli
3148 934 3297 988 asini-

1747 1017 1840 1070 sm'
1866 1019 2018 1071 sunt?
2043 1017 2228 1073 Sidera
2253 1028 2431 1074 alitem
2460 1033 2563 1074 non
2591 1019 2758 1075 videri
2785 1034 2815 1074 a
2848 1019 2998 1076 nobis
3025 1020 3277 1078 dicuntur

1749 1108 1843 1162 sed
1870 1122 2053 1164 eorum
2081 1109 2352 1175 splendor,
2393 1111 2628 1181 solisque
2657 1112 2848 1179 positio
2883 1111 2936 1166 in
2982 1111 3192 1166 modum
3217 1118 3298 1168 ta-

1751 1197 1888 1252 bula:
1911 1197 2121 1252 dicitur.
2170 1197 2316 1253 Luna
2354 1206 2528 1254 autem
2559 1213 2664 1253 non
2694 1212 2932 1255 crescere
2971 1213 3068 1255 nec
3094 1199 3296 1264 minui,

1752 1286 1842 1342 sed
1873 1287 1926 1342 in
1956 1286 2166 1342 modum
2196 1287 2422 1355 sphera
2457 1287 2731 1345 sentlaiba
2750 1290 2882 1344 verti
2905 1325 2924 1356 ,
2952 1289 3102 1344 velut
3143 1302 3302 1360 snpe-

1707 1393 1709 1395 '
1752 1374 1860 1432 rius
1891 1375 2154 1442 diximus,
2204 1390 2234 1431 a
2258 1375 2372 1432 sole
2398 1390 2645 1445 accensa,
2693 1385 2749 1434 et
2787 1385 2905 1446 post
2943 1378 3298 1444 decrescens,

1752 1465 1920 1523 donec
1964 1467 2150 1522 iterum
2189 1466 2529 1522 accendatur.
2571 1464 2641 1519 Et
2667 1467 2897 1522 dividant
2942 1467 3078 1522 diem
3118 1475 3166 1522 et
3206 1482 3302 1521 no-

1752 1565 1899 1622 slent,
1952 1555 2005 1611 id
2031 1565 2135 1621 est,
2183 1554 2354 1612 sancti
2403 1554 2651 1612 doctores
2694 1553 2932 1610 dividant
2973 1567 3306 1628 quacunque

1752 1646 1995 1714 superius
2019 1658 2112 1714 per
2139 1644 2278 1699 diem
2307 1654 2360 1700 et
2389 1653 2598 1699 noctem
2622 1645 2916 1713 signiﬁcata
2937 1645 3195 1702 diximus.

1827 1732 1891 1788 Et
1933 1733 2062 1788 dixit
2110 1733 2246 1787 Deus
2268 1748 2288 1788 :
2310 1730 2550 1787 Educant
2586 1747 2734 1803 aqua
2777 1733 2978 1800 reptilie
3017 1734 3302 1788 animaren-

92 1832 222 1886 anni
245 1830 314 1886 ad
348 1831 519 1886 solem
548 1837 774 1885 tantum.
821 1830 967 1885 Iulli
1008 1839 1189 1885 autem
1217 1829 1387 1898 qualis
1431 1829 1548 1884 luna
1579 1829 1649 1884 sit
1679 1813 1726 1873 Β
1750 1821 1973 1874 Ultimm
2003 1830 2050 1874 σε
2089 1820 2314 1874 Miami“
2345 1819 2439 1874 ⁸³⁵
2470 1819 2788 1888 pluma“
2827 1820 2967 1887 εωιίι
3018 1827 3074 1874 σι
3101 1820 3298 1890 nullm

94 1921 236 1978 facta
265 1920 638 1990 loquacissitne
659 1920 950 1991 inquirunt,
983 1929 1158 1974 utrum
1182 1921 1356 1986 plena,
1386 1933 1452 1972 an
1483 1919 1649 1987 prima

94 2024 277 2067 creata
323 2010 390 2065 sit
416 2051 434 2077 ,
481 2008 622 2079 quod
664 2009 730 2064 ad
773 2008 874 2064 hoc
915 2008 1228 2078 opusculum
1269 2021 1374 2063 non
1405 2007 1652 2076 pertinet.

92 2099 456 2169 Spiritualiter
480 2109 658 2153 autem
698 2098 832 2154 liuut
871 2099 922 2153 in
969 2099 1306 2153 ﬁrmamento
1335 2096 1612 2151 luminaria
1634 2135 1652 2162 ,

93 2194 304 2249 scilicet
342 2192 511 2247 sancti
537 2191 785 2248 ductores
811 2191 864 2246 in
886 2189 1158 2260 Scriptura
1187 2187 1514 2259 proliciente:
1541 2225 1556 2251 ,
1601 2197 1656 2243 et

93 2281 447 2347 inferioribus
493 2283 670 2338 iumen
701 2280 937 2338 scientia
977 2281 1427 2338 demonstrantes.
1471 2277 1655 2334 Diver-

93 2373 229 2428 sitas
257 2383 441 2450 autem
475 2373 706 2428 siderum
736 2371 1020 2428 diversitas
1065 2382 1147 2427 est
1175 2372 1481 2440 gratiarum.
1529 2370 1657 2426 Pos-

94 2479 284 2519 sumus
325 2479 533 2534 quoque
569 2463 715 2520 etde
746 2464 899 2519 nobis
944 2463 1074 2534 ipsis
1107 2462 1650 2519 haberelnminaria.

94 2553 421 2616 Studeamus
460 2564 558 2607 nos
603 2551 743 2608 el‘lici
772 2553 999 2618 callum,
1047 2549 1358 2607 habebimus
1402 2552 1453 2606 in
1502 2551 1652 2605 nobis

95 2643 407 2706 luminaria,
453 2642 722 2697 Christum
771 2652 827 2698 et
881 2642 1168 2699 Ecclesiam
1212 2642 1372 2698 illius.
1417 2642 1531 2711 ipse
1577 2650 1659 2696 est

94 2733 240 2788 enim
285 2733 372 2787 ius
406 2731 610 2795 mundi.
657 2731 747 2800 qui
788 2740 844 2786 et
885 2719 1173 2786 Ecclesiam
1207 2731 1489 2799 illuminat,
1520 2729 1658 2784 sicut

95 2821 219 2875 luna
249 2819 322 2874 de
344 2819 457 2874 sols
481 2818 674 2874 dicitur
707 2817 980 2888 percipere
1007 2818 1187 2872 iumen
1206 2856 1221 2882 ,
1275 2826 1330 2870 ut
1359 2831 1450 2886 per
1477 2815 1650 2884 ipsum
1685 2811 1687 2813 ’

98 2909 272 2979 possit
319 2908 636 2975 illuminari,
664 2909 740 2963 sic
783 2906 1017 2963 Ecclesia
1041 2917 1290 2974 suscepto
1336 2906 1534 2961 Christi
1577 2907 1657 2960 lu-

100 2999 248 3052 iue
321 2996 581 3051 illuminat
651 2995 963 3065 ignorantia
1051 2994 1277 3049 tenebris
1336 3003 1653 3062 eacmcattts.

98 3086 358 3141 Dividunt
407 3093 582 3139 autem
626 3083 725 3139 ista
771 3084 945 3138 sidera
985 3083 1120 3140 inter
1151 3081 1292 3136 diem
1326 3093 1380 3136 et
1422 3090 1655 3146 noctem,
1681 3121 1728 3183 ο

99 3176 150 3232 id
178 3185 290 3241 est,
323 3176 566 3231 doctores
586 3173 827 3230 dividunt
849 3176 986 3228 inter
1004 3175 1173 3229 lucem
1194 3172 1574 3243 perlecturum,
1602 3181 1657 3228 et

105 3265 363 3322 tenebras
393 3265 710 3329 pravOrum;
758 3271 816 3318 ut
839 3259 946 3316 sint
975 3260 1029 3316 in
1050 3250 1234 3333 signa,
1276 3261 1528 3316 virtutum
1556 3255 1663 3314 sci-

101 3353 252 3419 licet,
285 3352 394 3407 sint
441 3351 603 3407 etiam
651 3353 705 3406 in
758 3361 997 3420 tempora
1047 3360 1102 3405 et
1152 3350 1206 3404 in
1249 3363 1438 3404 annos.
1473 3350 1663 3404 Vivunt

101 3442 248 3498 enim
304 3443 532 3515 propriis
581 3441 947 3510 temporibus,
992 3445 1059 3494 et'
1096 3436 1408 3494 transeunt:
1439 3436 1660 3492 Verbum

100 3540 272 3586 autem
321 3529 535 3605 Domini
573 3539 743 3584 eleuet
787 3530 840 3582 in
885 3538 1150 3585 clauum.
1201 3525 1266 3583 Et
1306 3529 1664 3596 unusquisque

103 3627 350 3675 nostrum
377 3617 572 3673 'dividit
613 3619 753 3672 inter
779 3619 905 3672 vitia
935 3626 991 3671 et
1015 3618 1241 3672 virtutes
1268 3631 1366 3685 per
1399 3614 1661 3669 illumina-

104 3712 312 3766 tionem
338 3707 543 3764 Christi
563 3717 616 3763 et
644 3708 924 3772 Ecclesia,
959 3707 1304 3762 et‘variarnm
1328 3705 1617 3775 gratiarum
1643 3743 1659 3766 ,

107 3799 258 3854 velut
297 3797 591 3854 stellarum.
644 3795 926 3851 Luminare
952 3804 1128 3850 autem
1172 3793 1342 3863 majus
1367 3794 1424 3849 in
1473 3793 1665 3863 princi-

110 3891 258 3964 pium
295 3886 413 3941 Dei.
455 3885 513 3943 Si
539 3885 680 3940 enim
711 3885 1026 3954 coeperimus
1070 3882 1327 3952 prolicere
1356 3896 1449 3952 per
1478 3878 1668 3936 Eccle-

103 3981 203 4036 sia
233 3978 672 4034 iiiuminationem
699 4017 715 4042 ,
747 3985 846 4046 Qua
876 3975 1128 4046 parvulos
1155 3974 1340 4040 nutrit,
1367 3974 1512 4029 velut
1543 3973 1667 4028 luna

110 4073 385 4137 temperat
438 4074 670 4131 uectem,
726 4075 781 4121 et
837 4065 930 4118 lilii
987 4064 1076 4119 Dei
1128 4062 1303 4117 vocari
1356 4059 1663 4123 meruimus,

110 4168 240 4211 tunc
267 4168 301 4208 a
340 4153 550 4208 Christo
567 4151 986 4207 ‘illuminabimur
1015 4149 1262 4222 quidem,
1294 4147 1344 4204 id
1377 4156 1458 4204 est
1485 4187 1500 4212 .
1546 4161 1669 4216 per.

105 4244 284 4301 lectos
305 4243 592 4298 iliuminat.
626 4239 723 4297 Mil
750 4241 931 4296 dicunt
958 4240 1124 4296 solem
1162 4254 1356 4295 nomen
1387 4237 1567 4294 sortiri
1599 4251 1665 4291 eo

109 4331 270 4403 quod
291 4331 436 4386 soles
470 4329 614 4385 lueet
651 4328 705 4383 in
733 4329 849 4392 die,
901 4327 986 4382 vel
1028 4327 1098 4382 de
1134 4326 1472 4382 solemnitate
1497 4326 1666 4388 lucis;

1753 1924 1920 1980 usque
1956 1910 2065 1963 dies
2110 1909 2336 1977 quintus.
2373 1907 2520 1963 Nune
2551 1909 2604 1964 in
2640 1906 2891 1964 inferiore
2927 1916 3076 1977 parte
3118 1908 3299 1963 mundi

1753 1998 1843 2053 illa
1867 2013 1986 2068 qua
2012 1997 2198 2068 spiritu
2220 1996 2342 2052 vitae
2381 2005 2662 2054 moventur
2705 1996 2873 2062 llunt,
2913 2006 2969 2052 et
3008 1999 3301 2066 p'osimum

1750 2100 1815 2141 es
1845 2087 1997 2156 aquis
2019 2079 2323 2156 producunt
2345 2127 2362 2151 ,
2407 2086 2528 2155 quia
2557 2085 2698 2140 aeris
2726 2085 2982 2155 qualitate
3009 2086 3305 2152 proximum

1751 2174 2072 2230 elementum
2103 2186 2204 2230 est.
2237 2171 2372 2240 linis
2395 2187 2574 2229 autem
2599 2172 2741 2230 ccio
2771 2173 2826 2229 in
2855 2186 2962 2243 quo
2989 2181 3115 2229 sunt
3143 2174 3301 2230 lumi-

1753 2261 1900 2318 naria
1928 2262 2000 2317 ita
2025 2262 2226 2319 vicinus
2251 2274 2333 2318 est
2353 2305 2373 2330 ,
2421 2269 2478 2317 ut
2500 2265 2616 2330 ipse
2641 2261 2760 2318 cmli
2792 2276 2984 2317 nomen
3016 2266 3304 2332 acceperit.

1755 2354 1822 2409 Et
1849 2354 1940 2409 hic
1961 2368 2056 2409 aer
2079 2369 2183 2408 non
2211 2352 2385 2408 solum
2408 2353 2600 2409 emtum
2623 2392 2638 2416 ,
2685 2351 2780 2407 sed
2811 2352 2970 2406 etiam
2994 2350 3139 2415 coli.
3168 2352 3302 2407 sicut

1753 2441 2000 2498 dicuntur
2043 2450 2098 2496 et
2130 2447 2310 2507 terra;
2347 2442 2458 2496 nec
2485 2439 2629 2496 aliud
2659 2437 2985 2508 signiﬁcatur
3018 2453 3174 2507 quam
3215 2439 3302 2494 illa

1754 2546 1875 2600 qna:
1896 2530 2242 2599 singulariter
2266 2528 2460 2584 dicitur
2502 2539 2664 2584 terra.
2709 2526 2941 2582 Dicimus
2963 2526 3104 2582 enim
3121 2529 3302 2582 urbem

1757 2629 2010 2674 terrarum
2031 2659 2046 2683 ,
2078 2629 2131 2674 et
2156 2619 2339 2675 orbem
2368 2627 2545 2675 terra.
2581 2617 2806 2686 Quando
2841 2627 3019 2672 autem
3059 2616 3302 2671 dicuntur

1755 2712 1886 2766 emit"
1930 2711 2210 2776 colorum,
2265 2710 2625 2780 intelliguntur
2672 2709 2794 2767 cali
2839 2708 3033 2764 siderei
3083 2707 3301 2763 istorum

1755 2814 1957 2865 aerum,
1990 2808 2240 2869 tanquam
2260 2798 2565 2867 superiores
2604 2796 2935 2853 inferiorum.
2989 2795 3098 2851 llos
3123 2803 3303 2849 autem

1754 2899 1940 2941 aereos
1961 2884 2135 2946 celos
2160 2885 2212 2939 in
2239 2884 2438 2939 diluvio
2465 2885 2688 2952 perisse,
2717 2883 2770 2938 in
2793 2882 3017 2952 quadam
3045 2882 3302 2951 epistola.

1755 2989 1876 3047 quas
1900 2973 2040 3029 Petri
2067 2986 2188 3028 esse
2206 2972 2418 3038 dicitur,
2449 2969 2668 3042 legimus
2697 2988 2710 3024 :
2742 2972 2884 3040 quod
2919 2969 3099 3026 nescio
3122 2985 3304 3038 quent-

1754 3062 2216 3133 ndmodumpossit
2261 3059 2500 3134 intelligi,
2548 3060 2647 3118 nisi
2703 3059 2757 3113 in
2803 3073 3059 3129 aquarum
3114 3067 3298 3114 natura

1759 3155 2034 3226 pinguiora
2081 3151 2236 3222 hujus
2263 3152 2405 3207 aeris
2436 3151 2688 3218 qualitate
2731 3161 3004 3204 conversa.
3052 3147 3299 3218 Alioquin

1760 3260 1866 3300 non
1899 3246 2189 3315 perierunt,
2231 3243 2326 3298 sed
2364 3241 2641 3297 sublimius
2669 3239 2834 3296 erecti
2861 3248 3020 3303 sunt,
3065 3252 3186 3293 eum
3216 3238 3299 3294 lo-

1761 3349 1882 3390 cum
1935 3334 2144 3389 illorum
2184 3330 2332 3400 aqua.
2365 3337 2673 3398 occupanti
2734 3328 2848 3383 Sed
2918 3327 3125 3382 facilius
3189 3327 3309 3382 illus

1762 3426 2056 3482 secundum
2102 3421 2349 3492 Epistula
2393 3419 2764 3474 auctoritatem
2796 3417 2993 3486 perisse
3019 3415 3299 3480 credimus.

1761 3515 2023 3583 Qunritnr
2071 3523 2236 3580 quare
2297 3507 2532 3562 volatilia
2585 3515 2720 3577 quin
2757 3505 2809 3561 in
2873 3509 3003 3560 aere
3046 3493 3302 3570 volitent,

1760 3616 1914 3673 aqum
1941 3600 2272 3672 producant?
2316 3599 2422 3656 Sed
2450 3598 2721 3654 sciendum
2763 3606 2848 3653 est
2883 3609 3058 3652 aerem
3085 3595 3306 3652 nebulo-

1762 3705 1879 3747 sum
1927 3699 1983 3747 et
2015 3690 2288 3745 humidum
2333 3703 2454 3744 eum
2498 3686 2650 3757 aquis
2685 3687 2948 3756 deputari.
3004 3683 3310 3742 Concrescit

1763 3781 1937 3846 enim,
2005 3789 2060 3836 et
2113 3793 2325 3835 crassus
2368 3776 2599 3834 ellicitur
2659 3775 3089 3834 esbaiationibns
3149 3776 3310 3831 maris

1764 3880 1821 3926 et
1851 3879 2029 3935 terras,
2077 3878 2133 3926 et
2175 3865 2469 3939 pinguescit
2515 3865 2945 3935 quodammodo,
2993 3873 3051 3922 ut
3102 3867 3310 3922 volatus

1763 3959 1938 4016 avium
1967 3967 2178 4029 portare
2209 3957 2396 4025 possit.
2449 3955 2514 4009 Et
2539 3956 2668 4009 ideo
2697 3968 2792 4022 per
2822 3964 3001 4008 noctes
3029 3955 3192 4008 etiarn
3221 3968 3310 4008 se-

1766 4064 1922 4106 renas
1945 4059 2128 4113 rorat;
2159 4047 2312 4115 cuius
2334 4045 2650 4115 guttaroris
2677 4044 3128 4101 maneiu‘herhis
3157 4044 3301 4098 inve-

1766 4134 1998 4197 niuntur.
2042 4136 2157 4192 Neu
2195 4135 2556 4192 arbitrandum
2589 4135 2690 4190 'est
2717 4144 2895 4190 autem
2938 4136 2990 4191 in
3028 4136 3128 4192 hac
3167 4138 3314 4192 Scri-

1767 4243 1917 4305 plura
1946 4227 2355 4305 praetermissum
2378 4239 2503 4284 esse
2532 4241 2744 4292 aerem,
2798 4241 2918 4282 cum
2946 4236 3173 4298 quatuor
3195 4228 3308 4285 ele-

1766 4304 1960 4380 mentis
1997 4304 2202 4377 constat
2241 4317 2490 4381 mundus.
2543 4316 2596 4372 id
2634 4325 2718 4381 est
2761 4315 2922 4384 calo,
2967 4332 3112 4386 aere,
3156 4335 3314 4393 aqua,

110 4426 237 4482 tuna
256 4432 388 4475 vero
406 4405 831 4483 lucescendo,vel
850 4417 1000 4486 quasi
1020 4403 1262 4471 lassata.
1284 4415 1374 4472 Sol
1395 4416 1665 4472 donatura
1695 4437 1748 4500 υ
1772 4423 1935 4470 terra.
1981 4410 2086 4468 Sed
2134 4422 2345 4500 summa
2396 4420 2518 4477 pars
2557 4407 2758 4500 neris,
2801 4422 2919 4477 quas
2974 4423 3078 4500 non
3132 4410 3319 4480 recipit

110 4509 424 4583 angelorum
455 4506 623 4564 lactus
658 4519 777 4562 esse
814 4505 1038 4574 dicitur,
1078 4505 1413 4583 innatantem
1456 4509 1524 4558 de
1551 4503 1669 4560 luce
1696 4495 1733 4500 ⁷
1769 4503 2131 4563 exhalationes
2156 4498 2430 4562 humidae,
2470 4495 2611 4553 calo
2635 4495 2938 4563 deputatur.
2988 4497 3094 4552 Ima
3138 4513 3312 4554 autem

111 4599 338 4670 pallida,
388 4605 444 4652 et
485 4595 660 4652 stella.
690 4593 931 4652 Siderum
971 4609 1097 4669 vae
1143 4593 1397 4650 beneﬁcia
1445 4603 1570 4650 sunt
1618 4605 1674 4650 ut

117 4699 371 4764 luceant,
434 4697 490 4744 et
534 4689 601 4742 ab
646 4688 777 4756 ipsis
818 4690 1009 4742 animat
1055 4685 1358 4741 animalium
1382 4673 1672 4741 creantur.

110 4782 328 4839 Auitum
354 4790 529 4833 autem
564 4775 836 4832 hominum
864 4790 898 4830 a
923 4776 1206 4832 divinitate
1251 4787 1514 4844 utcunque
1543 4788 1675 4844 pro-

111 4884 389 4934 creantur.
437 4869 502 4923 Et
527 4865 650 4927 ideo
670 4866 738 4920 de
764 4865 847 4919 his
873 4864 1068 4921 dicitur
1095 4885 1108 4920 :
1131 4867 1316 4925 Nonne?
1353 4870 1543 4922 animm
1571 4869 1672 4920 ho-

115 4965 326 5019 minum
352 4955 662 5016 nascendum
698 4956 766 5010 iu
784 4953 1016 5008 calum?
1037 4953 1114 5010 De
1141 4957 1246 5010 illis
1277 4969 1415 5028 vero
1435 4946 1634 5012 dicitur
1656 4996 1673 5021 ,

114 5057 320 5109 Nune
354 5054 549 5122 animm
590 5050 947 5119 pulsaturum
995 5044 1321 5102 descendent
1370 5046 1675 5114 deorsum?

117 5143 329 5198 tam
367 5124 854 5219 ausunlnminaria
883 5136 936 5192 in
977 5135 1312 5192 ﬁrmamento
1336 5138 1459 5194 emli
1506 5137 1673 5208 posita

116 5241 268 5294 sunt,
297 5227 531 5297 quinalii
553 5227 680 5286 eali
700 5227 789 5285 illa
814 5227 1078 5282 sustinere
1106 5239 1212 5280 non
1247 5235 1532 5296 potuerunt
1552 5253 1574 5293 ,»
1616 5235 1676 5282 ut

116 5327 231 5382 Μ
263 5321 334 5376 ,δη
362 5319 536 5391 ,κων
567 5319 624 5375 κ
648 5328 730 5375 αα
771 5317 1213 5390 navigationibus,
1262 5319 1347 5373 vel
1390 5317 1670 5386 vindicta,

119 5419 207 5475 vei
250 5413 400 5470 dicta-
424 5411 723 5482 slgailiennt
754 5410 973 5481 aliquid.
1001 5407 1088 5462 Et
1116 5409 1169 5463 in
1211 5417 1458 5476 tempore,
1515 5410 1567 5466 id
1595 5420 1678 5466 cat

122 5508 312 5566 εἰκυιί
337 5545 355 5572 ,
404 5504 490 5560 vei
509 5503 784 5572 horologii.
824 5502 890 5556 Et
917 5502 973 5555 iu
997 5501 1101 5555 dies
1126 5539 1141 5564 ,
1181 5499 1231 5554 id
1262 5510 1365 5568 est,
1411 5503 1476 5557 ad
1502 5513 1679 5558 oeten.

121 5601 367 5680 nendum
825 5592 914 5647 vel
955 5591 1268 5647 brevitatem
1321 5591 1448 5646 diei.
1511 5593 1573 5647 ει
1621 5594 1677 5647 in

125 5691 312 5768 enen,
344 5689 395 5747 id
419 5698 531 5758 est,
582 5695 640 5743 ut
663 5685 854 5742 dicitur
881 5697 1049 5742 anuus
1081 5681 1209 5740 solis
1240 5683 1324 5740 vel
1353 5683 1512 5740 luna.
1572 5685 1665 5744 ιιι»

1241 5850 1272 5861 α..

1773 4611 1893 4668 pars
1921 4596 2080 4659 acris,
2111 4591 2165 4658 in
2193 4604 2295 4659 qua
2323 4595 2511 4642 ventus
2538 4595 2593 4640 et
2619 4585 2808 4654 pluviae
2835 4593 2990 4650 sunt,
3029 4601 3149 4640 cum
3180 4595 3324 4643 terra-

1772 4691 2073 4760 depntatnr,
2101 4695 2218 4750 qua
2247 4692 2368 4757 pars
2396 4675 2642 4746 videlicet
2681 4690 2785 4728 non
2827 4674 2928 4730 nisi
2956 4689 3023 4731 es
3049 4678 3202 4745 squis
3229 4693 3321 4732 ac-

1771 4780 1898 4848 cipit
1941 4760 2210 4829 unimalia.
2283 4767 2350 4822 Et
2369 4765 2488 4821 ideo
2535 4765 2788 4833 scriptum
2831 4773 2915 4820 est
2962 4783 2977 4820 :
3021 4765 3322 4824 ‘Producattl
3357 4840 3362 4845 _

1774 4882 1921 4941 aqua
1945 4861 2147 4935 reptilin
2171 4868 2219 4913 et
2247 4854 2381 4922 eum,
2409 4868 2516 4911 nun
2543 4855 2595 4909 in
2627 4855 2956 4910 ﬁrmamento
2983 4856 3102 4937 celi
3122 4896 3140 4922 ,
3170 4857 3320 4928 sicut

1776 4954 2071 5017 luminaria,
2104 4948 2198 5005 sed
2225 4946 2324 5002 sub
2346 4946 2721 5012 ﬁrmamento,
2767 4943 2816 4998 id
2837 4953 2939 5007 est.
2972 4943 3025 4998 iu
3064 4952 3216 5008 acre,
3261 4954 3320 4998 ut

1776 5025 1896 5119 qum
1922 5039 2236 5112 vapuraiiter
2261 5045 2498 5093 extenta
2536 5035 2722 5090 avibus
2760 5040 2778 5104 ',
2824 5024 3124 5097 volatilibus
3159 5032 3316 5119 illisa

1776 5115 2090 5194 animalibus
2118 5130 2459 5198 deputentur.
2487 5123 2718 5194 'llsptilin
2739 5123 3024 5177 nua-eruas
3054 5115 3277 5177 siverunt
3295 5161 3316 5190 ,

1777 5225 1924 5299 quasi
1943 5224 2183 5285 diceret,
2231 5219 2286 5275 in
2333 5207 2616 5287 animalia
2655 5211 2818 5266 vivis.
3155 5210 3317 5268 etiam

1779 5298 1904 5376 sine.
1939 5309 2200 5381 pedibus.
2248 5316 2305 5366 et
2345 5303 2399 5362 in
2447 5301 2714 5375 speluncis
2761 5298 3112 5370 requiescere,
3165 5305 3220 5355 et
3265 5300 3319 5356 in

1780 5421 1956 5464 aerem
2003 5398 2204 5456 sustolli
2249 5397 2610 5468 perhibentur.
2652 5392 2758 5447 Aer
2799 5398 2973 5447 autem
3020 5405 3051 5446 a
3095 5390 3326 5447 conﬁnio

1782 5473 2026 5552 luminosi
2049 5487 2171 5544 caeli
2189 5527 2204 5553 ,
2229 5500 2396 5555 usque
2423 5482 2488 5538 ad
2515 5495 2769 5550 aquarum
2797 5479 2957 5536 liuida
2983 5490 3037 5538 et
3066 5495 3232 5552 usque
3256 5480 3322 5534 ad

1785 5570 1976 5645 terram
1996 5579 2354 5646 pervenit.Qui
2373 5585 2669 5636 commotus
2695 5576 2942 5652 ventis,“
2963 5572 3326 5629 vehementius

1794 5671 2276 5746 aoncitatus,‘etlsm
2290 5676 2439 5744 ignes
2457 5679 2511 5730 et
2532 5669 2782 5737 tonitrua,
2805 5676 2861 5725 et
2880 5663 3144 5723 contrahit
3164 5664 3329 5718 nebu-
