3872 6262
466 441 562 497 169

937 430 1130 486 ΒΕθιΕ
1171 423 1616 482 VENERABILIS
1651 418 1925 478 OPEBUI
1958 416 2042 472 PA

2176 416 2232 470 ιι.
2275 443 2340 454 -
2375 408 2763 492 exscsttcs
2802 373 3117 460 essum.

3467 411 3499 447 ο
3525 396 3636 446 ετο

463 556 585 619 him,
612 566 664 607 et
691 554 951 610 conspirat
978 542 1222 611 pluviam,
1252 547 1306 593 et
1329 509 1726 605 eougelantibus
1781 530 1988 585 nebulis
2019 533 2060 589 Α
2087 505 2241 592 duam
2290 527 2511 583 diceret,
2537 519 2586 573 in
2609 515 2780 570 oflicio
2806 513 3046 582 gignendi
3072 511 3215 564 illum
3243 522 3365 561 esse

2189 607 2192 610 «
2292 612 2304 619 .
2426 615 2433 619 .
2481 618 2486 619 ,
2526 608 2536 619 .
2716 603 2747 619 ..
2799 618 2808 619 ί
2889 601 2992 619 ,εμ
3153 596 3500 619 ,ωε-,ηιῷ
3560 593 3639 619 η,

460 640 653 700 ῑιὶνειη,
683 647 734 689 et
759 630 1202 688 conturbulentius
1229 625 1625 694 congelantibus
1655 619 1991 675 densioribus

463 727 704 784 nubibus,
753 720 1090 790 grandinem:
1125 725 1179 769 et
1229 713 1488 764 distentus
1537 721 1779 762 serenum
1830 703 1988 766 iacit,

463 809 679 866 occoltis
717 805 946 875 imperiis
975 813 1022 855 et
1044 814 1202 867 opere
1226 797 1336 850 Dei.
1365 795 1652 870 Aqllegurii-e
1667 803 1844 845 autem
1874 802 1994 856 pro-

463 906 659 958 ducunt
693 913 838 967 aqua:
884 893 1086 962 reptilia
1133 890 1421 941 animarum
1446 887 1673 936 vivarum
1696 919 1714 943 ,
1761 878 1994 933 homines

464 996 660 1045 scilicet
675 995 949 1042 renovatus
973 985 1022 1032 in
1044 981 1201 1031 vitam
1227 990 1314 1042 per
1335 972 1991 1038 baptismisacrameutum.

470 1081 624 1135 Fat-ta
655 1085 853 1134 suntet
879 1064 1109 1125 volatilia
1141 1075 1332 1118 sancta:
1370 1064 1554 1120 animm
1577 1060 1642 1112 ad
1666 1071 1885 1125 superna
1909 1054 1998 1106 vo-

407 1164 409 1166 ’
472 1173 651 1224 iantes.
683 1169 958 1219 Possumus
973 1173 1022 1213 et
1051 1159 1203 1211 aliter
1231 1157 1398 1208 locum
1429 1153 1581 1206 istum
1614 1149 1923 1216 intelligere,
1953 1145 1998 1196 si

471 1272 616 1311 tuens
639 1264 812 1308 nostra
843 1250 1131 1303 illuminata
1165 1244 1321 1297 fuerit
1352 1258 1380 1293 a
1413 1243 1524 1295 sole
1565 1247 1744 1291 nostro
1769 1236 1996 1288 Christo.

2103 607 2234 673 rem,
2264 612 2394 663 sicut
2416 615 2496 662 est
2525 608 2576 660 iu
2606 603 2839 664 libidine,
2884 601 2996 653 sive
3049 600 3100 651 in
3153 596 3522 650 fornicatioiie.
3560 593 3642 646 De

2089 699 2512 770 generationibus
2549 707 2754 761 quoque
2806 689 3219 759 perniciosorum
3279 683 3447 752 qusri
3499 682 3645 735 solet

2092 766 2412 846 animalium,
2441 793 2611 835 utrum
2640 789 2757 849 post
2787 790 3054 846 peceatum
3085 775 3238 843 primi
3280 771 3512 823 hominis
3565 766 3636 820 ad

2093 877 2372 929 vindictam
2424 881 2598 924 creata
2646 874 2791 930 sunt,
2837 881 2903 918 an
2951 864 3124 930 potius
3154 876 3270 913 cum
3298 859 3405 928 jam
3451 866 3642 911 creata

2095 969 2271 1017 essent
2295 961 2524 1020 innoxia,
2559 957 2660 1009 non
2692 955 2791 1007 nisi
2824 963 2998 1019 postea
3033 951 3393 1018 peccatoribus
3441 959 3646 999 nocere

2099 1058 2393 1116 potuerunt,
2426 1047 2506 1099 vel
2531 1049 2825 1111 ceperunt.
2872 1040 3041 1107 Neque
3065 1038 3164 1090 hoc
3190 1035 3396 1095 mirum,
3427 1032 3648 1101 quando

2099 1138 2306 1204 quidem
2333 1133 2653 1209 temporibus
2681 1129 2832 1197 hujus
2878 1131 2992 1179 vitae
3025 1127 3302 1178 laboriosae
3347 1136 3505 1174 nemo
3536 1131 3648 1172 tam

2054 1251 2056 1253 >
2094 1226 2266 1292 justus
2295 1235 2395 1290 est,
2427 1224 2511 1286 qui
2537 1220 2823 1288 perlectum
2851 1233 2909 1270 se
2953 1216 3139 1268 audeat
3188 1214 3381 1265 dicere.
3417 1210 3494 1262 Ad
3549 1223 3648 1274 pu-

471 1347 687 1401 Jubetur
710 1341 1035 1408 postmodum
1063 1350 1127 1388 ex
1160 1334 1239 1385 bis
1258 1344 1375 1400 qua:
1403 1331 1453 1381 in
1481 1343 1540 1379 ea
1567 1335 1685 1380 sunt
1710 1323 1857 1391 aquis
1883 1336 2004 1388 pro-

471 1436 666 1487 ducere
691 1429 896 1496 reptilla
921 1435 970 1478 et
998 1423 1250 1480 volatilia,
1283 1418 1332 1470 id
1361 1425 1442 1473 est
1472 1415 1814 1480 cogitationes
1837 1411 2003 1461 bonas

473 1525 556 1576 vel
589 1495 1011 1582 malasprolerre
1039 1513 1093 1562 in
1124 1507 1381 1566 medium,
1422 1512 1477 1554 ut
1513 1497 1762 1554 discretio
1793 1495 1880 1549 {lat
1914 1499 2004 1548 bo-

478 1628 666 1670 norum
695 1625 725 1661 a
756 1607 928 1668 malis,
957 1619 1070 1669 quin
1102 1601 1277 1664 utique
1307 1606 1539 1660 utraeque
1563 1607 1624 1645 ex
1643 1589 1804 1643 corde
1820 1600 2011 1653 proce-

483 1708 651 1762 dunt,
699 1698 846 1767 quasi
881 1708 945 1748 ex
992 1691 1138 1756 aquis
1172 1698 1228 1742 ut
1270 1685 1613 1751 capitatioues
1655 1695 1770 1748 quas
1803 1685 2010 1743 reptant

484 1805 642 1858 super
671 1800 863 1840 terram
892 1798 922 1836 a
952 1781 1101 1834 nobis
1128 1789 1452 1846 separemus,
1475 1773 1810 1826 sublimiores
1833 1779 2008 1818 autem

483 1855 851 1949 cogitationes,
884 1872 1025 1923 velut
1055 1863 1288 1919 volatilia
1305 1900 1321 1924 ,
1342 1862 1405 1913 ad
1432 1859 1637 1913 excelsa
1660 1858 1897 1909 sinamus
1924 1855 2010 1903 vo.

484 1942 614 2022 lare.
654 1965 720 2019 Ut
745 1961 943 2029 reptilia
980 1956 1373 2022 multiplicantur
1411 1950 1464 2000 in
1515 1947 1694 2014 aquis,
1751 1943 1800 1996 id
1845 1952 1921 1995 est
1967 1942 2018 1992 iii

485 2056 820 2113 saecularibus
849 2067 864 2101 :
909 2046 1140 2101 volatilia
1168 2056 1326 2109 super
1351 2050 1547 2092 terram
1567 2076 1582 2097 .
1629 2038 1727 2088 sub
1759 2048 1818 2085 se
1848 2032 2022 2098 utique

491 2147 743 2200 habentes
791 2149 1024 2200 terrena,
1058 2131 1348 2200 producant
1392 2140 1540 2194 aqua:
1580 2122 1808 2188 reptilia.
1858 2121 2024 2171 Uinue

490 2235 628 2303 quod
667 2244 823 2296 super
847 2234 1084 2280 ventrem
1115 2219 1271 2287 repit,

496 2294 616 2377 sunt
634 2361 650 2385 ,
681 2294 870 2385 reptile
896 2322 998 2366 est.
1038 2312 1101 2363 Et
1131 2320 1288 2361 omne
1316 2303 1453 2370 quod
1483 2302 1624 2353 volat
1653 2296 1858 2349 volatile
1901 2294 2029 2347 dici-

499 2424 605 2476 tur,
630 2381 848 2472 excepto
889 2413 1109 2466 corpore
1131 2392 1322 2446 diaboli
1347 2429 1361 2450 ,
1387 2389 1524 2455 quod
1567 2401 1667 2439 non
1699 2381 2030 2440 necessarie,

497 2470 601 2556 κη’
630 2470 775 2568 plaga
807 2490 1010 2562 peccati
1038 2486 1232 2539 factum
1262 2489 1363 2534 est.
1399 2477 1616 2533 Crescite
1640 2515 1656 2538 ,
1700 2475 1752 2526 in
1781 2470 2037 2524 ellusione

499 2557 756 2648 scini'nis',
799 2557 842 2636 et
892 2572 1326 2644 multipliramiui,
1371 2565 1809 2636 parturieudozet
1857 2557 2039 2627 replete

499 2691 656 2745 aquas
697 2672 885 2735 maris,
933 2662 1152 2718 vii-endo
1207 2660 1257 2712 iii
1307 2659 1428 2712 illis.
1478 2655 1574 2708 Per
1602 2663 1766 2720 aquas
1798 2650 2039 2700 doctores

507 2738 730 2831 intelligi
760 2764 1008 2827 possunt,
1033 2752 1119 2821 qui
1145 2747 1348 2814 reptilia
1377 2753 1430 2797 et
1456 2742 1678 2796 volatilia
1729 2738 2040 2804 producunt,

510 2859 561 2911 id
587 2822 1017 2919 est,'peecatores
1035 2851 1088 2895 et
1111 2845 1339 2892 sanctos.
1367 2833 1464 2887 Per
1484 2841 1599 2884 cete
1625 2828 1783 2880 etiam
1805 2822 2041 2892 grandia,

513 2912 698 3011 magna
717 2912 941 3009 peccata
961 2978 975 2999 ,
1004 2944 1120 3000 quin
1145 2929 1282 2982 Deus
1306 2935 1487 2977 creare
1514 2919 1726 2978 dicitur,
1751 2915 1839 2967 sed
1867 2912 2044 2965 dimit-

515 3004 692 3091 tendo,
730 3004 796 3079 et
825 3037 926 3076 non
966 3015 1206 3072 volendo.
1254 3011 1358 3068 Sed
1399 3009 1442 3062 si
1491 3021 1581 3074 per
1616 3004 1817 3091 reptilia
1860 3014 2046 3068 pecca~

514 3132 655 3172 tores
681 3088 1084 3178 intelliguntur,
1126 3098 1389 3169 quomodo
1433 3095 1555 3149 boni
1598 3090 1818 3145 Domino
1870 3088 2048 3140 viden-

2103 1315 2346 1367 nieudtuu
2377 1312 2551 1378 igitur,
2579 1309 2657 1360 vel
2685 1309 2748 1360 ad
2796 1305 3146 1359 exercendum
3199 1298 3643 1367 probaudumqtse

2105 1415 2219 1463 nos,
2250 1408 2422 1451 creata
2453 1404 2592 1449 sunt.
2640 1396 2924 1448 Potuerunt
2951 1406 3078 1458 ergo
3110 1391 3205 1442 ista
3251 1386 3416 1440 etiam
3462 1395 3647 1438 creata

2109 1486 2237 1538 nihil
2265 1499 2480 1546 nocere,
2509 1485 2551 1534 si
2604 1496 2757 1535 causa
2786 1495 2888 1532 non
2943 1478 3231 1530 exstitisset
3269 1473 3653 1542 puniendorum

2107 1578 2186 1624 vel
2214 1573 2599 1640 probandorum
2623 1568 2916 1620 hominum.
2965 1565 3021 1617 Si
3066 1573 3240 1616 autem
3271 1564 3409 1614 dicat
3435 1560 3655 1625 aliquis,

2108 1662 2212 1715 Cur
2233 1661 2329 1713 sibi
2354 1648 2576 1712 invicem
2625 1657 2865 1710 nocenti
2905 1664 2959 1708 et
2987 1656 3226 1716 dicimus,
3274 1653 3394 1719 quia
3431 1651 3660 1702 fortasse

2113 1747 2212 1800 alia
2244 1748 2358 1799 aliis
2384 1746 2504 1798 data
2527 1753 2670 1806 sunt,
2716 1752 2772 1795 ut
2818 1742 2922 1794 illis
2968 1750 3323 1792 vescerentur.
3354 1737 3660 1790 Secundum

2046 1840 2091 1898 Β
2119 1838 2364 1905 mysticus
2396 1835 2688 1887 intellectus
2735 1830 2974 1897 producit
3023 1840 3088 1880 tei
3103 1843 3156 1880 ra
3183 1828 3412 1879 animam
3461 1827 3663 1887 vivam,

2121 1924 2361 1991 quoniam
2393 1935 2571 1974 saneta
2600 1918 2830 1973 Ecclesia
2856 1918 3120 1970 absumens
3148 1917 3213 1969 ab
3241 1915 3492 1983 operibus
3522 1928 3669 1966 mor»

2122 2015 2241 2076 tuis,
2269 2014 2383 2064 viva
2435 2016 2683 2064 virtutum
2711 2009 2943 2077 germina
2973 2007 3213 2073 parturit,
3245 2004 3532 2056 secundum
3563 2017 3669 2070 g--

2130 2117 2226 2154 nus
2255 2101 2458 2154 scilicet
2485 2113 2656 2162 suum,
2679 2098 2728 2151 id
2754 2105 2856 2159 est,
2879 2098 3034 2153 vitam
3059 2093 3306 2146 imitando
3330 2100 3670 2145 sinetormn.

1315 2217 1396 2272 τοι
1443 2181 1596 2281 'wjus
1637 2181 1796 2280 βεδε..
1843 2211 2027 2261 breves
2126 2186 2374 2241 Producit
2401 2201 2610 2272 quoque
2640 2186 2852 2247 bestias,
2883 2183 3116 2235 homines
3135 2181 3186 2233 in
3212 2181 3444 2250 putentia
3463 2192 3670 2239 rerum,

2127 2275 2239 2328 sive
2268 2266 2538 2328 lerocitaie
2558 2274 2812 2339 superbia:
2844 2285 2859 2324 ι
2892 2271 3128 2337 producit
3148 2277 3201 2321 et
3234 2280 3446 2335 pecora,
3488 2267 3677 2319 ﬁdeles

2132 2361 2444 2430 simpliciter
2492 2363 2750 2416 viventes.
2807 2361 3090 2427 Serpentes
3142 2371 3350 2426 quoque
3406 2355 3676 2418 innoxios,

2133 2462 2342 2506 sanctos
2388 2451 2587 2506 scilicet
2613 2452 2783 2512 viros,
2826 2449 3030 2502 astutia:
3078 2447 3357 2498 vivacitate
3402 2444 3602 2497 bonum
3651 2457 3680 2495 a

2136 2542 2272 2594 malo
2296 2539 2671 2593 discernéntes.
2709 2538 2985 2591 Prudentes
3011 2536 3161 2595 enim.
3198 2535 3381 2601 inquit,
3415 2532 3546 2583 sicut
3575 2545 3685 2582 ser-

2138 2639 2328 2696 pentes.
2361 2630 2467 2682 Nec
2495 2628 2683 2681 mirum
2714 2629 2756 2680 si
2793 2626 3043 2686 Ecclesia,
3074 2626 3124 2677 id
3172 2632 3252 2677 est
3280 2632 3440 2683 terra,
3470 2622 3686 2672 dicatur

2146 2720 2429 2790 producere
2468 2716 2696 2769 animam
2737 2717 2932 2779 vivam,
2960 2715 3190 2766 viventes
3216 2714 3413 2765 scilicet
3446 2709 3579 2771 Deo,
3630 2718 3686 2761 es

2142 2810 2357 2872 bestias,
2381 2818 2433 2861 et
2454 2820 2660 2875 pecora,
2687 2804 2740 2859 et
2784 2817 3073 2872 serpentes,
3100 2819 3219 2856 cum
3245 2803 3388 2870 juxta
3442 2802 3691 2866 Evange-

2144 2904 2268 2956 lium
2291 2916 2356 2956 ex
2385 2899 2524 2952 omni
2553 2910 2742 2965 genere
2765 2898 2981 2963 piscium
3008 2902 3310 2961 congregat.
3337 2893 3483 2946 Sicut
3500 2899 3688 2942 autem

2145 2991 2387 3059 superius
2425 2987 2675 3049 diximus,
2703 2999 2795 3052 per
2838 2998 2961 3036 aves
3004 2992 3059 3036 et
3086 2981 3386 3042 animantia,
3442 2995 3505 3032 ex
3532 2981 3693 3046 aq-iis

2148 3081 2424 3150 producta,
2458 3090 2640 3129 omnes
2669 3074 2824 3127 animi
2850 3074 3012 3126 nostri
3045 3081 3217 3124 motus
3238 3086 3393 3138 posse
3439 3068 3694 3136 intelligi,

683 3144 1839 3266 deii‘tieuzuilawperipsosisaneti—probantur.
1889 3175 2048 3229 Bene-
2077 3144 2118 3202 C
2153 3144 2240 3237 qui
2269 3168 2622 3237 producuntur
2646 3164 2714 3219 de
2741 3163 2998 3232 profundo
3019 3163 3214 3224 cordis,
3243 3162 3384 3213 velut
3401 3175 3467 3212 ex
3493 3159 3654 3216 acuis
3681 3172 3696 3219 ;

518 3300 720 3363 dixique
744 3294 846 3349 illis
866 3331 880 3355 ,
913 3289 963 3343 id
1005 3295 1083 3340 est
1104 3282 1300 3337 sanctis
1326 3275 1628 3331 doctoribus
1648 3313 1662 3333 ,
1692 3277 1778 3339 qui
1805 3271 2053 3337 jubentur

518 3357 759 3444 crescere
787 3386 838 3437 in
880 3382 992 3447 lege
1021 3385 1254 3432 natura,
1281 3377 1336 3422 et
1361 3364 1712 3431 multiplicare
1746 3363 1795 3412 in
1827 3362 1939 3424 lege
1965 3357 2049 3408 lit-

518 3490 672 3533 ters.
695 3475 871 3540 Aquas
895 3446 1020 3520 vero
1042 3464 1268 3529 replere,
1309 3459 1358 3510 id
1381 3464 1458 3509 est
1489 3453 1540 3505 in
1579 3452 1690 3519 lege
1725 3446 1849 3501 Novi
1876 3446 2058 3498 Testa-

528 3564 686 3618 meuti
715 3579 727 3615 :
759 3530 985 3623 avesque
1011 3549 1389 3617 multiplicare,
1421 3543 1470 3595 id
1497 3551 1577 3595 est
1597 3548 1804 3592 sanctus
1828 3535 1877 3587 in
1906 3530 2056 3586 bouis

525 3652 768 3720 operibus
804 3647 882 3701 vel
930 3641 1158 3712 praemiis
1198 3650 1355 3703 super
1395 3645 1586 3687 terram
1617 3671 1632 3691 ,
1671 3631 1725 3682 id
1752 3639 1831 3680 est
1875 3626 2057 3681 Eccle-

529 3715 686 3801 siam,
715 3736 798 3790 vel
827 3743 1019 3787 terram
1042 3725 1322 3787 viventium
1343 3763 1357 3787 ,
1387 3723 1574 3786 quibus
1610 3719 1743 3770 Deus
1767 3715 2056 3776 benedicit,

529 3839 585 3881 et
610 3838 852 3880 crescere
879 3822 1126 3886 imperat,
1154 3815 1206 3867 in
1234 3825 1346 3878 spe,
1379 3806 1710 3871 multiplicari
1738 3804 1787 3854 in
1817 3802 1946 3863 lide;
1979 3814 2061 3851 re-

530 3920 673 3986 plere
701 3926 824 3967 vero
851 3922 1012 3976 aquas
1043 3903 1201 3957 maris
1219 3944 1234 3967 ,
1262 3901 1313 3951 id
1344 3906 1454 3960 est,
1481 3895 1680 3946 animas
1715 3889 1990 3942 cbaritatc.

599 4003 662 4056 Et
686 4000 810 4053 dixit
831 3975 958 4049 Deus
979 4009 998 4046 :
1025 3992 1217 4044 Educet
1241 3998 1369 4040 terra
1382 3984 1599 4036 animam
1621 3982 1776 4031 vivam
1794 3975 2065 4028 secundum

529 4111 680 4164 genus
701 4096 935 4150 suum,et
956 4084 1173 4150 reliqua,
1200 4091 1360 4145 usque
1381 4077 1507 4128 bona
1523 4081 1654 4125 sunt.
1682 4067 1890 4136 Triplici
1914 4065 2067 4119 modo

529 4194 702 4235 treats
751 4188 871 4232 sunt
919 4173 1158 4227 animalia
1189 4188 1201 4222 :
1231 4178 1320 4220 aut
1365 4165 1503 4219 enim
1551 4160 1692 4214 utilia
1723 4169 1843 4211 sunt
1897 4155 2066 4236 nobis,

536 4278 626 4320 aut
650 4266 961 4334 perniciosa,
994 4268 1085 4314 aut
1106 4255 1387 4324 superﬂua.
1418 4253 1488 4304 De
1508 4246 1832 4318 perniciosis,
1865 4245 1944 4297 vel
1979 4257 2068 4308 pu-

535 4359 728 4414 nimur,
759 4351 837 4403 vel
864 4361 1166 4401 exercemur
1194 4383 1209 4406 ,
1240 4350 1329 4394 aut
1370 4352 1645 4392 terremur.
1698 4335 1770 4387 De
1799 4330 2071 4399 superﬂuis

2154 3262 2228 3311 sic
2256 3268 2536 3326 pessumus
2567 3269 2658 3321 per
2687 3255 2969 3305 animantia
2986 3267 3048 3306 ex
3075 3264 3212 3304 terra
3239 3245 3511 3318 producta.
3541 3258 3698 3301 exte-

2163 3345 2570 3400 riorisbominis
2594 3341 2753 3396 nostri
2795 3352 2968 3394 motus
3024 3342 3333 3408 intelligere,
3394 3338 3445 3390 in
3503 3336 3699 3404 quibus

2160 3436 2288 3491 nihil
2314 3433 2522 3488 volatile
2552 3431 2824 3485 iudicatur.
2857 3428 2980 3483 Scio
3008 3429 3146 3479 enim
3177 3427 3311 3492 quod
3354 3438 3457 3478 non
3485 3423 3700 3476 minabi-

2158 3537 2228 3578 tat
2255 3526 2306 3578 in
2338 3539 2441 3585 me,
2475 3523 2572 3575 hoc
2597 3529 2678 3574 est
2705 3521 2755 3571 in
2785 3533 2940 3572 carne
2971 3531 3111 3581 mea,
3165 3519 3378 3568 bonum.
3403 3513 3552 3568 Nune
3611 3527 3704 3564 an-

2158 3628 2259 3669 tem
2293 3615 2558 3667 viileamns
2585 3611 2671 3663 illa
2703 3624 2822 3678 quas
2869 3616 3178 3675 sequuntur.

2229 3705 2290 3757 Et
2317 3705 2439 3756 dixit
2472 3701 2606 3754 Deus
2637 3717 2654 3753 :
2689 3699 2957 3752 Faciamus
2984 3699 3230 3750 hominem
3261 3696 3328 3748 ad
3361 3695 3636 3763 imaginem
3662 3702 3704 3745 et

2158 3794 2533 3846 similitudinem
2565 3803 2810 3854 nostram,
2839 3799 2892 3842 et
2942 3789 3136 3854 reliqua
3173 3799 3333 3853 usque
3362 3785 3468 3836 dies
3513 3797 3704 3836 satus.

2159 3883 2288 3934 Cum
2317 3881 2366 3930 in
2398 3881 2513 3930 aliis
2532 3878 2779 3942 operibus
2807 3873 2939 3929 Deus
2974 3873 3108 3938 Fiat,
3169 3873 3251 3925 hic
3282 3871 3559 3923 Faciamus
3619 3863 3710 3921 lio-

2163 3971 2364 4030 miuem,
2398 3968 2669 4020 insinuans
2698 3963 3044 4032 pluralitatem
3073 3975 3443 4032 personarum,
3491 3970 3711 4025 propter

2166 4059 2390 4113 Patrem.
2420 4067 2474 4107 et
2506 4055 2718 4118 Filium,
2740 4060 2794 4107 et
2827 4052 3077 4120 Spiritum
3121 4061 3400 4110 sanctum;
3441 4059 3496 4102 et
3534 4059 3711 4099 tamen

2166 4145 2448 4198 divinitatis
2491 4144 2744 4196 unitatem
2802 4140 3194 4207 intelligendam
3231 4141 3410 4191 statim
3463 4135 3711 4188 admonet

2151 4235 2368 4300 dicens,
2405 4232 2466 4285 Et
2495 4234 2611 4301 fecit
2641 4231 2775 4283 Deus
2801 4229 3051 4286 hominem
3067 4245 3083 4290 ;
3141 4237 3196 4280 et
3222 4226 3362 4293 quod
3389 4225 3606 4285 dicitur,
3636 4227 3706 4277 Ad

2173 4327 2440 4392 imaginem
2474 4323 2586 4383 Dei,
2612 4337 2716 4373 non
2742 4320 2888 4386 quasi
2916 4319 3070 4372 Pater
3112 4317 3178 4368 ad
3233 4316 3514 4382 imaginem
3555 4313 3710 4372 Filii,

536 4456 632 4509 nec
657 4451 929 4498 nucemur,
981 4447 1077 4485 nec
1105 4430 1407 4497 adiuvamur
1440 4443 1454 4478 :
1502 4424 1569 4476 de
1613 4423 1824 4473 utilibus
1852 4418 2071 4483 adjuva-
2099 4444 2148 4500 υ
2176 4425 2264 4467 aut
2291 4413 2472 4477 Filius,
2503 4411 2565 4463 ad
2597 4409 2876 4477 imaginem
2910 4407 3108 4470 Patris;
3162 4405 3394 4470 alioquin
3445 4417 3549 4455 non
3593 4415 3716 4454 vero

539 4506 677 4585 mur.
703 4525 905 4591 Usurpa
953 4533 1076 4586 ergo
1106 4515 1274 4577 utilia,
1327 4525 1453 4565 cave
1496 4509 1808 4578 perniciosa,
1841 4506 2075 4570 relinque

541 4615 826 4682 superﬂua.
858 4610 912 4661 In
956 4604 1196 4659 omnibus
1228 4611 1400 4655 tamen
1456 4612 1748 4650 mensuram
1801 4605 1851 4648 et
1900 4605 2080 4645 nume-

540 4681 679 4768 rum,
705 4713 758 4756 et
779 4701 1016 4754 ordinem
1062 4695 1200 4754 vide,
1257 4699 1312 4744 et
1358 4688 1614 4742 artiﬁcem
1644 4698 1836 4752 quiete.
1886 4681 2080 4733 Conse-

541 4807 709 4863 quens
732 4801 904 4844 autem
937 4796 991 4841 ut
1019 4786 1231 4838 alti-ram
1264 4791 1486 4848 partem,
1535 4792 1650 4844 quae
1694 4774 1900 4841 proprie
1945 4780 2079 4820 terra

545 4855 763 4941 dicitur,
789 4886 1001 4930 ornaret
1024 4871 1332 4926 animalibus
1355 4905 1370 4929 ,
1425 4864 1828 4940 sive.juini-utis,
1860 4869 1915 4910 ut
1963 4855 2081 4920 equi

542 4983 600 5026 et
629 4971 812 5030 boves,
840 4971 894 5016 et
918 4976 1063 5023 oves.
1093 4970 1147 5013 et
1167 4968 1377 5016 caetera,
1410 4956 1521 5006 sive
1553 4937 1840 5019 reptilibus,
1875 4958 1925 4999 at
1963 4951 2083 4995 sunt

540 5034 994 5126 serpentes,.et.si
1014 5064 1114 5119 qua
1137 5057 1255 5101 sunt
1303 5048 1434 5110 alia;
1468 5044 1578 5097 sive
1628 5038 1824 5100 l.e5tiis,
1875 5045 1928 5088 ut
1966 5043 2085 5085 sunt

552 5153 753 5208 leones,
785 5149 839 5196 et
861 5140 990 5202 ursi,
1031 5146 1084 5189 et
1108 5146 1316 5193 enters.
1347 5132 1606 5198 Quidquid
1649 5138 1820 5179 autem
1856 5131 2082 5176 creatum

557 5206 768 5303 ungulis
793 5230 964 5290 stravit,
995 5241 1099 5279 non
1134 5225 1422 5302 incoqgrue,
1454 5220 1614 5273 beatia
1645 5219 1852 5269 dicitur.
1885 5206 2084 5275 Qumri-

554 5339 638 5380 tur
666 5333 836 5376 autem
857 5334 950 5372 cur
977 5317 1086 5371 sola
1118 5299 1357 5369 animalia
1403 5299 1654 5378 aquarum
1701 5304 1936 5358 benedici
1969 5313 2089 5351 nte-

557 5420 791 5474 ruerunt,
824 5409 957 5460 sicut
980 5399 1243 5467 homines.
1290 5410 1348 5463 et~
1377 5384 1596 5468 fortasse
1625 5395 1674 5447 in
1706 5408 1814 5447 uno
1837 5399 2088 5445 creatura

558 5513 749 5565 gent‘re
790 5496 1066 5548 dicendum
1120 5479 1239 5562 luit,
1279 5479 1340 5544 ut
1376 5490 1426 5542 in
1470 5485 1674 5540 caeteris
1708 5485 2089 5548 consequenter

563 5585 938 5652 intelligeretur
987 5598 1100 5648 qua!
1145 5567 1567 5648 generationibus
1613 5582 1871 5625 crescunt.
1904 5571 2093 5618 Neces-

563 5675 757 5726 saiium
787 5679 958 5723 autem
992 5668 1085 5721 luit
1114 5669 1210 5720 hoc
1241 5669 1290 5719 in
1321 5666 1527 5718 homine
1583 5673 1834 5730 repetere,
1861 5671 1924 5712 ne
1952 5655 2094 5726 quis-

2174 4506 2370 4558 dictum
2393 4513 2472 4557 est
2498 4502 2560 4553 ad
2590 4487 2870 4567 imaginem
2900 4503 3156 4557 nostram,
3185 4493 3276 4546 sed
3307 4494 3375 4542 ita
3409 4491 3606 4543 dictum
3636 4495 3716 4542 est

2178 4594 2238 4644 ad
2265 4592 2540 4658 imaginem
2572 4589 2661 4641 Dei
2689 4598 2933 4654 tanquam
2956 4583 3241 4643 diceretur,
3262 4578 3418 4631 Fecit
3468 4575 3603 4630 Das
3629 4577 3718 4628 ιο-

2179 4681 2356 4732 minem
2385 4679 2450 4731 ad
2470 4679 2732 4745 imaginem
2757 4689 2898 4728 utam
2923 4687 2943 4725 :
2971 4672 3127 4724 homo
3149 4680 3321 4722 autem
3350 4671 3412 4722 ad
3437 4667 3714 4733 imagines:

2184 4769 2271 4822 Dei
2301 4770 2467 4821 lactus
2514 4767 2704 4828 dicitur
2756 4765 3040 4816 scentulum
3091 4752 3395 4816 interiorem
3429 4757 3716 4817 hominem,

2183 4860 2266 4912 ubi
2297 4866 2377 4910 est
2404 4857 2535 4908 ratio
2565 4863 2619 4906 et
2641 4855 2968 4917 intellectus;
3003 4869 3104 4908 non
3136 4862 3349 4918 propter
3373 4829 3598 4913 corpus,
3627 4843 3717 4896 sed

2184 4950 2320 5000 illam
2351 4953 2656 5014 potestatem
2689 4942 2804 5010 Dei,
2827 4959 2924 5011 qua
2950 4943 3198 4995 omnibus
3225 4936 3586 4991 animantibus
3615 4934 3718 4985 in-

2185 5047 2350 5103 perat.
2383 5037 2500 5089 ldeo
2531 5044 2702 5086 autem
2734 5033 2817 5084 hic
2848 5047 2948 5084 non
2977 5032 3186 5092 dicitur,
3220 5027 3301 5080 Et.
3316 5026 3504 5092 factum
3531 5033 3604 5076 ω
3636 5026 3725 5086 sit.

2185 5127 2274 5180 sed
2333 5135 2551 5185 tantum,
2613 5122 2676 5175 Et
2719 5122 2835 5185 fecit
2886 5120 3019 5173 Deus
3065 5117 3336 5175 hominem,
3369 5117 3488 5180 quis
3531 5119 3587 5166 et
3625 5115 3728 5176 iul

2186 5225 2423 5267 creatura
2451 5211 2812 5264 intellectualis
2834 5220 2930 5268 est,
2959 5209 3090 5258 sicut
3129 5203 3220 5257 illa
3263 5203 3352 5255 lux
3400 5215 3520 5270 qua
3560 5202 3719 5265 prii:

2188 5304 2322 5355 laeta
2351 5311 2448 5355 est.
2481 5301 2627 5364 Quod
2671 5313 2794 5351 vero
2823 5298 2874 5349 in
2920 5291 3174 5346 creaturis
3219 5289 3612 5344 irrationalibus
3655 5287 3724 5340 la-

2187 5403 2325 5443 etum
2353 5399 2431 5442 est
2458 5385 2901 5456 sic,signilit:atttr
2952 5383 3003 5434 in
3049 5390 3285 5432 creatura
3333 5377 3556 5445 spiritali
3598 5375 3723 5427 facta

2189 5479 2333 5530 verbi
2364 5478 2452 5530 Dei
2483 5475 2738 5542 cognitio;
2771 5487 2830 5524 ac
2859 5469 3063 5523 deinde.
3105 5467 3163 5519 Bt
3185 5468 3304 5534 feri:
3361 5465 3522 5524 Betis,
3569 5460 3726 5525 ipsius

2191 5565 2504 5618 irrationalis
2532 5571 2785 5616 creatura:
2810 5569 2976 5626 genus
3003 5555 3113 5622 fieri
3141 5558 3564 5611 demonstratur.
3596 5546 3731 5602 ﬁuit-

2193 5653 2320 5709 nulli
2347 5660 2516 5708 autem
2543 5648 2788 5721 suspicati
2815 5656 2933 5701 sunt
2961 5662 3096 5702 nunc
3125 5645 3435 5700 interiorem
3470 5640 3725 5695 hominem
