3872 6262
157 380 248 437 29!

942 377 1004 434 IN
1045 367 1594 432 rsurnwcuuu
1635 347 2122 423 COMMEN‘I‘ARH.
2175 396 2232 408 .-
2275 367 2572 423 GENESIS.

3245 367 3346 420 20*:

159 492 378 555 factum;
401 490 525 546 dum
549 496 721 545 autem
749 489 823 544 ait
851 499 1052 560 postea,
1084 487 1146 542 Et
1171 487 1322 542 finxit
1360 484 1501 538 Deus
1528 482 1697 536 ltomi-
1727 487 1775 542 Α
1805 489 1976 534 autem
2005 479 2273 546 sequitur,
2326 477 2609 531 Hasculunt
2646 488 2692 531 et
2743 479 2980 546 feminam
3020 480 3137 546 fecit
3190 477 3346 546 οης,

157 597 270 634 nem
289 580 355 634 de
382 579 505 633 limo
534 589 708 643 terras,
735 593 926 646 corpus
951 592 1071 632 esse
1093 577 1270 632 (ictum
1300 594 1311 627 :
1340 589 1436 629 nec
1455 572 1696 627 attende-

158 678 293 733 runt,
324 667 610 720 masculum
662 675 716 720 et
762 666 1008 720 feminam
1063 677 1166 717 non
1222 664 1320 717 nisi
1369 675 1460 730 per
1509 672 1700 728 corpus

157 758 266 809 fieri
303 758 557 824 potuisse.
585 753 863 820 Quomodo
892 763 1065 807 autem
1089 751 1439 806 communiter
1473 764 1702 816 accepe-

157 846 223 899 rit
252 845 410 899 homo
461 861 582 898 cum
639 847 758 898 aliis
806 844 1180 907 animantibus,
1228 843 1404 897 omnis
1455 842 1611 894 arbor
1651 849 1706 894 et

158 936 353 988 fructus
375 935 657 1003 lignorum,
691 949 808 986 cum
855 941 978 985 ante
1009 942 1276 1000 peccatum
1325 931 1392 982 sit
1447 929 1559 998 ipse
1609 930 1704 980 int-

158 1026 414 1089 mortalis,
445 1024 659 1078 difﬁcile
685 1033 766 1076 est
791 1022 994 1076 dicere.
1029 1021 1157 1075 Nam
1187 1019 1324 1088 quod
1357 1019 1553 1072 dictum
1602 1025 1702 1082 est,

155 1112 371 1167 Cresa'te
391 1123 436 1164 et
463 1111 896 1179 multiplicamini,
920 1125 1220 1178 quanquam
1275 1092 1464 1175 prater
1513 1120 1698 1160 concu-

157 1201 320 1254 bitum
354 1200 512 1252 maris
537 1207 592 1253 et
640 1199 848 1253 feminae
907 1215 1008 1252 non
1065 1212 1220 1267 posse
1271 1198 1382 1250 lieti
1435 1196 1704 1259 videatur,

157 1301 325 1357 potest
355 1302 529 1344 tamen
558 1291 662 1344 dici
695 1293 852 1343 alium
877 1289 1087 1350 modum
1118 1304 1233 1345 csse
1256 1289 1488 1356 potuisse
1517 1287 1567 1339 in
1590 1301 1709 1339 cor-

157 1378 798 1447 poribus‘innuortalibus,
831 1387 888 1430 ut
922 1378 1036 1431 solo
1061 1377 1159 1445 pia:
1199 1378 1472 1430 eharitatis
1516 1375 1707 1427 affectu

158 1476 249 1527 filii
278 1480 634 1537 nascerentur,
661 1485 760 1526 nec
799 1470 1019 1524 mortuis
1051 1467 1352 1537 parentibus
1384 1464 1704 1531 successuri,

156 1579 256 1620 nec
285 1564 381 1632 ipsi
410 1563 674 1624 morituri,
701 1562 868 1624 donec
888 1561 1132 1613 universa
1157 1569 1296 1611 terra
1319 1553 1706 1610 immortalibus

157 1653 458 1707 hominibus
488 1651 822 1718 impleretur.
849 1649 1102 1703 Ciborum
1134 1656 1309 1700 tamen
1363 1641 1705 1712 indigentiam

156 1744 330 1800 nullus
354 1743 571 1802 audebit
598 1743 779 1797 dicere
803 1754 928 1796 esse
956 1752 1129 1807 posse,
1187 1737 1285 1790 nisi
1317 1736 1369 1788 in
1400 1731 1706 1787 mortalibus

153 1835 484 1904 corporibus.
514 1833 664 1900 Quod
686 1829 833 1896 dicit,
861 1830 922 1883 b't
947 1829 1020 1882 sic
1045 1837 1116 1881 est
1145 1831 1352 1895 factum,
1375 1834 1424 1876 et
1444 1821 1706 1876 cedeudas

155 1925 348 1978 herbas
396 1925 449 1978 in
477 1937 652 1976 escam
706 1920 1005 1974 hominibus
1045 1928 1099 1971 et
1140 1914 1460 1969 animalibus
1511 1908 1706 1971 intulit,

153 2013 296 2083 quod
315 2012 381 2066 ab
409 2011 500 2065 illo
527 2011 643 2064 loco
667 2011 1006 2064 inchoaverat
1027 2006 1115 2060 ubi
1141 2007 1232 2072 ait,
1260 2001 1388 2055 Ecce
1417 2001 1533 2053 dedi
1551 2000 1706 2062 vobis,

152 2109 205 2155 et
237 2100 462 2167 reliqua.
489 2097 639 2165 Quod
667 2111 770 2150 non
800 2095 1067 2163 sigillatim
1098 2093 1165 2146 de
1205 2090 1420 2144 homine
1458 2087 1604 2150 dicit,
1638 2083 1706 2137 Et

152 2192 276 2244 uidit
299 2190 430 2243 Deus
448 2189 581 2259 quod
609 2197 733 2241 esset
768 2187 971 2249 bonum,
995 2184 1088 2237 sed
1139 2190 1260 2249 post
1304 2177 1568 2234 hominem
1627 2175 1705 2228 fa-

150 2292 298 2336 ctum
329 2282 506 2333 datam
562 2278 642 2331 illi
673 2286 984 2347 potestatem
1021 2273 1108 2326 vel
1155 2267 1484 2332 dominandi,
1527 2263 1709 2320 subin-

153 2371 270 2426 tulit
297 2372 363 2424 de
390 2369 657 2432 omnibus,
699 2366 765 2420 Et
807 2366 931 2418 vidit
986 2364 1118 2416 Deus
1147 2365 1312 2415 omnia
1340 2375 1450 2424 qua:
1477 2357 1616 2424 fecit,
1663 2363 1709 2407 et

149 2475 262 2512 ecce
280 2459 413 2511 bona
435 2459 597 2510 ualde.
624 2456 808 2510 Merito
838 2454 1092 2530 quaeritur
1127 2469 1192 2504 an
1249 2451 1368 2520 quia
1417 2448 1710 2517 prtcscierit

152 2550 297 2601 Deus
319 2549 584 2600 hominem
611 2554 965 2612 peccaturum,
991 2558 1093 2596 non
1119 2540 1444 2610 singillatim,
1469 2537 1559 2590 sed
1589 2552 1706 2591 cum

149 2639 388 2700 cwteris,
420 2637 568 2690 illum
598 2635 764 2687 voluit
793 2635 972 2687 dicere
1003 2635 1220 2698 bonum,
1274 2634 1416 2685 velut
1461 2629 1708 2682 intimsns

152 2729 284 2798 quid
313 2736 453 2781 esset
487 2729 713 2780 futurus.
769 2725 1021 2778 Dicuntur
1068 2735 1244 2777 autem
1297 2722 1502 2791 singula
1548 2721 1705 2781 bona,

148 2818 403 2870 universa
431 2829 554 2867 vero
580 2813 731 2866 valde
763 2813 919 2875 bona,
944 2812 1063 2878 quia
1080 2821 1134 2864 et
1156 2825 1370 2878 corpus,
1397 2819 1450 2862 et
1471 2801 1709 2876 corporis

145 2909 390 2962 membra
410 2907 568 2960 etiam
611 2905 812 2973 singula
844 2904 1057 2973 pulchra
1107 2911 1269 2956 sunt:
1321 2904 1483 2954 multo
1533 2908 1706 2952 tamen

144 2996 350 3049 suntin
391 2978 618 3048 universi
658 2993 898 3062 corporis
946 3007 1198 3060 compage
1251 2989 1570 3058 pulchriora.
1605 2987 1708 3042 Alii

143 3101 277 3139 vero
307 3083 581 3152 inquirunt
635 3085 688 3135 in
739 3083 927 3150 quibus
973 3083 1190 3136 interior
1221 3079 1378 3134 homo
1426 3081 1704 3150 imaginem

143 3178 239 3230 Dei
265 3188 322 3231 et
345 3177 741 3230 similitudinem
771 3187 964 3238 teneat,
999 3175 1050 3228 id
1094 3184 1197 3239 est,
1233 3174 1283 3227 in
1311 3177 1608 3228 aeternitate
1655 3182 1707 3226 et

141 3267 196 3318 in
226 3267 494 3330 moribus,
544 3270 832 3320 secundum
886 3268 1186 3334 Origeuem.
1235 3263 1536 3319 Secundum
1579 3278 1708 3316 vero

142 3355 486 3420 Faustinum,
510 3370 602 3409 sex
628 3356 799 3409 modis
824 3356 980 3408 homo
1004 3365 1182 3408 noster
1226 3355 1444 3408 interior
1471 3354 1536 3406 ad
1566 3353 1710 3406 simi-

140 3443 430 3498 litudinem
458 3445 548 3499 Dei
578 3445 745 3498 factus
785 3456 886 3498 est.
936 3444 1217 3497 Immobilis
1243 3446 1406 3508 enim,
1440 3443 1595 3508 citus,
1629 3443 1708 3495 in.

137 3534 393 3598 visibilis,
424 3534 786 3601 incorporeus,
818 3534 1048 3595 subtilis,
1076 3543 1327 3588 aeternus.
1352 3533 1543 3585 Creavit
1573 3532 1707 3584 Deus

137 3623 428 3685 hominem,
463 3635 631 3688 usque
678 3623 843 3672 illum.
903 3621 960 3673 In
1013 3623 1111 3674 hoc
1161 3622 1371 3688 quidem
1414 3621 1708 3674 ostenditur

135 3711 285 3780 quod
318 3712 511 3762 animae
534 3709 628 3762 viri
655 3709 964 3776 feminaeque
992 3719 1185 3762 creata:
1231 3720 1382 3761 sunt:
1440 3720 1492 3762 et
1531 3710 1581 3760 in
1610 3710 1708 3761 hoc

137 3807 516 3868 precarentur
547 3797 801 3862 haeretici,
853 3797 941 3866 qui
987 3800 1065 3850 sic
1112 3814 1213 3851 non
1257 3807 1458 3867 putant.
1513 3798 1708 3852 Idcirco

136 3905 276 3944 vero
303 3889 478 3942 Adam
501 3902 666 3955 usque
687 3887 752 3940 ad
780 3889 915 3942 diem
939 3899 1148 3942 sextum
1179 3903 1281 3941 non
1311 3897 1393 3942 est
1433 3888 1706 3951 formatus,

133 3984 266 4049 quia
302 3982 479 4035 donec
508 3981 690 4034 omnia
711 3989 892 4035 essent
920 3992 1116 4046 creata,
1168 3996 1454 4050 c0ngruum
1495 3982 1590 4034 fuit
1644 3981 1707 4034 il-

133 4073 250 4126 lum
272 4087 384 4124 non
409 4068 648 4136 formari,
671 4080 725 4124 et
742 4072 890 4139 quasi
909 4070 981 4124 illi
1003 4086 1094 4124 sua
1125 4070 1315 4124 domus
1335 4081 1475 4125 esset
1505 4080 1704 4138 parata.

1799 569 2142 635 spiritualiter
2175 568 2226 621 in
2257 568 2489 622 Ecclesia
2511 575 2567 621 et
2587 566 2898 622 obedientes
2924 567 3176 630 ostendit,
3203 566 3339 633 quorl

1800 662 2054 729 sequitur,
2082 658 2297 713 Crescite
2321 668 2369 712 et
2393 656 2821 728 multiplicamini,
2853 661 2964 713 sive
2994 661 3208 728 linguis,
3236 661 3348 714 sive

1806 750 1857 803 in
1888 749 2246 818 spiritualibus
2274 748 2636 819 intelligentiae
2663 751 2927 820 gradibus.
2976 759 3032 803 nt
3075 752 3354 807 dominen-

1805 848 1886 891 tur
1916 839 2134 891 rationis
2161 838 2428 891 intellectu
2461 841 2693 892 omnium
2731 840 3014 909 carnalium
3073 842 3350 908 perturba-

1807 931 2025 980 tionum.
2049 926 2232 980 Omnis
2260 935 2432 980 autem
2465 926 2650 992 herba,
2691 937 2748 982 et
2790 943 2946 983 omne
2979 931 3170 998 lignqu
3211 932 3349 999 quod

1807 1022 1959 1073 datur
1983 1021 2036 1074 in
2063 1034 2237 1074 escam
2267 1020 2589 1085 hominibus,
2619 1021 2802 1076 ﬁdeles
2833 1032 2985 1082 sunt,
3018 1025 3084 1077 de
3130 1024 3351 1076 oblatio-

1807 1107 1960 1162 nibus
1988 1108 2096 1162 suis
2123 1110 2590 1164 communicantes.
2639 1110 2786 1166 Unde
2835 1122 2888 1165 et
2933 1113 3216 1179 Apostolus
3257 1115 3352 1175 ait,

1808 1199 1868 1254 Si
1905 1215 1993 1253 nos
2032 1202 2169 1254 vobis
2195 1199 2482 1268 spiritualia
2524 1202 2912 1267 seminavimus;
2969 1214 3020 1256 et
3072 1205 3183 1258 haec
3232 1215 3355 1257 sunt

1809 1288 2073 1345 fructifera
2097 1292 2253 1356 ligna.
2281 1290 2415 1342 Dixit
2447 1291 2606 1357 Deus,
2663 1289 2936 1346 Faciamus
2980 1293 3250 1359 hominem,
3299 1306 3352 1349 et

1809 1378 2031 1448 reliqua.
2064 1377 2467 1443 Consequenter
2488 1380 2778 1444 secundum
2803 1380 2890 1432 illa
2915 1391 3058 1448 'quzc.
3109 1383 3356 1450 superius

1812 1468 2181 1535 exposuimus,
2211 1468 2364 1522 talem
2417 1469 2683 1522 hominem
2725 1453 2933 1538 qualem
2982 1470 3357 1540 descripsimus

1806 1561 1912 1612 vult
1940 1558 2281 1626 principatum
2329 1575 2513 1628 gerere
2562 1562 2928 1628 praedictarum
2980 1563 3262 1616 bestiarum
3303 1573 3358 1616 et

1808 1649 2074 1702 volucrum
2109 1659 2160 1702 et
2189 1649 2537 1717 reliquorum,
2568 1651 2791 1717 qualiter
2843 1651 3060 1718 intelligi
3108 1651 3354 1715 debeant,

1807 1749 1899 1803 per
1919 1735 2220 1803 allegoriam
2250 1737 2612 1806 exposuimus,
2638 1752 2764 1796 cum
2797 1737 3028 1790 diximus
3056 1754 3240 1806 aquam
3282 1741 3358 1806 ju-

1736 1801 1782 1860 Β
1808 1801 1945 1889 beri,
1973 1801 2142 1889 idest,
2167 1801 2394 1880 mentem
2423 1827 2563 1880 illius
2588 1801 2800 1880 sensum
2831 1801 3142 1895 producere,
3180 1837 3232 1880 ut
3260 1801 3355 1880 do.

1808 1919 2024 1971 minetur
2044 1918 2168 1983 illis,
2193 1927 2245 1971 et
2273 1933 2374 1971 non
2403 1918 2490 1971 illa
2511 1919 2850 1972 dominentur
2883 1920 2954 1972 ei.
2998 1918 3283 1972 Masculum
3309 1933 3355 1973 et

1808 2007 2044 2076 feminam
2067 2010 2181 2076 fecit
2209 2009 2340 2060 illos.
2359 2008 2542 2061 Homo
2573 2009 2790 2062 interior
2811 2025 2873 2064 ex
2897 2009 3080 2078 spiritu
3111 2021 3162 2064 et
3184 2014 3355 2066 anima

1806 2104 2032 2148 constat.
2058 2095 2283 2162 Spiritus
2305 2097 2569 2149 masculus
2591 2096 2803 2159 dicitur,
2831 2098 3019 2150 femina
3046 2109 3210 2163 potest
3237 2103 3353 2154 ani-

1808 2202 1889 2239 ma
1919 2186 2221 2252 nuncupari.
2258 2187 2379 2238 llaec
2400 2188 2442 2239 si
2463 2187 2799 2239 concordiam
2834 2189 2968 2240 inter
2995 2203 3054 2241 se
3107 2191 3350 2256 habeant,

1809 2284 2026 2343 possunt
2055 2288 2309 2343 generare
2339 2275 2473 2327 filios
2500 2288 2687 2327 sensus
2734 2275 2898 2329 bonos
2927 2284 2980 2329 et
3035 2278 3210 2341 utiles,
3260 2297 3352 2346 per

1809 2377 1938 2431 quOs
1969 2363 2219 2430 impleant
2247 2371 2459 2424 terram,
2483 2377 2697 2416 ειη-ηοω
2728 2363 2948 2417 scilicet.
2990 2366 3136 2428 Quod
3177 2377 3350 2420 autem

1808 2454 2063 2520 sequitur,
2097 2451 2226 2504 Ecce
2246 2453 2359 2504 dedi
2388 2452 2518 2505 nobis
2559 2469 2704 2505 omne
2734 2454 2934 2518 fenum,
2984 2455 3048 2507 de
3083 2456 3353 2510 affectibus

1805 2544 2104 2598 carnalibus
2135 2543 2350 2611 intelligi
2385 2553 2574 2611 potest.
2609 2543 2764 2597 Verbi
2795 2548 2955 2612 gratia
2993 2565 3004 2598 :
3037 2548 3090 2601 Si
3139 2550 3342 2604 iracun-

1809 2637 1892 2689 dia
1921 2635 1984 2687 ad
2015 2634 2402 2702 correptionem
2432 2645 2659 2698 utamur,
2689 2653 2806 2704 qua:
2833 2636 2980 2692 nobis
3003 2654 3118 2691 cum
3150 2625 3356 2694 caeteris

1808 2725 2124 2779 animalibus
2157 2726 2451 2780 communis
2491 2735 2593 2790 est,
2645 2727 2901 2781 fructibus
2953 2739 3102 2782 terra!
3159 2729 3356 2784 utilizer

1814 2813 2095 2868 vescimur.
2127 2812 2237 2866 Iloc
2265 2822 2318 2866 et
2336 2814 2401 2867 de
2425 2817 2852 2881 concupiscentia
2878 2824 2929 2870 et
2955 2817 3159 2870 exteris
3202 2821 3355 2872 moti-

1810 2901 1906 2956 bus
1927 2902 2144 2971 intelligi
2179 2913 2362 2970 potest.

2421 2992 2640 3046 C\I‘L‘~T
2681 2993 2739 3047 ll.

1880 3083 2044 3153 Igitur
2073 3085 2275 3152 perfecti
2299 3094 2412 3137 sunt
2441 3086 2547 3137 caeli
2578 3094 2622 3138 et
2665 3098 2817 3149 terra,
2858 3093 2911 3139 et
2947 3085 3141 3155 reliqua
3189 3101 3354 3156 usque

1811 3174 1958 3238 dicit,
1982 3173 2177 3226 Crcavit
2212 3171 2344 3225 Deus
2361 3181 2412 3225 ut
2443 3174 2649 3242 faceret.
2678 3175 2924 3228 Senarius
2962 3190 3209 3228 numerus
3236 3191 3350 3243 per-

1811 3262 1976 3318 fectus
1998 3272 2100 3328 est,
2125 3263 2244 3330 quia
2268 3263 2503 3331 partibus
2531 3263 2640 3318 suis
2669 3266 2980 3333 completur.
3020 3267 3188 3321 Unum
3212 3267 3349 3321 enim

1809 3363 1955 3407 sexta
1987 3367 2107 3419 pars
2139 3353 2297 3417 illius,
2328 3355 2430 3405 duo
2450 3354 2619 3417 tertia,
2656 3357 2751 3406 tria
2800 3355 3049 3418 dimidia;
3081 3356 3124 3410 si
3168 3371 3349 3410 nume-

1810 3456 1894 3494 ras
1919 3455 2099 3506 unum,
2127 3451 2179 3493 et
2209 3441 2332 3501 duo,
2358 3451 2410 3492 et
2441 3443 2560 3503 tria,
2591 3441 2700 3508 ipsa
2724 3456 2924 3494 summa
2953 3457 3046 3496 sex
3092 3443 3234 3498 facit.
3270 3445 3354 3499 Id-

1808 3530 1948 3583 circo
1978 3531 2236 3595 perfectus
2262 3530 2473 3581 dicitur.
2528 3531 2639 3584 Non
2685 3533 2825 3586 enim
2875 3533 2943 3587 ita
2973 3537 3178 3589 caeteris
3207 3536 3351 3591 inve-

1810 3619 2040 3670 niuntur.
2092 3616 2373 3684 Propterea
2428 3618 2478 3672 in
2528 3620 2626 3674 hoc
2675 3637 2893 3676 numero
2950 3623 3166 3691 perfecit
3216 3624 3352 3679 Deus

1807 3722 1966 3772 opera
1997 3721 2111 3759 sua.
2139 3706 2244 3758 Nec
2275 3706 2550 3777 quisquam
2580 3710 2647 3762 ita
2675 3711 2891 3766 demens
2920 3724 3017 3773 est,
3051 3714 3135 3780 qui
3167 3715 3354 3768 audeat

1807 3796 1986 3848 dicere
2014 3810 2115 3848 non
2147 3797 2380 3864 potuisse
2414 3798 2574 3852 Deum
2614 3817 2716 3853 uno
2743 3802 2826 3855 die
2853 3815 3036 3855 cuncta
3068 3804 3260 3870 facere,
3308 3808 3350 3859 si

1811 3885 1955 3937 velit.
1979 3885 2125 3949 Quod
2149 3894 2319 3937 autem
2346 3885 2490 3948 dicit,
2518 3885 2776 3954 Requierit
2808 3889 2936 3942 Deus
2953 3891 3035 3942 die
3054 3893 3262 3960 septimo
3292 3895 3354 3944 ab

1809 3977 2034 4029 omnibus
2059 3976 2289 4042 operibus
2309 3976 2433 4040 suis,
2457 3977 2580 4043 quid
2626 3979 2762 4031 aliud
2795 3980 3079 4047 significat,
3132 3984 3229 4034 nisi
3277 3998 3354 4036 rce

1810 4067 1981 4136 quiem
2012 4076 2272 4126 sanctam,
2303 4081 2457 4129 quam
2485 4068 2635 4119 nobis
2663 4068 2879 4120 daturus
2906 4078 2984 4121 est
3008 4070 3076 4133 ab,
3102 4071 3349 4137 Operibus

132 4161 511 4231 Spiritualiter
540 4174 666 4214 vero
698 4174 791 4228 per
833 4171 1025 4213 terram
1081 4159 1366 4230 Eccleiam
1414 4161 1708 4227 signiﬁcare
1811 4157 2026 4217 nostris,
2055 4154 2096 4207 si
2130 4155 2322 4210 bonum
2355 4155 2670 4207 fecerimus?
2709 4157 3004 4209 Secundum
3038 4159 3188 4210 istam
3220 4161 3350 4224 ligu-

132 4258 365 4315 dicitur,
395 4265 452 4307 ut
476 4254 717 4320 superius
737 4251 931 4304 dictum
958 4260 1063 4305 est.
1108 4250 1208 4304 Per
1250 4249 1484 4317 jumenta
1530 4260 1703 4301 autem
1812 4265 1920 4303 ram
1955 4248 2231 4302 locutionis
2281 4248 2406 4301 dicit
2438 4248 2715 4314 Apostolus
2758 4266 2767 4300 :
2822 4247 2942 4314 Ipse
2964 4252 3095 4301 enim
3129 4251 3351 4317 Spiritus

133 4349 381 4416 pOpulus
402 4345 676 4407 Judaicus,
701 4351 756 4396 et
781 4357 863 4411 pet
892 4341 1094 4410 reptilia
1122 4342 1355 4409 gentilis.
1404 4341 1504 4392 l’er
1538 4342 1706 4408 pisces
1808 4340 2024 4408 postulat
2042 4355 2130 4408 pro
2146 4339 2286 4390 nobis
2303 4338 2561 4408 gentilibus
2582 4340 3014 4392 inettarraltilibus.
3057 4339 3166 4392 Non
3209 4341 3350 4394 enim

132 4453 272 4492 vero
299 4433 544 4490 haeretici
586 4442 638 4486 et
670 4431 965 4500 philosophi
993 4431 1292 4490 saaculares,
1318 4430 1504 4495 quibus
1549 4431 1706 4483 homo
1733 4447 1784 4508 ι)
1810 4432 2036 4497 Spiritus
2090 4439 2301 4482 sanctus
2348 4430 2529 4498 gemit,
2564 4431 2655 4484 sed
2709 4431 2816 4497 ipse
2836 4445 2928 4484 nos
2946 4447 3151 4499 gemere
3205 4432 3347 4486 farit,

130 4535 371 4592 pateat,
405 4523 455 4575 id
486 4530 568 4575 est
593 4521 856 4574 Christus.
890 4520 1055 4574 Aliter
1076 4519 1120 4572 si
1154 4520 1204 4572 in
1237 4519 1425 4570 bonam
1479 4529 1703 4587 partem,
1813 4519 2174 4574 I‘ronuntiavit
2205 4529 2378 4572 autem
2433 4521 2588 4582 Deus,
2625 4522 2958 4587 requiescens
3004 4522 3069 4574 ab
3109 4524 3353 4575 omnibus

131 4631 234 4683 per
267 4615 454 4682 pisces
481 4612 602 4665 boni
629 4612 874 4666 doctores
908 4631 918 4662 :
957 4627 1047 4681 per
1077 4613 1306 4664 volatilia
1358 4615 1522 4664 sancti
1557 4612 1707 4665 intel-
1809 4613 2060 4680 operibus
2082 4613 2187 4664 suis
2216 4613 2437 4679 septimo
2464 4614 2566 4673 die,
2602 4613 2743 4664 illum
2775 4615 2909 4666 diem
2934 4628 3036 4680 quo
3063 4623 3176 4666 erat
3201 4615 3352 4665 Chri-

129 4709 413 4774 liguntur,
435 4704 624 4771 quibus
648 4703 948 4754 dominatur
979 4703 1137 4755 homo
1166 4701 1408 4755 Christus
1442 4712 1496 4755 et
1526 4702 1709 4755 Eccle-
1809 4715 1923 4757 stus
1947 4705 1994 4755 in
2020 4701 2286 4768 sepultura
2312 4703 2603 4768 quieturus.
2632 4702 2746 4768 Ipse
2788 4704 2977 4770 quippe
3019 4704 3103 4756 die
3145 4706 3350 4756 sabbati

126 4799 211 4850 sia
243 4813 257 4859 ;
295 4808 353 4848 ut
382 4804 462 4847 est
487 4793 592 4854 hic,
619 4791 978 4853 Dominamini,
1011 4799 1066 4843 et
1091 4791 1311 4858 reliqua.
1362 4791 1413 4843 In
1443 4806 1506 4844 eo
1535 4801 1706 4844 autem
1811 4795 2065 4862 requievit
2096 4793 2145 4845 in
2173 4795 2435 4855 sepulcro,
2486 4801 2928 4861 postquam-sexta
2979 4792 3064 4847 die
3098 4773 3347 4848 consum-

124 4889 280 4953 quod
311 4885 466 4944 dicit,
486 4897 676 4934 omnem
700 4881 922 4941 herbam,
945 4881 1205 4946 significat
1225 4882 1472 4948 populum
1502 4882 1709 4936 Judzco—
1811 4886 1972 4936 mavit
2000 4898 2154 4950 opera
2180 4896 2289 4933 sua.
2323 4882 2483 4946 .Quod
2514 4891 2685 4934 autem
2722 4883 2771 4936 in
2819 4883 3102 4948 EVangelio
3131 4883 3349 4948 dicitur,

127 4994 254 5031 rum
281 4978 525 5029 dandum
553 4990 670 5028 esse
698 4972 952 5042 apostolis
1002 4973 1049 5023 in
1105 4974 1281 5040 fidem,
1335 4985 1387 5026 ct
1431 4989 1523 5042 per
1569 4979 1705 5044 ligna
1811 4973 1963 5026 Pater
1990 4988 2121 5023 meus
2153 4986 2300 5034 usque
2337 4975 2486 5024 modo
2528 4985 2779 5041 operatur,
2812 4982 2854 5024 ct
2893 4989 2983 5040 ego
3010 4989 3216 5042 operor,
3249 4990 3349 5024 non

126 5067 400 5137 gentiles.
426 5065 778 5130 Spiritualiter
816 5073 984 5116 autem
1022 5063 1141 5114 iecit
1186 5063 1323 5115 Deus
1350 5068 1613 5120 hominem
1642 5071 1704 5121 ad
1810 5075 1892 5119 cst
1920 5063 2232 5117 contrarium
2267 5063 2386 5114 huic
2418 5064 2553 5128 loco,
2587 5065 2637 5117 in
2669 5080 2770 5130 quo
2806 5065 2940 5118 Deus
2993 5065 3060 5116 ab
3105 5064 3349 5115 omnibus

124 5156 437 5224 imaginem
468 5169 636 5217 suam,
668 5153 951 5223 perfecmin
993 5155 1190 5208 scilicet
1227 5155 1416 5218 virum,
1465 5158 1550 5223 qui
1605 5175 1706 5212 non
1809 5157 2125 5223 requievisse
2153 5152 2360 5204 dicitur.
2392 5153 2659 5219 Ilequievit
2688 5156 2824 5207 enim
2854 5155 2986 5207 Deus
3009 5169 3036 5204 a
3059 5151 3346 5205 condendis

129 5243 452 5315 quemlibet
477 5255 801 5310 sanctorum,
832 5248 920 5298 sed
953 5246 1115 5312 ipsam
1149 5247 1420 5298 veritatem
1455 5248 1706 5301 imitando
1808 5250 2087 5317 generibus
2116 5254 2392 5307 creaturtc,
2429 5247 2550 5313 quia
2580 5248 2710 5298 ultra
2733 5247 2837 5312 jam
2861 5259 2960 5296 non
2988 5243 3219 5297 cnndidit
3242 5242 3342 5294 alia

124 5332 702 5407 operatut’justiliam.
737 5336 926 5388 Passus
956 5339 1092 5388 enim
1128 5350 1222 5402 pro
1259 5336 1412 5388 nobis
1440 5334 1703 5402 Christus,
1808 5357 1996 5411 genera
2025 5356 2177 5395 nova.
2213 5341 2468 5410 Deinceps
2497 5353 2668 5395 autem
2703 5355 2838 5395 nunc
2870 5355 3032 5407 usque
3078 5341 3139 5392 ad
3169 5340 3347 5392 ultima

123 5425 363 5496 retinnit
389 5422 541 5475 nobis
567 5426 863 5490 exetnplum
896 5436 951 5478 ut
992 5440 1270 5493 sequamur
1323 5425 1537 5492 vestigia
1568 5427 1701 5494 ejus.
1808 5446 2056 5502 operatur
2083 5435 2386 5485 corumdem
2418 5446 2665 5500 generum
2695 5431 3197 5483 administrationem
3231 5447 3347 5498 qua;

124 5523 251 5588 Ipse
274 5519 452 5571 etiam
484 5515 684 5580 accepit
715 5525 1024 5581 potestatem
1059 5517 1273 5583 piscium
1306 5523 1360 5567 et
1386 5516 1704 5584 volatilium,
1810 5520 2182 5575 tuncinstituta
2237 5528 2376 5571 sunt.
2435 5518 2660 5586 Vespera
2716 5520 2834 5572 linis
2869 5520 3207 5585 praecedentis
3246 5520 3349 5573 diei

119 5623 177 5664 ct
203 5609 464 5662 omnium
487 5605 863 5672 jumentornm,
891 5608 1014 5670 quia
1040 5608 1327 5673 Spit‘llllZlItS
1357 5609 1518 5658 homo
1566 5609 1700 5674 diju-
1808 5623 1905 5675 cst,
1940 5625 2088 5663 mane
2116 5609 2318 5662 initium
2351 5608 2655 5675 sequentis;
2686 5608 2817 5662 sicut
2841 5625 2944 5662 nox
2992 5624 3093 5661 non
3124 5624 3349 5677 sequen-

124 5705 273 5757 dicat
303 5698 520 5758 omnia,
563 5696 672 5762 ipse
720 5706 892 5748 autem
925 5712 952 5746 ει
983 5698 1187 5751 nctniac
1239 5699 1519 5766 jllliICilllIl'.
1552 5703 1696 5764 Quod
1811 5706 1873 5756 tis
1894 5703 2014 5770 diei,
2047 5703 2135 5757 scd
2167 5701 2507 5770 prmccdentis
2535 5709 2631 5756 est.
2670 5699 2733 5755 Et
2764 5701 2880 5755 ideo
2904 5710 3050 5754 sexto
3079 5700 3163 5754 die
3204 5716 3341 5752 Coni—

476 5783 940 5846 Paruot..‘.‘illl.
2815 5795 2848 5849 τ
