3872 6262
478 436 580 488 9.03

962 429 1156 485 iiIi-WE
1198 423 1636 480 \‘ENEBABILIS
1686 415 1961 476 OI‘ERUM
2007 412 2180 468 PARS
2223 411 2282 465 ll.
2325 439 2392 452 —
2434 405 2821 464 EXEGETICA
2862 403 3180 460 CENlTiNA.

3589 394 3697 448 204

485 551 646 614 pieto,
677 551 795 612 post
824 543 958 595 illius
988 553 1260 607 vesperum
1311 536 1500 589 factum
1531 547 1610 586 est
1662 543 1813 584 tuane
1846 544 1862 581 :
1920 538 2022 578 non
2051 526 2098 582 Α
2132 523 2314 587 Adam,
2351 521 2402 576 id
2434 531 2515 575 est
2544 519 2815 584 Christus,
2875 521 2924 572 in
2973 532 3132 571 came
3177 514 3242 569 de
3273 513 3440 568 Maria
3493 512 3703 573 τῑτκηιε

484 634 621 702 quod
649 632 972 700 signiﬁcatur
1000 630 1210 683 initium
1257 624 1544 680 condendae
1575 623 1791 674 alterius
1817 624 2024 671 creatu-

490 740 582 788 ra‘,
605 722 695 776 sed
725 720 860 789 quod
888 718 1276 784 signiﬁcaretur
1304 717 1506 768 initium
1531 709 1775 763 manendi
1807 715 1860 759 et
1887 704 2026 771 quie-

487 809 663 864 scendi
718 810 876 862 totius
926 805 1066 874 quod
1116 805 1309 857 dictum
1341 810 1420 854 est
1467 800 1517 853 in
1548 798 1687 852 illius
1739 796 1916 862 quiete
1941 790 2026 859 qui

486 898 738 953 condidit.
765 897 829 950 Et
851 895 966 949 ideo
991 893 1243 960 septimus
1269 891 1379 945 dies
1422 889 1582 956 erepit
1613 903 1642 941 a
1675 901 1848 949 mane,
1892 891 1946 937 et
1974 882 2027 935 in

488 990 630 1042 nullo
659 1001 882 1056 vespero
906 985 1236 1039 terminatur.
1262 981 1372 1035 Non
1405 976 1822 1046 improbabiliter
1852 983 2026 1026 autem

488 1095 761 1149 vesperam
789 1087 845 1133 et
873 1091 1025 1130 mane
1060 1074 1405 1143 cognitionem
1451 1077 1706 1122 creatura:
1751 1066 1801 1118 in
1833 1071 2030 1117 semet-

491 1172 625 1237 ipsa,
672 1183 828 1238 quam
874 1167 1218 1235 cognitionem
1268 1160 1466 1215 scilicet
1498 1155 1748 1225 spiritalis
1795 1160 2033 1206 creatura

492 1262 671 1324 habet,
699 1267 752 1312 ot
780 1255 985 1310 laudem
1035 1251 1333 1307 Conditoris
1364 1256 1575 1318 propter
1605 1251 1900 1298 creaturam
1952 1240 2033 1292 fa-

492 1355 630 1398 ctam
661 1344 1016 1412 intelligimus.
1065 1339 1326 1393 Beuedixit
1376 1345 1539 1388 autent
1587 1334 1716 1384 diem
1745 1330 2031 1398 septimum,

496 1438 638 1490 illum
671 1435 848 1500 utique
874 1435 1016 1486 diem
1045 1431 1133 1500 qui
1163 1441 1435 1496 vesperam
1488 1439 1591 1477 non
1638 1423 1817 1475 habet.
1871 1418 2039 1486 Spiri-

498 1527 704 1593 tualiter
735 1533 850 1592 post
881 1522 1100 1575 istorum
1131 1532 1222 1572 sex
1249 1516 1472 1576 dierum,
1501 1524 1663 1580 Opera
1683 1511 1855 1574 bona,
1889 1505 2039 1560 valde

499 1617 656 1670 homo
683 1615 913 1689 quietem
937 1619 1112 1679 sperat
1140 1608 1353 1672 mentis,
1383 1605 1700 1660 constitutus
1733 1601 1784 1654 in
1811 1598 2038 1668 spiritali

503 1707 765 1776 paradiso,
792 1719 896 1774 quo
926 1702 1248 1772 signiﬁcatur
1269 1701 1369 1753 vita
1399 1700 1570 1753 beata.
1596 1696 1860 1749 Hactenus
1883 1706 2042 1760 Opera

501 1814 591 1851 sex
618 1797 846 1862 dierum,
878 1794 1164 1849 secundum
1197 1791 1470 1846 historiam
1519 1786 1788 1857 quomodo
1835 1791 2043 1837 narrata

2126 622 2277 665 natus
2301 621 2399 665 est.
2435 610 2502 664 Et
2546 610 2682 662 sicut
2709 611 2760 661 in
2816 608 2903 660 illa
2954 616 3100 659 sexta
3145 604 3230 657 die
3261 600 3602 668 serpentium
3650 611 3706 650 et

2127 702 2354 755 ferarum
2388 715 2579 769 genera
2609 709 2746 752 terra
2778 697 3044 766 produxit,
3090 695 3160 747 ita
3209 702 3264 746 et
3295 694 3345 744 iu
3407 697 3511 742 hac
3541 698 3706 741 aetate

2128 791 2308 844 mundi
2333 799 2511 859 gentes
2533 798 2843 856 appetentes
2879 787 3035 838 vitam
3064 796 3314 837 sternam
3352 781 3464 832 Lex
3492 781 3701 845 genuit.

2129 882 2294 946 Quem
2321 880 2495 948 utique
2515 892 2727 931 sensum
2743 890 2832 928 vas
2853 875 3012 928 Petro
3061 883 3329 926 ostensum
3364 866 3701 920 manilestat.

2133 974 2196 1026 Et
2223 974 2358 1026 sicut
2385 973 2433 1024 in
2471 970 2559 1023 illa
2590 971 2674 1023 die
2718 977 2926 1021 creatur
2976 964 3242 1018 masculus
3285 969 3338 1014 et
3372 959 3604 1018 femina,
3637 956 3705 1005 ita

2135 1063 2185 1115 in
2213 1064 2308 1114 ista
2333 1060 2509 1114 sa'Culi
2531 1069 2686 1112 aetate
2715 1055 3080 1110 manifestatur
3095 1053 3336 1104 Christus
3358 1059 3412 1101 et
3437 1045 3708 1100 Ecclesia.

2135 1152 2206 1206 De
2229 1145 2380 1218 hujus
2408 1150 2510 1203 dici
2540 1162 2756 1215 vespera
2783 1145 2974 1199 dicitur
3012 1160 3022 1194 :
3058 1140 3302 1200 Putasne,
3329 1133 3506 1188 Filius
3534 1134 3709 1184 halit-

2133 1247 2210 1299 m's
2238 1244 2432 1296 veniens
2487 1241 2696 1297 inveniet
2735 1239 2884 1305 ﬁdem
2911 1250 3060 1303 super
3090 1230 3322 1285 (errant?
3361 1229 3492 1282 Post
3549 1226 3706 1278 istaut

2134 1351 2407 1404 vesperam
2437 1334 2493 1386 ﬁt
2521 1347 2693 1396 inane,
2727 1329 2937 1399 quando
2966 1327 3076 1395 ipse
3099 1325 3353 1377 Dominus
3377 1322 3430 1373 iu
3458 1319 3711 1373 claritate

2136 1443 2388 1487 venturus
2411 1440 2512 1486 est.
2545 1430 2693 1484 Tunc
2736 1427 2902 1480 sancti
2939 1423 3282 1492 requiescunt
3329 1431 3457 1471 cum
3485 1413 3713 1467 Christo

2137 1525 2204 1578 ah
2229 1523 2470 1576 omeus
2498 1520 2764 1587 Operihus.
2790 1514 3058 1584 Speranda
3091 1510 3231 1564 enim
3259 1515 3362 1569 est,
3391 1512 3514 1572 post
3543 1516 3710 1568 Opera

2136 1615 2274 1667 bona
2309 1612 2483 1674 valde,
2521 1610 2726 1679 requies
2774 1607 2825 1658 in
2873 1603 2956 1656 die
2983 1599 3229 1668 septimo,
3282 1595 3371 1663 qui
3427 1605 3711 1658 tesperum

2143 1720 2244 1756 non
2270 1702 2446 1755 habet.
2477 1700 2728 1767 Sequitur
2757 1690 3115 1757 recayitulatio
3145 1685 3374 1740 condita
3409 1691 3708 1738 creatura.

2217 1790 2336 1842 lstte
2351 1789 2690 1856 generationes
2710 1782 2820 1836 cali
2845 1790 2886 1834 et
2920 1791 3080 1840 teme,
3103 1785 3157 1831 et
3172 1775 3398 1842 reliqua,
3424 1773 3601 1836 usque
3629 1783 3715 1819 ειη

505 1896 648 1950 sunt,
683 1895 736 1939 et
762 1884 984 1952 qualiter
1011 1884 1060 1937 in
1094 1881 1327 1936 Ecclesia
1358 1879 1756 1947 intelliguntur.
1787 1873 2041 1940 explicata
2075 1847 2121 1906 Β
2149 1897 2237 1948 per
2259 1847 2434 1948 faciem
2459 1885 2622 1928 terrte.
2649 1873 2794 1926 Nunc
2817 1885 2922 1923 uno
2945 1868 3030 1921 die
3049 1867 3241 1920 cmlum
3272 1872 3328 1917 et
3349 1872 3553 1916 terram
3583 1857 3717 1910 dicit

503 1986 644 2029 sunt.
680 1973 874 2030 Deinde
894 1973 1015 2043 quid
1042 1973 1093 2027 in
1115 1972 1280 2039 ﬁgura
1306 1967 1485 2022 saeculi
1507 1965 1830 2035 signiﬁcent,
1879 1961 2047 2030 subji-

502 2065 744 2119 ciendum
787 2073 888 2117 est.
920 2062 1026 2116 Sex
1072 2061 1248 2112 diebus
1303 2057 1664 2110 consummavit
1708 2052 1842 2106 Deus
1877 2051 2046 2104 omnia

504 2172 656 2229 opera
686 2173 796 2220 sua,
822 2155 1032 2224 septimo
1059 2155 1139 2206 die
1163 2153 1416 2220 requievit.
1451 2149 1554 2202 Sex
1584 2147 1826 2200 aetatibus
1863 2143 2048 2196 huma-

509 2265 628 2300 utnn
657 2262 820 2316 genus
850 2248 900 2299 in
925 2246 1020 2299 hoc
1069 2243 1263 2298 mundo
1313 2256 1404 2311 per
1431 2239 1792 2294 successiones
1847 2245 2053 2302 tempo-

508 2353 643 2402 rum,
695 2337 784 2390 Dei
833 2350 992 2404 opera
1022 2334 1335 2388 insinuant:
1381 2346 1600 2400 quarum
1649 2329 1815 2396 prima
1864 2336 1943 2380 εει
1989 2324 2057 2378 ab

510 2427 674 2480 Adam
700 2441 864 2494 usque
886 2425 948 2479 ad
972 2425 1080 2478 Noe
1109 2442 1122 2488 ;
1150 2422 1376 2478 secunda
1406 2435 1435 2474 a
1460 2420 1568 2474 Noe
1595 2431 1759 2486 usque
1799 2415 1862 2468 ad
1891 2414 2059 2467 Abra-

516 2518 664 2578 ham;
696 2515 867 2580 tertia,
901 2514 966 2567 ab
995 2512 1256 2568 Abraham
1283 2525 1449 2579 usque
1476 2509 1538 2562 ad
1572 2506 1764 2569 David;
1795 2513 1998 2572 quarta,
2028 2515 2057 2555 a

521 2605 679 2658 David
754 2618 920 2672 usque
989 2603 1053 2655 ad
1120 2599 1637 2666 transmigrationem
1711 2592 2058 2662 Babyloniae;

513 2695 695 2760 quinta
723 2693 914 2746 deinde
964 2705 1128 2758 usque
1173 2689 1235 2741 ad
1267 2689 1547 2740 adventum
1599 2684 1837 2746 Domini;
1883 2691 2058 2748 sexta,

513 2794 632 2846 qua:
661 2793 797 2832 nunc
827 2780 1016 2846 agitur,
1035 2789 1302 2845 quousque
1326 2773 1550 2827 mundus
1573 2771 1811 2831 ﬁniatur;
1839 2769 2061 2834 septima

521 2883 651 2922 vero
679 2868 982 2938 intelligitur
1014 2868 1064 2919 in
1096 2866 1330 2933 requiem
1357 2873 1680 2925 sanctorum,
1717 2875 1835 2928 quae
1863 2859 2064 2912 scilicet
2102 2893 2106 2896 -

520 2973 792 3026 vesperam
843 2973 945 3009 non
1002 2956 1178 3018 habet,
1228 2955 1345 3022 quia
1402 2953 1542 3006 illam
1592 2953 1764 3005 nullus
1809 2950 2064 3002 terminus

517 3049 732 3102 claudit.
784 3047 1066 3113 Pergamus
1095 3060 1222 3113 ergo
1272 3059 1364 3111 per
1410 3044 1504 3111 has
1552 3043 1727 3094 mundi
1759 3051 1963 3104 aetates,
2013 3048 2066 3092 et

519 3156 700 3194 earum
729 3137 1055 3191 dill'ercntias
1075 3137 1476 3204 distinguamus.
1510 3133 1684 3186 Primo
1715 3134 1856 3186 enim
1898 3131 2065 3183 factus

521 3229 714 3283 sarculo
738 3226 1090 3295 tanquatn'lux
1115 3227 1271 3280 homo
1319 3227 1367 3277 iu
1399 3225 1662 3291 paradiso,
1693 3224 1742 3275 in
1786 3236 1883 3288 qua
1914 3230 2064 3273 aetate

521 3320 654 3373 tilios
687 3318 776 3371 Dei
807 3318 856 3369 in
891 3317 1018 3368 lucis
1050 3317 1260 3368 nomine
1288 3312 1464 3365 divisit
1491 3312 1628 3364 Deus
1654 3326 1682 3362 a
1724 3309 1846 3362 ﬁliis
1890 3309 2066 3361 homi-

524 3424 670 3474 num,
703 3407 852 3477 qnasi
877 3421 904 3458 a
939 3405 1182 3458 tenebris.
1210 3401 1393 3465 Fitque
1418 3400 1570 3468 hujus
1598 3399 1699 3452 diei
1747 3412 1961 3465 vespera
1990 3396 2071 3449 di-

523 3498 738 3552 luvium.
774 3495 1019 3550 Secundo
1049 3494 1240 3546 saeculo
1288 3489 1480 3542 factum
1535 3497 1636 3550 est,
1692 3486 1840 3552 quasi
1895 3488 2071 3538 ﬁrma-

525 3597 756 3643 mentum
780 3585 917 3639 inter
939 3599 1123 3650 aquam
1148 3591 1200 3635 et
1226 3595 1438 3649 aquam,
1471 3592 1590 3631 arca
1626 3576 1806 3644 utique
1837 3577 1922 3630 illa
1955 3589 2070 3644 qua:

531 3675 728 3728 natavit
760 3675 896 3726 inter
941 3672 1164 3738 pluviam
1204 3680 1258 3722 et
1305 3672 1487 3721 maria.
1543 3668 1702 3734 llujus
1747 3681 1961 3733 vespera
2017 3665 2074 3718 ﬁt

529 3763 769 3818 confusio
819 3764 1129 3830 linguarum.
1177 3759 1409 3812 Tertium
1453 3760 1700 3810 szcculum
1748 3757 1938 3810 factum
1993 3764 2072 3810 est

529 3854 737 3922 quando
790 3851 1053 3920 separavit
1097 3848 1340 3917 populum
1396 3861 1547 3900 suum
1597 3860 1624 3897 a
1679 3846 1937 3913 gentibus,
1984 3859 2076 3912 per

531 3947 817 4009 Abraham,
850 3945 1153 3998 discernens
1177 3944 1318 3995 illum
1361 3940 1508 4008 quasi
1555 3938 1754 3991 aridam
1802 3937 1869 3990 ab
1895 3937 2078 4004 aquis;

533 4045 589 4089 et
618 4035 816 4100 profert
843 4049 1054 4102 germen
1089 4033 1364 4086 herbarum
1397 4041 1552 4098 atque
1573 4031 1865 4097 signorum,
1909 4027 1960 4080 id
2000 4036 2081 4082 est

536 4132 765 4188 sanctos,
789 4133 841 4176 et
873 4122 1094 4176 fructum
1125 4131 1422 4176 sanctarum
1476 4118 1884 4187 Scripturarum.
1919 4115 2082 4183 llujus

538 4229 754 4284 veSpera
784 4214 880 4268 luit
905 4225 1172 4282 peccatum
1205 4215 1257 4266 in
1295 4213 1490 4266 malitia
1523 4211 1735 4279 pessimi
1766 4210 1906 4278 regis
1935 4209 2080 4263 Saul.

538 4306 789 4371 Quartum
821 4305 1069 4358 saaculum
1098 4305 1306 4372 ccepita
1349 4303 1530 4368 David,
1577 4302 1840 4371 quomodo
1887 4300 2085 4354 conSti-

544 4397 642 4450 tuit
666 4396 802 4450 Deus
832 4395 1105 4449 luminaria
1131 4395 1182 4449 in
1213 4394 1548 4447 ﬁrmamento
1569 4393 1715 4456 cceli,
1747 4389 2081 4459 splendorem

2154 1984 2271 2024 esse
2294 1970 2451 2028 facta,
2471 1980 2588 2019 cum
2618 1962 2861 2030 superius
2890 1973 2990 2011 non
3019 1970 3122 2008 uno
3138 1954 3225 2006 die
3254 1951 3391 2004 facta
3416 1963 3540 2002 esse
3570 1960 3719 1999 com-

2151 2065 2428 2120 memorat,
2459 2055 2549 2108 scd
2583 2067 2740 2107 unum
2770 2051 2906 2103 diem
2953 2062 2982 2100 a
3015 2045 3122 2099 Deo
3175 2042 3369 2096 factum
3399 2052 3524 2092 esse
3564 2050 3712 2089 com-

2153 2155 2429 2210 memorat,
2471 2143 2523 2197 id
2571 2151 2651 2196 est
2696 2144 3160 2208 quamcreaturam
3195 2128 3527 2200 spiritualem
3572 2124 3716 2177 disi-

2155 2252 2295 2298 mus,
2329 2237 2380 2289 in
2421 2232 2716 2301 cognitione
2761 2229 2892 2279 facta
2937 2233 3057 2276 sunt
3104 2231 3319 2273 caetera.
3367 2217 3552 2282 Longe
3579 2212 3718 2267 enim

2157 2328 2307 2379 aliter
2345 2300 2635 2377 notaasuut
2664 2317 2860 2385 angelis
2903 2308 3304 2372 creatura-Dei,
3333 2306 3489 2358 aliter
3538 2300 3717 2354 nobis.

2159 2417 2264 2472 Illis
2288 2416 2427 2468 enim
2470 2407 2900 2479 primordialiter,
2933 2404 3067 2455 sicut
3102 2398 3345 2465 primitus
3370 2392 3539 2447 ereati
3568 2399 3715 2442 sunt.

2159 2511 2266 2565 Nos
2291 2519 2462 2562 autem
2495 2505 2784 2559 secundum
2818 2513 2989 2554 rerum
3015 2495 3250 2549 omnium
3284 2487 3719 2553 administratio-

2163 2615 2280 2654 nem
2309 2613 2398 2666 pcr
2423 2585 2708 2650 divisiones
2738 2579 3052 2656 temporum,
3078 2599 3182 2652 qua
3217 2583 3355 2635 Deus
3379 2593 3520 2631 nunc
3547 2589 3725 2654 usque

2163 2704 2432 2762 operatur,
2466 2699 2519 2743 et
2549 2689 2773 2741 fortasse
2803 2698 2934 2736 unus
2965 2683 3061 2736 iste
3087 2678 3201 2732 dies
3225 2690 3384 2728 omne
3416 2684 3635 2738 tempus
3660 2671 3728 2722 si-

2164 2783 2422 2853 gniﬁcari,
2467 2781 2599 2833 hene
2649 2774 2973 2839 intelligitur.
3007 2768 3150 2823 Fecit
3190 2768 3332 2820 enim
3380 2763 3520 2816 Deus
3568 2772 3729 2812 omne

2167 2883 2374 2939 tempus
2404 2868 2557 2921 simul
2589 2881 2706 2919 cum
2749 2862 2993 2917 omnibus
3024 2854 3407 2924 temporalibus
3440 2847 3728 2904 creatoris.

2167 2934 2316 3030 Quod
2346 2971 2516 3014 autem
2550 2958 2814 3010 nominato
2843 2952 2977 3006 caelo
3008 2957 3061 3002 et
3092 2958 3229 3001 tet-ra
3258 2943 3497 2996 condidit
3528 2934 3730 3005 virgul-

2169 3067 2276 3110 tum
2321 3057 2448 3122 agri,
2478 3061 2531 3103 et
2563 3050 2724 3102 tacuit
2765 3055 2957 3099 caetera
2979 3054 3096 3108 qua:
3139 3045 3262 3091 sunt
3312 3037 3362 3086 in
3394 3031 3533 3086 coelo
3577 3038 3632 3081 et
3677 3027 3732 3077 in

2173 3156 2327 3199 terra.
2364 3143 2460 3194 Per
2484 3138 2763 3204 virgultum
2788 3133 2921 3201 agri,
2968 3128 3238 3182 nascentia
3281 3134 3437 3176 terra:
3482 3130 3732 3184 Compre-

2173 3235 2375 3294 hendit,
2405 3245 2521 3296 qua:
2548 3235 2825 3293 antequam
2861 3221 3144 3278 orirentur,
3184 3228 3342 3276 super
3374 3221 3575 3265 terram
3605 3219 3731 3258 catt-

2169 3323 2350 3377 salitcr
2380 3328 2552 3373 creata
2586 3323 2726 3374 sunt,
2763 3325 2880 3365 cum
2909 3307 3109 3362 creavit
3155 3305 3292 3357 Deus
3323 3300 3504 3354 omnia
3550 3293 3731 3349 simul.

2172 3411 2318 3478 Quod
2367 3415 2538 3460 autem
2582 3403 2861 3471 sequitur:
2915 3396 3158 3450 Nondum
3197 3392 3330 3444 enim
3377 3391 3580 3456 pluerat
3631 3381 3734 3435 Do-

2173 3501 2338 3552 minus
2365 3511 2513 3564 super
2552 3504 2756 3552 terram,
2785 3501 2830 3541 et
2861 3487 3009 3538 homo
3049 3499 3148 3536 non
3177 3490 3283 3533 erat
3311 3481 3395 3545 qui
3445 3486 3737 3543 operaretur

2177 3604 2385 3654 terram,
2403 3601 2646 3655 tanquam
2665 3585 2884 3644 diceret,
2910 3595 3010 3632 non
3033 3578 3109 3630 sic
3127 3575 3210 3628 illa
3232 3574 3351 3626 fecit
3374 3572 3536 3632 Deus,
3551 3583 3739 3637 quom-

2176 3681 2453 3737 admodum
2499 3690 2634 3729 nunc
2673 3673 2773 3726 alta
2803 3713 2817 3736 ,
2843 3685 2959 3723 cum
2989 3667 3139 3736 pluit.
3168 3665 3278 3717 Alia
3310 3671 3740 3714 commemoran-

2180 3787 2262 3827 tur
2296 3770 2534 3824 homincs
2564 3767 2677 3818 sine
2701 3760 2872 3832 pluvia
2915 3768 2966 3812 et
2996 3757 3112 3810 sine
3128 3767 3287 3820 opere
3314 3752 3546 3804 humano
3566 3769 3582 3800 :
3605 3762 3742 3800 nunc

2185 3848 2360 3915 dicunt
2391 3871 2508 3911 esse
2540 3855 2695 3914 fama,
2744 3860 2797 3904 ut
2828 3846 3058 3917 potentia
3082 3843 3228 3897 verbi
3265 3841 3347 3894 sui
3379 3841 3538 3893 simul
3569 3841 3744 3890 omnia

2185 3951 2323 4004 Deus
2350 3946 2538 4000 iecisse
2566 3941 2904 4006 intelligatur.
2938 3933 3072 4000 Quid
3105 3943 3280 3984 autem
3320 3928 3591 3994 signiﬁcat
3631 3939 3743 3994 my-

2184 4039 2316 4095 stice
2345 4034 2504 4103 quod,
2527 4031 2663 4085 caelo
2688 4026 2953 4082 nominato
2971 4031 3023 4075 et
3045 4033 3206 4085 terra,
3238 4017 3427 4084 adjecit
3459 4014 3748 4082 virgultum

2187 4142 2239 4186 et
2268 4129 2481 4182 herbam
2507 4120 2732 4189 regionis
2751 4158 2768 4185 ,
2799 4126 2851 4170 et
2875 4113 3034 4168 tacuit
3056 4120 3216 4171 terra,
3246 4107 3346 4160 nisi
3380 4103 3508 4171 quia
3531 4117 3632 4169 per
3653 4101 3750 4153 vir-

2190 4221 2389 4290 gultum
2443 4215 2554 4283 agri
2603 4209 2914 4264 invisibilem
2944 4211 3245 4257 creaturam
3273 4195 3640 4251 demonstrari
3682 4192 3752 4245 ia-

2193 4281 2401 4378 telligit,
2427 4281 2561 4359 sicut
2616 4312 2697 4354 est
2732 4300 2903 4351 anima
2935 4294 2958 4346 ?
2993 4294 3195 4346 Dictum
3241 4298 3416 4343 autem
3467 4281 3753 4352 virgultum

2193 4368 2335 4468 agri:
2358 4405 2567 4464 proiuer
2597 4391 2826 4458 vigorem
2859 4386 3008 4446 vitae;
3037 4380 3219 4438 herba,
3255 4385 3472 4442 propter
3509 4368 3750 4425 eamdem

544 4485 689 4554 regni
737 4493 982 4552 tauquam
1012 4483 1139 4536 solis
1165 4481 1552 4544 excellentiam,
1585 4491 1638 4534 et
1669 4490 1917 4545 tanquam
1948 4480 2069 4531 luna

2172 4461 2823 4542 ‘vitant-marcescetttem.
2850 4461 3052 4527 Deinde
3082 4467 3225 4535 quod
3270 4466 3434 4523 addit,
3471 4464 3751 4522 Antequam

543 4579 772 4646 speciem
806 4579 1250 4642 obtemperantem
1277 4573 1606 4643 Syuagogam
1637 4582 1690 4625 et
1719 4572 1900 4624 stellas
1944 4571 2089 4638 prin-

545 4671 690 4737 cipes
720 4668 856 4721 illius
888 4667 1089 4721 :mtatis
1139 4667 1292 4736 hujus
1346 4681 1562 4735 vespera
1617 4665 1718 4717 t‘uit
1761 4665 1816 4717 in”
1865 4665 2092 4731 peccatis

550 4772 753 4829 regum,
774 4759 962 4827 quibus
983 4771 1110 4824 gens
1138 4757 1222 4811 illa
1253 4758 1442 4812 meruit
1497 4755 1754 4823 captivari
1787 4757 1837 4808 in
1870 4755 2094 4823 Babylo-

550 4853 712 4908 niam.
745 4851 936 4917 Quinto
965 4851 1175 4913 saculo,
1207 4849 1258 4903 id
1307 4858 1386 4901 est
1410 4849 1461 4900 in
1513 4844 1972 4914 transmigratione
2000 4844 2098 4896 Ba-

551 4941 803 5011 bylonite,
837 4943 966 4996 facta
995 4950 1116 4995 sunt
1137 4938 1284 5004 quasi
1315 4939 1560 4992 animalia
1607 4938 1658 4990 in
1689 4940 1838 5004 aquis
1869 4945 1920 4988 et
1951 4935 2099 4987 vola-

555 5032 662 5084 tilia
693 5031 833 5084 cazli.
863 5030 993 5095 Quia
1021 5043 1143 5084 tunc
1166 5030 1333 5085 Judaei
1363 5031 1498 5083 inter
1543 5037 1724 5096 gentes
1756 5035 2009 5091 tanquam
2051 5025 2102 5077 in

556 5122 685 5176 mari
715 5121 891 5174 vivere
929 5130 1219 5184 cmperunt,
1270 5134 1366 5173 nec
1407 5121 1700 5174 habuerunt
1739 5116 1984 5170 stabilem
2016 5116 2099 5168 lo-

557 5225 697 5274 cum,
728 5218 973 5276 tanquam
999 5219 1121 5259 aves
1145 5207 1400 5259 volantes.
1446 5206 1607 5273 llujus
1628 5204 1730 5259 diei
1770 5215 1987 5268 vespera
2011 5200 2106 5252 fuit

561 5298 923 5367 multiplicatio
951 5305 1282 5364 peccatorum
1308 5293 1358 5347 in
1391 5295 1584 5361 papqu
1636 5293 1962 5354 Judzeorum,
2015 5288 2103 5357 qui

563 5389 637 5441 sic
664 5386 910 5440 excmcati
933 5376 1076 5448 sunt,
1103 5384 1328 5439 utetiam
1358 5383 1635 5438 Dominum
1658 5384 1837 5438 Jesum
1856 5396 1958 5436 non
1983 5393 2110 5448 pos-

565 5487 682 5530 sent
709 5491 1013 5545 agnoscere.
1047 5475 1161 5530 Jam
1204 5484 1408 5529 sextum
1440 5475 1684 5527 szeculum
1711 5474 1804 5529 fuit
1831 5475 1884 5528 in
1915 5473 2109 5525 adven-
2162 5515 2166 5519 .

571 5579 678 5620 tum
700 5567 912 5620 Christi.
945 5569 1072 5620 Nam
1105 5570 1238 5622 sicut
1259 5567 1310 5620 in
1356 5567 1439 5619 illa
1475 5575 1619 5619 sexta
1648 5566 1736 5620 die
1793 5566 1992 5634 primus
2024 5565 2112 5615 ho-
2140 5547 2147 5558 ”

573 5671 655 5705 mo
686 5655 847 5706 Adam
873 5654 934 5706 de
979 5655 1101 5707 limo
1150 5665 1304 5707 terra:
1343 5654 1406 5706 ad
1436 5654 1831 5706 similitudinem
1891 5653 1981 5705 Dei
2013 5650 2117 5702 for-

577 5756 741 5800 muus
772 5754 872 5809 est,
915 5747 989 5799 sic
1031 5746 1080 5800 iu
1121 5746 1213 5798 ista
1256 5753 1403 5799 sexta
1442 5755 1593 5800 actate
1634 5746 1809 5801 saeculi
1856 5745 2117 5802 secundus

2200 4580 2416 4632 oriretur
2446 4575 2495 4626 in
2521 4581 2674 4632 terra,
2709 4561 3016 4630 intelligitur
3047 4558 3220 4611 anima
3243 4565 3530 4618 antequam
3571 4562 3756 4616 pecu-

2198 4675 2299 4722 ret.
2326 4661 2578 4718 'l‘errenis
2601 4657 2738 4711 enim
2763 4649 3136 4716 cupiditatibus
3181 4644 3472 4702 sordidata,
3507 4650 3754 4700 tanquam

2202 4763 2339 4816 orta,
2367 4751 2448 4802 vel
2472 4761 2625 4813 super
2651 4755 2842 4794 terram
2876 4745 2992 4790 nata
3026 4750 3143 4789 esse
3173 4735 3365 4785 dicitur
3389 4739 3558 4783 reste.
3608 4722 3757 4781 Unde

2201 4855 2254 4899 et
2284 4840 2479 4908 adjecit
2513 4855 2524 4888 :
2578 4834 2821 4886 Nondum
2861 4828 3052 4896 pluerat
3081 4824 3325 4875 Dominus
3365 4836 3520 4885 super
3559 4826 3759 4874 terram,

2203 4907 2363 5001 quasi
2399 4935 2580 4996 aperte
2635 4924 2876 4988 diceret:
2919 4917 3214 4982 Antequam
3265 4920 3517 4977 peccaret
3567 4907 3760 4962 anima,

2208 4996 2438 5077 nondum
2485 5017 2708 5070 nubibus
2749 5012 3073 5077 Scripturam
3107 5001 3338 5070 pluviam
3391 4996 3656 5052 doctrina:
3699 4997 3757 5049 ad

2205 5110 2523 5181 irrigandam
2553 5108 2781 5158 animam
2804 5104 3160 5154 concesserat.
3186 5091 3336 5156 Quod
3374 5103 3508 5143 vero
3549 5087 3764 5153 subjun-

2207 5175 2328 5266 ιὶι,⁷
2357 5201 2423 5253 Et
2470 5200 2616 5251 homo
2669 5211 2768 5247 non
2800 5199 2905 5244 erat
2934 5186 3017 5254 qui
3056 5192 3351 5250 aperaretur
3399 5190 3613 5240 terram,
3655 5175 3763 5242 quia

2210 5297 2382 5351 nullus
2415 5295 2570 5344 homo
2599 5293 2845 5354 operatus
2877 5292 2956 5333 est
2987 5280 3036 5332 in
3085 5274 3310 5344 virgine,
3344 5271 3411 5323 de
3462 5283 3568 5335 qua
3620 5279 3763 5319 natus

2212 5397 2290 5442 εει
2320 5384 2581 5438 Christus.
2617 5379 2732 5444 ipse
2762 5372 2898 5425 enim
2929 5353 3063 5434 lapis
3092 5369 3208 5418 sine
3234 5360 3481 5414 manibus
3509 5358 3576 5411 de
3594 5367 3764 5409 monte

2212 5473 2496 5529 abscissus.
2528 5466 2668 5518 Fons
2709 5470 2873 5514 autem
2904 5453 3220 5511 ascendebat,
3274 5458 3328 5503 et
3387 5446 3621 5511 reliqua.
3681 5444 3765 5495 llic

2212 5566 2342 5635 jam,
2369 5567 2621 5629 quantum
2666 5555 2910 5612 arbitror,
2946 5546 3249 5598 intimautur
3274 5539 3360 5592 illa
3381 5552 3513 5605 qua
3546 5538 3677 5588 litant
3705 5535 3768 5582 in.

2218 5619 2435 5710 tervallo
2487 5659 2783 5712 temporum
2823 5655 2883 5692 cx
2936 5636 3022 5688 illa
3072 5633 3237 5700 prima
3293 5627 3630 5686 condition,
3684 5619 3766 5671 ubi

2221 5745 2352 5800 facta
2376 5748 2493 5793 sunt
2522 5735 2674 5791 simul
2704 5730 2875 5789 omnia
2903 5745 2915 5792 ;
2956 5735 3009 5781 ct
3058 5722 3215 5793 cwpit
3245 5726 3396 5774 recte
3425 5715 3495 5767 ab
3540 5713 3767 5768 elemen-
