3872 6262
166 391 269 448 203

956 389 1019 445 ΙΝ
1054 387 1612 446 PENTATEUCIIUM
1654 386 2142 458 COMMENTARII,
2186 422 2252 432 —-
2293 392 2589 455 GENESIS.

3262 404 3364 464 206

171 519 245 569 to,
276 520 339 559 ex
366 518 470 574 quo
498 511 685 559 cuncta
715 515 907 572 genere
933 509 1238 571 nascuntur,
1271 503 1355 557 vel
1381 500 1707 565 animalium,
1739 498 1782 556 Α
1814 499 1951 567 poris
2000 503 2263 569 peccando
2312 508 2602 562 meruisset.
2646 507 2774 564 [Iud
2828 514 3019 582 quippe
3073 520 3359 575 secundum

172 603 254 648 vet
281 593 566 647 herbarum
590 585 747 660 atque
772 590 1052 661 lignorum.
1071 591 1204 658 Quis
1229 591 1298 647 sit
1337 590 1436 646 iste
1465 589 1580 644 [ους
1605 605 1718 644 me-

167 685 270 740 rito
298 685 572 753 queritur.
613 684 669 740 Si
697 684 838 738 enim
862 684 1013 753 plana
1044 699 1268 754 qua-que
1296 683 1565 751 irrigabat,
1585 697 1716 752 quo-

168 777 324 831 modo
346 775 540 831 dicitur
566 777 866 831 universam
883 774 1214 845 superﬁciem
1239 784 1394 831 terra:
1422 775 1715 844 irrigasse?

163 869 216 922 Si
245 874 422 922 autem
452 882 661 922 omnem
711 877 908 921 terram
961 866 1232 935 irrigabat,
1274 877 1388 920 erat
1441 865 1714 920 inundatio

163 960 376 1029 diluvii,
403 970 458 1015 et
487 959 718 1016 nondum
747 959 915 1013 divisa
945 968 1059 1012 erat
1089 969 1226 1012 terra
1242 959 1309 1013 ab
1337 971 1489 1027 aqua.
1522 955 1711 1012 Credi.

164 1047 269 1102 bile
290 1058 462 1102 autem
492 1058 572 1101 est
592 1047 713 1116 quia
736 1062 841 1099 nou
889 1046 1044 1113 dixit,
1087 1061 1224 1100 unus
1256 1046 1396 1110 fons,
1425 1044 1519 1098 sed
1551 1044 1712 1108 Fons,

165 1154 259 1206 pro
292 1138 478 1207 plurali
509 1152 731 1192 numero
763 1136 1000 1205 posuisse
1027 1135 1376 1204 singularem;
1410 1143 1468 1188 ut
1513 1135 1592 1188 sic
1632 1137 1715 1188 in-

165 1229 395 1297 telligam
427 1227 600 1280 fontes
621 1242 715 1296 per
741 1240 950 1280 omnem
973 1236 1165 1279 terram
1207 1225 1320 1278 loca
1349 1223 1558 1291 propria
1589 1222 1712 1277 irri-

157 1325 363 1384 gantes,
387 1317 524 1369 sicut
550 1315 691 1370 dicta
720 1323 802 1369 est
829 1329 956 1369 rana
985 1321 1040 1368 et
1068 1313 1264 1367 locusta
1296 1312 1347 1366 in
1371 1311 1554 1366 decem
1594 1313 1709 1381 pla-

159 1407 238 1474 gis
260 1404 498 1476 Egypti,
527 1419 648 1458 cum
697 1413 841 1458 esset
889 1402 1287 1456 innumerabilis
1314 1417 1565 1456 numerus
1594 1401 1710 1456 illa-

157 1513 295 1552 rum.
327 1499 454 1551 Cum
483 1511 609 1566 ergo
637 1495 790 1550 aliter
816 1510 875 1548 se
899 1494 1124 1548 habeant
1161 1493 1397 1547 omnium
1439 1500 1710 1548 creatura-

157 1602 272 1641 rum
299 1589 555 1653 rationes,
593 1587 755 1640 verbo
799 1585 891 1639 Dei
920 1583 1396 1649 incommutabiles,
1447 1583 1599 1637 aliter
1623 1582 1709 1637 illa

159 1678 280 1747 ejus
306 1693 485 1748 opera,
518 1677 711 1748 quibus
750 1677 802 1730 in
832 1677 917 1730 die
967 1679 1195 1744 septimo
1242 1674 1520 1745 requievit,
1558 1674 1712 1730 aliter

159 1769 263 1821 ista
316 1783 433 1838 qua:
481 1781 650 1835 usque
701 1781 842 1821 nunc
881 1776 1147 1834 Operatur.
1182 1765 1381 1820 Horum
1424 1765 1579 1819 trium
1611 1764 1710 1819 hoc

1815 591 1968 644 aliam
1997 606 2231 657 causam,
2261 603 2314 650 et
2350 605 2474 652 ante
2500 610 2767 666 peccatum
2796 603 3032 670 mortale,
3065 606 3167 662 dici
3196 613 3366 678 potuit

1813 681 1972 747 mori;
2022 694 2075 736 ct
2121 683 2453 752 immortale,
2501 688 2618 757 quia
2668 691 2831 758 potuit
2871 707 2973 748 non
3023 697 3176 752 mori.
3205 699 3362 755 Aliud

1812 781 1893 826 est
1935 773 2073 827 enim
2119 791 2220 830 non
2250 791 2406 844 posse
2450 780 2620 847 mori,
2670 782 2808 834 aliud
2857 797 3007 850 posse
3052 802 3153 839 nou
3207 791 3360 844 mori.

1814 863 2134 931 Secundum,
2163 869 2600 936 quemadmodum
2641 873 2785 940 prius
2831 874 2987 929 homo
3029 890 3235 934 creatus
3278 893 3362 938 est

1813 955 2144 1024 immortalis,
2170 959 2307 1028 quod
2338 959 2412 1013 illi
2457 962 2802 1028 przestabatur
2829 965 2894 1019 de
2926 968 3062 1035 ligno
3091 971 3231 1023 vitae.
3261 971 3361 1026 Sco

1813 1058 2025 1114 paratus
2053 1058 2153 1110 est.
2185 1063 2301 1102 cum
2329 1060 2614 1118 peccasset,
2649 1062 2703 1105 ut
2729 1066 2906 1128 ρος-βω
2931 1060 3093 1125 mori;
3137 1060 3223 1129 qui
3261 1063 3360 1117 nisi

1812 1147 2102 1205 peccasset,
2132 1149 2307 1207 posset
2334 1155 2435 1194 non
2466 1143 2618 1196 mori.
2661 1144 2892 1200 Mortalis
2921 1160 3048 1216 ergo
3089 1160 3196 1204 erat
3229 1165 3362 1208 cou-

1812 1225 2007 1281 ditione
2033 1230 2269 1298 corporis
2297 1232 2558 1298 animalis,
2589 1233 2896 1290 immortalis
2941 1238 3197 1296 beneﬁcio
3223 1241 3363 1298 Con-

1812 1315 2019 1372 ditoris.
2053 1317 2126 1373 De
2151 1319 2325 1375 anima
2353 1332 2528 1378 autem
2557 1339 2714 1394 quam
2761 1327 3008 1384 Dominus
3046 1330 3364 1391 insumando

1810 1404 1952 1470 fecit,
1981 1407 2107 1462 nihil
2136 1412 2409 1475 conlirmo,
2442 1413 2539 1468 nisi
2565 1416 2684 1482 quia
2717 1431 2779 1470 ex
2813 1416 2920 1472 Deo
2940 1430 3051 1485 est;
3085 1430 3264 1478 utnon
3293 1426 3362 1479 sit

1811 1494 2097 1552 substantia
2130 1499 2238 1566 Dei,
2265 1511 2317 1554 et
2345 1501 2413 1556 sit
2434 1504 2759 1573 incorporea,
2791 1524 2892 1562 tton
2919 1511 2988 1564 sit
3021 1526 3242 1581 corpus,
3266 1515 3359 1570 sed

1810 1584 2043 1654 spiritus,
2070 1603 2172 1642 non
2213 1589 2280 1644 de
2312 1592 2598 1647 substantia
2633 1595 2724 1649 Dei
2765 1597 3006 1664 genitus:
3040 1617 3135 1656 nec
3177 1618 3364 1671 proce-

1811 1675 1964 1745 dens,
1992 1679 2083 1733 sed
2109 1679 2273 1735 factus
2299 1695 2330 1734 a
2358 1682 2482 1738 Deo.
2516 1685 2580 1738 Et
2605 1685 2677 1739 ita
2704 1687 2774 1740 sit
2802 1687 2984 1754 factus,
3018 1702 3074 1744 ut
3103 1692 3241 1747 illius
3269 1710 3361 1747 na-

1814 1775 1926 1820 tura
1957 1782 2057 1822 non
2083 1771 2152 1823 sit
2178 1772 2278 1825 alia
2315 1784 2575 1840 creatura,
2617 1776 2667 1830 in
2698 1792 2855 1846 quam
2886 1790 3061 1847 posset
3095 1787 3353 1839 converti.

155 1860 298 1930 quod
329 1871 629 1915 extremum
682 1859 856 1927 posui,
912 1869 1176 1926 utcunque
1230 1867 1410 1911 notum
1440 1867 1554 1921 est;
1600 1857 1704 1910 duo
1737 1838 1782 1898 Β
1810 1856 1884 1910 Ac
1913 1874 2002 1924 per
2029 1860 2127 1913 hoc
2153 1861 2219 1916 de
2247 1863 2430 1932 nihilo,
2464 1875 2520 1921 et
2560 1838 2697 1936 quod
2715 1838 2794 1923 .sit
2822 1838 3135 1927 itu-mortalis
3168 1838 3364 1928 secuit.

154 1952 244 2005 illa
275 1958 479 2010 remota
506 1957 628 2003 sunt
656 1963 685 2000 a
715 1947 962 2003 sensibus
991 1948 1204 2002 nostris.
1235 1947 1375 2016 Ergo
1403 1948 1492 2001 illa
1528 1948 1704 2000 omnia

156 2042 400 2110 primitus
421 2039 653 2102 fuerunt,
696 2052 800 2092 non
832 2038 970 2092 mole
1021 2038 1280 2104 corporis,
1310 2046 1401 2091 aut
1449 2039 1706 2106 magnituo

153 2131 300 2196 dine,
327 2129 418 2184 sed
452 2128 498 2181 vi
531 2128 776 2197 potentiae
803 2126 1048 2181 causalis.
1082 2125 1369 2195 Virgultum
1397 2137 1572 2181 autem
1591 2127 1702 2197 agri

151 2221 280 2292 quid
311 2219 564 2289 significet
587 2217 949 2287 spiritualiter,
992 2215 1235 2282 superius
1270 2215 1567 2285 expositum
1598 2226 1700 2283 est,

151 2333 271 2370 cum
307 2315 619 2384 produceret
666 2321 807 2366 terra
853 2309 1070 2365 herbam
1118 2308 1321 2376 pabuli._
1362 2307 1501 2363 Fons
1528 2317 1702 2362 autem

151 2409 410 2474 sapientia
439 2415 541 2468 est,
570 2417 690 2472 quae
737 2401 917 2471 irrigat
944 2414 1152 2456 omnem
1199 2397 1507 2453 Ecclesiam.
1541 2397 1706 2453 Aliter

152 2506 350 2559 autem,
386 2506 520 2548 terra
550 2493 698 2560 virgo
725 2491 882 2545 Maria
902 2499 1004 2555 est,
1048 2489 1115 2544 de
1157 2503 1258 2558 qua
1306 2489 1558 2556 scriptum
1599 2496 1701 2556 est,

151 2586 427 2653 Aperiatur
451 2595 604 2647 terra,
638 2591 684 2636 et
728 2581 968 2651 germinet
1010 2577 1360 2641 Salratorem;
1396 2593 1553 2646 quant
1584 2577 1705 2630 irri-

154 2683 298 2748 gavit
326 2679 552 2750 Spiritus
580 2689 817 2740 sanctus,
844 2679 931 2746 qui
959 2675 1116 2730 fontis
1147 2686 1198 2728 ct
1236 2688 1385 2742 aqua:
1414 2675 1622 2728 nomine
1649 2674 1702 2729 itt

156 2773 446 2840 Evangelia
473 2771 814 2838 signiﬁcatur.

219 2866 480 2920 Formauit
499 2864 652 2934 igitur
680 2862 816 2917 Deus
851 2861 1098 2914 hominem
1123 2862 1184 2913 de
1210 2860 1329 2914 limo
1355 2871 1518 2925 terra,
1549 2870 1597 2915 et
1622 2863 1704 2915 in-

145 2957 354 3025 spiravit
379 2958 428 3006 in
461 2955 638 3022 faciem
669 2955 776 3022 ejus
815 2953 1116 3023 spiraculum
1160 2954 1304 3015 vitae,
1344 2963 1390 3006 et
1437 2958 1595 3023 factus
1635 2963 1706 3007 est

143 3049 294 3099 homo
324 3047 376 3098 in
404 3048 626 3098 animum
654 3047 912 3100 virentem.
943 3045 997 3098 In
1038 3046 1149 3114 ipso
1181 3044 1335 3099 etiam
1358 3060 1579 3114 corpore
1608 3048 1702 3101 ha-

1809 1951 1931 2004 dum
1956 1953 2232 2020 quemdam
2263 1955 2384 2011 vita:
2426 1958 2656 2024 modum,
2682 1976 2836 2029 quem
2876 1977 2980 2016 non
3010 1965 3171 2031 possit
3196 1967 3353 2021 amit-

1811 2046 1948 2104 tere;
1998 2043 2287 2100 secundum
2329 2049 2606 2114 quamdam
2640 2066 2762 2102 vero
2805 2051 3222 2120 mutabilitatem,
3253 2071 3353 2124 qua

1810 2130 1970 2195 possit
2013 2133 2090 2186 vel
2137 2133 2366 2189 deterior
2392 2137 2470 2191 vel
2509 2137 2723 2193 inferior
2753 2140 2893 2208 fieri.
2941 2156 3044 2196 non
3087 2141 3354 2201 immerito

1808 2221 2043 2276 mor:a|is
2058 2223 2268 2287 dicitur,
2286 2224 2529 2294 quoniam
2558 2242 2731 2282 veram
2756 2229 3194 2288 immortalitatem
3210 2236 3356 2290 solost

1805 2309 1962 2366 habet
1982 2311 2071 2367 ille
2091 2313 2158 2370 de
2187 2330 2291 2383 quo
2308 2315 2497 2371 dicitur
2523 2334 2534 2368 :
2571 2316 2669 2381 Qui
2696 2320 2831 2372 satus
2869 2319 3014 2372 ham
3052 2323 3350 2378 immortali-

1807 2409 1975 2466 tatem,
2005 2411 2052 2455 et
2083 2404 2240 2456 lucem
2284 2404 2474 2459 habitat
2504 2407 2910 2463 inaccessibilem.
2940 2410 3154 2480 Mystice
3174 2424 3348 2468 autem

1808 2495 2038 2563 formavit
2091 2497 2224 2551 Deus
2253 2500 2498 2552 frontium
2535 2501 2597 2554 de
2622 2502 2740 2554 limo
2770 2512 2918 2556 terra:
2947 2519 2965 2557 :
2998 2504 3247 2562 formatus
3275 2519 3357 2562 est

1807 2584 2044 2642 Christus
2063 2604 2126 2644 es
2145 2593 2343 2646 semine
2360 2591 2517 2646 David
2539 2594 2827 2648 secundum
2853 2611 3084 2665 carnem,
3109 2608 3194 2654 tan
3215 2615 3352 2667 tuam

1808 2675 1876 2730 de
1900 2678 2028 2732 limo
2059 2690 2230 2733 terrae.
2264 2679 2328 2734 Et
2354 2683 2616 2750 inspiravit
2655 2685 2706 2738 in
2748 2688 2926 2754 faciam
2953 2689 3088 2742 illius
3126 2690 3354 2760 spiracu-

1809 2766 1916 2816 lum
1942 2768 2075 2833 vitm,
2109 2769 2288 2836 utique
2314 2771 2573 2828 infusione
2598 2773 2823 2841 Spiritus
2839 2780 3026 2842 sancti,
3059 2781 3144 2846 qui
3167 2794 3324 2844 Opera
3342 2806 3356 2819 -

1811 2864 1895 2910 tus
1940 2866 2019 2911 est
2069 2857 2330 2916 hominem
2380 2861 2664 2918 Christum.
2703 2865 2764 2917 Et
2808 2867 2972 2935 factus
3008 2877 3078 2921 est
3106 2869 3253 2922 Iconio
3298 2869 3351 2922 in

1809 2948 2029 3000 animum
2065 2949 2322 3014 viventem,
2355 2960 2411 3006 ut
2449 2953 2535 3020 qui
2576 2955 2836 3023 perfectus
2866 2970 2974 3010 erat
3003 2957 3160 3022 Deus,
3191 2959 3354 3026 perfe-

1809 3053 1927 3097 ctus
1953 3043 2254 3097 crederetur
2280 3052 2329 3098 et
2358 3043 2532 3100 homo.
2577 3047 2676 3100 Alii
2719 3063 2843 3102 vero
2872 3050 3134 3117 inquirunt
3161 3052 3227 3105 de
3254 3069 3354 3121 qua

145 3140 232 3191 bet
255 3139 414 3191 homo
441 3137 718 3208 quamdam
748 3138 1113 3206 proprietatem
1139 3179 1154 3203 ,
1198 3137 1334 3206 quod
1363 3137 1559 3194 directa
1590 3145 1701 3193 sta-
1732 3174 1777 3238 C
1811 3144 1947 3238 terra
1976 3136 2141 3190 Adam
2173 3137 2423 3191 formatus
2441 3139 2529 3204 sit,
2560 3141 2600 3192 si
2625 3139 2792 3194 fuerat
2822 3140 3086 3231 paradisus
3114 3145 3358 3210 specialis

146 3240 263 3285 tura
295 3231 383 3295 sit,
415 3241 468 3283 ut
516 3233 615 3284 hoc
639 3233 1004 3284 a-lmoneretnr
1037 3246 1138 3284 non
1180 3231 1279 3285 sibi
1330 3241 1535 3288 terrena
1581 3248 1699 3290 esse

143 3319 416 3385 sectanda,
446 3319 583 3373 Velut
611 3321 904 3388 pecoribus.
935 3319 1036 3375 Sed
1065 3321 1328 3390 quomodo
1372 3324 1510 3378 enim
1551 3321 1696 3390 fecit,

145 3421 323 3463 ulrttm
355 3420 569 3478 repente
599 3412 648 3464 in
678 3420 828 3465 atate
861 3411 1082 3479 perfecta
1110 3452 1124 3475 ,
1177 3412 1274 3467 hoc
1324 3424 1405 3467 est
1429 3415 1586 3481 virili,
1632 3430 1696 3469 an

141 3501 278 3556 sicut
309 3517 476 3568 usque
519 3519 653 3557 nunc
701 3503 890 3556 format
915 3504 965 3556 in
1005 3505 1167 3558 uteris
1207 3505 1466 3557 matrum?
1492 3504 1549 3560 Si
1587 3520 1700 3559 om-

140 3594 286 3646 nium
323 3594 611 3663 futurorum
657 3608 829 3646 causa:
867 3593 1023 3646 modo
1050 3603 1171 3647 sunt
1218 3593 1696 3662 ittsitze.'quomodo

139 3685 344 3736 creavit
373 3685 508 3734 Deus
536 3683 709 3734 omnia
757 3682 945 3735 simul?
973 3682 1086 3736 Non
1116 3683 1269 3736 aliter
1312 3684 1477 3736 Adam
1529 3683 1697 3738 factus

139 3783 240 3834 εει,
270 3787 392 3826 cum
423 3772 488 3826 de
519 3771 642 3825 limo
671 3780 823 3824 terra:
851 3770 1104 3827 formatus
1131 3782 1241 3834 est,
1286 3773 1423 3826 sicut
1446 3772 1554 3841 jam
1584 3789 1698 3828 ere-

139 3865 317 3916 dibilis
360 3873 479 3928 est,
532 3860 628 3915 nisi
666 3862 911 3929 perfecta
959 3865 1126 3917 :etatis
1169 3873 1221 3917 et
1257 3854 1534 3928 virilitatis,
1581 3881 1698 3934 quae.

139 3966 253 4008 erat
283 3957 338 4008 in
369 3953 475 4009 illis
501 3955 692 4014 causis,
726 3954 809 4007 ubi
838 3955 971 4010 Deus
1001 3955 1265 4011 hominem
1293 3956 1343 4010 in
1374 3973 1463 4012 sex
1492 3957 1695 4013 dierum

136 4047 392 4111 Operibus
424 4045 562 4100 fecit.
593 4045 738 4100 Solet
759 4044 911 4114 igitur
939 4048 1102 4116 quzeri
1133 4057 1304 4102 utrum
1329 4048 1552 4104 animale
1581 4064 1702 4104 cor—

138 4152 235 4205 pus
269 4138 415 4200 prius
446 4137 638 4189 homini
665 4136 941 4190 formatum
963 4148 1096 4192 este
1124 4138 1247 4191 limo
1269 4148 1444 4203 teme,
1474 4155 1590 4207 quae
1613 4138 1697 4192 vel

136 4226 274 4290 quod
311 4226 564 4279 habemus
594 4241 765 4289 nunc;
803 4222 1147 4293 an'spiritale,
1179 4228 1331 4294 quale
1365 4237 1696 4295 resurgentes

137 4313 490 4369 habebimus?
516 4316 624 4368 Non
654 4316 872 4368 obscura
904 4325 986 4368 est
1010 4316 1076 4369 de
1104 4315 1201 4369 hac
1230 4333 1285 4369 re
1315 4316 1548 4382 Apostoli
1571 4330 1696 4370 sen-

137 4407 324 4468 tentia,
354 4403 611 4458 dicentis:
648 4402 764 4455 Nou
792 4404 930 4472 prius
954 4403 1087 4471 quod
1120 4404 1406 4470 spirituale,
1450 4407 1536 4457 sed
1563 4405 1698 4473 quod

1810 3227 1987 3295 utique
2015 3228 2079 3282 de
2107 3229 2390 3294 communi,
2432 3231 2569 3299 quod
2612 3225 3132 3299 deumnstratur,‘uhi
3176 3235 3303 3289 dicit
3335 3253 3352 3289 :

1804 3317 1962 3372 Terra
1990 3336 2062 3384 es,
2094 3329 2143 3373 et
2171 3320 2220 3372 in
2248 3331 2432 3374 terram
2460 3321 2571 3374 ibis.
2604 3322 2665 3373 Et
2689 3322 2738 3374 in
2771 3322 2954 3376 faciem
2987 3323 3124 3384 illius
3156 3324 3350 3378 idcirco

1804 3408 2061 3476 inspirare
2102 3409 2378 3466 Dominum
2410 3410 2607 3473 dicunt,
2651 3409 2768 3473 quia
2820 3425 2938 3476 pars
2984 3409 3227 3476 Spit-italis
3268 3423 3354 3466 est

1800 3501 2039 3566 corporis
2067 3508 2244 3564 caput,
2269 3498 2408 3566 quod
2457 3497 2508 3550 in
2561 3483 2854 3552 horninibus
2901 3500 3068 3566 primo
3096 3503 3345 3570 nascitur,

1799 3599 1852 3643 et
1880 3589 2189 3656 principales
2212 3590 2365 3642 habet
2388 3603 2572 3642 sensus
2598 3605 2687 3654 per
2716 3590 2999 3644 dLvisiones
3030 3592 3080 3645 in
3106 3598 3347 3649 cerebro.

1797 3679 1958 3744 Cujus
1991 3678 2153 3745 prima
2188 3694 2325 3746 pars,
2357 3680 2546 3743 visum,
2576 3680 2830 3747 auditum,
2873 3693 3110 3749 gustum,
3159 3684 3349 3737 ndnra‘

1800 3777 2011 3835 tumque
2063 3769 2249 3832 habet;
2310 3771 2535 3824 secunda
2585 3786 2707 3824 vero
2764 3772 3113 3836 intellecmtn;
3173 3776 3346 3840 tertia,

1799 3871 2015 3927 tactum,
2062 3863 2146 3930 qui
2189 3877 2279 3930 per
2325 3877 2482 3916 omne
2527 3878 2717 3931 corpus
2759 3862 3057 3918 eﬂ'uuditur.
3090 3865 3148 3918 ili
3189 3868 3345 3919 etiam

1798 3953 2007 4017 dicunt,
2068 3954 2339 4007 Faciamus
2383 3967 2544 4022 usque
2598 3964 2856 4022 nostram,
2887 3955 2954 4010 ad
2985 3957 3345 4010 formationem

1800 4045 1985 4097 anitnre
2010 4044 2172 4097 Adam
2199 4044 2493 4110 pertinere;
2528 4042 2590 4096 ad
2623 4044 2982 4097 formationem
3007 4060 3130 4098 vero
3154 4059 3344 4111 corpo-

1799 4149 1933 4195 rum,
1977 4133 2112 4200 quod
2142 4133 2348 4194 dicitur,
2377 4131 2663 4184 Masculum
2702 4143 2747 4185 et
2795 4134 3029 4202 feminam
3068 4136 3184 4199 fecit
3208 4135 3349 4191 illos.

1799 4223 1946 4285 Quod
1987 4235 2114 4275 vero
2140 4221 2331 4275 dicitur
2359 4221 2462 4286 hic,
2498 4223 2753 4289 formavit,
2785 4223 2848 4274 ad
2897 4224 3054 4290 ipsius
3082 4223 3347 4278 formatio--

1800 4327 1917 4366 nem
1950 4312 1998 4364 in
2032 4312 2263 4365 membra
2292 4312 2588 4380 pertinere;
2617 4313 2821 4378 spiravit
2850 4328 2994 4376 vero,
3025 4315 3089 4368 ad
3121 4315 3344 4368 animam

1799 4401 2168 4456 indubitanter.
2200 4405 2400 4470 Corpus
2430 4418 2556 4456 vero
2603 4402 2692 4456 filii
2726 4419 2753 4455 a
2782 4419 3003 4472 corpore
3050 4406 3211 4472 patris
3242 4413 3348 4457 tra-

133 4498 382 4554 animale.
413 4493 592 4547 deinde
613 4495 747 4562 quod
771 4494 1052 4563 spirituate.
1085 4493 1175 4546 llic
1201 4495 1427 4547 occurrit
1457 4495 1692 4562 quaestio.
1727 4519 1776 4579 ο
1805 4493 1879 4546 ltit
1901 4493 2275 4556 corpulentiam
2303 4504 2356 4548 et
2381 4494 2485 4548 vim
2529 4496 2806 4561 occultam,
2840 4497 2938 4550 hoc
2983 4507 3064 4550 est
3110 4498 3303 4566 peccati
3328 4541 3344 4563 ,

136 4585 416 4649 Quomodo
446 4599 780 4648 renovamur,
810 4587 853 4639 si
883 4586 947 4637 ad
977 4586 1074 4638 hoc
1102 4586 1151 4637 itt
1181 4585 1388 4640 Christo
1415 4602 1518 4639 non
1547 4600 1700 4639 reno-

133 4690 346 4737 vantur,
375 4673 509 4742 quod
536 4675 677 4740 prius
697 4674 747 4727 in
778 4674 942 4727 Adam
971 4677 1216 4727 eramus?
1248 4675 1396 4730 Unde
1428 4691 1557 4744 ergo
1580 4691 1701 4744 pro-

137 4767 309 4820 fertur
343 4766 450 4820 filio
480 4763 720 4824 redeunti
750 4766 879 4817 stola
912 4765 1100 4832 prima,
1128 4766 1171 4818 si
1201 4781 1302 4819 nott
1333 4765 1697 4820 immortalita-

137 4868 242 4910 tem
275 4858 486 4924 recipit,
523 4871 676 4923 quam
699 4856 928 4922 perdidit
963 4857 1014 4908 in
1065 4856 1264 4909 Adam?
1307 4856 1360 4911 Si
1391 4866 1564 4910 autem
1595 4873 1697 4910 non

138 4953 416 5013 peccasset
461 4945 654 5010 Adam,
684 4959 778 5001 nec
823 4959 1043 5012 corpore
1074 4957 1386 4998 moreretur.
1427 4944 1700 5010 Quomodo

136 5051 264 5104 ergo
298 5052 402 5087 non
435 5035 761 5100 immortale,
793 5035 835 5089 si
866 5035 1090 5089 animale
1140 5037 1472 5088 renovabitur
1497 5051 1525 5088 a
1553 5045 1699 5089 vetu-

137 5138 277 5182 state
319 5129 553 5191 peccati?
584 5127 695 5181 Non
740 5129 789 5181 in
821 5128 1094 5195 pristinum
1140 5141 1330 5194 corpus
1370 5128 1610 5190 animale,
1647 5129 1696 5181 itt

138 5239 244 5291 quo
278 5222 376 5274 fuit
403 5220 592 5282 Adam,
620 5220 712 5273 sed
743 5222 791 5273 in
822 5234 1013 5287 corpus
1040 5220 1330 5287 spirituale,
1360 5234 1476 5272 cum
1505 5220 1698 5275 erimus

137 5314 374 5380 aequales
399 5313 616 5380 angelis.
659 5312 1045 5365 Reuovabintur
1070 5321 1242 5366 autem
1284 5312 1466 5379 spiritu
1509 5312 1699 5368 mentis

140 5414 359 5464 ttostne,
389 5401 674 5453 secundum
719 5402 992 5470 imaginem
1042 5401 1180 5453 illius
1223 5402 1308 5467 qui
1345 5402 1541 5455 creavit
1578 5417 1696 5467 nos,

139 5509 297 5559 quam
332 5491 599 5558 peccando
627 5491 789 5544 Adam
820 5493 1065 5559 perdidit.
1107 5493 1493 5546 llenmahimnr
1521 5505 1695 5550 autem

139 5589 296 5636 etiam
322 5597 500 5645 carne,
519 5596 633 5635 cum
663 5584 996 5650 comtptibile
1015 5586 1112 5638 hoc
1137 5583 1361 5638 induerit
1387 5586 1698 5656 incorrupti-

142 5673 491 5736 bilitatem,ut
510 5673 575 5726 sit
591 5672 856 5739 spirituale
877 5688 1084 5742 corpus.
1103 5677 1154 5727 in
1179 5676 1313 5743 quod
1339 5675 1569 5729 nondum
1591 5694 1696 5730 utu-

144 5772 334 5828 tamor,
368 5765 455 5816 sed
484 5772 713 5817 mutatus
743 5761 924 5818 fuisset
966 5765 1151 5832 Adam,
1182 5765 1279 5820 nisi
1325 5775 1548 5821 mortem
1579 5782 1696 5825 cor-

1801 4585 1866 4638 ab
1887 4585 2058 4636 anima
2089 4598 2213 4638 vero
2243 4583 2684 4637 immortalitatem
2715 4595 2770 4638 et
2797 4587 3143 4653 prudentiam.

1879 4674 2198 4729 Plantaverat
2233 4683 2398 4728 autem
2427 4672 2676 4726 Dominus
2717 4673 2850 4728 Deus
2890 4679 3177 4742 paradisum
3208 4679 3348 4731 uolu-

1801 4768 1971 4834 ptatis,
1994 4768 2121 4820 sicut
2148 4783 2178 4817 ιι
2206 4764 2471 4835 principio,
2495 4775 2548 4818 et
2567 4764 2790 4832 reliqua,
2812 4779 2976 4832 usque
3004 4767 3067 4818 ad
3101 4767 3243 4820 illunt
3271 4768 3349 4821 lo-

1798 4872 1916 4911 cum
1947 4858 2032 4911 ubi
2065 4858 2155 4923 ait,
2186 4855 2252 4910 In
2279 4871 2568 4925 quocunque
2597 4857 2678 4908 die
2698 4855 2970 4908 catnedetﬁs
2995 4873 3057 4910 ea:
3080 4872 3158 4925 eo,
3188 4871 3348 4913 morte

1799 4950 2047 5002 morieris.
2074 4947 2184 5002 Non
2213 4947 2393 5016 ignoro
2416 4945 2482 4998 de
2509 4943 2750 5013 paradiso
2774 4946 2965 4999 multos
2995 4947 3154 5000 multa
3184 4947 3348 5000 dixis-

1799 5055 1876 5094 se.
1908 5040 2006 5093 Alii
2030 5040 2168 5094 enim
2200 5037 2491 5105 paradisum
2534 5034 2876 5100 corporaliter
2919 5045 3114 5089 tantum
3155 5037 3344 5089 intelli-

1797 5141 1946 5212 gunt,
1979 5131 2065 5184 alii
2096 5129 2453 5198 spiritualiter,
2487 5127 2573 5181 alii
2602 5142 2729 5182 vero
2760 5141 2976 5194 utroque
3005 5127 3179 5182 modo.
3207 5126 3343 5178 Con-

1798 5235 2024 5290 sequens
2072 5228 2246 5274 autem
2291 5229 2372 5274 est
2400 5227 2457 5273 ut
2499 5219 2657 5273 homo
2701 5219 2752 5271 in
2802 5217 3340 5284 paradiso-corpora'i

1805 5311 2122 5378 intelligatur
2164 5309 2473 5372 collocatus,
2523 5317 2575 5363 et
2627 5309 2893 5376 paradisus
2942 5307 3083 5358 locus
3131 5306 3343 5370 quidam

1798 5403 2138 5470 intelligatur,
2172 5408 2310 5454 terra
2339 5401 2542 5468 scilicet
2566 5399 2651 5451 ubi
2683 5399 2936 5450 habitaret
2978 5397 3154 5461 homo,
3183 5406 3345 5450 terre-

1797 5510 1894 5548 nus
1920 5494 2061 5547 locus
2085 5492 2472 5546 amoenissimus
2492 5531 2508 5556 ,
2537 5489 2815 5543 fructuosis
2857 5488 3152 5551 nemoribus
3184 5503 3343 5543 occu-

1799 5594 1970 5651 palus,
2010 5583 2248 5650 idemque
2291 5597 2529 5649 magnus,
2564 5590 2617 5635 et
2663 5594 2850 5648 magno
2897 5579 3042 5634 fonte
3070 5579 3342 5634 fecundus.

1799 5677 2127 5729 Plautaverat
2150 5690 2272 5742 ergo
2299 5674 2548 5727 Dominus
2577 5673 2873 5741 paradisum
2903 5671 2954 5725 in
2992 5672 3212 5734 deliciis,
3243 5673 3340 5724 hoc

1797 5769 1950 5826 estin
1975 5767 2138 5823 Eden.
2169 5765 2315 5834 Quod
2334 5774 2503 5821 autem
2534 5766 2790 5836 sequitur,
2822 5763 3070 5817 Prnduxit
3103 5763 3161 5815 de
3191 5761 3342 5815 humo
