3872 6262
505 438 607 489 907

994 437 1190 491 manu;
1235 436 1679 495 VENERABILIS
1717 437 1997 496 OPERUM
2037 439 2211 499 rans
2253 413 2330 496 ll.
2357 470 2427 482 —
2465 437 2856 497 EXEGE‘I‘ICA
2887 440 3209 497 concisa.

3585 441 3702 495 ξοδ

506 563 652 622 omne
678 551 887 618 tignum,
910 558 967 603 et
990 548 1208 618 ﬁliqua,
1238 549 1508 605 sciendum
1533 559 1615 606 est
1639 549 1777 620 quod
1805 565 1923 605 cum
1954 551 2043 604 iis-
2070 577 2117 633 Α
2142 551 2322 608 dicunt
2342 566 2496 622 posse
2520 552 2734 620 intelligi
2777 551 2914 621 quod
2943 563 3215 621 anteqan
3245 550 3444 605 ctelum
3491 561 3549 605 et
3591 565 3701 604 ter-

506 644 625 694 tlem
651 642 924 709 generibus
961 650 1086 695 sunt
1127 641 1211 694 illa
1241 642 1375 709 ligna
1413 641 1644 696 instituta
1687 644 1737 696 in
1779 643 2038 710 paradiso.

504 743 622 795 qnte
667 728 773 796 jam
803 738 956 782 terra
1004 730 1156 782 tertia
1208 728 1294 782 die
1341 730 1582 796 produxit
1621 733 1936 794 causaliter,
1986 738 2044 784 ut

503 820 659 872 etiam
689 832 826 872 nunc
855 833 946 886 per
971 819 1274 884 temporalia
1304 818 1426 872 talia
1475 827 1612 873 terra
1640 819 1835 889 gignat.
1869 819 2039 875 Verba

504 917 677 960 autem
695 905 798 960 Dei
822 907 908 961 die
933 914 1083 959 sexto
1107 906 1347 972 dicentis,
1379 921 1481 960 non
1509 908 1729 962 sonabili
1761 923 1890 962 voce
1916 923 2041 977 pro-

506 996 607 1047 lata
634 1003 778 1059 sunt,
824 992 916 1047 sed
956 994 1092 1047 sicut
1118 995 1169 1046 in
1198 995 1357 1048 verbo
1397 994 1513 1061 ejus
1537 994 1750 1049 creandi
1787 994 2039 1064 potentia.

509 1085 638 1140 uicit
662 1094 835 1138 autem
859 1084 1174 1149 hominibus,
1202 1085 1340 1152 quod
1364 1086 1878 1154 sine'temporalibus
1899 1085 2044 1140 sonis

508 1178 643 1233 Deus
685 1177 896 1243 dixerit,
945 1177 1150 1231 nonnisi
1182 1192 1274 1246 per
1290 1168 1809 1246 temporalessones
1841 1179 2039 1247 potuit.

502 1267 755 1323 Futurum
776 1268 916 1323 enim
937 1275 1054 1322 erat
1064 1275 1122 1321 ut
1140 1267 1299 1322 homo
1313 1267 1508 1321 iisdem
1529 1276 1762 1322 uteretur
1779 1268 1830 1320 in
1845 1281 2036 1321 escam.

500 1359 648 1424 Quod
676 1365 848 1411 autem
869 1357 1124 1424 sequitur,
1150 1354 1348 1424 tignum
1368 1354 1518 1407 etiam
1541 1356 1654 1408 vitae
1687 1355 1742 1407 in
1763 1355 1927 1407 medio
1951 1369 2044 1420 pe-

498 1447 676 1511 radisi,
719 1445 1006 1514 lignumque
1033 1443 1261 1496 scicntia
1285 1442 1401 1495 boni
1425 1451 1472 1496 et
1505 1442 1657 1505 tituli,
1702 1440 2039 1496 consideran-

500 1539 621 1591 tium
649 1545 729 1591 est
754 1535 1085 1602 diligentius;
1116 1533 1335 1588 fortasse
1358 1534 1498 1588 enim
1528 1541 1679 1601 cogat
1705 1546 1803 1586 nos
1829 1531 1884 1586 in
1916 1531 2041 1585 allec

497 1629 695 1696 goriam
722 1609 1020 1691 declinare,
1051 1633 1107 1677 ut
1137 1638 1255 1676 'non
1285 1622 1423 1692 ligna
1459 1623 1584 1681 sint.
1613 1621 1706 1676 sed
1747 1621 1887 1676 aliud
1917 1621 2042 1688 ligni

499 1715 709 1772 nomine
732 1714 1040 1783 significent.
1080 1713 1186 1768 Sed
1223 1727 1340 1766 cum
1369 1712 1438 1766 sit
1477 1710 1813 1766 Hierusalem
1843 1719 2040 1765 uterus

495 1807 549 1860 in
577 1805 745 1868 cmiis,
772 1813 826 1859 ct
851 1805 952 1857 alia
992 1802 1314 1857 Hierusalem
1358 1801 1412 1856 in
1464 1810 1601 1855 terra
1629 1810 1730 1864 est,
1756 1815 1882 1870 ergo
1908 1809 1962 1854 et
1981 1801 2042 1853 li-

2143 656 2253 695 ram
2285 641 2505 706 faceret,
2531 639 2828 709 paradisum
2849 640 3128 707 voluptatis
3153 639 3434 704 plautaret,
3467 637 3613 707 quod
3648 640 3700 691 in

2142 727 2231 781 illo
2255 739 2395 782 esset
2437 729 2678 782 voluntas
2703 727 2813 780 Dei.
2859 727 3008 792 Quod
3038 737 3210 780 autem
3236 727 3384 791 dicit,
3416 725 3703 778 Pateor-ut

2140 816 2346 878 οὐκ,ιὰ
2365 816 2592 869 animam
2623 817 2881 884 pertinet;
2913 818 3118 884 corpori
3143 831 3287 881 vero,
3316 824 3371 868 et
3393 820 3462 869 ad
3487 829 3705 869 vescen-

2140 906 2264 959 dum
2293 921 2471 961 suave.
2519 907 2616 961 Per
2661 907 2872 959 ﬂuvium
2920 921 3068 971 vero,
3099 906 3468 974 migrationem
3506 908 3583 961 de
3611 921 3700 974 pa-

2143 999 2319 1054 radiso
2352 999 2636 1069 signiﬁcari
2679 999 2884 1062 dicunt,
2929 1000 3066 1066 quod
3112 1000 3216 1068 mig
3237 1011 3387 1053 asset
3433 1000 3608 1054 Adam
3651 1000 3699 1050 in

2140 1105 2475 1146 communem
2505 1099 2720 1142 terram.
2741 1089 2842 1143 Per
2867 1089 3103 1152 ﬂuvium,
3129 1091 3300 1142 unitas
3327 1089 3573 1144 Deiuttis.
3606 1087 3702 1142 Per

2139 1163 2364 1248 quatuor
2392 1170 2844 1247 capita,quatnor
2871 1179 3170 1245 Evangelia,
3201 1180 3254 1231 in
3282 1176 3473 1246 quibus
3517 1191 3701 1231 narra-

2143 1275 2228 1320 tur
2273 1267 2565 1336 Euphrates
2616 1268 2969 1322 historialiter.
3001 1267 3198 1322 idcirco
3241 1283 3346 1320 non
3395 1269 3702 1335 assignatur

2139 1359 2351 1413 cuilibet
2385 1360 2580 1427 regioni
2607 1357 2923 1426 specialiter,
2954 1360 3072 1426 quia
3107 1357 3340 1411 Hebreis
3367 1358 3700 1424 propinquus

2139 1458 2241 1511 est,
2263 1463 2358 1516 per
2376 1462 2528 1516 quem
2554 1447 2872 1514 signiﬁcatur
2918 1446 3253 1515 Evangeliutn
3295 1445 3552 1509 Joannis,
3583 1459 3701 1511 per-

2141 1539 2274 1593 tinet
2303 1539 2368 1592 ad
2400 1539 2675 1601 theoriam,
2702 1539 2768 1591 ad
2807 1553 2961 1606 quam
2993 1537 3222 1592 Ecclesia
3257 1537 3555 1605 propinqua
3600 1545 3697 1589 est.

2144 1627 2255 1681 Alia
2284 1636 2457 1680 autem
2499 1627 2778 1695 Evangelia
2808 1640 2930 1680 suas
2958 1627 3153 1680 habent
3199 1626 3574 1693 proprietates.
3606 1625 3702 1678 Per

2143 1714 2338 1782 lignum
2370 1715 2512 1778 vita,
2558 1714 2794 1768 doctrina
2839 1716 3087 1781 spiritalis
3130 1721 3304 1782 potest
3349 1713 3602 1782 intelligi.
3637 1713 3699 1766 is

2147 1805 2416 1872 paradiso.
2446 1806 2497 1859 id
2524 1815 2604 1860 est
2623 1806 2673 1859 in
2688 1804 2940 1860 Ecclesia.
2961 1806 3060 1860 Per
3092 1805 3330 1869 ﬂuvium,
3359 1805 3699 1871 baptismum.

501 1911 659 1964 gnum
689 1896 827 1959 vita,
856 1893 908 1947 in
935 1907 1038 1962 quo
1065 1903 1179 1947 erat
1215 1899 1622 1956 sacramentum,
1666 1899 1722 1944 et
1757 1891 1810 1944 in
1833 1891 2043 1944 exteris
2078 1890 2119 1946 Β
2149 1894 2247 1948 l‘er
2272 1903 2496 1963 quatuor
2519 1897 2709 1963 capita,
2735 1907 2961 1964 quatuor
2983 1895 3218 1960 virtutes,
3249 1906 3305 1949 ut
3335 1897 3697 1964 praediximus.

496 1985 650 2054 lignis
693 1983 1019 2039 alimentum.
1063 1981 1459 2037 Sacramentum
1489 1989 1662 2034 autem
1706 1978 1831 2047 quid
1877 1977 2045 2044 aliud,

496 2073 602 2129 nisi
641 2072 931 2141 sapientia?
970 2070 1037 2126 de
1065 2085 1168 2139 qua
1195 2070 1426 2124 dicitur:
1458 2069 1675 2139 Lignea:
1697 2068 1810 2123 vita
1843 2078 2050 2122 estnot-

495 2161 817 2224 plcctentibus
857 2158 1018 2212 illam.
1064 2158 1282 2227 Lignum
1330 2159 1488 2212 etiam
1533 2157 1766 2212 scientia:
1809 2157 1933 2210 boni
1989 2165 2049 2210 et

495 2249 638 2313 ntali,
667 2263 771 2302 non
800 2257 882 2302 est
907 2246 1248 2298 dubitandum
1279 2245 1416 2315 quod
1462 2253 1607 2299 esset
1647 2245 1843 2314 lignum
1871 2243 2048 2297 visibi-

500 2344 568 2404 le,
591 2340 768 2408 inquo
789 2337 968 2406 utique
995 2351 1097 2390 non
1124 2337 1362 2404 suspicor
1389 2335 1582 2403 aliquid
1606 2336 1817 2389 noxium
1846 2336 2041 2389 inesse.

493 2447 613 2487 cum
642 2430 824 2486 fecerit
849 2429 987 2499 Deus
1025 2428 1200 2482 omnia
1229 2428 1362 2482 bona
1385 2427 1568 2490 valde;
1613 2424 1706 2479 sed
1747 2424 1940 2478 malum
1963 2432 2048 2478 est

494 2521 692 2576 homini
719 2520 1132 2588 transgressione
1161 2514 1432 2585 praecepti.
1471 2515 1762 2582 Oportebat
1783 2523 1956 2566 autem
1989 2523 2045 2566 ut

493 2610 653 2663 homo
678 2606 879 2676 positus
905 2606 1003 2657 sub
1046 2603 1155 2656 Deo
1180 2602 1416 2656 alicunde
1443 2601 1826 2670 prohiberetur,
1861 2609 1922 2653 ut
1969 2600 2042 2655 illi

497 2694 828 2765 promerendi
850 2694 1123 2748 Dominum
1151 2707 1303 2746 suum
1331 2694 1495 2746 virtus
1533 2692 1751 2745 essetin
1780 2691 1888 2759 ipsa
1915 2691 2043 2744 ohe-

497 2789 714 2842 tlicntia.
741 2786 974 2853 Quatuor
993 2795 1166 2839 autem
1194 2783 1403 2838 ﬂumina
1431 2784 1656 2852 paradisi
1678 2797 1742 2836 es
1769 2797 1871 2835 uno
1899 2783 2043 2836 fonte

497 2876 849 2944 procedentia,
894 2888 959 2926 ex
1001 2872 1102 2925 hoc
1149 2873 1461 2939 colligimus,
1511 2872 1782 2925 notissima
1811 2875 1937 2935 sint,
1986 2883 2042 2926 et

2146 1981 2315 2036 Aliter
2339 1985 2608 2052 paradisus
2637 1986 2892 2051 signiﬁcat
2919 1991 3149 2054 corpus;
3180 1985 3378 2054 lignum
3409 1988 3555 2049 vita,
3589 1999 3700 2039 seu.

2143 2085 2258 2125 sum
2289 2073 2604 2139 prudentia;
2635 2084 2684 2128 et
2711 2075 2896 2128 ﬂuvius
2933 2075 3254 2138 doctrinam,
3282 2090 3403 2143 qua
3425 2077 3622 2128 dicitur
3649 2077 3696 2127 in

2145 2159 2403 2214 hominem
2429 2172 2656 2227 quatuor
2679 2171 3004 2216 constantem
3029 2205 3045 2228 ,
3092 2164 3238 2230 quasi
3263 2175 3491 2230 quatuor
3529 2165 3585 2215 in
3612 2180 3698 2216 ca-

2143 2250 2269 2316 pita,
2295 2251 2346 2303 id
2372 2261 2472 2314 est,
2501 2253 2688 2319 frigido
2716 2262 2768 2304 et
2795 2251 2979 2314 calido,
3011 2252 3228 2304 ltumidu
3269 2260 3326 2304 et
3352 2252 3525 2305 arido.
3549 2252 3696 2319 Quod

2141 2350 2315 2391 autem
2361 2337 2574 2402 dicitur,
2630 2337 2699 2393 Ut
2749 2350 3037 2408 operaretur
3087 2349 3290 2404 terrain,
3331 2352 3378 2392 et
3425 2343 3697 2394 custom

2141 2429 2302 2491 illam,
2335 2443 2438 2482 non
2464 2430 2645 2483 servili
2688 2429 2901 2493 labore,
2928 2433 3018 2484 sed
3059 2430 3273 2484 honesta
3315 2431 3482 2484 animi
3506 2433 3696 2486 volen-

2141 2525 2267 2569 tate.
2285 2516 2564 2570 Possumus
2583 2527 2755 2571 autem
2773 2518 3075 2586 intelligere,
3099 2528 3152 2570 ttt
3173 2528 3693 2586 operareturth

2141 2609 2457 2674 paradisum,
2489 2617 2542 2660 et
2567 2609 2852 2664 custodiret
2895 2610 3252 2677 semetipsum.
3287 2609 3562 2664 Custodiri
3593 2625 3695 2664 non

2140 2698 2393 2751 adversus
2437 2700 2701 2766 improbos
2747 2699 3013 2763 homines,
3063 2701 3182 2769 quia
3214 2699 3339 2753 nulli
3391 2710 3573 2762 erant,
3605 2702 3694 2754 sed

2137 2787 2363 2841 fortasse
2392 2788 2640 2841 adversus
2671 2790 2882 2842 bestius.
2911 2789 3013 2844 Sed
3044 2789 3309 2858 quomodo
3347 2791 3527 2843 istud?
3556 2788 3696 2842 Nun-

2136 2877 2259 2944 quid
2293 2877 2472 2931 bestite
2512 2879 2562 2932 itt
2607 2879 2868 2932 hominem
2915 2888 3036 2933 tunc
3077 2879 3390 2939 scviebant.
3421 2883 3566 2946 quod
3600 2879 3693 2932 nisi

498 2958 754 3021 universis
775 2964 886 3020 fere
907 2962 1150 3033 gentibus
1171 2962 1457 3016 diﬂamata.
1478 2961 1913 3032 Credeodumque
1932 2971 2039 3028 est,
2127 2967 2400 3034 peccando
2444 2983 2548 3021 non
2579 2967 2746 3021 ﬂeret.
2780 2969 2870 3021 Est
2907 2976 2961 3021 et
2995 2969 3207 3022 aliusin
3257 2969 3326 3022 iis
3342 2969 3533 3023 verbis
3573 2981 3693 3020 seo-

494 3073 560 3110 οι
589 3057 677 3110 illo
707 3057 821 3109 loco
867 3052 1090 3123 paradisi
1129 3053 1393 3121 agnitione
1434 3051 1703 3106 hominum
1746 3051 2038 3106 remotissi-

497 3161 604 3208 mo,
633 3154 856 3214 quatuor
883 3143 994 3195 hac
1014 3141 1223 3195 ﬂumina
1243 3155 1545 3211 emergere;
1568 3140 1706 3194 sicut
1734 3140 2036 3195 ﬁdelissima

2136 3069 2249 3120 sus,
2280 3063 2339 3107 ut
2363 3057 2531 3124 ipsum
2561 3057 2823 3109 hominem
2851 3065 3161 3125 operaretur
3186 3056 3351 3120 Deus,
3371 3065 3434 3110 et
3464 3058 3694 3111 custodi-

2137 3152 2246 3205 ret;
2268 3141 2405 3201 sicut
2422 3146 2560 3198 enim
2581 3145 2737 3198 homo
2760 3154 3066 3213 operaretur
3088 3153 3301 3208 terram,
3327 3161 3433 3200 non
3464 3155 3521 3199 ut
3550 3148 3690 3200 illaut

409 3216 412 3217 ν
498 3246 718 3290 testatur
740 3234 1029 3304 Scriptura,
1060 3247 1175 3302 qua:
1203 3232 1358 3285 etiam
1399 3247 1492 3299 per
1539 3231 1761 3284 multum
1809 3232 2034 3300 spetium
2062 3223 2107 3283 C
2137 3233 2291 3288 faciat
2319 3250 2441 3290 esse
2496 3245 2709 3302 terram,
2740 3237 2832 3291 sed
2862 3247 2918 3289 ut
2937 3238 3131 3290 cultam
3161 3247 3217 3290 et
3244 3236 3592 3302 fruetuosun,
3614 3238 3694 3292 sic

498 3333 596 3394 ire,
627 3337 682 3381 et
709 3338 825 3397 post
852 3334 1044 3379 tractus
1069 3325 1336 3391 regionum
1382 3321 1735 3392 proximarum
1761 3318 1881 3373 aliis
1908 3318 2036 3372 locis

491 3419 748 3488 erupisse,
770 3417 854 3470 ubi
877 3426 1115 3486 tanquam
1143 3415 1198 3468 in
1226 3416 1336 3468 suis
1364 3413 1592 3467 tantibus
1632 3413 1741 3466 noti
1775 3425 1894 3466 esse
1919 3425 2036 3478 per-

494 3506 757 3562 hibentur.
791 3505 913 3560 llaec
955 3514 1128 3559 autem
1156 3511 1376 3571 quatuor
1405 3502 1619 3556 ﬂumina
1660 3508 1886 3570 quatuor
1923 3499 2037 3552 vir-

495 3606 635 3653 tutes
680 3599 999 3668 significant,
1023 3595 1370 3663 prudentiam,
1413 3595 1792 3660 fortitudinem,
1837 3603 2031 3662 tempe-

494 3689 746 3752 rantiam,
791 3685 1068 3751 justitiam.
1103 3684 1376 3738 Prudentia
1407 3685 1518 3752 ipsa
1546 3693 1630 3740 est
1663 3683 2036 3751 contemplatio

494 3777 728 3831 veritatis
770 3777 836 3830 ab
875 3775 1019 3829 omni
1043 3765 1135 3828 ore
1160 3775 1385 3827 humano
1405 3773 1574 3827 aliena
1603 3789 1617 3826 :
1646 3774 1786 3826 sicut
1827 3773 2034 3840 Physun

492 3863 866 3922 uris.mutatio
912 3865 1300 3931 interpretatur,
1345 3876 1503 3930 quam
1544 3862 1763 3931 loquens
1813 3859 2038 3930 parturis

493 3954 660 4022 magis
687 3967 842 4020 quam
868 3953 1024 4020 paris,
1065 3967 1220 4020 quam
1249 3961 1400 4005 sonat
1446 3952 1678 4016 Evilath,
1708 3967 1823 4018 quat
1870 3950 2036 4002 inter-

497 4051 733 4109 pretatttr
761 4041 1071 4119 parturiens.
1102 4040 1268 4095 liabet
1292 4054 1474 4094 aurum
1503 4038 1832 4106 disciplinam
1860 4039 2038 4092 viven-

485 4135 566 4200 di,
589 4149 705 4204 qua:
729 4134 898 4187 aliena
942 4141 1024 4187 est
1067 4133 1134 4187 ab
1167 4132 1318 4187 omni
1355 4132 1532 4198 sorde,
1554 4131 1697 4187 velut
1729 4147 1913 4186 aurum
1938 4147 2034 4199 pu-

491 4244 643 4291 rum;
681 4227 1076 4290 carbunculum,
1127 4226 1419 4292 veritatem,
1447 4240 1604 4294 quam
1647 4226 1786 4279 nulla
1840 4223 2037 4278 falsitas

490 4319 686 4372 vincit:
717 4318 850 4370 sicut
885 4317 1182 4370 carbunculi
1228 4316 1394 4385 fulgor
1440 4325 1594 4371 nocte
1640 4331 1742 4369 non
1773 4316 2033 4378 vincitur;

493 4408 826 4476 prassinum,
874 4404 1030 4456 vitam
1080 4413 1362 4467 aeternam,
1407 4418 1520 4471 quae
1551 4403 1812 4457 viriditate
1853 4403 2037 4470 lapidis

2137 3325 2274 3380 Deus
2296 3328 2558 3381 hominem
2581 3343 2733 3396 quem
2755 3328 2951 3381 creavit
2981 3337 3036 3380 ut
3066 3330 3224 3382 homo
3243 3339 3408 3392 esset,
3442 3340 3693 3398 Operatur

2136 3425 2192 3468 ut
2213 3417 2384 3482 justus
2403 3417 2488 3468 sit.
2522 3417 2816 3484 Aliegorice
2840 3428 3034 3481 autem,
3076 3419 3410 3485 plantaverat
3442 3419 3692 3473 Dominus

2135 3501 2272 3555 Deus
2293 3503 2612 3569 paradisum,
2649 3502 2933 3557 Ecclesium
2956 3504 3155 3572 utique,
3182 3506 3323 3558 sicut
3347 3507 3417 3558 de
3445 3507 3532 3558 illa
3564 3508 3694 3558 dici-

2131 3597 2239 3653 tttr,
2284 3590 2477 3643 Hortus
2522 3592 2784 3643 conclusus
2827 3607 2970 3643 soror
3007 3609 3135 3647 mea.
3183 3593 3226 3645 Α
3262 3595 3548 3662 principio,
3575 3598 3690 3662 quia

2130 3680 2371 3735 Ecclesia
2395 3697 2423 3734 a
2453 3683 2659 3736 Christo
2687 3685 2891 3737 condita
2920 3698 3021 3740 est.
3054 3685 3311 3739 Fluminis
3359 3688 3428 3741 de
3443 3689 3692 3756 paradiso

2133 3770 2372 3824 Christus
2417 3773 2658 3840 irrigans,
2703 3773 2770 3827 de
2815 3790 2919 3842 quo
2967 3776 3156 3828 dicitur
3195 3795 3207 3829 :
3259 3774 3508 3830 Dominus
3565 3777 3691 3828 Dat

2135 3869 2319 3921 noster,
2358 3861 2540 3926 ﬂuuius
2561 3861 2830 3928 gloriosus,
2871 3865 3104 3917 exsiliens
3131 3865 3183 3916 in
3210 3875 3398 3917 terram
3425 3866 3689 3918 sitientem.

2135 3946 2374 4012 Quatuor
2405 3950 2630 4012 paradisi
2675 3950 2911 4015 ﬂumina,
2942 3960 3164 4020 quatuor
3210 3956 3574 4022 evangelista.
3606 3955 3692 4009 Li-

2134 4051 2235 4104 gna
2265 4037 2552 4103 fructifera,
2575 4054 2761 4111 omnes
2790 4043 2955 4094 sancti
2981 4023 3119 4093 sunt:
3147 4042 3368 4110 Lignum
3395 4045 3516 4096 vitae
3541 4042 3692 4098 Chri-

2133 4137 2246 4205 stus
2270 4137 2378 4193 est;
2409 4131 2489 4184 cui
2518 4131 2560 4183 si
2590 4133 2882 4198 porrexerit
2908 4147 3143 4196 manum,
3172 4135 3306 4187 vivit
3333 4135 3381 4187 itt
3411 4144 3690 4190 eternium.

2138 4217 2345 4288 Pitysmt
2379 4219 2750 4289 interpretatur
2795 4235 2856 4275 os
2899 4224 3096 4291 populi,
3138 4223 3250 4276 sive
3292 4224 3404 4277 oris
3451 4226 3690 4278 mutatio.

2135 4308 2404 4376 Ethiopian
2432 4313 2691 4380 significat
2722 4308 2966 4368 tenebras
2992 4315 3102 4369 sive
3125 4315 3427 4382 caliginem.
3463 4315 3692 4378 Evilatb,

2135 4398 2322 4450 dolens
2357 4399 2436 4452 vel
2465 4401 2776 4465 parturiens.
2808 4401 2976 4465 Cson,
3007 4413 3188 4470 pectus
3215 4403 3325 4456 sive
3355 4406 3692 4469 praeputium.

489 4504 704 4566 propter
721 4495 947 4559 vigorem
971 4491 1092 4544 vita:
1128 4490 1466 4558 signiﬁcatur.
1499 4488 1711 4544 Fluvios
1743 4501 1916 4545 autem
1945 4492 2036 4559 qui
2063 4554 2105 4566 __
2138 4485 2384 4556 Assyrios
2405 4488 2687 4557 dirigentes
2717 4492 3210 4557 pOSSllttltlStlittel'e.
3229 4489 3403 4558 Tigris
3424 4494 3590 4546 veloci
3619 4509 3690 4546 as.

486 4554 673 4640 circuit
699 4554 908 4637 onmem
930 4591 1121 4635 terram
1151 4554 1453 4648 titbiopum
1475 4579 1694 4634 calidam
1723 4554 2029 4636 ferventem.
2063 4554 2112 4612 θ
2138 4554 2427 4642 Euphrates
2492 4554 2675 4633 fertilis
2720 4554 3114 4647 interpretatur.
3180 4554 3401 4649 Lign'utn
3455 4585 3694 4638 scienti:

488 4693 611 4743 que,
639 4675 894 4741 significat
934 4671 1288 4726 fortitudinem
1327 4671 1504 4725 calore
1549 4672 1770 4743 actiopis
1801 4673 2029 4726 alacrem

488 4774 643 4830 atque
663 4765 960 4831 impigram.
982 4762 1188 4815 Tertius
1209 4761 1377 4828 Tigris
1397 4761 1539 4813 vadit
1560 4769 1741 4813 contra
1765 4760 2029 4830 Assyrios.

488 4864 544 4908 et
595 4854 852 4920 significat
889 4852 1334 4920 semperantiam,
1395 4865 1513 4916 qu:e
1564 4850 1763 4903 resistit
1809 4849 2030 4904 libidini.

491 4944 643 4998 Unde
665 4944 965 5009 plerumque
995 4943 1046 4994 in
1071 4941 1353 5008 Scripturis
1379 4940 1577 5009 Assyrii
1612 4938 2030 4993 adversariorum

487 5046 606 5088 loco
652 5040 936 5101 potiuntur.
975 5032 1198 5096 Quartus
1241 5047 1342 5084 non
1380 5038 1462 5083 est
1495 5029 1664 5084 diuus
1709 5042 1813 5096 quo
1860 5027 2031 5092 vadat,

487 5133 580 5178 aut
606 5135 759 5190 quam
783 5130 975 5171 terram
996 5120 1300 5171 circumeat.
1329 5119 1533 5174 Iustitia
1563 5119 1702 5173 enim
1732 5117 1797 5171 ad
1828 5118 2033 5172 univer-

491 5228 579 5284 ens
631 5210 820 5265 anima:
851 5214 1023 5275 partes
1070 5207 1312 5273 pertinet.
1360 5208 1554 5261 Dicitur
1599 5217 1777 5260 autem
1824 5205 2031 5275 Pbyson

489 5305 602 5367 ipse
629 5315 748 5354 esse
771 5298 995 5366 Ganges,
1025 5296 1173 5366 Gynn
1204 5305 1378 5348 autem
1425 5297 1587 5349 Nilus.
1629 5297 1800 5364 Tigris
1841 5305 1896 5348 et
1925 5296 2031 5348 Ett-

489 5394 699 5457 phrates
732 5403 868 5440 nunc
906 5387 1090 5439 eadem
1138 5387 1346 5437 nomina
1391 5393 1586 5436 tenent.
1619 5383 1907 5451 Euphrates
1934 5398 2031 5435 au-

491 5493 594 5533 tem
625 5483 812 5531 (invius
843 5477 1242 5541 Mesopotamia.
1295 5474 1462 5542 Tigris
1489 5484 1662 5528 autem
1695 5475 1794 5526 hoc
1822 5475 2031 5525 nomine

492 5579 710 5621 vocatur
763 5577 975 5633 prolater
1039 5565 1362 5618 velocitatem
1420 5567 1582 5617 instar
1638 5565 1820 5617 bestia:
1871 5564 2030 5617 nimia

490 5657 800 5721 pernicitate
828 5654 1184 5705 discurrentis.
1233 5653 1288 5706 In
1313 5670 1378 5706 eo
1405 5655 1543 5722 quod
1574 5655 1785 5716 dicitur,
1816 5653 2028 5706 Planta-

491 5756 620 5799 τινα
657 5745 786 5796 licus
829 5744 1118 5810 paradisum
1160 5742 1417 5809 t’olupratt's
1447 5759 1476 5792 α
1505 5743 1768 5810 principio,
1816 5746 2021 5811 quidam

2128 4668 2257 4721 boni
2297 4683 2350 4720 et
2396 4669 2518 4721 mali
2570 4671 2835 4735 pfOpl'illm
2874 4680 2957 4722 est
2987 4669 3272 4724 voluntatis
3313 4672 3620 4734 arbitriut.
3645 4671 3692 4725 ia

2136 4757 2360 4807 medium
2414 4769 2646 4808 nostrum
2701 4759 2960 4824 positum,
3007 4759 3071 4812 ad
3118 4759 3540 4829 dignoscendutn
3606 4763 3692 4816 bo-

2137 4858 2259 4894 ttuttt
2314 4844 2395 4896 vel
2448 4844 2641 4896 malum
2676 4863 2687 4896 :
2717 4846 2784 4898 de
2813 4862 2916 4914 qtto
2944 4847 2988 4901 si
3017 4849 3135 4914 quis
3182 4849 3362 4901 relicta
3390 4850 3567 4915 gratia
3605 4849 3690 4904 Dei

2132 4935 2438 5001 gustaverit,
2470 4938 2741 4989 morietur.
2775 4936 2914 4989 Tulit
2954 4936 3087 4990 Deus
3115 4937 3391 5002 hominem,
3434 4947 3486 4991 et
3532 4940 3693 5005 pani

2133 5028 2279 5079 illam
2305 5027 2359 5080 in
2386 5029 2645 5095 paradiso.
2685 5027 2979 5096 Assumpsit
3013 5027 3150 5080 Deus
3179 5039 3391 5080 carnem
3410 5064 3429 5090 ,
3451 5037 3506 5081 et
3526 5026 3693 5083 factas

2131 5130 2213 5174 est
2232 5120 2482 5174 Ecclesia:
2511 5130 2685 5187 caput,
2718 5129 2773 5172 at
2797 5128 3086 5189 operaretur
3110 5127 3156 5170 et
3180 5118 3483 5182 custodiret,
3512 5117 3572 5173 id
3591 5126 3690 5186 est,

2134 5210 2402 5263 voluntate
2429 5210 2618 5277 patris,
2651 5218 2708 5262 ut
2743 5225 2806 5262 es
2855 5207 3095 5260 omnibus
3120 5209 3362 5275 gentibus
3390 5207 3692 5264 Beclesiaut

2132 5298 2474 5367 adimpleret,
2501 5299 2648 5366 juxta
2674 5299 2800 5351 illud
2826 5315 2837 5348 :
2872 5296 3011 5362 Quos
3039 5297 3220 5351 dedisti
3248 5297 3395 5360 mihi,
3419 5295 3690 5351 «stetisti

2203 5387 2562 5455 Dixitqttoqtte
2611 5385 2770 5451 Dens,
2825 5384 2941 5437 Non
2982 5397 3054 5438 est
3091 5388 3279 5439 bonum
3306 5402 3418 5440 esse
3443 5385 3696 5439 eoa-her

2131 5474 2315 5539 solum,
2342 5484 2396 5527 et
2423 5474 2643 5541 reliqua,
2674 5489 2868 5540 usque,
2902 5473 2964 5526 Et
2987 5486 3128 5526 erant
3153 5475 3253 5528 duo
3284 5479 3339 5526 in
3386 5490 3549 5528 cans
3575 5489 3695 5528 In.

2130 5565 2277 5629 Quod
2311 5567 2362 5618 in
2406 5565 2504 5618 ista
2534 5565 2962 5632 recapitulatioue
2985 5580 3166 5618 omnes
3200 5565 3399 5617 bestias
3432 5572 3620 5628 terra,
3645 5573 3702 5618 et

2130 5659 2370 5711 universa
2403 5656 2628 5709 volatilia
2665 5657 2782 5712 ctuti
2827 5657 2891 5710 de
2919 5658 3076 5708 butno
3107 5652 3297 5708 fecisse
3353 5652 3499 5708 Deus
3522 5655 3696 5710 dictos

2131 5758 2210 5802 est
2233 5787 2248 5811 ,
2296 5759 2486 5800 terram
2529 5748 2885 5800 univers‘ilitcr
2911 5761 3026 5799 cum
3076 5745 3227 5812 aquis
3256 5745 3517 5814 appellat.
3543 5743 3698 5810 Qud
