3872 6262
142 377 243 434 209

937 375 1007 430 IN
1040 373 1593 431 PEﬁTATEUCIlUI
1631 372 2124 430 COMIIEXTABII.
2160 399 2235 414 -
2265 371 2568 428 GENESIS.

3221 369 3326 421 ξω

144 496 315 542 autem
338 485 548 546 dicitur,
583 483 707 538 Non
741 495 814 538 est
850 486 1030 539 bonum
1056 492 1304 540 hammm
1347 503 1454 540 esse
1497 487 1681 552 soluat,
1713 488 2146 556 Adeparadiso;
2189 487 2272 540 vcl
2303 485 2442 553 quod
2487 486 2539 539 in
2591 483 2775 540 eodem
2821 484 2907 538 die
2952 498 3054 552 quo
3100 482 3337 551 peccavit

144 575 355 630 diflicile
382 584 460 629 est
491 573 808 641 investigare
834 575 1095 643 quomodo
1127 575 1262 630 Deus
1282 575 1494 639 dixerit,
1514 587 1687 630 utrum

149 663 502 734 temporaliter
531 664 746 717 vocibus
771 664 928 717 editis
953 675 1009 718 et
1037 665 1278 733 syllabis,
1323 678 1388 716 an
1416 664 1530 734 ipsa
1557 667 1692 718 ratio

147 744 552 810 commemorata
596 763 676 807 est
721 768 840 820 qua:
892 753 945 808 in
999 757 1156 808 Verbo
1207 755 1294 810 Dei
1344 754 1694 823 principaliter

148 859 280 911 erat.
308 864 374 902 an
395 847 530 902 fnrle
565 848 616 900 in
647 857 820 901 mente
847 848 1008 917 ipsius
1036 848 1282 908 hominis.
1308 857 1366 901 ut
1388 857 1468 902 est
1495 848 1617 901 illud
1644 848 1694 900 in

149 939 373 1007 psalmo,
404 937 616 989 Audiam
652 935 773 1003 quid
798 936 1029 1001 loquatur
1056 936 1108 988 in
1142 952 1219 990 me
1241 934 1485 988 Dominus
1521 937 1696 1000 Deus;

149 1041 218 1080 an
262 1023 433 1093 aliqua
461 1026 526 1077 de
555 1025 652 1078 hac
680 1039 738 1079 re
767 1024 866 1090 ipsi
896 1022 1092 1076 homini
1119 1022 1186 1076 de
1217 1023 1330 1089 ipso
1358 1022 1568 1077 homine
1607 1037 1702 1091 per

150 1113 391 1181 angelum
429 1105 666 1164 estfacta
693 1110 961 1172 revelatio,
989 1125 1054 1163 an
1094 1125 1187 1178 per
1205 1111 1530 1177 corporalem
1554 1124 1702 1164 crea-

153 1210 322 1257 turam
353 1216 451 1254 vox
475 1201 586 1268 ipsa
612 1201 868 1254 sonuerit.
891 1199 948 1254 Si
977 1210 1148 1254 autem
1176 1203 1425 1270 queritur
1451 1200 1515 1266 ad
1543 1215 1701 1266 quam

155 1304 265 1344 rem
293 1289 404 1343 ﬁeri
442 1290 730 1358 oportuerit
755 1289 854 1342 hoc
880 1290 1224 1357 adiutorium,
1255 1289 1382 1344 nihil
1413 1290 1554 1344 aliud
1585 1303 1704 1358 pro-

153 1379 328 1436 bubile
347 1382 574 1435 occurrit
599 1395 754 1448 quam
779 1380 916 1434 lilios
938 1381 1316 1449 procreaudos.
1338 1381 1452 1435 lloc
1479 1381 1620 1434 enim
1650 1379 1702 1434 in

157 1471 322 1538 prima
349 1469 649 1524 conditione
675 1468 870 1522 dictum
897 1478 1034 1532 erat,
1067 1468 1352 1523 llasculuat
1381 1479 1428 1524 et
1465 1469 1706 1536 [emittam

157 1560 276 1628 fecit
297 1559 434 1624 illos,
460 1568 508 1612 et
537 1558 785 1612 benedixit
806 1575 892 1614 eos
917 1558 1106 1623 dicens,
1132 1557 1376 1623 Crescite,
1403 1568 1457 1614 et
1484 1557 1700 1625 reliqua.

157 1645 308 1702 Nunc
345 1657 522 1701 autem
559 1645 837 1700 videndum
882 1647 964 1700 est
1009 1647 1147 1714 quod
1190 1646 1428 1700 adducta:
1475 1654 1600 1700 sunt
1641 1645 1707 1699 ad

1790 591 2026 636 mortuus
2051 589 2152 644 est,
2177 581 2412 649 quamvis
2438 579 2614 633 multis
2641 576 3100 632 intervenientibus
3125 574 3330 641 spatiis,

1789 667 1842 722 id
1883 678 1966 723 est
2013 669 2285 737 nongentis
2311 677 2364 722 et
2393 668 2601 736 triginta
2645 667 2817 720 annis.
2855 665 3020 718 Adam
3065 663 3258 731 quippe
3281 661 3334 714 iu

1790 767 1935 813 sexta
1963 758 2088 812 feria
2115 760 2372 813 formatus
2398 767 2502 821 est,
2525 757 2578 811 in
2598 771 2702 825 quo
2729 755 2990 825 peccavit,
3019 762 3074 806 et
3101 759 3338 804 mortuus

1792 854 1913 912 est,
1945 847 2204 900 traditur:
2235 847 2474 901 Christus
2502 861 2628 900 vero
2650 846 2701 898 in
2721 858 2867 899 serta
2897 842 3021 896 feria
3053 852 3206 894 mitts
3233 847 3335 898 est.

1795 947 1851 990 et
1877 935 1998 990 fecit
2027 935 2203 988 vinum
2247 937 2315 989 de
2352 951 2503 1005 aqua,
2550 943 2604 988 ct
2631 948 2815 1002 passus
2839 943 2939 987 est.
2970 931 3106 985 Disit
3132 944 3339 998 «puluino

1799 1023 2048 1078 Dominus
2075 1022 2212 1077 Deus
2239 1039 2252 1074 :
2289 1022 2409 1076 Non
2430 1033 2505 1076 est
2533 1023 2713 1074 bonum
2747 1022 2996 1073 hominem
3020 1034 3121 1071 esse
3148 1016 3335 1068 solum.

1798 1113 2098 1181 Arguuntur
2143 1111 2398 1177 hazrelici,
2442 1112 2530 1180 qui
2556 1109 2823 1164 Christum
2861 1109 3028 1161 solum
3074 1105 3338 1158 hominem

1801 1208 2008 1270 putant,
2034 1214 2137 1253 non
2182 1201 2339 1252 etiam
2372 1199 2556 1253 Deum.
2603 1197 2876 1250 Faciamus
2921 1194 3231 1260 adiutorium
3267 1194 3339 1242 si-

1801 1289 1941 1354 mile,
1988 1289 2108 1358 quia
2138 1289 2190 1343 in
2235 1289 2348 1356 ipso
2377 1289 2588 1342 homine
2630 1296 2914 1352 suscepto,
2957 1283 3186 1337 Ecclesia
3233 1278 3344 1334 Deo

1799 1379 2038 1446 copulata
2067 1387 2168 1432 est.
2200 1379 2477 1445 Appellaoit
2501 1388 2672 1430 autem
2719 1376 2878 1428 Adam
2918 1371 3197 1426 nominibus
3239 1374 3344 1424 suis

1799 1477 1979 1520 cuncta
2021 1469 2315 1528 animantia.
2361 1477 2410 1521 et
2448 1467 2693 1530 volatilia,
2731 1478 2779 1518 et
2805 1466 3002 1528 bestias,
3046 1461 3344 1531 signiﬁcans

1802 1556 1941 1626 quod
1967 1558 2126 1610 salva:
2155 1557 2341 1610 tierent
2366 1557 2419 1610 in
2450 1556 2705 1620 Ecclesia,
2731 1563 2786 1608 et
2813 1568 2907 1622 per
2947 1551 3214 1605 Christum
3251 1566 3345 1604 nn-

1805 1660 1924 1699 meo
1951 1654 2103 1698 erant
2128 1653 2442 1712 acceptura,
2469 1643 2610 1710 quod
2647 1645 2788 1711 prius
2816 1656 2922 1694 non
2949 1638 3260 1702 habuerunt,
3291 1649 3347 1689 ut

160 1739 326 1792 Adam
371 1751 568 1792 omnes
594 1737 774 1792 bestia
814 1737 952 1805 agri,
996 1746 1051 1792 et
1091 1736 1318 1790 volatilia
1343 1737 1489 1802 cali,
1520 1747 1578 1791 ut
1607 1737 1709 1789 illis
1745 1803 1762 1805 _
1809 1744 1892 1790 est
1918 1733 2065 1798 illud,
2112 1732 2175 1786 Et
2223 1733 2401 1786 roaabo
2429 1747 2594 1785 seruos
2637 1747 2770 1785 tueor
2795 1731 2995 1783 nomine
3019 1729 3142 1781 alio.
3183 1727 3343 1800 Adam

160 1826 371 1879 nomina
395 1824 705 1895 imponeret,
736 1803 890 1895 atque
917 1826 988 1879 ita
1028 1825 1172 1880 velut
1208 1828 1492 1881 necessitas
1523 1839 1707 1893 opera-
1742 1803 1785 1862 Β
1812 1841 1923 1879 sero
1950 1841 2050 1878 non
2077 1823 2407 1877 inveniebatur
2431 1823 2636 1892 adjutor
2681 1821 2860 1874 similis
2894 1820 3053 1872 illius.
3093 1817 3344 1885 Quoniam

159 1922 336 1968 retur:
362 1912 574 1967 creandi
613 1915 757 1967 enim
802 1913 1048 1968 feminam
1088 1929 1155 1968 ex
1201 1915 1338 1968 illius
1375 1913 1554 1976 latere,
1585 1927 1705 1968 cum

159 2003 300 2059 inter
324 2003 410 2057 illa
446 2003 690 2057 animalia
720 2003 891 2059 simile
915 2005 1234 2074 adjutorium
1279 2019 1381 2059 non
1424 2003 1607 2058 fuisset
1631 2005 1710 2056 in-

158 2077 408 2155 ventum,
435 2092 642 2145 videtur
667 2093 807 2146 enim
840 2094 967 2146 mihi
1007 2106 1218 2162 propter
1244 2095 1468 2161 aliquam
1509 2092 1709 2161 signino

159 2183 420 2236 cationem
459 2179 814 2250 prophetieam
863 2181 1092 2240 factum-
1111 2185 1284 2251 Quare
1307 2197 1514 2252 quoque
1541 2183 1710 2250 pisces

160 2271 265 2346 hoe
312 2271 679 2338 nominantur;
707 2272 801 2326 sed
847 2271 1165 2327 credendum
1194 2283 1299 2339 est,
1343 2273 1588 2340 paulatim
1617 2286 1709 2324 co-

160 2359 584 2428 gnills‘pisdum
638 2361 917 2431 generibus
975 2363 1185 2416 nomina
1242 2363 1506 2430 imposita.
1561 2361 1710 2428 Quod

163 2457 340 2500 autem
366 2449 554 2503 mulier
594 2448 664 2504 da
705 2451 868 2504 latere
897 2450 994 2504 viri
1019 2448 1177 2514 laeta,
1229 2449 1450 2522 fortasse
1501 2463 1713 2519 propter

164 2537 331 2604 ipsius
370 2538 755 2606 coniunctionis
780 2539 885 2593 vim
923 2539 1361 2605 commendatam.
1405 2541 1508 2594 Sed
1551 2555 1714 2609 quare

164 2624 470 2689 dormienti,
488 2641 648 2694 quare
675 2641 753 2691 os,
775 2641 877 2682 non
906 2641 1031 2682 caro
1051 2629 1282 2683 detracta
1310 2637 1413 2694 est,
1433 2643 1594 2697 quare
1619 2643 1712 2684 co-

164 2719 272 2776 sta,
299 2726 463 2779 quare
489 2726 650 2771 carae
684 2714 830 2770 locus
859 2715 998 2770 illius
1031 2717 1262 2786 repletus
1288 2726 1389 2780 est,
1419 2731 1523 2772 non
1551 2718 1713 2772 altera

163 2800 349 2852 costa?
374 2798 482 2852 Cur
503 2813 606 2853 non
637 2799 760 2855 fecit
784 2802 880 2858 sed
926 2803 1237 2858 aediﬁcavit?
1261 2804 1374 2860 Non
1419 2815 1504 2860 est
1539 2806 1717 2874 utique

166 2887 384 2942 dubium
412 2887 526 2941 hsce
564 2887 776 2957 quidem
821 2889 891 2944 ita
943 2889 1076 2944 facta
1102 2905 1249 2957 esse;
1293 2891 1386 2946 sed
1427 2901 1600 2946 tamen
1647 2892 1718 2946 ob

164 2975 360 3046 aliquid
383 2977 800 3047 signiﬁcandum,
826 2979 926 3032 hoc
951 2978 1104 3034 estin
1130 2978 1340 3034 Christo
1363 2989 1418 3034 et
1446 2981 1497 3033 in
1527 2979 1715 3035 Eccle-

164 3063 264 3118 sia.
293 3063 563 3131 Quomodo
589 3066 835 3122 animalia
877 3068 1029 3122 ducta
1056 3077 1179 3122 sunt
1223 3067 1288 3123 ad
1330 3068 1496 3124 Adam
1525 3070 1716 3140 quaeri-

169 3162 274 3208 tur.
299 3153 475 3208 .lssio
499 3156 593 3212 Dei
623 3172 726 3212 non
745 3160 918 3213 solum
946 3158 1012 3213 ad
1041 3158 1303 3226 homines,
1334 3174 1434 3215 nec
1459 3161 1627 3215 solum
1653 3160 1720 3216 ad

176 3255 304 3296 aves
331 3251 386 3296 et
410 3257 612 3309 pecora
631 3247 772 3300 venit
795 3261 890 3314 per
917 3247 1210 3314 angelicum
1236 3246 1606 3315 ministerium,
1626 3252 1720 3306 sed

169 3331 328 3384 etiam
365 3330 432 3386 ad
474 3329 560 3384 illa
590 3345 706 3401 qua
735 3332 789 3386 lu
817 3333 970 3402 aquis
993 3341 1138 3398 sunt,
1162 3334 1298 3388 sicut
1323 3333 1387 3386 ad
1433 3344 1608 3390 cetum
1633 3337 1720 3407 qui

168 3419 378 3492 glutivit
401 3418 607 3474 lanam.
637 3421 695 3475 8i
738 3433 914 3476 autem
943 3422 1157 3476 donavit
1181 3422 1316 3478 Deus
1344 3423 1545 3478 homini
1573 3440 1723 3480 man-

169 3519 318 3562 sueta
358 3508 530 3565 facere
557 3511 717 3565 etiam
761 3509 874 3566 fera
914 3513 1182 3578 animalia,
1212 3523 1410 3584 quanto
1435 3516 1603 3584 magis
1628 3530 1720 3569 an-

175 3597 278 3666 geli
311 3597 414 3650 hoe
449 3611 669 3665 possunt
708 3601 847 3667 quod
891 3601 1018 3656 disi.
1069 3603 1252 3668 Angeli
1293 3611 1468 3656 autem
1507 3601 1721 3656 omnino

170 3686 375 3743 nullam
403 3697 621 3754 possunt
665 3688 892 3742 condere
933 3688 1014 3742 rel
1054 3703 1238 3743 creare
1274 3699 1543 3744 naturam.
1565 3689 1720 3744 Solus

170 3782 313 3836 enim
335 3788 540 3833 creator
565 3787 648 3832 est
672 3777 831 3842 Deus,
857 3777 907 3831 id
934 3787 1018 3831 est
1039 3780 1150 3846 ipsa
1173 3777 1422 3833 Trinitas.
1448 3779 1720 3846 Quomodo

169 3879 347 3924 autem
375 3876 651 3936 soporatos
673 3869 745 3921 sit
771 3867 959 3932 Adam,
1006 3877 1258 3937 castaque
1308 3867 1448 3923 illius
1471 3870 1586 3924 sine
1613 3869 1722 3924 ullo

171 3959 374 4014 doloris
401 3973 556 4013 sensu
576 3973 604 4012 a
633 3959 873 4025 corporis
900 3973 1152 4028 compage
1194 3960 1426 4014 detracta
1469 3961 1558 4025 sit,
1607 3960 1720 4014 haec

173 4046 401 4101 fortasse
425 4047 668 4101 dicuntur
689 4048 1037 4116 potuiase‘per
1065 4049 1278 4117 angelos
1307 4047 1442 4103 ﬁeri.
1470 4047 1720 4103 Bormare

172 4123 349 4190 autem
389 4137 468 4188 vel
488 4137 748 4190 adiutare
773 4146 986 4192 costam.
1020 4136 1076 4192 in
1105 4139 1389 4192 mulierem.
1416 4137 1592 4192 nullus
1622 4153 1716 4204 po-

175 4229 294 4291 tuit,
328 4227 427 4281 nisi
455 4226 614 4290 Deus,
644 4244 748 4293 quo
768 4213 1011 4284 universa
1040 4239 1221 4284 natum
1262 4227 1516 4282 subsistit.
1544 4226 1721 4293 Quod-

173 4333 279 4386 que
314 4317 570 4384 sequitur,
606 4316 675 4368 οι
700 4316 763 4386 de
809 4319 1002 4371 ossibus
1038 4323 1192 4385 nteis,
1231 4328 1287 4374 et
1313 4319 1511 4389 reliqua
1552 4331 1716 4382 ;cum

176 4408 337 4460 verba
364 4406 468 4461 sint
498 4406 651 4475 primi
699 4406 946 4470 hominis,
973 4406 1224 4460 Dominus
1261 4416 1436 4462 tamen
1461 4412 1512 4462 in
1542 4409 1716 4462 Evan-

179 4497 319 4567 gelio
343 4497 616 4552 Dominum
636 4497 832 4552 dixisse
855 4496 1103 4550 declarat.
1134 4497 1266 4550 Dicit
1291 4499 1436 4552 “enim
1462 4516 1474 4550 :
1507 4497 1625 4551 Non
1651 4500 1719 4552 le-

174 4587 328 4657 gistis
359 4587 479 4653 quia
529 4587 616 4652 qui
639 4572 764 4656 fecit
801 4586 866 4638 ab
908 4586 1052 4638 initio
1079 4585 1356 4638 masculum
1394 4595 1438 4638 et
1462 4589 1720 4655 feminam,

178 4676 294 4728 fecit
320 4673 456 4733 illos,
477 4681 532 4725 et
555 4673 706 4734 dixit.
754 4672 964 4743 Propter
987 4675 1081 4726 hoc
1119 4675 1330 4726 dimittet
1358 4675 1506 4726 homo
1535 4683 1724 4740 patrem

172 4771 222 4816 et
267 4770 514 4822 manem,
560 4768 607 4812 et
659 4760 934 4814 adhmrebit
985 4762 1166 4825 uxori;
1216 4771 1273 4819 ut
1322 4761 1726 4830 intelligeremus

177 4862 391 4920 propter
433 4849 694 4911 csstasin,
741 4847 857 4918 q'u:
902 4862 1239 4920 praeessent
1287 4853 1338 4905 in
1383 4852 1582 4916 Adam,
1627 4850 1728 4904 hoc

175 4935 592 4998 illum‘divinitus
612 4940 846 5011 potuisse
865 4946 1196 5011 prophetare.
1223 4944 1379 5000 Certe
1399 4946 1616 5013 quaestio
1637 4945 1724 4999 illa

175 5044 297 5098 qua
321 5033 492 5100 agitur
515 5031 589 5088 de
613 5031 782 5084 anima
812 5033 1064 5096 mulieris,
1087 5043 1258 5088 utrmn
1283 5049 1346 5088 es
1373 5034 1542 5086 anima
1559 5035 1723 5088 Adam

176 5123 407 5174 animant
429 5123 816 5193 accepit,eicut
847 5137 1040 5188 corpus
1079 5125 1308 5190 aliunde,
1342 5124 1482 5178 velut
1525 5133 1578 5178 et
1613 5124 1726 5188 ipse

177 5208 348 5263 Adam
371 5224 386 5270 ;
414 5217 502 5261 aut
525 5210 716 5264 animus
744 5225 808 5266 es
831 5209 1100 5264 animabus
1121 5221 1416 5277 nascantur,
1445 5209 1580 5265 sicut
1602 5224 1723 5263 cor-

181 5312 306 5366 pora
335 5310 400 5350 es
427 5298 768 5364 corporibus,
803 5314 870 5353 an
915 5299 1019 5352 alio
1061 5298 1220 5350 modo
1242 5303 1510 5353 mittantur
1534 5315 1564 5352 a
1596 5299 1722 5360 Deo.

179 5389 245 5440 ad
270 5400 408 5452 optas
430 5400 534 5438 non
576 5387 818 5453 pertinet.
842 5387 989 5456 Quod
1018 5394 1189 5439 autem
1219 5386 1370 5452 dixit,
1410 5387 1478 5440 In
1500 5403 1722 5454 quocun-

122 5460 137 5475 ’
179 5493 275 5545 qua
318 5478 402 5531 die
434 5477 707 5529 comederis
729 5492 792 5529 ex
815 5493 906 5542 eo,
953 5487 1109 5531 morte
1135 5476 1396 5540 morieris;
1427 5494 1489 5531 ac
1515 5479 1559 5531 si
1589 5479 1730 5532 dice-

181 5580 260 5624 ret
285 5588 308 5623 τ
333 5569 485 5626 Ilorti
536 5567 815 5634 deputatus
851 5572 978 5635 eris,
1023 5586 1128 5626 non
1173 5569 1306 5639 quod
1336 5569 1386 5621 in
1413 5571 1599 5624 eodem
1643 5571 1730 5625 die

1807 1931 2102 1988 quanquam
2153 1915 2323 1970 bonus
2371 1914 2441 1968 sit
2501 1914 2818 1982 quisquam,
2857 1909 3122 1964 Christum
3174 1919 3348 1962 tamen

1807 2019 2014 2071 aequare
2045 2018 2147 2056 non
2177 2011 2366 2071 potest.
2391 2001 2513 2055 Non
2538 2002 2693 2067 enim,
2737 1998 2925 2067 inquit,
2952 1997 3132 2051 similis
3176 1998 3262 2048 tibi
3299 1998 3352 2048 in

1808 2095 1927 2157 diis,
1963 2093 2192 2145 Domine.
2218 2091 2384 2146 Nemo
2404 2091 2544 2145 enim
2572 2088 2741 2158 p0tuit
2784 2103 2950 2156 genus
2992 2087 3260 2140 hominum
3290 2087 3351 2138 li-

1809 2183 1993 2238 berare
2018 2198 2048 2235 a
2077 2191 2267 2245 morte,
2295 2180 2396 2235 nisi
2431 2180 2693 2235 Christus.
2721 2178 2938 2233 Immisit
2973 2177 3104 2230 Deus
3123 2191 3352 2243 soporem

1769 2342 1774 2345 _
1809 2271 1862 2324 in
1886 2271 2067 2324 Adam.
2100 2269 2357 2323 Dormivit
2381 2268 2434 2322 in
2462 2283 2620 2324 cruce
2646 2269 2915 2332 Christus,
2947 2266 3193 2337 pungitur
3221 2265 3354 2318 latus

1813 2359 1952 2415 illius
1979 2359 2185 2423 lancea,
2205 2365 2263 2412 ut
2293 2359 2639 2411 sacramentis
2658 2373 2775 2427 qua:
2801 2356 2924 2412 inde
2951 2357 3134 2418 ﬂuunt,
3167 2353 3356 2408 forme-

1814 2461 1897 2505 tur
1927 2445 2183 2503 Ecclesia.
2216 2445 2292 2502 De
2319 2447 2418 2501 hac
2445 2446 2761 2502 dormitione
2800 2446 2987 2500 dicitur
3034 2462 3048 2497 :
3101 2443 3208 2514 Ego
3233 2446 3356 2496 dor-

1811 2538 1950 2602 mivi,
1976 2546 2025 2590 et
2047 2552 2278 2590 somnum
2303 2537 2450 2606 capi,
2473 2548 2520 2589 et
2561 2535 2832 2590 παπαί.
2861 2534 2926 2588 Et
2950 2535 3115 2604 posuit
3155 2548 3356 2586 carnem

1811 2642 1904 2695 pro
1942 2642 2018 2678 ca.
2063 2624 2242 2680 Posuit
2289 2612 2388 2695 pro
2427 2624 2657 2680 Ecclesia
2701 2638 2915 2679 carnem
2951 2637 3120 2678 suam.
3179 2622 3250 2676 Os
3292 2620 3358 2675 de

1814 2714 2004 2768 ossibus
2041 2713 2184 2778 meis,
2210 2719 2259 2766 at
2297 2727 2415 2766 caro
2451 2714 2515 2766 de
2538 2729 2690 2766 carne
2722 2729 2850 2767 ntea.
2877 2712 3001 2766 Sive
3041 2711 3179 2766 enim
3204 2712 3359 2776 auirio

1815 2805 1985 2859 tuales
2009 2812 2064 2859 et
2093 2804 2287 2866 fortes,
2317 2803 2452 2858 sive.
2476 2803 2650 2856 minus
2671 2801 2931 2870 perfecti,
2960 2815 3120 2856 unum
3167 2815 3360 2868 corpus

1814 2891 2007 2946 Christi
2041 2903 2182 2947 sunt.
2221 2891 2349 2947 11cc
2374 2892 2630 2946 vocabitur
2671 2892 2862 2962 virago,
2904 2892 3038 2945 sicut
3079 2905 3110 2943 a
3147 2890 3358 2944 Christo

1817 2979 2096 3034 Christiani
2115 2995 2302 3036 nomen
2314 2981 2596 3048 accipiunt.
2615 2981 2947 3046 Quaerebam
2960 2981 3201 3045 relinquet
3210 2979 3360 3032 Itonia

1821 3078 2012 3137 patrem
2033 3079 2082 3122 et
2110 3079 2351 3133 matrem,
2382 3079 2436 3124 et
2462 3067 2685 3136 reliqua.
2719 3067 2950 3134 Reliquit
2982 3068 3218 3121 Christus
3264 3067 3364 3120 Pa-

1824 3167 1976 3225 trem,
2006 3172 2125 3212 eum
2147 3157 2276 3212 dicit
2302 3175 2318 3211 :
2353 3157 2458 3228 Ego
2485 3173 2517 3210 a
2548 3155 2704 3211 Patre
2723 3157 2871 3222 exiri,
2917 3166 2966 3210 et
2989 3156 3100 3211 seni
3135 3157 3191 3209 iu
3229 3158 3364 3211 hunc

1822 3249 2080 3302 mandunt.
2115 3246 2418 3317 Reliquitet
2445 3258 2664 3302 matrem
2685 3247 3035 3317 Synagogam,
3066 3246 3240 3303 Veteri
3261 3247 3362 3300 Τις·
3442 3284 3445 3286 -

1819 3343 2080 3390 stamenlo
2103 3336 2383 3390 carnaliter
2409 3335 2769 3398 inharentem,
2797 3350 2916 3402 qua:
2959 3335 3054 3388 fuit
3091 3335 3166 3388 illi
3197 3345 3364 3388 mater

1817 3440 1881 3478 es
1925 3423 2128 3479 semine
2172 3423 2370 3488 David;
2419 3432 2476 3478 et
2521 3425 2742 3477 adhaesit
2789 3423 3037 3477 Ecclesia:
3083 3425 3137 3476 in
3182 3438 3362 3492 pacein

1817 3511 1949 3568 Novi
1993 3511 2335 3576 Testamenti,
2365 3523 2417 3564 ut
2457 3520 2615 3565 essent
2639 3517 2744 3565 duo
2783 3513 2836 3564 in
2875 3527 3023 3564 carne
3069 3528 3187 3566 una.
3231 3509 3362 3576 Quia

1815 3615 1936 3654 eum
1977 3601 2046 3654 sit
2084 3600 2250 3668 Deus,
2297 3602 2558 3670 particeps
2583 3610 2766 3656 noster
2809 3601 2974 3656 factus
3013 3611 3114 3666 est,
3145 3610 3201 3654 ut
3230 3601 3367 3654 illius

1815 3689 2003 3758 capitis
2050 3703 2246 3757 corpus
2295 3705 2417 3745 esse
2457 3690 2737 3759 possimus.
2781 3690 2902 3744 Post
2948 3689 3059 3744 haec
3097 3689 3366 3744 vocabitur

1821 3784 1946 3848 Eva,
1972 3785 2076 3838 vita
2096 3785 2210 3840 sive
2237 3784 2506 3839 calamitas
2535 3801 2548 3835 :
2574 3784 2711 3851 quod
2749 3783 2900 3837 nobis
2927 3783 3201 3844 convenit,
3225 3781 3366 3834 cala-
3411 3815 3414 3818 .

1817 3876 2050 3930 mitatem
2079 3875 2184 3940 hie,
2207 3876 2364 3930 vitam
2405 3876 2458 3928 in
2502 3873 2680 3928 futuro
2705 3874 3007 3929 habeamus.
3051 3872 3152 3927 Alii
3183 3873 3364 3924 dicunt

1817 3966 1956 4034 quod
1980 3966 2192 4028 dicitur,
2220 3963 2286 4018 Et
2303 3963 2508 4032 replevit
2534 3978 2732 4018 carnem
2759 3979 2850 4034 pro
2877 3979 2958 4030 eo,
2987 3963 3052 4015 ad
3073 3962 3366 4016 misericor-

1817 4055 1960 4107 diam
1995 4052 2360 4122 Dei-pertinet,
2393 4068 2488 4119 pro
2512 4053 2707 4106 virtute
2740 4052 3050 4106 divinitatis.
3079 4049 3234 4104 Costa
3265 4063 3364 4102 au-

1817 4151 1924 4199 tom
1953 4143 2242 4198 adiﬁcatur
2270 4142 2323 4196 in
2352 4144 2645 4214 mulierem,
2685 4144 2753 4197 de
2790 4159 2890 4209 qua
2933 4143 3142 4205 dicitur,
3174 4141 3362 4194 Mulie-

1815 4248 1930 4286 rens
1968 4233 2147 4301 fortem
2170 4231 2284 4300 quis
2321 4231 2569 4284 inueniet!
2631 4229 2693 4284 lli
2731 4232 2890 4284 etiam
2933 4231 3132 4295 dicunt,
3168 4240 3366 4284 costam

1817 4337 1938 4378 cum
1973 4336 2164 4384 carne,
2192 4319 2417 4374 animam
2441 4335 2561 4374 cum
2607 4334 2768 4376 carne
2813 4319 3128 4388 signiﬁcare.
3167 4320 3368 4373 Mulieri

1823 4421 1996 4467 autem
2023 4425 2053 4464 a
2085 4412 2200 4464 viro
2223 4411 2570 4478 corpulentia,
2599 4419 2652 4464 et
2672 4410 2753 4464 vis
2779 4410 2986 4464 occulta
3003 4454 3018 4475 ,
3063 4419 3120 4464 et
3153 4410 3369 4464 immor-

1829 4502 2020 4566 talitas,
2042 4508 2098 4552 et
2117 4498 2705 4568 prudentia,contigisse
2725 4499 2988 4553 dicuntur.
3003 4497 3176 4552 Prima
3195 4509 3368 4551 autem

1827 4589 2094 4658 prophetia
2123 4589 2315 4644 dicitur
2351 4592 2403 4644 in
2446 4588 2546 4643 hoc
2587 4589 2781 4641 mundo
2805 4589 2916 4641 haec
2935 4590 3191 4641 sententia
3228 4601 3370 4651 esse,

1830 4679 2162 4744 Quamobrem
2183 4678 2460 4745 relinquet.
2487 4685 2541 4730 et
2565 4677 2786 4742 reliqua,
2816 4689 2982 4743 usque
3001 4677 3053 4727 in
3071 4690 3221 4728 carne
3247 4691 3368 4727 una.

2429 4762 2652 4818 CAPUT
2689 4761 2775 4816 ΙΙΙ.

1899 4850 2058 4903 Erant
2101 4860 2273 4902 autem
2309 4857 2513 4918 uterque
2558 4849 2705 4912 nudi,
2753 4849 2914 4900 Atlam
2945 4848 3134 4900 scilicet
3161 4857 3206 4899 et
3236 4863 3363 4901 uxor

1821 4942 1984 5009 illius,
2009 4951 2055 4994 el
2081 4957 2180 4993 non
2207 4941 2575 5006 erubescebant,
2605 4951 2660 4994 et
2687 4940 2907 5007 reliqua,
2929 4952 3096 5006 usque
3124 4939 3187 4990 ad
3217 4939 3363 4991 illuni

1824 5029 2001 5085 locum
2025 5029 2078 5082 in
2103 5041 2209 5097 quo
2231 5027 2309 5081 ait
2335 5045 2348 5081 :
2381 5028 2459 5081 Ad
2486 5027 2867 5082 custodiendam
2898 5028 3027 5079 aiant
3065 5027 3193 5095 ligni
3228 5027 3366 5079 eittr.

1825 5120 1964 5175 Vere
1990 5118 2210 5173 omnino
2228 5116 2368 5171 nuda
2393 5127 2546 5172 erant
2571 5133 2793 5186 corpora
2835 5117 3060 5170 duorum
3090 5114 3366 5168 hominum

1823 5210 1876 5265 in
1905 5209 2164 5278 paradiso,
2189 5221 2287 5261 nec
2313 5207 2540 5275 pudebat
2581 5206 2722 5262 illos.
2771 5207 2905 5273 Quid
2935 5207 3072 5260 cnim
3116 5204 3362 5272 puderet,

1824 5299 2034 5368 quando
2079 5297 2280 5352 nullam
2332 5297 2498 5366 legem
2539 5307 2816 5350 senserunt
2865 5295 2916 5347 in
2963 5293 3214 5346 membris
3259 5295 3372 5345 suis

1826 5388 2334 5458 repugnantem-legi
2361 5387 2554 5442 mentis
2595 5385 2744 5440 sum?
2778 5386 3008 5452 Serpens
3053 5394 3233 5440 autem
3263 5384 3363 5436 iste

1830 5491 1932 5532 non
1953 5473 2242 5530 irrationali
2270 5478 2445 5529 anima
2469 5490 2586 5542 sua,
2627 5475 2720 5530 sed
2751 5476 2802 5529 in
2831 5475 3023 5540 alieno,
3045 5475 3098 5528 id
3123 5483 3227 5537 est,
3247 5474 3362 5527 dia-

1838 5566 2011 5624 bolica
2036 5566 2244 5636 spiritu,
2275 5567 2522 5622 callidior
2561 5569 2800 5622 omnium
2842 5568 3127 5622 bestiarum
3156 5565 3367 5620 dicitur.

181 5669 420 5715 mortuus
446 5653 771 5728 fuisset,'scd
814 5660 1050 5714 mortalis
1070 5701 1086 5726 ,
1129 5657 1374 5730 quoniam
1425 5657 1623 5726 ejectus
1651 5669 1733 5714 est
1851 5646 1989 5726 Quid
2015 5657 2156 5714 enim
2186 5655 2398 5725 mirum,
2421 5657 2464 5713 si
2495 5657 2746 5712 instinctu
2771 5671 2868 5713 suo
2890 5656 3128 5711 diabolus
3148 5668 3361 5722 serpen-
