3872 6262
998 415 1196 470 suos:
1239 412 1683 470 VENERABILIS
1715 403 1999 469 onenuu
2033 397 2216 499 "rans
2253 414 2314 470 ιι.
2359 446 2424 458 -
2465 416 2849 499 exsusrtcs
2891 417 3206 478 erasmus.

3615 421 3714 477 Sl‘l

513 536 620 583 teut
649 526 873 595 implens
899 526 988 579 illo
1031 539 1178 580 more
1205 539 1310 594 quo
1335 534 1484 578 vates
1512 524 1807 578 daemonum
1838 495 2049 590 impleri
2075 521 2126 581 Δ
2154 536 2418 596 praecepto
2450 527 2542 582 Dei
2568 495 2841 584 debuisset
2866 531 3135 600 anteponi.

509 615 703 679 solent,
759 614 1048 669 reddiderit
1089 613 1533 682 sapientissimum
1578 613 1810 668 omnium
1857 614 2051 669 bestiae

508 709 668 763 rum?
696 706 804 762 Nec
833 722 960 761 sane
1009 708 1262 761 debemus
1309 706 1512 774 opinari
1557 705 1695 774 quod
1747 719 2048 776 serpentem

505 797 629 862 sibi,
657 813 750 868 per
779 813 936 866 quem
979 798 1258 852 tentaverit
1301 796 1635 865 persuadere,
1664 797 1906 852 diabolus
1933 799 2049 855 ele-

504 890 657 957 gerit,
689 889 781 944 sed
807 903 927 942 cum
958 896 1101 942 esset
1128 887 1180 940 in
1213 886 1303 941 illo
1325 885 1581 955 cupiditas
1602 887 1920 956 decipiendi,
1956 903 2051 958 per

505 979 631 1033 illud
655 978 851 1032 animal
878 978 1048 1046 potuit
1089 992 1181 1045 per
1222 978 1359 1045 quod
1403 977 1688 1046 permissus
1715 985 1816 1032 est.
1848 978 2050 1044 Quatri-

503 1079 585 1124 tur
609 1078 784 1123 autem
807 1082 901 1122 cur
925 1077 1123 1122 tentare
1151 1067 1388 1136 permisit
1411 1067 1546 1123 Deus
1574 1069 1863 1132 hominem,
1889 1083 2045 1137 quem

502 1158 748 1212 tentatori
797 1155 1107 1226 praesciebat
1155 1171 1272 1210 esse
1318 1157 1731 1211 concessurum?
1759 1156 1872 1210 Non
1900 1156 2043 1213 arbi-

499 1247 738 1304 trandum
786 1256 868 1302 est
911 1257 1086 1302 autem
1127 1248 1266 1317 quod
1305 1248 1572 1303 hominem
1613 1247 1917 1317 deiecturus
1943 1252 2045 1307 iste

502 1338 738 1394 diabolus
769 1347 968 1394 tentare
999 1340 1413 1408 permitteretur,
1443 1338 1542 1391 nisi
1573 1339 1718 1406 prius
1746 1341 2044 1408 praecessis-

501 1438 584 1484 set
623 1429 674 1485 in
715 1433 938 1484 animam
973 1430 1114 1484 illius
1168 1429 1407 1498 Quredam
1437 1429 1597 1484 elatio
1624 1431 2038 1498 comprimenda.

502 1507 615 1562 Non
635 1507 777 1562 enim
809 1508 934 1563 mihi
965 1508 1172 1562 videtur
1201 1524 1397 1578 inagna:
1425 1508 1593 1562 laudis
1617 1506 1845 1565 futurum
1879 1510 2039 1566 fuisse

503 1598 791 1663 hominem,
823 1599 865 1652 si
894 1607 1164 1667 pr0pterca
1196 1609 1374 1667 posset
1402 1600 1536 1654 bene
1559 1599 1730 1656 vivere
1762 1604 1848 1669 qui
1880 1615 1910 1654 a
1942 1617 2038 1657 ne-

498 1689 639 1743 mine
668 1690 799 1742 male
831 1689 1005 1743 vivere
1029 1690 1362 1743 suaderetur.
1392 1689 1519 1743 Cum
1549 1699 1600 1744 et
1625 1691 1674 1743 in
1709 1699 1889 1744 natura
1917 1706 2039 1760 pos-

496 1786 599 1841 set,
627 1787 682 1833 et
713 1779 762 1832 in
793 1787 1049 1846 potesmte
1078 1778 1317 1844 haberet,
1358 1779 1403 1833 si
1446 1777 1623 1845 vellet,
1658 1794 1759 1833 non
1801 1795 2035 1835 consen-

2225 612 2288 667 Et
2337 618 2463 670 dixit
2493 617 2739 672 Darninus
2764 619 2902 674 Deus
2927 621 3167 688 serpenti,
3193 629 3244 674 et
3275 619 3515 690 reliqua,
3548 637 3713 694 usque

2150 705 2270 760 dum
2300 707 2447 772 dixit,
2479 707 2546 762 Et
2574 717 2630 762 tu
2650 711 2968 765 insidiabcﬁs
2994 712 3226 766 calcanee
3249 712 3410 765 illius.
3436 711 3584 767 Tota
3612 717 3708 768 ista

2150 800 2412 853 sententia
2446 799 2665 868 figurata
2694 811 2797 866 est,
2828 817 2922 856 nec
2951 803 3092 857 aliud
3118 803 3190 857 illi
3231 804 3393 859 debet
3422 806 3703 874 scriptoris

2149 887 2298 956 fides,
2333 891 2756 962 narrationisqne
2811 894 3026 955 veritas.
3069 894 3170 948 nisi
3217 910 3284 949 ne
3327 895 3476 948 illam
3533 896 3708 950 datam

2148 979 2310 1035 fuisse
2347 981 2666 1037 dubitemus.
2708 985 2821 1039 Non
2868 993 2951 1040 est
2994 985 3134 1041 enim
3187 987 3550 1058 interrogatus
3593 1004 3709 1044 ser-

2149 1086 2298 1142 pens,
2339 1074 2459 1142 quia
2499 1089 2602 1128 non
2647 1075 2759 1143 ipse
2805 1077 2981 1144 utique
3024 1077 3077 1130 in
3124 1091 3217 1132 sua
3262 1089 3450 1132 natura
3483 1077 3704 1142 fecerat,

2145 1162 2236 1215 sed
2265 1160 2504 1215 diabolus
2552 1162 2620 1218 de
2661 1163 2752 1217 illo
2786 1178 2878 1232 per
2907 1165 3073 1228 illum,
3106 1174 3160 1220 et
3189 1166 3240 1220 in
3273 1166 3366 1221 illo
3390 1167 3492 1219 fuit
3517 1182 3707 1236 opera-

2147 1260 2248 1305 tus.
2279 1251 2425 1306 Nunc
2454 1268 2578 1322 ergo
2629 1254 2770 1323 quod
2810 1245 2874 1308 a'd
2921 1255 3067 1310 illum
3097 1255 3186 1324 qui
3235 1257 3285 1311 in
3329 1267 3586 1325 serpente
3631 1258 3706 1311 lo-

2144 1349 2296 1394 cutus
2334 1350 2418 1394 est
2444 1341 2664 1406 dicitur,
2697 1342 2971 1411 figuratum
3004 1354 3105 1397 est.
3137 1344 3272 1410 Quia
3298 1344 3496 1396 audiui
3541 1360 3704 1396 eam

2143 1421 2370 1474 mulieris
2418 1429 2539 1486 tute,
2566 1422 2828 1474 maledicta
2849 1433 2979 1475 terra
3008 1423 3059 1473 in
3081 1423 3311 1491 operibus
3342 1424 3462 1475 tuis.
3501 1422 3575 1479 Ex
3607 1423 3702 1474 hoc

2142 1525 2259 1566 esse
2298 1510 2349 1564 in
2375 1518 2515 1565 terra
2543 1511 2748 1565 labores
2776 1510 2989 1564 humani
3021 1511 3254 1579 generis,
3297 1511 3419 1578 quis
3447 1509 3703 1579 ignorati

2142 1600 2204 1654 Et
2227 1601 2348 1668 quia
2381 1615 2484 1653 non
2523 1610 2698 1655 essent
2727 1600 2936 1655 labores
2964 1599 3017 1654 in
3047 1609 3208 1664 terra,
3253 1600 3296 1653 si
3326 1599 3563 1653 felicitas
3588 1616 3701 1666 qua

2146 1688 2197 1742 in
2246 1689 2491 1756 paradiso
2541 1689 2634 1742 fuit
2684 1697 2975 1755 teneretur,
3028 1704 3131 1742 non
3186 1697 3267 1743 est
3318 1689 3697 1742 dubitandum.

2140 1781 2311 1849 Opera
2343 1792 2516 1835 antem
2549 1781 2770 1836 hictmu
2801 1781 2939 1835 ruris
2969 1781 3198 1842 colendi,
3227 1790 3283 1833 ut
3307 1781 3559 1850 plerique
3600 1798 3694 1849 puo

491 1869 611 1922 tire.
639 1867 697 1922 Si
724 1877 899 1921 autem
931 1875 1171 1922 movetur
1202 1867 1410 1934 quidam
1442 1868 1508 1922 do
1558 1865 1657 1922 hac
1687 1869 1838 1936 primi
1868 1869 2036 1925 homi-
2070 1861 2114 1920 Β
2141 1882 2269 1936 tant,
2297 1872 2387 1926 sed
2416 1882 2626 1941 peccata
2657 1881 2800 1928 sunt.
2849 1871 3069 1926 Tunicas
3099 1873 3356 1938 pelliceas.
3394 1871 3459 1925 Et
3492 1875 3594 1925 hoc
3629 1875 3698 1926 si-

494 1959 577 2012 nis
600 1959 1067 2036 tentatione,__quod
1098 1974 1213 2014 eam
1245 1958 1356 2014 ﬁeri
1388 1960 1683 2027 permiserit
1708 1961 1866 2026 Deus,
1888 1963 2035 2030 quasi

492 2061 593 2100 non
622 2046 830 2101 videant
867 2047 1168 2102 universum
1201 2063 1366 2118 genus
1408 2047 1676 2103 hominum
1721 2050 1915 2105 diaboli
1957 2051 2035 2106 in-

493 2138 646 2191 sidiis
673 2137 786 2192 sine
822 2141 1119 2194 cessatione
1151 2138 1360 2193 tentari.
1393 2138 1498 2193 Cur
1525 2147 1580 2195 et
1622 2140 1734 2196 hac
1778 2141 2036 2209 permittit

492 2225 650 2290 Deus,
684 2240 748 2280 an
779 2227 902 2294 quia
950 2227 1200 2297 probatur
1231 2227 1430 2282 virtus?
1470 2228 1526 2284 Si
1557 2242 1684 2296 ergo
1721 2229 1926 2286 locutus
1954 2240 2035 2286 est

489 2327 708 2382 serpens
735 2315 961 2380 homini,
997 2332 1092 2370 cur
1116 2315 1262 2370 asina
1287 2317 1339 2370 in
1363 2331 1463 2384 qua
1489 2317 1712 2373 sedebat
1732 2319 1939 2374 Balaam
1964 2321 2034 2374 Io-

490 2414 612 2460 cuta
638 2415 719 2462 est
749 2406 961 2470 homini,
991 2409 1086 2462 nisi
1111 2409 1228 2478 quia
1257 2409 1380 2464 illud
1406 2423 1540 2478 opus
1562 2411 1658 2465 fuit
1678 2411 1892 2478 diaboli,
1915 2428 2031 2468 cum

490 2495 630 2550 istud
653 2496 972 2567 angelicum?
1002 2497 1292 2566 lnterrogat
1315 2508 1488 2552 autem
1514 2512 1752 2573 serpens,
1778 2499 1880 2554 Cur
1905 2518 2033 2569 pror-

488 2573 617 2653 eepit
641 2585 774 2638 vobis
809 2584 1074 2652 Dominus,
1113 2596 1166 2638 et
1193 2597 1406 2645 caetera.
1437 2583 1504 2638 Et
1543 2589 1799 2656 respondit
1829 2591 2029 2656 mulier,

486 2685 542 2730 et
565 2675 763 2742 reliqua
784 2715 802 2740 ,
835 2687 892 2730 ut
918 2675 1278 2743 praevaricatio
1301 2686 1442 2731 esset
1486 2677 1877 2733 inexcusabilis.
1905 2679 2030 2734 Evi-

482 2751 690 2807 dentior
717 2761 799 2806 est
824 2754 962 2808 enim
994 2755 1359 2821 transgressio,
1386 2755 1508 2809 dum
1544 2766 1802 2826 praecepta
1827 2773 2028 2813 memo-

484 2843 560 2897 ria
594 2843 904 2898 retinentur.
941 2842 1096 2898 Erilis
1135 2845 1262 2898 sicut
1291 2845 1384 2909 dii,
1428 2854 1479 2900 et
1528 2846 1749 2918 reliqua.
1783 2849 2029 2905 Videmus

482 2935 568 2990 his
609 2937 785 2990 verbis
817 2937 1064 3006 superbia
1098 2952 1404 3005 persuasum
1445 2954 1563 2995 esse
1610 2950 1901 3009 peccatum.
1947 2945 2025 2998 Ad

481 3026 580 3079 hoc
619 3027 756 3081 enim
800 3028 941 3081 valet
987 3029 1124 3095 quod
1166 3028 1361 3082 dictum
1409 3037 1510 3098 est,
1568 3030 1725 3086 Erilis
1751 3033 1880 3086 sicut
1929 3035 2021 3088 dii.

478 3117 626 3183 Quod
654 3125 824 3170 autem
846 3117 994 3177 dicit,
1028 3116 1358 3186 Nequaquam
1383 3130 1540 3172 morte
1567 3121 1870 3186 moriemini,
1902 3135 2024 3189 per-

2135 1962 2483 2031 gniticationis
2506 1963 2669 2032 gratia
2713 1963 2902 2015 factum
2932 1971 3032 2026 est,
3062 1962 3153 2017 sed
3179 1969 3356 2016 tamen
3387 1961 3587 2016 factum
3615 1973 3696 2017 est

2136 2066 2274 2105 vere.
2312 2050 2438 2104 Ecce
2461 2052 2618 2104 Adam
2640 2053 2802 2118 {actus
2822 2061 2892 2104 est
2911 2051 3058 2118 quasi
3079 2067 3208 2103 unus
3235 2068 3299 2103 ea:
3326 2053 3495 2104 nobis.
3531 2052 3693 2106 Verba

2137 2140 2229 2196 Dei
2258 2151 2382 2196 sunt
2414 2142 2548 2207 haec,
2579 2156 2681 2194 non
2716 2151 2819 2194 tam
2869 2140 2973 2194 illis
3009 2139 3331 2203 insultantis,
3373 2154 3538 2207 quam
3591 2155 3692 2194 cz-

2135 2242 2277 2314 teros
2307 2250 2374 2287 ne
2403 2234 2474 2288 ita
2503 2233 2812 2301 superbiant
2839 2232 3180 2287 deterrentis.
3218 2231 3368 2297 Quod
3393 2247 3500 2286 non
3529 2232 3692 2286 solum

2140 2323 2492 2378 lueritlactus
2521 2325 2688 2393 qualis
2720 2324 2829 2377 fieri
2877 2324 3058 2388 voluit,
3098 2314 3200 2376 sed
3244 2336 3342 2376 nec
3395 2323 3528 2375 illud
3560 2325 3692 2390 quod

2139 2412 2308 2466 factus
2338 2413 2433 2466 luit
2460 2453 2474 2477 ,
2512 2413 2864 2466 conservavit.
2919 2411 2983 2463 Et
3029 2412 3280 2464 ordinauit
3325 2409 3619 2475 Cherubin,
3651 2423 3693 2464 et

2132 2505 2419 2572 ﬂammeum
2445 2502 2690 2572 gladium.
2719 2499 2826 2554 lloc
2854 2513 2946 2566 per
2973 2499 3221 2553 caelestes
3246 2499 3428 2566 utique
3457 2509 3690 2566 potesta-

2133 2599 2211 2644 tes
2241 2591 2398 2644 etiam
2424 2592 2475 2644 in
2506 2589 2748 2658 paradiso
2777 2587 2965 2641 visibili
2997 2587 3192 2640 factum
3218 2600 3333 2641 esse
3363 2588 3688 2640 credendum

2131 2693 2233 2739 est.
2253 2683 2505 2750 Quodque
2540 2680 2690 2745 dicit,
2724 2678 2802 2733 Nc
2827 2682 2954 2748 forte
2977 2677 3251 2747 aliquando
3284 2679 3446 2729 mittat
3480 2694 3687 2729 tirenum

2129 2788 2295 2837 suam,
2344 2779 2390 2823 et
2417 2778 2641 2822 assumat
2669 2771 2819 2822 etiam
2862 2767 2926 2820 de
2953 2768 3091 2838 ligno
3119 2769 3252 2829 nite,
3283 2765 3525 2821 ostendit
3553 2768 3679 2836 quia

2127 2863 2358 2931 separari
2386 2861 2615 2915 debuita
2645 2859 2955 2928 lignovitze,
2999 2858 3120 2927 quia
3150 2857 3410 2912 alienatus
3436 2858 3616 2910 fuerat
3656 2869 3683 2907 a

2130 2950 2255 3001 vita.
2286 2948 2556 3002 Alienatus
2587 2947 2764 3015 utique
2786 2944 2909 3000 inde
2938 2941 3034 2998 fuit
3058 2943 3367 3011 moriturus,
3391 2943 3475 2997 vel
3519 2943 3682 2996 etiam

2133 3046 2378 3104 tanquam
2409 3037 2912 3097 excommunicatus,
2941 3032 3022 3088 vel
3045 3033 3167 3102 quia
3198 3033 3444 3101 ambigua
3484 3031 3686 3086 locutio

2132 3138 2232 3195 est,
2281 3135 2452 3195 potest
2477 3128 2553 3180 sic
2579 3126 2795 3193 intelligi
2825 3143 2836 3176 :
2886 3125 2946 3179 Et
2975 3123 3118 3178 misit
3147 3123 3292 3176 illum
3318 3123 3384 3175 ad
3417 3123 3557 3176 hanc
3588 3122 3684 3176 mi-

478 3181 607 3259 tinet
633 3204 697 3258 ad
728 3204 943 3273 id'quod
967 3181 1162 3258 dierum
1184 3181 1284 3270 est,
1320 3207 1450 3270 Quia
1472 3206 1689 3262 mendas:
1712 3219 1802 3272 est,
1821 3181 1867 3262 ei
1889 3181 2028 3269 pater
2056 3181 2104 3244 ί)
2133 3181 2345 3278 ser-iani,
2377 3216 2420 3268 si
2453 3214 2586 3270 forte
2626 3181 2884 3283 potuisset
2917 3221 3034 3279 post
3063 3211 3272 3265 labores
3296 3211 3454 3265 edere
3486 3211 3678 3265 iterum

478 3294 636 3348 illius.
676 3292 828 3346 Dedit
851 3294 955 3346 riro
995 3310 1105 3357 suo,
1138 3295 1222 3347 cui
1254 3295 1556 3362 persuaderi
1589 3310 1689 3350 non
1724 3311 1853 3365 opus
1881 3299 2023 3364 erat',

482 3382 603 3452 quia
634 3381 772 3436 illam
808 3397 871 3437 eo
917 3382 1036 3437 cibo
1065 3398 1168 3436 non
1218 3397 1334 3438 esse
1363 3394 1622 3438 mortuam
1661 3387 1928 3440 cernebat.
1961 3387 2027 3440 Et

470 3473 638 3541 aperti
663 3483 779 3526 sunt
811 3471 942 3526 oculi
989 3472 1270 3539 amborum,
1299 3477 1545 3543 quoniam
1583 3488 1643 3530 se
1691 3474 1754 3529 ad
1800 3475 2026 3531 invicem

476 3563 951 3629 concupiscendum
1003 3547 1078 3615 ad.
1119 3576 1326 3630 poenam
1375 3563 1595 3630 peccati,
1665 3563 1838 3619 carnis
1884 3564 2028 3618 illius

481 3661 704 3708 mortem
727 3661 1014 3721 acceptam.
1039 3643 1357 3707 Cousuerunt
1379 3654 1498 3722 folia
1518 3655 1620 3722 ﬁci.
1635 3655 1732 3722 Qui
1757 3655 2026 3726 glorianda

481 3745 846 3809 deseruerunt,
879 3742 1118 3811 pudenda
1152 3751 1414 3797 texerunt.
1447 3744 1525 3796 Ad
1545 3760 1826 3811 vesperum,
1858 3757 1911 3802 et
1939 3762 2024 3801 re-

485 3833 645 3903 liqua.
677 3833 810 3899 Quia
837 3832 1144 3888 defecerunt
1170 3847 1199 3886 a
1231 3832 1350 3888 luce
1378 3833 1638 3899 veritatis,
1663 3835 2024 3888 absconderant

483 3937 560 3988 se,
588 3930 643 3977 et
683 3921 903 3990 reliqua.
933 3921 1047 3976 Non
1078 3922 1332 3976 miremur
1365 3921 1477 3978 hac
1518 3923 1651 3989 lieri,
1685 3939 1803 3993 quae
1835 3924 2024 3980 similia

477 4023 601 4069 sunt
644 4013 920 4068 dementia:
969 4027 1063 4081 per
1093 4013 1310 4067 nimium
1356 4013 1607 4082 pudorem
1659 4024 1713 4070 et
1758 4017 2022 4071 timorem.

482 4101 578 4157 Ubi
599 4103 687 4157 es?
717 4102 824 4158 Vox
873 4102 1194 4171 increpantis
1235 4112 1336 4169 est,
1381 4117 1482 4157 non
1513 4103 1797 4174 ignorantis
1836 4119 1864 4159 a
1894 4103 2024 4170 Deo,

482 4212 577 4264 per
619 4199 789 4253 virum
817 4197 882 4251 ad
908 4196 1178 4261 feminam,
1213 4206 1480 4265 peccatum
1504 4211 1533 4251 a
1568 4197 1775 4252 diabolo
1821 4212 1913 4268 per
1952 4198 2028 4252 fe-

487 4289 705 4352 minam,
749 4287 816 4341 ad
845 4288 1012 4342 virum
1059 4288 1316 4356 pervenit.
1370 4288 1433 4341 Et
1462 4291 1596 4343 sicut
1625 4289 1906 4358 primatum
1946 4290 2025 4343 vir

484 4376 662 4442 habet,
694 4374 762 4430 ita
793 4377 936 4444 prius
980 4376 1348 4445 interrogatur.
1407 4378 1595 4430 Mulier
1639 4395 1787 4447 quam
1840 4381 2025 4434 dedisti

480 4465 624 4530 mihi,
652 4475 703 4518 et
732 4465 952 4532 reliqua.
989 4463 1242 4534 Superbia
1293 4480 1554 4534 nunquam
1583 4454 1738 4528 dixit,
1785 4466 2020 4520 Peccavi.

482 4558 713 4627 Itemque
739 4555 927 4610 mulier
953 4570 1054 4609 non
1086 4554 1242 4618 dixit,
1270 4555 1489 4610 Sedusit
1517 4569 1600 4608 me
1621 4556 1648 4589 ⁴⁸
1674 4571 1688 4609 :
1722 4555 1810 4608 sed
1839 4554 2018 4609 mulier

478 4666 628 4714 «om
653 4649 835 4703 dedisti
862 4648 1008 4713 mihi,
1045 4657 1096 4701 et
1128 4648 1344 4714 reliqua.
1379 4646 1565 4700 Mulier
1590 4655 1762 4701 autem
1797 4647 2021 4700 interro-

481 4747 598 4806 gata
627 4739 699 4791 ait
732 4755 745 4791 :
773 4739 990 4806 Serpens
1017 4739 1209 4806 decepit
1240 4753 1336 4790 mc.
1381 4737 1443 4790 Et
1485 4737 1552 4790 ob
1593 4734 1691 4790 hoc
1740 4735 2020 4804 Apostolus

485 4828 579 4892 ait,
617 4827 777 4879 Adam
807 4837 998 4880 nonest
1049 4829 1304 4890 seductus,
1349 4827 1527 4878 mulier
1566 4825 1769 4878 seducta
1819 4834 1909 4877 est.
1944 4824 2020 4876 An

486 4925 762 4985 propterea
812 4918 1002 4971 mulier
1047 4912 1262 4970 sedu’ma
1296 4925 1377 4969 est
1401 4916 1518 4985 quia
1549 4915 1692 4983 parvi
1722 4915 2022 4968 intellectus

478 5017 642 5069 esset,
669 5012 724 5058 et
765 5003 884 5057 ideo
920 5019 1022 5057 non
1053 5005 1232 5058 tribuit
1276 5003 1347 5057 illi
1399 5004 1684 5070 Apostolus
1733 5000 2017 5069 imaginem

481 5096 606 5150 llei?
633 5095 717 5148 Sic
737 5093 875 5146 enim
901 5093 973 5146 ait
1005 5109 1015 5143 :
1054 5091 1138 5142 Vir
1165 5093 1362 5158 quidem
1389 5108 1491 5144 non
1511 5093 1655 5145 debet
1681 5092 1847 5143 uelare
1868 5098 2021 5157 captu

477 5202 641 5250 suum,
668 5199 780 5236 eum
801 5184 864 5235 sit
890 5183 1053 5251 imago
1090 5190 1135 5232 et
1156 5179 1317 5247 gloria
1355 5179 1466 5232 Dei.
1503 5180 1689 5233 Mulier
1717 5188 1884 5231 autem
1911 5179 2021 5246 gle-

475 5280 552 5332 ria
578 5277 668 5331 viri
687 5285 778 5330 est.
811 5274 926 5330 Non
965 5272 1105 5343 quod
1137 5287 1288 5326 mens
1321 5271 1527 5326 luminae
1554 5270 1797 5326 eamdem
1830 5269 2019 5338 imagi-

479 5382 598 5422 nem
625 5380 813 5433 capere
833 5380 937 5418 non
981 5365 1165 5433 possit,
1193 5360 1286 5417 sed
1342 5360 1566 5414 fortasse
1593 5360 1681 5414 illa
1712 5358 1814 5412 hoc
1841 5357 2016 5411 adhuc

481 5457 714 5512 nondum
760 5456 992 5522 percepit
1030 5453 1167 5522 quod
1215 5454 1282 5507 ab
1311 5451 1681 5522 imagine'Dei
1725 5459 1778 5504 et
1819 5464 1849 5503 ι
1901 5449 2014 5502 viro

479 5558 696 5615 regente
729 5557 882 5612 atque
927 5547 1260 5614 dispensante
1290 5545 1461 5599 fuerat
1504 5542 1750 5612 paulatim
1801 5556 2021 5610 percep-

476 5647 609 5692 tura.
656 5637 870 5704 Serpens
919 5638 1107 5705 decepit
1153 5653 1245 5689 me.
1294 5638 1449 5703 (basi
1481 5636 1783 5705 cujusquam
1841 5635 2016 5687 suasio

2131 3307 2198 3361 de
2220 3307 2358 3375 ligno
2382 3304 2521 3369 vitae,
2544 3312 2597 3358 et
2628 3303 2802 3356 vivere
2833 3303 2884 3355 in
2913 3310 3190 3355 aeternum.
3210 3299 3331 3354 Erat
3345 3309 3514 3353 autem
3547 3311 3682 3355 uter-

2129 3413 2225 3467 que
2251 3396 2439 3460 nudus,
2467 3404 2522 3448 et
2561 3393 2784 3462 reliqua.
2822 3392 3102 3448 Sciendum
3133 3400 3234 3456 est,
3266 3393 3310 3445 si
3338 3392 3513 3446 vestiti
3557 3392 3676 3446 fuis-

2129 3495 2268 3552 sent,
2298 3486 2399 3540 dici
2425 3485 2610 3555 possit,
2644 3484 2825 3552 utique
2854 3492 3046 3552 potest,
3077 3483 3168 3536 sed
3193 3481 3514 3536 innocentia.
3558 3483 3682 3536 Ser-

2130 3581 2258 3636 pens
2298 3579 2326 3617 a
2355 3563 2616 3630 serpendo
2654 3562 2867 3615 dicitur.
2919 3560 3118 3615 Idcirco
3147 3576 3271 3614 vero
3307 3560 3372 3614 ad
3399 3560 3676 3615 mulierem

2130 3658 2372 3712 diabolus
2403 3655 2650 3725 loquitur,
2689 3655 2808 3723 quia
2830 3652 2958 3708 vidit
2982 3657 3121 3724 quod
3151 3653 3424 3708 mulierem
3457 3653 3679 3709 sedoee-

2127 3755 2228 3811 ret,
2256 3756 2310 3801 et
2339 3762 2441 3801 non
2472 3745 2639 3800 virum
2672 3745 2783 3799 sive
2810 3745 2932 3814 quia
2955 3745 3124 3798 virum
3158 3753 3362 3798 tantum
3385 3743 3448 3796 ad
3490 3743 3682 3796 simili-

2131 3832 2359 3890 tudinem
2415 3836 2504 3890 Dei
2561 3835 2840 3890 formatum
2889 3836 3109 3903 putavit,
3145 3844 3199 3889 et
3251 3849 3354 3889 non
3401 3833 3680 3888 feminam.

2128 3924 2228 3978 Cur
2254 3922 2491 3992 prerupit
2529 3923 2664 3976 vobis
2693 3922 2958 3984 Dominus,
2988 3933 3040 3976 et
3083 3924 3306 3990 reliqua.
3353 3923 3473 3976 llaec
3509 3923 3680 3987 prima

2129 4014 2469 4083 interrogatio
2493 4013 2545 4066 in
2574 4011 2676 4066 hoc
2700 4010 2898 4065 mundo
2936 4011 3099 4066 fuisse
3125 4012 3340 4064 dicitur.
3365 4010 3420 4063 In
3451 4025 3518 4064 eo
3553 4026 3681 4065 vero

2127 4107 2264 4176 quod
2305 4105 2451 4170 dicit,
2500 4103 2832 4173 Nequaquam
2883 4111 3044 4156 morte
3083 4101 3386 4169 moriemini,
3444 4115 3680 4169 pratum

2126 4195 2455 4252 mendacium
2504 4194 2764 4249 similiter.
2816 4193 3064 4248 Diabolus
3123 4202 3298 4247 autem
3353 4191 3555 4245 idcirco
3617 4192 3682 4243 de

2127 4289 2265 4357 ligno
2314 4286 2549 4341 scientia:
2605 4284 2726 4339 boni
2765 4292 2822 4360 et
2867 4284 2987 4338 mali
3038 4282 3230 4337 dicitur
3259 4287 3504 4344 suadere,
3559 4282 3681 4350 quia

2127 4380 2379 4434 Dominus
2429 4377 2698 4448 prohibuit
2753 4375 2902 4431 illud.
2964 4374 3212 4430 Diabolus
3267 4373 3407 4428 enim
3464 4385 3682 4440 semper

2126 4478 2309 4522 contra
2339 4467 2539 4522 Christi
2571 4466 2816 4520 mandata
2845 4465 3032 4519 suadet
3064 4507 3077 4531 ,
3111 4465 3199 4532 qui
3230 4465 3352 4517 inde
3378 4463 3540 4516 etiam
3585 4461 3683 4517 Sa-

2127 4566 2273 4610 tanas
2305 4556 2498 4609 dicitur
2525 4559 2842 4609 contrarius.
2877 4551 2940 4605 Et
2969 4555 3107 4606 eritis
3135 4565 3190 4605 ut
3233 4553 3327 4607 dii.
3371 4552 3463 4606 llic
3503 4552 3680 4618 primo

2125 4646 2298 4698 unitas
2340 4645 2605 4708 dividitur;
2637 4651 2691 4697 et
2721 4644 2805 4696 hic
2843 4641 3000 4697 etiam
3025 4644 3194 4712 primo
3235 4643 3536 4698 idololatria
3561 4653 3678 4696 orta

2126 4745 2223 4791 est.
2258 4735 2407 4800 Quod
2440 4734 2628 4788 mulier
2679 4733 2892 4788 seducta
2931 4746 3032 4799 est,
3077 4746 3127 4788 et
3175 4749 3279 4788 non
3318 4734 3503 4795 Adam,
3565 4747 3680 4784 am-

2128 4826 2294 4879 bobus
2327 4833 2497 4877 tamen
2525 4822 2874 4878 sentientibus
2905 4838 3132 4893 pennam,
3164 4825 3480 4878 assimilatut
3512 4822 3595 4884 ei,
3621 4835 3682 4875 ae

2126 4915 2170 4970 si
2200 4914 2390 4984 aliquis
2413 4913 2465 4966 in
2495 4923 2754 4967 conventu
2792 4907 3080 4978 falleretur,
3115 4915 3246 4966 alter
3291 4921 3465 4964 autem
3502 4924 3683 4964 reuu-

2126 5014 2275 5060 neret
2300 5004 2442 5059 domi
2475 5019 2488 5056 :
2520 5004 2612 5058 sed
2639 5013 2812 5058 tamen
2842 5004 2946 5058 duo
2975 5003 3235 5057 sentirent
3262 5001 3538 5062 damnum,
3583 4999 3682 5055 fal-

2127 5096 2254 5150 lacia
2287 5105 2460 5150 tamen
2513 5095 2665 5149 alteri
2713 5103 3066 5162 reputaretur.
3101 5091 3209 5142 Eva
3238 5099 3413 5142 autem
3440 5087 3491 5142 in
3521 5091 3682 5160 quiu-

2123 5199 2226 5252 que
2251 5185 2408 5239 rebus
2436 5185 2710 5254 peccavit:
2744 5183 2792 5237 id
2823 5191 2927 5246 est,
2953 5182 3006 5234 in
3035 5179 3306 5244 suasione,
3337 5178 3386 5233 in
3436 5178 3682 5235 delecta-

2124 5275 2288 5341 tione,
2309 5289 2585 5341 consensu,
2629 5274 2876 5336 elatione,
2901 5269 2952 5324 id
2979 5280 3080 5333 est,
3105 5269 3154 5321 in
3184 5269 3407 5324 scientia
3426 5285 3454 5333 ;.
3477 5276 3541 5322 ut
3577 5275 3682 5330 est,

2130 5363 2352 5418 Scientes
2381 5363 2560 5417 bonum
2607 5372 2654 5417 et
2694 5361 2906 5413 malum.
2968 5356 3022 5411 In
3067 5357 3335 5426 superbia,
3368 5365 3428 5412 ut
3471 5365 3584 5418 εει,
3619 5351 3684 5408 ει

2127 5453 2265 5506 eritis
2311 5454 2438 5506 sicut
2468 5453 2561 5506 dii.
2593 5448 2764 5518 Aperti
2819 5457 2932 5501 sunt
2963 5443 3126 5512 oculi,
3168 5447 3222 5501 id
3274 5456 3375 5512 est,
3420 5461 3451 5499 ι
3493 5445 3680 5514 culpa.

2129 5542 2287 5610 Culpa
2316 5545 2455 5597 enim
2500 5542 2707 5602 illorum
2759 5539 2941 5593 mulos
2967 5539 3172 5606 aperuit
3210 5552 3347 5609 quos
3375 5532 3682 5591 innocentia

2125 5631 2327 5687 clausit.
2376 5625 2592 5700 Aperuit
2637 5636 2831 5693 autem,
2887 5627 2937 5694 id
2970 5640 3072 5695 est,
3112 5637 3166 5684 ut
3218 5627 3468 5682 viderent
3513 5623 3682 5680 etiam

549 5751 576 5780 ⁸
607 5744 761 5820 Forte
790 5749 1091 5804 leuandum:
1122 5746 1340 5816 Denique
1372 5764 1467 5800 uou
1502 5747 1649 5813 dixit,
1694 5747 1900 5798 Μιῖιιῑιι
1933 5756 2153 5798 scotm'r
2177 5756 2267 5797 tte.
2302 5741 2432 5797 Edit.
