3872 6262
157 365 260 424 213

942 365 1002 420 IN
1042 361 1590 421 PENTATELCIIUM
1632 355 2114 419 COMMENTAlllI.
2157 398 2223 407 —
2263 367 2574 426 GENESIS.

3253 370 3356 424 2M

153 479 375 536 malum.
407 476 603 532 Bonum
638 487 812 531 autem
835 487 1037 532 tantum
1071 480 1240 545 primo
1268 477 1528 530 viderunt.
1556 471 1704 539 Quod
1737 472 1780 528 Α
1809 471 1928 529 liter
1948 486 2121 531 autem
2147 478 2244 532 ltoc
2266 489 2582 549 praeceptum
2609 478 2846 535 CltriStus
2870 482 3078 550 accipit,
3109 493 3160 536 et
3183 498 3278 535 nos
3303 485 3353 537 in

156 580 335 626 autem
364 577 684 624 consuerunt
727 567 848 621 l‘ulia
883 567 986 632 ﬁci,
1039 569 1297 636 signiﬁcat
1323 565 1461 634 quod
1491 566 1710 618 itutnor-

158 659 414 714 talitatem
472 658 860 726 relinquentes;
912 657 1155 725 quodque
1205 657 1304 725 ipsi
1353 663 1710 717 consuerunt,

160 750 480 804 laboriosam
551 750 809 818 signiﬁcat
864 749 1051 814 vitam,
1109 758 1181 814 ut,
1239 748 1301 800 In
1357 748 1557 812 sudare,
1607 757 1710 801 etc.

159 841 416 908 Quodque
469 841 535 896 de
588 841 844 894 ambobus
871 840 1022 908 dicit,
1076 840 1420 905 Constterunt,
1450 840 1710 893 idolorum

157 936 422 1002 signiﬁcat
455 937 884 1003 cooperatiunem
917 936 968 989 in
999 937 1420 1010 transgressione
1447 956 1458 988 :
1490 936 1565 988 vel
1596 935 1713 988 folia

159 1024 244 1078 ﬁci
277 1041 477 1089 amara,
508 1026 912 1078 amaritudinem
939 1024 1240 1094 signiﬁcant
1263 1025 1534 1078 vindictas.
1562 1021 1714 1088 Quod

155 1126 334 1170 autem
361 1115 484 1168 dicit
513 1116 637 1184 folia
667 1116 772 1183 ﬁci,
819 1116 983 1168 multa
1025 1115 1149 1169 dicit
1184 1116 1320 1186 ligna
1360 1116 1412 1170 in
1455 1113 1714 1181 paradiso.

159 1205 416 1271 Quodque
443 1205 719 1258 Doruiuum
751 1205 1183 1259 deambulantem
1215 1203 1524 1272 dicit,quasi
1555 1204 1718 1256 insta-

155 1295 316 1350 bilem
361 1295 625 1362 signiﬁcat
673 1296 989 1364 ejectionem
1052 1294 1259 1348 illorum
1313 1293 1380 1348 de
1451 1292 1713 1361 paradiso,

155 1394 208 1440 et
241 1385 334 1440 Dei
367 1387 617 1440 auxilium
662 1388 729 1440 ab
778 1386 883 1440 illis
932 1385 1093 1441 fuisse
1120 1385 1376 1439 ablatum.
1409 1385 1487 1437 Ad
1514 1399 1712 1446 auram,

155 1479 258 1530 sire
290 1479 358 1530 ad
378 1495 657 1544 vesperam;
689 1477 922 1533 ostendit
949 1477 1086 1546 quod
1129 1478 1203 1531 sic
1233 1477 1374 1531 venit
1396 1476 1553 1537 Deus,
1584 1476 1718 1528 sicut

158 1568 361 1621 invenit
393 1583 732 1634 quemquam.
765 1566 887 1621 Post
931 1568 1213 1628 meridiem,
1245 1566 1292 1619 itl
1325 1575 1428 1632 est,
1459 1573 1576 1633 post
1616 1563 1716 1615 im-

157 1657 538 1710 mortalitatem
569 1657 871 1724 despectant
904 1657 1119 1709 abillis.
1173 1654 1226 1708 In
1282 1669 1346 1708 eo
1383 1653 1523 1720 quod
1571 1652 1716 1716 dicit,

157 1743 222 1797 In
250 1744 417 1797 medio
448 1746 575 1814 ligni
606 1745 854 1810 paradisi,
888 1744 1182 1798 ostenditur
1227 1743 1365 1812 quod
1393 1742 1549 1796 etiam
1582 1754 1718 1794 nunc

154 1833 206 1886 in
241 1833 383 1886 illius
426 1833 631 1899 pr0pria
681 1834 968 1899 voluntate,
1010 1834 1050 1886 si
1081 1833 1237 1885 vitam
1271 1847 1335 1884 an
1367 1839 1587 1884 mortem
1613 1829 1706 1882 eli-

153 1930 326 1991 geret.
384 1920 682 1988 Vocavitqtte
727 1920 970 1974 Dominus
1019 1921 1226 1983 Adam,
1274 1929 1326 1973 et
1370 1918 1612 1982 vocavit,
1659 1927 1710 1970 et

155 2026 261 2062 non
293 2010 467 2075 eiecit.
499 2009 587 2064 Sic
613 2019 666 2064 et
695 2025 819 2077 ergo
849 2009 1092 2063 doctores
1122 2009 1273 2062 decet
1297 2008 1443 2075 juxta
1472 2007 1705 2073 regulam

155 2099 362 2153 Domini
392 2099 583 2152 facere.
630 2098 794 2153 Recte
825 2109 999 2153 autem
1053 2099 1303 2152 convenit
1347 2097 1474 2164 dici,
1511 2096 1607 2151 Ubi
1638 2113 1707 2160 es,

151 2192 283 2246 dum
315 2191 606 2246 abscondit.
636 2191 732 2246 Ubi
760 2209 830 2256 es,
865 2193 1070 2246 Adam?
1101 2190 1344 2245 Forsitan
1375 2205 1479 2244 uno
1503 2192 1712 2244 nomine

155 2283 372 2336 vocavit
395 2283 512 2336 illos
537 2282 724 2345 Adam,
752 2281 870 2349 quia
897 2297 1054 2334 unum
1082 2279 1196 2334 illos
1220 2279 1390 2349 junxit
1421 2287 1713 2347 peccatum.

158 2374 261 2428 Ubi
292 2389 362 2436 es,
395 2374 586 2426 Adam!
617 2372 706 2426 lite
745 2381 921 2439 partes
971 2380 1079 2425 tres
1126 2369 1426 2438 signiﬁcant
1475 2368 1611 2436 quod
1663 2369 1712 2419 in

156 2464 330 2518 tribus
359 2464 438 2529 leg
465 2464 562 2515 bus
585 2463 838 2530 peccavit.
871 2461 1100 2515 Verbum
1127 2469 1304 2513 autem
1337 2473 1568 2527 praesens
1601 2472 1713 2520 per-

153 2554 510 2607 severantiam
561 2552 609 2605 in
664 2552 893 2605 vindicta
929 2550 1207 2620 signiﬁcat.
1243 2549 1392 2604 Sicut
1421 2557 1592 2601 autem
1624 2561 1716 2614 per

155 2644 333 2695 virum
365 2651 419 2695 et
448 2642 722 2694 mulierem
752 2650 805 2696 et
831 2650 1129 2709 serpentem
1159 2646 1213 2694 et
1237 2639 1431 2708 lignum
1463 2639 1717 2706 reperitur

158 2735 211 2788 in
241 2733 442 2787 tnundo
472 2746 638 2794 mors,
671 2733 746 2786 sic
777 2747 870 2802 per
917 2732 1085 2785 virum
1133 2741 1187 2785 et
1225 2730 1496 2784 mulierem
1527 2737 1578 2780 et
1609 2742 1717 2779 ser-

159 2833 378 2892 pentem
421 2831 476 2877 et
527 2823 721 2890 lignum
753 2822 926 2876 crucis
953 2823 1057 2874 vita
1091 2821 1290 2887 perdita
1323 2823 1373 2874 in
1405 2819 1540 2874 ctelo
1569 2831 1718 2881 repa-

159 2922 328 2967 ratur.
364 2910 537 2964 Prima
569 2911 859 2976 increpatio
879 2919 960 2964 est
981 2911 1032 2964 in
1062 2923 1129 2963 eo
1149 2908 1287 2978 quod
1317 2908 1445 2961 dicit
1476 2923 1491 2961 :
1526 2905 1621 2960 Ubi
1641 2921 1715 2971 es,

158 3003 373 3056 Adam?
419 3002 661 3057 Secunda
697 3001 861 3066 :Quis
913 2999 1148 3053 indicavit
1178 2997 1303 3051 tibi?
1355 2996 1550 3061 Tertia,
1599 3009 1716 3048 eum

1812 563 1901 616 illo
1943 568 2422 638 accepitnuszquia
2474 570 2827 638 unusquisque
2871 569 3199 624 Christianus
3249 587 3352 625 nun

1815 652 2099 721 incongrue
2127 665 2297 722 gestat
2327 670 2600 724 personam
2628 655 2820 708 Christi
2846 657 3094 709 dicentis:
3118 659 3357 720 Quantlitt

1814 740 1972 806 fecisti
2003 743 2088 793 uni
2113 759 2177 795 ea:
2229 745 2306 798 his
2353 745 2571 798 minimis
2621 748 2764 810 meis,
2796 748 2916 798 mihi
2955 749 3132 815 fecisti.
3159 748 3356 802 Dicitur

1812 844 1937 898 ergo
1964 831 2060 898 illi,
2082 831 2178 885 hoc
2205 845 2282 887 est
2306 835 2456 888 nobis
2484 854 2493 887 :
2524 835 2600 889 Ex
2623 837 2756 888 omni
2779 838 2915 906 ligno
2946 839 3168 904 paradisi
3191 855 3356 892 carne-

1814 921 1919 974 dcs.
1952 923 2098 987 Quod
2127 924 2491 994 signiﬁcantur
2535 929 2835 995 spirituales
2880 931 3102 995 delicim,
3158 931 3356 985 fructus

1815 1026 1898 1072 est
1922 1015 2155 1082 spiritus,
2181 1016 2428 1078 cbaritas,
2467 1032 2584 1084 pax,
2621 1027 2672 1070 et
2702 1019 2918 1086 reliqua.
2949 1020 3067 1072 Non
3100 1034 3359 1091 tattganttts

1815 1108 2006 1175 lignum
2031 1105 2245 1159 scientiis
2271 1105 2385 1158 bani
2412 1115 2456 1158 et
2487 1106 2605 1158 ntali
2643 1106 2693 1158 in
2722 1108 2883 1159 medio
2911 1110 3154 1176 paradisi,
3178 1110 3226 1162 id
3256 1119 3356 1170 est,

1817 1212 1881 1249 ne
1907 1196 2132 1250 velimus
2153 1196 2429 1264 superbire
2458 1193 2522 1248 de
2565 1204 2751 1248 natura
2781 1197 2984 1250 arbitrii
3019 1200 3208 1260 nostri,
3243 1216 3358 1267 (Illic

1816 1285 1986 1338 media
2028 1291 2130 1350 est,
2174 1293 2230 1338 ut
2271 1285 2474 1360 decepti
2515 1285 2790 1352 praesentia
2829 1287 2948 1340 boni
3002 1290 3357 1352 experiamur,

1814 1384 1864 1425 et
1892 1373 2038 1427 mali.
2069 1373 2299 1442 Serpens
2338 1383 2514 1428 autem
2565 1373 2652 1428 ille
2699 1374 2893 1429 indicat
2931 1375 3216 1438 diabolum.
3272 1384 3358 1444 qui

1818 1460 1940 1515 inde
1967 1476 2188 1530 serpens
2214 1461 2422 1526 dicitur,
2455 1464 2593 1530 quod
2631 1464 2846 1518 volubili
2880 1477 3121 1520 versetur
3147 1470 3357 1521 astutia.

1820 1551 1917 1604 Per
1945 1552 2218 1607 mulierem
2245 1561 2418 1606 autem
2436 1553 2662 1623 decepit,
2689 1563 2742 1608 et
2773 1570 2874 1608 non
2905 1571 2998 1624 per
3029 1560 3212 1622 virum,
3241 1561 3356 1627 quia

1820 1661 1921 1699 non
1944 1655 2115 1716 potest
2143 1647 2275 1700 ratio
2305 1655 2481 1702 nostra
2513 1647 2715 1716 seduci,
2748 1647 2845 1702 nisi
2887 1650 3209 1719 praecedente
3239 1668 3356 1705 car-

1822 1737 1924 1789 nali
1962 1736 2327 1790 delectatione.

1894 1828 2082 1883 Tribus
2126 1840 2297 1882 autctn
2330 1829 2499 1884 modis
2529 1840 2800 1900 peccatum
2827 1833 3170 1886 committitur
3201 1852 3212 1886 :
3266 1837 3361 1889 de-

1817 1917 2121 1987 lectatione,
2169 1920 2525 1988 suggestione,
2569 1935 2849 1976 consensu.
2897 1922 2998 1976 Per
3040 1935 3358 1991 serpentem,

1814 2010 2196 2079 suggestionem
2232 2011 2556 2079 accipimus;
2589 2028 2680 2080 per
2725 2015 3018 2076 mulierem.
3072 2016 3349 2071 animalem

1812 2100 2044 2166 corporis
2072 2113 2313 2165 sensum;
2344 2115 2436 2168 per
2457 2101 2638 2166 virum,
2667 2103 2942 2157 rationem.
2989 2103 3217 2174 Serpens
3241 2120 3361 2164 sua.-

1815 2193 1920 2256 tlet,
1965 2191 2242 2246 delectatio
2261 2191 2608 2259 obtemperat,
2632 2195 2764 2248 ratio
2785 2196 3061 2250 consentit.
3093 2197 3360 2253 Moraliter

1814 2291 1985 2334 autem
2008 2296 2222 2348 serpens
2249 2281 2346 2334 iste
2378 2284 2656 2336 versutiam
2687 2283 3051 2339 haereticorum
3083 2287 3352 2348 latentem.

1816 2380 1868 2424 et
1895 2386 2026 2425 nova
2052 2369 2412 2439 exquirentem
2443 2371 2718 2438 signiﬁcat.
2763 2372 2861 2425 Per
2909 2373 3241 2426 Salomonem
3289 2389 3354 2428 es

1819 2476 2040 2533 persona
2067 2461 2430 2515 haereticorum
2471 2461 2660 2514 dicitur
2693 2477 2706 2513 :
2741 2462 2894 2531 Aqua:
2936 2461 3132 2526 furtiue
3157 2461 3356 2514 dulcio-

1817 2571 1896 2606 res
1923 2560 2064 2620 sunt,
2090 2561 2136 2606 et
2167 2553 2314 2620 panis
2359 2551 2675 2604 absconditus
2706 2554 2890 2605 suavis.
2927 2550 3083 2606 Eritis
3112 2555 3238 2606 sicut
3264 2553 3354 2606 dii.

1817 2640 1907 2696 Sic
1933 2651 1989 2696 et
2014 2639 2246 2695 universi
2269 2640 2585 2708 generaliter
2613 2640 2846 2695 lneretici
2881 2642 3170 2697 Divinitalis
3200 2647 3356 2698 meri-

1819 2736 1926 2780 tum
1971 2726 2296 2792 proﬁtentur,
2343 2728 2708 2793 promittentes
2753 2728 3022 2782 oculorum
3069 2733 3353 2786 carnalium

1815 2816 2164 2883 apertionem,
2217 2829 2283 2869 ne
2333 2813 2551 2869 interior
2604 2815 2786 2868 oculus
2835 2816 3164 2872 obscuretur.
3222 2818 3356 2872 Tulit

1818 2907 1998 2961 mulier
2028 2909 2249 2974 {ructant
2290 2911 2351 2960 dc
2382 2908 2518 2976 ligno
2560 2918 2608 2960 et
2654 2909 2887 2963 comedit.
2941 2908 3163 2964 Facilius
3215 2909 3356 2964 enim

1821 2999 2134 3069 persuadent
2156 2997 2391 3053 carnales
2413 2999 2476 3050 ad
2500 2999 2837 3066 peccandum,
2860 3013 3014 3067 quam
3038 3000 3349 3068 spirituales.

156 3096 223 3148 ad
256 3094 536 3148 mulierem
569 3091 698 3145 dicit
729 3109 740 3143 :
798 3091 969 3156 Quare
1013 3090 1104 3142 Itoc
1158 3089 1365 3156 fecisti?
1417 3085 1712 3141 Secundum
1746 3120 1793 3184 ο
1828 3090 1976 3144 Dedit
2008 3090 2114 3144 viro
2143 3105 2262 3150 suo,
2287 3088 2371 3154 qui
2396 3090 2630 3142 comedit.
2661 3089 2789 3156 Quia
2816 3099 2932 3157 post
2962 3089 3355 3146 delectationem

159 3184 301 3237 hanc
328 3182 558 3252 regulam
586 3182 831 3235 doctores
865 3181 1018 3234 decet
1059 3194 1152 3245 per
1192 3188 1271 3233 ter
1311 3179 1602 3245 increpare.
1655 3175 1720 3230 Et

157 3275 202 3326 si
235 3275 400 3328 etiam
433 3288 535 3324 non
563 3273 639 3325 sic
667 3271 836 3340 egerit
865 3269 1251 3337 paenitentiam,
1282 3267 1492 3336 ejicitur
1520 3267 1586 3320 de
1626 3267 1724 3321 Ec-

157 3363 350 3428 clesia,
387 3372 446 3416 ut
471 3362 637 3417 Adam
682 3363 746 3416 de
777 3362 1042 3430 paradiso.
1075 3361 1207 3428 Quia
1237 3361 1398 3430 fecisti
1423 3359 1537 3423 ltoc,
1569 3358 1724 3411 male-

157 3454 336 3507 dictus
359 3470 434 3516 es,
463 3463 518 3507 et
559 3454 776 3520 reliqua.
808 3451 957 3507 Nunc
985 3452 1272 3520 corporalis
1303 3467 1522 3520 serpens
1566 3465 1723 3506 vene-

159 3558 298 3595 num
335 3543 610 3608 accepisse
654 3541 865 3603 dit-itur,
895 3549 950 3593 et
995 3542 1136 3607 prius
1178 3555 1280 3594 non
1330 3540 1595 3602 habuisse,
1631 3555 1723 3604 pro
1772 3542 1782 3551 '

158 3648 268 3702 quo
297 3631 612 3686 maledictus
634 3630 843 3682 dicitur.
878 3629 971 3682 Vel
1010 3630 1052 3682 si
1083 3629 1146 3681 ad
1179 3630 1440 3683 diabolum
1473 3629 1719 3696 pertinet,

162 3716 483 3773 maledictus
511 3716 722 3778 dicitur,
750 3716 869 3783 quia
916 3714 1278 3783 paenitentiam
1308 3731 1468 3784 agere
1499 3731 1601 3770 non
1630 3731 1724 3784 po-

159 3821 292 3867 test.
319 3810 464 3864 Inter
491 3809 660 3862 omnia
687 3809 984 3874 animantia,
1012 3807 1061 3860 id
1091 3816 1192 3876 est,
1222 3808 1343 3876 quia
1374 3821 1521 3861 suam
1547 3823 1722 3862 serva-

157 3910 358 3955 verunt
385 3908 650 3954 naturam.
697 3896 761 3951 Et
797 3898 975 3952 bestias
1004 3907 1172 3957 terra.
1215 3897 1265 3950 id
1311 3905 1412 3962 est,
1461 3897 1719 3951 homines.

161 3995 335 4064 Super
371 4005 543 4064 pectus
574 4006 712 4047 tunm
756 3993 1020 4061 gradieris.
1057 3992 1288 4060 Serpens
1317 3993 1458 4047 enim
1504 3993 1723 4059 pedibus

158 4095 288 4140 ante
331 4085 430 4138 boc
459 4084 730 4139 ambulare
759 4082 977 4145 dicitur,
1009 4083 1146 4149 quod
1182 4082 1447 4137 afﬁrmare
1490 4098 1592 4136 non
1623 4098 1722 4134 au-

158 4177 283 4230 deo.
326 4173 392 4228 Et
420 4185 604 4228 terram
635 4174 885 4236 comedas,
937 4172 985 4224 id
1023 4180 1125 4234 est,
1167 4173 1346 4237 pulvis
1374 4171 1605 4238 serpenti
1637 4171 1717 4223 bi-

159 4265 468 4320 storialiter.
497 4264 665 4317 Donec
691 4263 949 4316 revertaris
972 4261 1022 4314 in
1051 4270 1254 4325 terram,
1288 4261 1336 4313 id
1364 4269 1466 4322 cst,
1489 4261 1540 4313 in
1568 4275 1719 4327 para-

161 4355 367 4418 disum,
405 4354 456 4407 in
511 4366 705 4407 terram
754 4366 1108 4406 communem.
1146 4351 1278 4416 Quia
1335 4349 1498 4417 pulvis
1554 4366 1625 4412 es,
1669 4358 1723 4404 et

1821 3182 2046 3238 carnalis
2087 3179 2524 3246 concupiscentia:
2570 3181 2731 3235 etiam
2789 3182 2921 3234 ratio
2969 3181 3254 3250 subjicitur
3288 3183 3351 3235 ad

1825 3273 2168 3342 peccandum.
2212 3272 2520 3327 Consuerunt
2545 3272 2668 3341 {alia
2698 3272 2799 3336 ﬁci.
2847 3273 2934 3326 Sic
2972 3286 3027 3326 so
3052 3281 3353 3341 contegunt,

1822 3363 1911 3432 qui
1940 3364 2188 3417 smculum
2243 3377 2478 3417 amarum
2527 3361 2930 3427 amplectuntur,
2961 3360 3206 3427 quoniam
3259 3375 3355 3427 pro

1821 3457 2022 3524 origine
2073 3453 2353 3521 voluptatis
2395 3449 2618 3506 carnalis
2661 3451 2989 3516 sarcientur;
3034 3453 3224 3521 quique
3261 3452 3356 3507 de-

1820 3547 1958 3616 cepti
1986 3546 2229 3600 heretica
2260 3544 2510 3614 pravitate
2535 3583 2551 3610 ,
2582 3553 2634 3598 et
2665 3544 2826 3612 gratia
2858 3543 2946 3597 Dei
2977 3544 3173 3607 nudati,
3215 3558 3362 3598 men-

1823 3637 2091 3692 daciorum
2117 3645 2376 3706 tegmenta
2404 3635 2553 3706 quasi
2588 3637 2666 3689 ﬁci
2705 3634 2823 3688 folia
2867 3635 3134 3702 colligunt,
3163 3636 3354 3688 iacien-

1825 3736 1904 3781 tes
1931 3726 2028 3780 sibi
2060 3727 2404 3780 succinctorta
2451 3723 2741 3792 pravitatis,
2774 3737 2890 3775 cum
2919 3722 2986 3775 de
3017 3722 3244 3774 Ecclesia
3275 3725 3356 3776 vel

1823 3814 1889 3869 de
1917 3815 2127 3868 Christo
2156 3815 2329 3867 minus
2357 3813 2581 3879 perlecta
2630 3811 2926 3880 loquuntur.
2959 3807 3081 3862 Cum
3106 3811 3363 3863 audissent

1821 3919 1987 3956 vocem
2005 3901 2208 3956 Domini
2245 3901 2603 3956 deambulantis
2624 3900 2675 3953 in
2700 3901 2954 3969 paradiso,
2973 3901 3038 3951 ad
3058 3915 3233 3951 auram
3253 3910 3364 3969 post

1825 3992 2101 4044 meridiem.
2140 3991 2450 4044 Deambulat
2491 3990 2626 4042 Deus
2658 3990 2706 4040 in
2737 3988 2860 4052 illis,
2892 4002 2993 4040 n0u
3026 3987 3215 4051 stabat,
3242 3987 3359 4055 quia

1825 4080 1875 4130 in
1905 4087 2165 4144 precepto
2216 4077 2352 4130 illius
2375 4092 2477 4129 non
2521 4076 2748 4128 stabant.
2783 4074 2845 4126 Et
2873 4074 3005 4127 bene
3057 4074 3135 4133 ad,
3171 4087 3348 4126 auram

1826 4175 1944 4233 post
1996 4164 2288 4228 meridiem,
2334 4166 2454 4232 quia
2511 4163 2576 4216 ab
2618 4163 2733 4216 .illts
2784 4162 3120 4216 auferebatur
3151 4163 3240 4215 lus
3271 4165 3357 4216 illa

1825 4255 2110 4311 ferventior
2124 4255 2378 4321 veritatis,
2401 4254 2936 4323 apprOpinquantibus
2953 4269 3192 4308 errorum
3219 4265 3363 4309 tene-

1827 4345 1952 4400 bris.
1988 4346 2364 4400 Absconderunt
2391 4362 2462 4409 se,
2491 4355 2546 4400 et
2580 4345 2797 4414 reliqua.
2824 4346 2878 4400 ln
2928 4347 3100 4401 medio
3146 4362 3366 4415 namque

163 4445 394 4511 reliqua.
454 4445 508 4496 In
551 4444 652 4496 hoc
704 4441 997 4497 ostenditur
1049 4441 1169 4505 quia
1213 4441 1368 4508 janua
1415 4439 1538 4492 vita:
1600 4439 1716 4492 luit.
1751 4435 1952 4504 Dligui
1983 4449 2040 4488 se
2067 4435 2365 4501 abscondit,
2406 4435 2493 4504 qui
2524 4449 2758 4489 versusa
2788 4435 2916 4498 Deo,
2954 4434 3006 4489 in
3034 4435 3230 4490 erroris
3282 4438 3363 4490 sui

164 4531 283 4586 Non
315 4531 500 4584 eodem
530 4542 704 4584 autem
740 4530 926 4584 ordine
966 4529 1203 4594 increpat
1235 4538 1287 4581 et
1325 4527 1609 4580 maledicit.
1644 4526 1724 4580 ln-

161 4628 350 4686 crepat
377 4619 516 4672 enim
547 4620 713 4671 virum
740 4619 986 4684 primum,
1014 4628 1066 4672 et
1088 4617 1279 4672 deinde
1303 4618 1595 4670 mulierem.
1623 4617 1725 4670 Sed

164 4711 270 4765 boc
301 4709 596 4763 diﬂ'erentia
623 4707 816 4774 culpae,
850 4717 904 4762 et
931 4722 1088 4761 causa
1134 4707 1400 4778 profectus
1428 4707 1572 4761 facit.
1617 4706 1724 4760 Ma-

164 4799 418 4852 ledicitur
447 4807 621 4850 autem
659 4810 898 4861 serpens,
931 4795 1123 4848 deinde
1170 4798 1377 4850 mulier.
1431 4795 1724 4850 Novissime

164 4900 348 4942 autem
391 4890 495 4951 vir,
527 4886 817 4942 secundum
864 4887 1103 4940 ordinem
1135 4888 1302 4954 culpae
1343 4897 1397 4941 et
1421 4888 1724 4942 delectatio-

166 4975 270 5028 nis.
306 4977 472 5032 Adam
501 4978 566 5030 de
594 4975 833 5045 paradiso
851 4976 1076 5041 eiicitur,
1110 4991 1176 5029 ne
1216 4977 1409 5042 lignum
1441 4979 1558 5031 vita:
1580 4993 1725 5032 com-

165 5066 376 5128 ederet,
411 5075 463 5119 et
491 5069 727 5121 mortalis
775 5077 948 5131 esset;
983 5065 1106 5134 quia
1129 5075 1299 5120 morte
1321 5065 1490 5119 sanati
1522 5082 1724 5134 sumus,

167 5155 322 5209 velut
364 5170 470 5208 non
497 5159 834 5226 cognovisset
871 5159 1031 5212 Evam
1065 5160 1115 5210 itt
1145 5157 1406 5224 paradiso.

242 5245 395 5299 Alius
435 5259 612 5301 autem
656 5250 724 5302 de
769 5250 1016 5318 paradiso
1046 5248 1174 5301 dicit
1211 5263 1226 5301 :
1261 5248 1543 5302 Paradisus
1582 5249 1729 5304 locus
1759 5242 1762 5244 ⁷

166 5344 251 5392 est
284 5343 435 5389 terra:
467 5336 553 5403 qui
600 5338 737 5391 nulla
789 5341 948 5392 maris
1001 5337 1367 5406 interjectione
1412 5352 1725 5408 separatur;

166 5425 264 5478 sed
298 5423 570 5490 prudentia
597 5425 770 5478 divina
811 5431 876 5482 ab
899 5430 986 5482 illo
1008 5430 1351 5498 sejungimur.

237 5513 385 5581 Jgnis
415 5512 572 5566 etiam
613 5513 894 5567 Clterubim
943 5517 1008 5570 ab
1036 5519 1154 5570 aliis
1198 5517 1488 5584 corporalis
1513 5518 1723 5586 dicitur,

169 5602 301 5654 dum
343 5617 626 5671 eorporeos
664 5601 841 5672 ejecit,
867 5620 934 5658 ne
976 5608 1027 5659 in
1058 5608 1362 5676 paradisum
1397 5619 1721 5663 reverteren~

173 5698 292 5754 tur;
328 5695 464 5760 quod
497 5694 651 5748 etiam
676 5709 996 5764 magnopere
1019 5713 1122 5752 non
1154 5699 1428 5754 conﬁrmo.
1462 5697 1719 5769 Spiritus-

1828 4535 1982 4597 alque
2013 4528 2212 4582 arbitrii
2237 4527 2587 4581 voluntatibus
2618 4527 2763 4580 vivit.
2801 4527 3004 4578 Vocavit
3032 4535 3196 4579 autem
3229 4526 3361 4580 Deus

1828 4618 2010 4678 Adam,
2032 4626 2078 4670 et
2102 4616 2248 4679 dixit,
2265 4615 2358 4670 Ubi
2380 4617 2469 4668 es?
2489 4615 2624 4683 Ergo
2639 4629 2740 4668 non
2757 4614 3368 4696 desperandungestqui-

1826 4701 2051 4756 buslibet
2077 4698 2457 4768 peccatoribus,
2475 4699 2596 4751 dum
2613 4707 2668 4752 et
2682 4699 2778 4766 ipsi
2796 4699 2936 4766 impii
2953 4698 3016 4752 ad
3040 4713 3183 4768 spem
3197 4701 3367 4754 indul-

1825 4792 2015 4861 gentize
2031 4797 2398 4858 provocantur.
2426 4786 2624 4841 Dicitur
2639 4797 2813 4840 autem
2831 4796 2947 4855 post
2972 4788 3084 4842 haec
3108 4791 3358 4858 serpenti,

1829 4884 2127 4938 Maledictus
2154 4897 2208 4934 es
2246 4881 2376 4932 inter
2406 4880 2574 4932 omnia
2594 4880 2870 4933 animantia
2891 4889 3033 4933 terrae
3055 4897 3073 4934 :
3102 4895 3253 4948 super
3277 4895 3365 4946 pe-

1825 4985 2094 5028 ctustuum
2119 4980 2162 5026 et
2186 4981 2403 5024 ventrem
2447 4987 2607 5038 rapes.
2645 4970 2877 5025 Pectoris
2908 4970 3116 5024 nomine
3160 4969 3359 5037 signiti-

1824 5076 1972 5122 catur
1995 5062 2236 5131 superbia
2272 5060 2460 5115 mentis
2479 5101 2494 5124 ,
2524 5061 2732 5115 nomine
2757 5069 2932 5114 autem
2961 5061 3175 5122 ventris,
3200 5059 3359 5126 signi—

1829 5153 2050 5208 ﬁcantur
2075 5147 2333 5205 desideria
2361 5150 2553 5202 carnis.
2572 5149 2822 5202 Autenim
2850 5158 3051 5200 terrena
3077 5146 3362 5217 cupiditate

1825 5243 2080 5311 decipies,
2125 5239 2353 5292 omnibus
2395 5238 2563 5290 diebus
2593 5238 2703 5289 vita:
2732 5247 2848 5301 tute,
2880 5236 2930 5288 id
2959 5244 3039 5288 est
3066 5236 3206 5290 omni
3231 5244 3366 5292 lent-

1829 5348 1957 5403 pore
1988 5345 2091 5398 quo
2123 5331 2232 5399 agis
2261 5331 2395 5383 banc
2435 5335 2766 5396 potestatem.
2813 5324 3140 5380 Inimicitiam
3182 5344 3366 5397 ponam

1828 5427 1958 5478 inter
1986 5432 2047 5487 te,
2076 5431 2121 5475 et
2142 5422 2419 5488 mulierem,
2443 5431 2487 5472 et
2511 5434 2677 5472 semen
2717 5429 2857 5471 tuum
2895 5428 2941 5472 et
2979 5436 3143 5473 semen
3190 5422 3366 5489 ipsius.

1831 5517 2022 5574 Semen
2075 5515 2269 5569 diaboli
2310 5497 2576 5580 suggesiio
2609 5525 2855 5580 perversa
2884 5521 3003 5566 est.-
3038 5512 3226 5568 Semen
3256 5528 3366 5567 mu-

1831 5612 1992 5671 lieris,
2027 5608 2077 5662 id
2130 5615 2211 5661 est
2255 5605 2467 5667 mentis,
2532 5604 2731 5658 fructus
2761 5611 2842 5658 est
2889 5603 3010 5657 boni
3053 5602 3246 5668 operis.
3277 5603 3364 5669 qui

1833 5714 2090 5769 perversa:
2116 5696 2431 5767 suggestioni
2462 5696 2720 5753 renititur.
2755 5692 2876 5763 Ipstt
2903 5702 3050 5760 caput
3082 5701 3220 5744 ttnnn
3248 5706 3374 5744 con»
