3872 6262
180 433 277 489 Il'i

946 430 1010 486 IN
1047 417 1599 484 PENTATEUCIIUM
1637 411 2117 472 COMMENTARII.
2149 443 2222 458 -
2256 415 2556 477 (ΞΕΝΕὸΙᾶ

3249 413 3351 470 218

176 543 321 608 dicit,
343 541 581 615 Cogitat-it
612 555 815 594 exurens
842 518 1002 605 suam,
1017 540 1074 593 id
1098 547 1178 592 est
1205 534 1470 590 Christum
1497 538 1554 585 et
1579 529 1724 600 Syn-
1751 522 1800 578 Δ
1826 525 1915 592 (ιιιὶ
1941 526 2138 580 elusus
2164 537 2246 581 est
2274 527 2324 580 in
2354 526 2712 582 missionem
2752 527 2986 581 omnium
3018 537 3347 594 peccatorum

177 645 394 700 agogam
436 629 786 700 intimorum,
834 642 951 697 qua
1019 626 1260 693 concepit
1306 623 1358 678 in
1403 621 1518 691 lege
1567 629 1721 674 natu-

177 733 274 790 ru.
303 728 358 775 et
399 720 597 787 peperit
642 717 695 771 in
741 717 856 786 lege
900 716 1120 778 littera,
1150 714 1226 768 vel
1277 713 1328 766 in
1377 713 1490 781 lege
1530 708 1719 763 littora

176 811 457 876 concepit,
489 820 542 864 et
588 811 640 863 iu
684 808 828 864 Novo
869 809 1090 876 peperit.
1134 805 1246 859 Non
1295 804 1582 868 incongrue
1625 813 1718 865 per

175 903 304 958 Cain
329 902 548 971 populus
567 901 815 957 Iudaicus
835 898 1178 970 signiﬁcatur,
1201 912 1296 964 pro
1316 910 1420 959 quo
1440 895 1716 965 Synagoga

176 994 370 1060 gratias
397 990 524 1059 agit,
555 992 692 1044 sicut
737 990 843 1043 Eva
893 1004 987 1057 pro
1025 989 1148 1052 isto,
1178 995 1234 1042 et
1260 1001 1354 1054 pro
1386 985 1538 1039 bonis
1564 992 1720 1035 terra

181 1079 402 1135 Domino
423 1078 704 1137 serviebat.
737 1088 792 1132 ut
818 1087 919 1141 est,
944 1077 1070 1142 Qua
1098 1076 1227 1128 bona
1253 1081 1370 1125 sunt
1399 1083 1542 1125 terra
1567 1085 1718 1122 utan-

177 1169 446 1232 dutabitis,
471 1169 608 1224 sicut
635 1168 718 1223 hic
744 1166 970 1236 agricola
1003 1168 1161 1220 fuisse
1191 1164 1460 1220 scribitur.
1503 1161 1721 1230 Murali-

176 1267 258 1312 ter
285 1269 410 1312 vero
437 1271 528 1324 per
556 1256 744 1318 Adam,
771 1266 960 1308 sensus
1004 1253 1268 1320 perlectus
1291 1292 1307 1316 ,
1345 1261 1400 1307 et
1431 1266 1523 1319 per
1549 1251 1716 1304 Evam

173 1362 319 1402 caro.
352 1347 449 1402 Per
475 1346 603 1400 Cain
636 1360 763 1399 vero
788 1359 974 1400 sensus
997 1344 1144 1408 mali,
1169 1359 1261 1411 per
1289 1344 1418 1397 Abel
1443 1342 1566 1398 boni
1585 1381 1603 1407 ,
1626 1340 1718 1408 qui

172 1445 399 1490 caeteros
426 1449 615 1489 sensus
636 1433 956 1498 custodiunt,
986 1442 1040 1486 ut
1067 1432 1151 1486 hic
1178 1431 1358 1484 ovium
1399 1440 1576 1499 pastor
1603 1429 1719 1483 fuit.

179 1525 305 1579 Post
332 1525 512 1577 multos
537 1524 676 1585 dies,
712 1523 762 1574 id
791 1532 909 1588 est,
939 1521 1108 1575 donec
1139 1521 1351 1574 haberet
1388 1520 1523 1586 quod
1554 1517 1717 1572 oder-

174 1622 290 1675 ret.
338 1622 393 1667 et
422 1611 506 1665 hic
533 1612 828 1665 ostenditur
873 1603 1013 1676 quod
1057 1609 1197 1663 Deus
1237 1609 1303 1662 ab
1351 1608 1565 1662 homine
1613 1621 1716 1660 non

170 1703 340 1773 exigit
357 1702 492 1767 quod
521 1717 624 1754 non
655 1701 829 1755 habet.
861 1698 1002 1753 Dixit
1026 1707 1192 1752 autem
1219 1697 1354 1752 Deus
1373 1697 1441 1752 ad
1463 1696 1586 1749 Cain
1611 1711 1631 1750 :
1653 1693 1718 1751 Si

1813 616 1880 669 de
1907 631 2062 668 manu
2093 617 2465 682 persecutoris,
2491 615 2718 670 nolentis
2747 630 2865 669 esse
2893 617 2992 669 Sub
3020 616 3182 683 gratia
3201 656 3218 680 ,
3243 615 3337 671 sed

1813 705 1912 760 sub
1956 707 2253 760 maledicto.
2291 707 2596 774 Quicunque
2639 707 2780 760 enim
2833 721 2896 759 ex
2943 706 3193 773 operibus
3223 707 3353 774 legis

1814 803 1954 859 sunt,
1987 796 2085 849 sub
2131 794 2409 848 maledicto
2435 803 2579 848 sunt.
2608 792 2731 848 Cunt
2759 804 2992 860 operatus
3034 795 3221 862 fueris.
3251 810 3352 846 non

1814 883 2016 934 dabitur
2057 882 2146 934 tibi
2187 883 2403 950 fructus.
2432 883 2487 936 ln
2529 891 2667 935 terra
2693 883 2834 935 enim
2860 921 2876 947 ,
2919 897 3073 946 quam
3116 880 3352 935 Christus

1817 974 2059 1041 portavit,
2094 973 2143 1025 id
2172 983 2273 1036 est,
2303 975 2354 1025 in
2379 987 2540 1026 carne
2580 973 2694 1039 eius
2735 973 2932 1040 operati
2961 981 3080 1024 sunt
3127 972 3346 1025 salutem

1816 1071 2073 1125 nostram,
2094 1061 2448 1129 cruciﬁgeudo
2475 1060 2765 1126 Christum,
2797 1075 2943 1113 suam
2971 1069 3143 1113 autem
3176 1058 3349 1125 perdi-

1819 1152 2032 1205 tionem.
2067 1150 2214 1206 Unde
2236 1165 2514 1218 resurgens
2533 1192 2550 1216 ,
2583 1151 2647 1203 iis
2676 1165 2705 1203 a
2734 1151 2922 1218 quibus
2961 1146 3240 1202 cruciﬁxus
3268 1155 3350 1199 est

1817 1255 1922 1296 non
1945 1241 2204 1306 apparuit.
2239 1239 2590 1293 llistorisliter
2617 1253 2743 1292 vero
2776 1235 2905 1290 Cain
2934 1235 3240 1288 maledictus
3269 1243 3352 1287 est

1819 1328 2169 1384 mendicitate.
2194 1329 2249 1382 In
2278 1344 2343 1384 eo
2370 1344 2493 1382 vero
2520 1327 2658 1398 quod
2699 1325 2854 1392 dicit,
2903 1325 3169 1378 latedicta
3195 1333 3350 1388 terra,

1817 1427 1873 1474 et
1898 1418 2119 1486 reliqua,
2147 1432 2312 1487 usque
2339 1418 2412 1470 De
2439 1434 2592 1470 manu
2622 1428 2738 1479 tua,
2771 1427 2943 1484 potest
2971 1415 3189 1482 intelligi
3222 1414 3349 1482 quia

1816 1507 2028 1576 sanguis
2049 1507 2311 1577 iustorum
2341 1506 2534 1561 lructus
2564 1514 2716 1559 terra
2743 1505 3017 1568 diminuitL
3042 1520 3145 1558 non
3176 1514 3350 1558 autem

1818 1597 2028 1666 sanguis
2044 1597 2288 1652 vindictae
2311 1595 2597 1651 secundum
2627 1597 2816 1664 legem.
2834 1594 3004 1663 Vagus
3023 1595 3354 1662 et'profugus,

1820 1690 1950 1751 sive,
1970 1693 2029 1741 ut
2047 1686 2383 1754 Septuaginta
2414 1685 2809 1749 transtulerunt,
2831 1699 3029 1755 gemens
3048 1693 3095 1737 et
3114 1692 3350 1737 trentcns.

171 1803 306 1895 recte
329 1791 528 1895 alnus,
556 1801 603 1844 et
627 1801 760 1895 rectf
791 1783 893 1844 non
931 1789 1127 1894 dividas
1144 1829 1161 1854 ,
1197 1788 1429 1892 peccasti.
1615 1785 1713 1892 etgl
1747 1833 1795 1895 Β
1824 1779 2098 1895 Ecce‘qui's
2128 1795 2232 1895 no?
2263 1778 2434 1878 videat
2457 1777 2725 1895 illiut-nodo
2750 1779 2839 1895 sit.
2855 1773 3359 1895 vag‘ttsuet’prolngu?

172 1881 242 1937 Ju
264 1883 344 1937 lat
375 1883 536 1937 multa
561 1889 704 1936 recte
732 1882 993 1946 fecerunt,
1019 1881 1070 1934 in
1099 1894 1166 1934 eo
1190 1889 1366 1933 tamen
1397 1879 1720 1932 ἰηιδάοιίιιιῖι
1749 1863 1795 1895 ⁵
1822 1869 2039 1938 populus
2068 1868 2244 1930 lsrael,
2274 1868 2325 1921 in
2354 1865 2596 1934 gentibus
2624 1877 2842 1934 gemens
2873 1863 3068 1915 amisso
3093 1875 3278 1929 regno,
3300 1870 3356 1914 et

173 1972 254 2025 rei
283 1979 404 2024 sunt
423 2007 443 2036 ,
473 1971 590 2036 quia
617 1970 829 2024 Christo
847 1971 1094 2024 veniente
1129 1977 1339 2036 tempus
1379 1967 1722 2022 Novi-Testa-

171 2061 393 2116 mentia
421 2071 654 2124 tempore
681 2058 887 2113 Veteris
932 2075 1035 2113 non
1076 2058 1446 2113 distinxerunt.
1495 2057 1628 2125 Quia
1677 2056 1720 2110 si

173 2152 596 2219 obtemperasset
623 2151 746 2205 Cain
773 2150 901 2215 Deo,
926 2151 1137 2220 adjutus
1159 2147 1496 2219 intelligentia
1515 2148 1722 2217 gratia,

172 2245 547 2301 dominaretur
577 2245 694 2311 ipse
722 2252 939 2311 peccato
965 2257 1082 2309 suo,
1111 2252 1164 2297 et
1193 2257 1297 2296 non
1324 2240 1592 2296 occideret
1619 2240 1725 2292 fra-

171 2345 314 2390 trem
360 2335 714 2389 innocentem.
757 2333 848 2389 Sic
892 2343 945 2388 et
989 2333 1190 2397 Judati,
1225 2333 1277 2386 in
1305 2345 1531 2400 quorum
1561 2330 1724 2395 ﬁgura

113 2452 122 2462 '
166 2424 490 2491 «οωωηωι-
521 2425 650 2485 hac.
689 2423 1020 2490 quiescerent
1065 2438 1094 2476 a
1143 2437 1236 2475 sua
1286 2405 1719 2488 perturbatione,

170 2526 384 2582 tempus
411 2513 594 2567 salutis
612 2522 665 2566 et
694 2511 1016 2566 remissionis
1037 2517 1370 2578 peccatorum
1391 2496 1722 2577 cognoscen-

170 2614 304 2659 tes:
335 2604 575 2658 audirent
626 2601 890 2656 Christum
941 2601 1205 2655 dicentem
1248 2613 1313 2652 se
1362 2612 1468 2651 non
1517 2596 1727 2650 venisse

169 2705 372 2745 vocare
393 2691 600 2758 justus,
629 2690 721 2744 sed
763 2701 1097 2758 peccatores,
1142 2697 1198 2740 ut
1235 2693 1667 2739 converterentur
1695 2696 1725 2735 a

173 2789 400 2849 peccato
429 2795 549 2842 suo,
581 2789 634 2834 et
663 2780 714 2832 in
739 2767 1068 2834 confessione
1093 2777 1442 2831 salvarentur.
1469 2774 1614 2828 Nunc
1632 2787 1724 2826 an-

173 2878 290 2924 tem
317 2869 618 2937 ignorantes
646 2867 734 2920 Dei
757 2866 1032 2935 justitiam,
1061 2875 1112 2918 et
1133 2878 1282 2917 suam
1309 2874 1605 2928 atmrentes
1625 2872 1731 2914 sta-

178 2966 368 3023 tuere,
411 2956 627 3026 justitite
656 2954 745 3008 Dei
776 2969 877 3008 non
899 2963 1020 3006 sunt
1056 2951 1298 3020 subjecti.
1331 2951 1394 3002 Et
1420 2958 1730 3005 exarserunt

175 3048 233 3101 in
270 3044 544 3100 iracundia
573 3052 756 3097 contra
780 3042 1043 3096 Christum
1062 3082 1077 3105 ,
1110 3041 1257 3106 cujus
1287 3040 1527 3092 videntes
1569 3052 1729 3104 opera

1819 1967 2048 2015 tremens
2096 1957 2285 2010 timore
2336 1955 2433 2010 sub
2490 1952 2806 2008 Christianis
2858 1949 3350 2004 innumerabilibus.

1821 2049 2043 2116 Ideoque
2089 2045 2359 2112 respondit
2395 2043 2523 2099 Cain
2560 2045 2779 2097 dicens:
2810 2039 2982 2100 Maior
3007 2049 3078 2091 est
3115 2039 3355 2105 iniquitas

1819 2152 1950 2198 mea,
1977 2151 2128 2202 quam
2154 2143 2206 2188 ut
2229 2136 2419 2187 veniant
2446 2148 2654 2196 merear,
2695 2141 2748 2185 et
2785 2132 3000 2196 reliqua.
3028 2127 3162 2181 Vere
3190 2125 3352 2180 ludas

1819 2237 1980 2294 Vagus
2007 2232 2060 2277 et
2103 2223 2348 2293 profugus
2376 2223 2538 2291 gemit
2581 2233 2635 2275 et
2676 2219 2870 2280 tremit,
2901 2233 2965 2270 ue
2993 2230 3154 2277 regno
3196 2214 3352 2267 etiam

1823 2326 2031 2372 terreno
2061 2315 2267 2380 perdito
2290 2354 2308 2381 ,
2352 2316 2450 2367 ista
2479 2313 2670 2367 visibili
2700 2323 2866 2365 morte
2896 2304 3357 2362 occidatnrtllanc

1823 2405 1949 2460 dicit
1976 2407 2222 2469 majorem
2249 2417 2459 2456 causam
2487 2417 2642 2469 quam
2671 2401 2809 2453 illam
2838 2399 2976 2468 quod
3002 2396 3197 2448 inducis
3221 2403 3357 2447 terra

1825 2506 2004 2550 nostra
2035 2509 2140 2548 non
2169 2493 2256 2549 dat
2285 2491 2511 2547 fructum
2540 2505 2714 2551 suum,
2738 2491 3132 2564 absconsusque
3166 2499 3193 2534 τι
3227 2482 3358 2536 [acie

1827 2584 1939 2646 Dei,
1972 2587 2156 2636 iratum
2184 2582 2339 2636 habet
2369 2579 2550 2635 Deum.
2583 2578 2710 2632 Cain
2745 2592 2886 2631 vero~
2917 2586 3116 2642 septem
3149 2583 3357 2639 peccata

1828 2681 2151 2741 reputantur.
2185 2670 2415 2724 Primum
2439 2712 2456 2735 ,
2496 2667 2633 2736 quod
2665 2667 2799 2719 male
2825 2663 3028 2741 divisit.
3061 2673 3115 2715 ut
3140 2671 3253 2720 est,
3283 2659 3361 2710 Ad

1826 2740 1950 2814 Cain
1979 2775 2091 2814 vero
2134 2767 2184 2813 et
2216 2759 2284 2810 ad
2311 2771 2516 2810 munera
2539 2758 2647 2823 ejus
2675 2770 2771 2806 non
2796 2740 3032 2820 respexit.
3066 2746 3360 2802 Secundum

1830 2865 1979 2914 vero,
2008 2849 2144 2917 quod
2176 2847 2455 2908 inviderat,
2479 2853 2557 2906 ut,
2583 2841 2845 2905 [ratusque
2872 2849 2940 2891 est
2961 2836 3107 2890 Cain.
3132 2834 3364 2888 Tertium

1830 2940 1968 3006 quod
2008 2937 2172 2991 tristis
2199 2936 2313 2999 fuit,
2344 2947 2424 2998 ut,
2451 2930 2678 2986 Concidit
2709 2929 2873 2981 vultus
2911 2929 3040 2998 ejus.
3070 2924 3320 2991 Quartum
3343 2959 3361 2983 ,

1833 3027 2191 3089 homicidium,
2219 3035 2297 3088 ut,
2318 3023 2572 3087 Interfecit
2591 3035 2720 3072 eunt.
2743 3019 2992 3083 Quintum
3011 3012 3359 3080 tttcnd‘scium,

171 3149 399 3204 accepta
423 3136 532 3190 Deo
560 3149 698 3198 esse,
729 3133 1022 3187 doluerunt.
1047 3104 1317 3186 Occiditur
1338 3129 1468 3184 Abel
1494 3127 1672 3197 junior
1698 3141 1726 3178 a
1759 3149 1804 3212 ε
1834 3129 1909 3212 ut,
1943 3119 2041 3184 Qui
2071 3117 2343 3185 respondit,
2624 3109 2837 3212 ξθξιιξιη
2861 3147 2878 3172 ο
2922 3104 3367 3212 ΨιυάΔρωηίέεθο

177 3189 354 3279 [ῥινὶ
383 3226 605 3292 majore,
630 3189 884 3279 occiditur
911 3223 1152 3276 Christus
1180 3230 1336 3290 caput
1365 3189 1540 3288 popuii
1563 3220 1730 3271 mitto—
1759 3189 1804 3212 υ
1836 3210 1957 3262 tiam
1987 3222 2088 3260 non
2112 3215 2307 3274 egi-rat,
2335 3211 2410 3266 ut,
2446 3200 2579 3292 Quid
2620 3198 2805 3292 fecisti,
2832 3209 2994 3264 usque
3029 3193 3094 3292 ad
3135 3206 3231 3243 nte.

175 3315 261 3369 ris
283 3329 314 3368 a
344 3315 536 3382 populo
561 3313 882 3368 Jutlcorum.
916 3311 1098 3366 Nonne
1121 3315 1163 3365 si
1182 3313 1303 3364 bene
1323 3312 1479 3381 egeris
1498 3309 1729 3377 recipies,

175 3406 231 3459 id
263 3413 350 3458 est
376 3403 745 3457 abundantiam
775 3404 854 3456 vel
879 3403 1074 3478 ignem,
1105 3400 1166 3455 Si
1190 3411 1353 3453 autent
1382 3399 1529 3458 male,
1563 3410 1729 3465 usque

172 3494 411 3549 adliceret
437 3501 691 3563 peccatum
716 3502 855 3544 tuum
886 3493 938 3544 iu
975 3491 1165 3560 {oribus
1188 3505 1208 3544 :
1229 3491 1434 3557 signum
1463 3486 1730 3542 mendaci-

173 3586 310 3637 tatis
335 3581 659 3650 intelligitur.
683 3580 737 3634 lu
759 3596 822 3634 eo
843 3596 969 3633 vero
990 3580 1126 3647 quod
1148 3580 1296 3640 dicit,
1318 3579 1404 3630 sed
1425 3578 1514 3628 sub
1543 3585 1590 3628 te
1607 3575 1725 3639 erit,

172 3671 549 3741 penitentiam
575 3672 849 3723 committit
877 3687 890 3720 :
921 3671 1169 3737 appetitus
1201 3669 1367 3727 illius.
1400 3667 1451 3719 id
1482 3674 1563 3719 est
1602 3677 1729 3731 pec-

171 3760 292 3814 cuti
325 3777 337 3812 :
374 3756 436 3811 Et
464 3769 516 3810 tu
555 3758 888 3811 dominaberis
920 3758 1054 3810 illius
1079 3771 1099 3810 :
1122 3772 1181 3811 ac
1207 3757 1249 3809 si
1276 3767 1456 3824 aperte
1485 3756 1683 3810 diceret
1711 3772 1724 3806 :

170 3849 294 3904 Sub
320 3859 404 3901 tua
423 3854 687 3915 potestate
715 3857 815 3910 est,
840 3832 882 3898 si
906 3846 1038 3900 bene
1069 3846 1152 3898 vel
1190 3845 1326 3898 male
1356 3842 1546 3911 egeris.
1578 3841 1728 3908 Quod

165 3946 362 3990 autem
394 3933 521 3989 Cain
550 3935 674 3989 dicit
701 3953 713 3988 :
748 3934 1081 4005 Egrediontur
1107 3937 1272 4002 foras,
1316 3933 1366 3986 in
1399 3933 1522 3986 dolo
1548 3932 1721 4001 loqui-

165 4041 285 4089 tur.
301 4029 549 4097 qnudque
568 4030 633 4083 de
654 4027 744 4082 illo
763 4029 984 4094 Spiritus
1015 4027 1161 4086 dicit,
1184 4025 1313 4078 Cum
1335 4026 1552 4078 surrexit
1579 4023 1724 4086 Cain,

162 4117 443 4187 signiﬁcat
475 4134 594 4170 cum
624 4117 744 4170 odio
773 4118 852 4170 vel
896 4118 1104 4169 diabolo
1145 4123 1479 4183 suggerente.
1511 4112 1610 4166 Ubi
1650 4122 1723 4164 est

161 4204 305 4261 Abel
351 4208 508 4274 frater
533 4207 680 4258 tuus?
707 4206 815 4258 Non
847 4216 1090 4274 tzinquttn
1120 4204 1364 4274 ignarus,
1407 4216 1526 4254 cum
1556 4217 1585 4253 a
1615 4201 1726 4252 Deo

161 4300 385 4359 discat,
414 4295 737 4362 interrogat,
767 4299 856 4348 sed
901 4309 1142 4360 tauquam
1171 4294 1326 4362 judes
1372 4308 1518 4346 reum
1570 4307 1724 4359 quem
1780 4353 1784 4358 ν

164 4388 389 4459 puniat.
417 4387 594 4454 Usque
632 4400 765 4438 nunc
805 4402 923 4438 cum
970 4389 1353 4452 interrogamus
1397 4383 1609 4438 Judzros
1663 4383 1728 4436 de

161 4448 428 4541 Christo,
455 4448 661 4528 nescire
690 4487 747 4527 se
772 4472 1034 4526 Christum
1065 4448 1400 4536 respondent.
1429 4471 1808 4539 Essemus--0
1832 4459 2078 4530 gendum,
2108 4464 2262 4519 atque
2292 4466 2410 4506 cum
2440 4449 2645 4502 diabolo
2671 4448 2753 4541 vel

1833 3301 2047 3365 ptimum
2078 3293 2216 3362 quod
2243 3292 2472 3358 seipsunt
2503 3287 2820 3355 desperavit,
2851 3293 2905 3335 ut
2923 3322 2939 3345 ,
2968 3282 3131 3347 major
3157 3289 3234 3331 est
3261 3277 3364 3328 ini-

1828 3387 1988 3455 quitas
2018 3398 2125 3436 mea
2143 3398 2291 3452 quant
2311 3390 2365 3432 ut
2385 3379 2576 3431 neniam
2602 3389 2811 3428 merear.
2840 3370 2987 3438 Quod
3013 3378 3186 3421 autem
3213 3365 3361 3455 dicit,

1831 3453 2162 3540 Nequaquam
2190 3471 2259 3520 ita
2284 3468 2391 3534 ﬁet,
2412 3464 2488 3518 sic
2512 3459 2924 3528 intelligendum,
2951 3453 3362 3523 quasidixisset,

1829 3564 1940 3618 Non
1969 3563 2103 3614 sicut
2130 3561 2280 3621 dicis,
2309 3557 2504 3611 Omnes
2531 3553 2776 3608 occidunt
2797 3561 2867 3614 te,
2891 3548 2982 3602 sed
3012 3560 3164 3599 unus.
3188 3542 3358 3609 Quod-

1828 3667 1927 3723 que
1949 3650 2202 3720 sequitur,
2238 3648 2417 3700 Posuit
2442 3646 2575 3699 Deus
2603 3646 2654 3696 in
2679 3645 2897 3710 signum,
2923 3641 3001 3692 sic
3032 3638 3166 3691 istud
3198 3637 3248 3688 in
3272 3635 3360 3686 illo

1830 3741 2219 3811 intelligendum
2247 3750 2350 3802 est,
2395 3737 2533 3811 quod
2559 3735 2724 3795 dicit,
2761 3728 3093 3797 Nequaquam
3135 3726 3206 3776 ita
3252 3723 3360 3789 ﬁet.
3445 3783 3448 3786 λ

1831 3838 1951 3892 llaec
2131 3846 2244 3902 qua
2269 3830 2403 3883 inter
2431 3809 2558 3879 Abel
2587 3818 2643 3876 et
2665 3820 2795 3874 Cain
2823 3831 2936 3872 acta
2964 3826 3083 3868 sunt
3103 3855 3118 3878 ,
3145 3818 3363 3880 possunt

1829 3933 1988 3982 etiam
2020 3922 2284 3976 moraliter
2313 3921 2375 3971 ad
2403 3929 2616 3969 sensum
2647 3913 2837 3963 bonum
2869 3909 3167 3971 malumque
3197 3901 3360 3956 refer-

1829 4019 1896 4082 ri,
1928 4022 1982 4068 ut
2013 4029 2103 4081 per
2134 4009 2450 4064 etInsionent
2501 4000 2765 4068 sanguinis
2798 3999 2924 4052 Abel
2954 4007 3140 4050 sensus
3181 3991 3300 4042 boni
3332 4005 3359 4040 a

1830 4104 1969 4156 malo
1989 4100 2158 4153 aversi
2189 4095 2573 4160 intelligantur;
2603 4098 2654 4141 et
2698 4092 2835 4140 sicut
2879 4095 3119 4149 superius
3157 4081 3354 4132 dictum

1828 4201 1946 4250 est,
1976 4189 2040 4238 ad
2083 4184 2348 4237 Christum
2399 4189 2450 4230 et
2477 4177 2542 4230 ad
2575 4175 2819 4242 μομιιιιιιιι
2863 4173 3194 4228 Ιυάῖειιΐιιιιι,
3238 4182 3355 4233 quat

1829 4278 1984 4331 ambo
2011 4276 2098 4327 lilii
2127 4274 2416 4341 Syttagogte
2447 4275 2586 4319 sunt.
2615 4266 2709 4329 Qui
2733 4263 2890 4316 etiam
2919 4260 3181 4313 Christum
3217 4254 3354 4305 iuras

1830 4372 1997 4430 dum,
2027 4369 2184 4420 idest
2219 4375 2362 4417 estra
2413 4360 2672 4413 civitati-nt
2719 4354 3008 4407 Jerusalem
3054 4349 3118 4399 ad
3158 4341 3365 4398 crucifi-

2778 4458 2896 4496 cum
2928 4441 3052 4491 odio
3087 4435 3279 4491 Christi
3314 4434 3362 4483 iu

162 4577 287 4620 tem
322 4523 711 4632 quddammodo
739 4564 936 4617 Christi
984 4523 1724 4626 custode—3",“;Christ-iuuant

1829 4523 1927 4603 hoc
1952 4563 2083 4615 Opus
2111 4544 2459 4600 coosurresit.
2495 4537 2731 4606 Nunquid
2759 4542 2922 4585 custos
2950 4529 3099 4582 sum?
3122 4523 3366 4632 ungtjid

159 4653 518 4710 custodirent
547 4652 726 4704 tidem.

248 4740 393 4796 Dicit
431 4736 568 4790 Deus
594 4740 662 4789 ad
690 4739 830 4800 Cain,
863 4738 993 4802 Quid
1021 4738 1213 4802 fecisti?
1231 4753 1324 4787 vos:
1345 4739 1602 4806 sanguinis
1626 4739 1731 4803 [ra-

160 4835 269 4890 tris
299 4831 379 4885 tui
399 4828 584 4882 clamat
610 4827 678 4879 ad
703 4844 780 4880 me
806 4831 865 4880 de
886 4840 1031 4881 terra.
1055 4828 1144 4883 Sic
1168 4829 1340 4896 arguit
1369 4827 1418 4878 itt
1446 4829 1731 4891 Scripturis

161 4909 280 4980 uox
318 4923 493 4977 divina
519 4917 749 4972 indutos.
779 4918 942 4972 Habet
967 4921 1104 4972 enim
1129 4931 1363 4984 magnam
1395 4931 1579 4968 vocem
1606 4931 1730 4968 san-

158 5012 362 5083 gttinis
381 5007 579 5063 Christi
603 5007 654 5059 in
684 5013 852 5066 terra,
881 5020 997 5055 cum
1042 5021 1106 5058 eo
1133 5013 1348 5074 accepto
1390 5003 1456 5055 ah
1486 5003 1732 5058 omnibus

159 5099 436 5169 gentibus
480 5092 849 5163 respondetur,
881 5093 1068 5145 Amen.
1112 5094 1232 5147 llaac
1283 5102 1364 5147 est
1411 5107 1508 5145 vos
1557 5093 1727 5156 clara,

162 5202 346 5258 quem
379 5186 594 5250 sanguis
622 5185 732 5252 ipse
760 5181 1005 5247 exprimit
1051 5196 1118 5234 es
1145 5197 1239 5234 ore
1290 5183 1538 5235 ﬁdelium.
1572 5180 1626 5234 In
1666 5196 1731 5234 eo

157 5278 328 5353 quod
357 5274 509 5338 dicit;
539 5272 721 5326 Frater
760 5283 910 5333 tuus,
949 5284 1323 5325 commemorat
1362 5273 1727 5339 cogitationem

112 5379 408 5438 ﬁcorum,
456 5372 512 5414 ut
542 5361 851 5428 paenitentia
893 5370 1383 5424 compungerentur.
1429 5357 1729 5412 Maledictus

157 5463 279 5518 eris
312 5461 688 5523 superterratn.
718 5452 806 5504 illa
837 5465 990 5519 quam
1024 5448 1160 5501 Dens
1185 5448 1328 5500 dedit
1354 5450 1537 5502 semini
1568 5449 1731 5499 Abra-

163 5552 283 5609 hae.
325 5544 380 5598 in
410 5553 515 5607 qua
541 5537 735 5590 Citriin
765 5540 1068 5607 sanguinem
1099 5535 1358 5588 fuderunt.
1394 5537 1482 5590 Vel
1527 5544 1674 5588 certe
1701 5548 1728 5585 a

159 5629 351 5699 prta,
383 5632 434 5686 id
456 5637 538 5684 cst
566 5628 633 5680 ab
675 5626 939 5696 Ecclesia,
983 5641 1102 5696 quae
1142 5627 1348 5694 aperuit
1396 5642 1456 5680 os
1492 5640 1641 5678 suum
1678 5626 1728 5678 in

158 5725 519 5792 confessione
543 5727 871 5791 peccatorum
898 5737 910 5770 :
933 5719 1170 5788 accipere
1192 5717 1490 5784 sanguinem
1513 5714 1725 5780 Christi,

1826 4655 1918 4708 ego
1943 4613 2054 4690 sum
2079 4637 2239 4696 rabbi,
2264 4632 2556 4698 signiﬁcare
2587 4633 2813 4691 putatur.
2842 4619 3016 4669 Umnis
3049 4617 3137 4682 qui
3167 4613 3363 4708 occide.

1828 4701 1893 4782 rit
1923 4727 2077 4792 Cain,
2116 4725 2400 4792 septuplum
2445 4718 2694 4787 punietur.
2724 4713 2882 4773 Sive,
2925 4718 2980 4759 ttt
3027 4701 3361 4770 Septuaginta

1829 4819 2234 4873 tranetuleruttt,
2265 4820 2451 4876 septeni
2480 4808 2718 4858 vindictas
2752 4800 2988 4853 exsolvet.
3034 4795 3356 4876 Disseratuns

1829 4909 2050 4976 primum
2077 4905 2224 4970 juxta
2254 4874 2546 4954 historiam.
2578 4891 2698 4954 quid
2743 4886 2997 4976 signiﬁcat
3020 4923 3036 4947 ,
3076 4878 3262 4976 (torni:
3277 4874 3362 4941 qui

1828 4959 2237 5049 occiderit'Cain,
2260 4983 2544 5053 septupium
2567 4978 2818 5040 punietur.
2840 4968 2994 5022 Certe
3028 4963 3198 5053 noluit
3223 4959 3361 5053 licus

1830 5083 1968 5137 illius
1995 5047 2323 5141 compendiu'
2358 5069 2540 5124 mortis
2590 5064 2739 5115 linire
2785 5063 3115 5141 ειιιοιιιιιιιιι.⁸
3144 5047 3357 5141 Videtur

1827 5132 1968 5228 enim
2010 5132 2132 5221 illud
2167 5163 2495 5216 desiderasse
2532 5155 2657 5207 Cain
2685 5193 2698 5213 ,
2725 5163 2844 5202 cum
2875 5144 2995 5197 dicit
3025 5156 3040 5190 :
3077 5135 3251 5228 Ontuis
3273 5132 3358 5228 qui

1828 5223 2060 5315 inuenerit
2084 5271 2184 5318 me,
2205 5253 2391 5306 occidet
2415 5261 2522 5308 me;
2549 5254 2601 5294 et
2630 5234 3014 5307 quodammodo
3039 5227 3268 5294 loquitur
3296 5223 3360 5275 ad

1832 5351 1973 5406 illum
1998 5345 2132 5396 Deus
2157 5359 2169 5393 :
2201 5341 2312 5393 Non
2338 5347 2394 5389 ut
2420 5345 2471 5386 tu
2495 5332 2742 5388 aestimas,
2767 5320 3032 5381 morieris,
3059 5329 3111 5368 et
3142 5324 3364 5367 mortem

1830 5454 1924 5507 pro
1954 5431 2183 5487 remedio
2215 5425 2476 5491 accipies:
2503 5419 2644 5469 vives
2671 5427 2836 5480 usque
2871 5410 2936 5460 ad
2972 5415 3246 5471 septimam
3273 5414 3362 5467 ge-

1831 5495 2184 5584 nerationem,
2226 5529 2279 5571 et
2324 5509 2655 5567 conscientia
2696 5504 2801 5573 igni
2851 5495 3195 5566 torqui-beris.
3251 5495 3355 5543 Aut

1829 5607 2121 5690 quicunque
2151 5622 2202 5665 te
2230 5604 2501 5664 occiderit,
2533 5609 2621 5651 aut
2646 5599 2698 5650 in
2719 5597 2960 5690 septima
2987 5586 3358 5690 generatione:

1830 5666 1917 5768 :ut
1946 5666 2132 5774 tongue
2153 5697 2383 5755 cruciatu
2433 5703 2484 5746 tc
2517 5685 2780 5745 liberabit.
2821 5682 2933 5737 Non
2964 5678 3098 5747 quod
3131 5676 3240 5741 ipse
3271 5666 3359 5734 qui
