3872 6262
462 415 569 472 219

957 411 1157 467 BEDIE
1200 409 1644 466 VENERABILIS
1683 367 1955 465 orenam
2014 403 2195 472 rans
2231 407 2292 463 n.
2335 436 2402 450 -
2440 408 2833 466 EXEGBTICA
2872 405 3192 464 GENUlNA.

3596 398 3699 453 220

466 523 721 580 occiderit
746 521 870 576 Cain
921 530 1122 591 septem
1167 521 1454 575 ultiouihus
1499 519 1860 588 subjiciendus
1910 520 1977 572 sit
2005 493 2025 583 ,l
2054 521 2104 580 Α
2129 520 2238 572 suis
2267 517 2470 573 duabus
2503 518 2754 575 Ecclesiis
2783 519 3067 589 signiﬁcat.
3107 517 3209 571 Per
3235 502 3396 571 ,ιυδαί
3446 517 3698 583 populum

467 613 561 668 sed
604 610 742 682 quod
786 620 984 679 septem
1011 610 1330 664 cruciatibus
1377 611 1519 665 illum
1549 608 1810 673 absolvit,
1850 609 1936 676 qui
1967 609 2018 662 in

467 704 594 759 Cain
643 712 785 756 tanto
831 711 1067 770 tempore
1114 709 1530 763 concurrerunt,
1564 708 1654 752 aut
1703 700 1754 753 in
1801 700 2021 764 septima

467 793 805 862 generatione
822 792 1142 846 occidendus
1169 789 1256 844 sit.
1278 791 1443 843 Adam
1461 793 1644 858 quippe
1669 791 1840 859 genuit
1868 789 2020 853 Cain,

467 884 594 935 Cain
623 885 789 949 genuit
824 881 1019 945 Enoclt,
1045 879 1219 932 Enoch
1248 880 1416 948 genuit
1445 877 1667 943 Caidad,
1699 878 1897 932 Gaidad
1940 894 2016 947 ge-

471 979 576 1026 nuit
607 971 861 1037 Matale'ei,
893 971 1124 1024 Maleleel
1155 971 1320 1038 genuit
1357 968 1722 1032 Mathusalem,
1756 967 2025 1021 Mathusa-

471 1064 567 1117 lent
599 1064 763 1132 genuit
794 1063 1029 1125 Lemech,
1053 1061 1140 1130 qui
1162 1064 1416 1129 septimus
1436 1061 1501 1113 ab
1517 1059 1683 1113 Adam
1709 1073 1814 1112 non
1834 1066 2024 1126 sponte

472 1155 664 1209 occidit
691 1153 842 1207 Cain.
873 1152 1123 1208 Juvenem
1156 1163 1332 1208 autem
1361 1153 1619 1208 occidisse
1653 1167 1712 1206 se
1741 1151 1890 1214 dicit,
1917 1167 2021 1204 nun

471 1243 593 1312 quia
617 1243 826 1310 juvenis
865 1252 1039 1311 esset,
1069 1243 1161 1296 sed
1188 1258 1346 1312 vagus
1377 1252 1428 1299 et
1453 1241 1714 1297 instabilis
1745 1253 1878 1296 erat.
1906 1242 2026 1310 Spi-

479 1337 734 1390 ritnaliter
761 1347 936 1393 autem
966 1337 1082 1405 quis
1114 1350 1218 1388 non
1253 1334 1398 1389 videt
1423 1333 1562 1402 quod
1589 1332 1761 1387 omnis
1789 1332 1876 1401 qui
1906 1347 2026 1399 per-

473 1428 664 1483 diderit
691 1443 853 1497 genus
883 1429 1103 1495 impium
1135 1425 1424 1480 carnalium
1454 1423 1782 1488 Judmorum,
1819 1434 2022 1489 septem

477 1519 736 1574 vindictas
775 1518 1050 1574 exsolvet?
1088 1517 1138 1569 id
1169 1525 1272 1582 est,
1317 1517 1522 1570 aul‘eret
1555 1514 1622 1568 ab
1667 1514 1773 1568 illis
1821 1523 2025 1582 septem

473 1609 762 1673 vindictas,
787 1608 976 1677 quibus
1003 1607 1196 1677 alligati
1227 1615 1350 1660 sunt
1380 1614 1596 1674 propter
1623 1614 1827 1659 reatum
1864 1605 2028 1659 occisi

469 1699 664 1754 Christi
694 1701 744 1752 in
774 1699 872 1752 hoc
902 1707 1137 1767 tempore
1176 1698 1312 1763 quod
1354 1697 1650 1762 septenario
1680 1696 1882 1750 dierum
1925 1711 2027 1746 nu-

471 1805 620 1844 mero
650 1790 890 1844 volvitur.
923 1789 1103 1844 Posuit
1136 1789 1268 1842 Deus
1308 1789 1432 1842 Cain
1470 1790 1525 1842 in
1567 1790 1800 1857 signum,
1833 1798 1886 1839 ut
1925 1803 2024 1840 non

469 1881 767 1948 interficeret
794 1881 938 1933 illum
971 1881 1132 1933 omnis
1163 1881 1247 1948 qui
1276 1879 1558 1932 invenisset.
1590 1877 1730 1932 Gens
1768 1878 1908 1931 enim
1934 1877 2029 1932 Ju-

470 1970 581 2022 dzea
599 1968 710 2022 sive
733 1971 947 2040 paganis
969 1969 1198 2038 regibus,
1228 1968 1339 2022 sive
1360 1967 1693 2033 Christianis,
1717 1984 1817 2023 non
1852 1969 2028 2024 amisit

439 2059 674 2128 signum
703 2058 858 2126 Legis
897 2067 950 2112 et
993 2059 1440 2124 circumcisionis;
1470 2068 1522 2112 et
1567 2059 1738 2112 omnis
1775 2060 1863 2127 qui
1907 2060 2026 2114 ilios

383 2167 390 2174 α
473 2163 589 2201 cum
633 2147 747 2215 ipso
774 2148 922 2216 signo
955 2148 1151 2201 invenit
1181 2164 1285 2200 non
1317 2149 1525 2202 cecidit.
1553 2146 1720 2201 Exirit
1743 2166 1859 2219 ergo
1889 2167 1919 2201 a
1950 2151 2028 2215 fa-

469 2237 544 2289 cie
571 2234 703 2299 Dei,
733 2245 779 2289 et
807 2237 1044 2288 habitavit
1087 2238 1138 2289 in
1168 2246 1302 2290 terra
1346 2236 1504 2291 Naid.
1535 2236 1663 2291 Naid
1705 2240 1756 2292 in
1805 2239 2027 2293 Hebraeo

471 2324 583 2378 Nod
612 2315 819 2389 dicitur,
847 2325 984 2393 quod
1007 2325 1381 2395 interpretatur
1405 2329 1710 2395 commotio,
1747 2329 1828 2381 vel
1861 2330 2028 2383 insta-

470 2415 625 2481 bilis;
655 2422 827 2468 etnon
857 2425 960 2470 tam
987 2430 1175 2471 nomen
1205 2418 1325 2481 loci,
1348 2433 1506 2486 quam
1539 2419 1854 2472 instabilitas
1874 2418 2024 2486 Cain,

473 2503 583 2557 sive
611 2503 909 2558 Judaeorum
931 2503 1256 2579 designatur.
1289 2505 1701 2560 llabitanteuim
1736 2507 1937 2575 profugi
1974 2506 2025 2562 in

473 2595 826 2649 commotione
855 2605 908 2649 et
949 2597 1000 2650 in
1039 2596 1435 2664 perturbatione
1474 2600 1687 2654 carnali
1717 2609 1900 2655 contra
1941 2601 2028 2671 ju-

473 2681 790 2737 cunditatetn
822 2683 938 2748 Dei,
970 2685 1070 2738 hoc
1093 2695 1173 2739 est
1202 2695 1381 2740 contra
1414 2688 1581 2744 Eden.

546 2772 785 2842 Cagnovit
811 2782 976 2827 autem
1008 2777 1133 2830 Cain
1176 2793 1382 2831 uxorem
1413 2795 1555 2833 suam
1576 2821 1591 2844 ,
1622 2789 1668 2833 et
1700 2781 1951 2850 concepit,
1980 2790 2030 2836 et

474 2863 661 2930 peperit
694 2862 889 2926 Enoclt,
913 2875 958 2918 et
992 2865 1260 2932 a’di/icavit
1284 2868 1551 2923 civitatem.
1590 2869 1870 2939 lmpiorum
1899 2886 2027 2938 pro-

475 2955 654 3020 genies
684 2955 735 3007 iu
768 2954 876 3022 ipsa
918 2956 1095 3010 mundi
1141 2958 1343 3027 origine
1389 2959 1659 3014 civitatem
1699 2962 2023 3026 construxit,

473 3044 596 3112 quia
616 3060 798 3099 omnes
821 3049 960 3115 impii
990 3049 1038 3102 in
1066 3050 1162 3104 hac
1185 3050 1291 3103 vita
1324 3049 1527 3103 iundati
1552 3060 1699 3116 sunt,
1727 3052 1810 3105 ubi
1836 3051 2029 3106 habent

476 3137 784 3202 thesauros;
833 3142 999 3194 sancti
1040 3157 1162 3194 vero
1204 3141 1435 3208 hospites
1486 3154 1608 3197 sunt
1648 3154 1700 3197 et
1741 3144 2023 3212 peregrini.

479 3225 627 3282 Unde
650 3229 848 3281 etAoel
885 3239 1125 3298 tanquam
1170 3232 1478 3300 peregrinus
1506 3231 1730 3299 populus
1770 3231 2026 3285 Christia-

478 3330 596 3378 nus,
645 3316 693 3367 in
740 3327 874 3370 terra
922 3335 1027 3370 non
1074 3318 1309 3373 condidit
1348 3320 1650 3385 civitatem;
1682 3335 1905 3389 superna
1947 3330 2028 3374 cst

477 3405 616 3456 enim
648 3404 1135 3473 rivilnsjuslorttm.
1175 3408 1276 3462 Iste
1318 3409 1456 3463 enim
1499 3409 1870 3478 interpretatur
1909 3424 2029 3477 pos~

479 3491 642 3544 sessio
690 3494 767 3544 vel
814 3494 1104 3558 dedicatio,
1137 3495 1186 3566 in
1234 3497 1384 3564 cujus
1435 3499 1646 3552 nomine
1690 3499 1899 3552 condita
1946 3507 2028 3552 est

480 3580 698 3642 civitas,
728 3582 774 3634 id
814 3594 894 3636 est
923 3584 1218 3638 Jerusalem
1267 3588 1568 3652 terrestris,
1602 3589 1689 3642 ubi
1740 3589 1869 3643 nihil
1913 3591 2027 3657 plus

479 3682 636 3738 quam
667 3671 802 3737 quod
833 3673 1063 3725 cernitur
1091 3683 1354 3740 speratur.
1387 3676 1450 3728 Et
1479 3678 1765 3730 notandum
1797 3679 1934 3747 quod
1975 3680 2026 3732 in

483 3761 730 3830 progenie
773 3763 898 3816 Selii
943 3765 1078 3818 nulla
1131 3767 1398 3834 progenita
1442 3766 1634 3821 femina
1685 3781 2030 3836 memoratur,

482 3849 575 3900 sed
595 3846 646 3901 in
672 3856 918 3918 progenie
935 3853 1079 3906 Cain.
1101 3852 1352 3908 Carnalcs
1383 3857 1522 3909 enim
1547 3859 1851 3911 maritorum
1874 3869 2034 3926 atque

486 3939 794 3995 fetuinarum
823 3945 1192 4013 conjunctione
1223 3947 1556 4012 proveniunt.
1594 3947 1695 4002 Alii
1728 3949 1944 4013 dicunt,
1982 3951 2033 4004 in

483 4043 547 4081 co
575 4030 712 4097 quod
737 4032 885 4099 dicit,
913 4034 1152 4104 Cognovit
1183 4036 1308 4090 Cain
1336 4053 1542 4091 uxorem
1566 4054 1712 4091 suam
1730 4080 1745 4103 ,
1770 4039 2036 4108 signiﬁcat

483 4121 620 4186 quod
653 4121 874 4177 vindicta
901 4123 1194 4188 desineret,
1225 4128 1267 4180 si
1299 4126 1427 4180 Cain
1461 4142 1679 4182 uxorem
1726 4143 1831 4182 non
1872 4143 2029 4182 acce-

483 4208 661 4274 pisset.
703 4211 1001 4282 Vocauitque
1040 4234 1216 4272 nomen
1259 4219 1433 4285 illius,
1476 4235 1641 4287 usque
1696 4219 1892 4276 Enoclt.
1941 4223 2036 4279 iiic

489 4297 654 4362 primo
685 4300 1047 4370 in'Scripturis
1087 4309 1271 4362 civitas
1308 4324 1374 4362 ex
1406 4311 1620 4364 nomine
1663 4311 1893 4366 hominis
1930 4329 2033 4366 vo-

485 4399 620 4454 cata,
655 4400 708 4444 et
738 4408 829 4458 per
857 4395 954 4447 hoc
980 4397 1135 4450 etiam
1176 4399 1442 4465 designari
1495 4402 1788 4456 idololatria
1836 4413 2030 4469 potest.

2124 607 2427 663 Judtcorum
2459 608 2783 664 habitantem
2826 611 2889 664 in
2922 608 3181 669 tentoriis,
3228 606 3281 660 id
3316 612 3424 667 est,
3461 605 3512 656 in
3545 603 3700 673 hujus

2123 702 2321 755 sinenti.
2353 701 2450 756 Per
2476 700 2627 756 Jubal
2673 701 2892 770 populus
2934 699 3270 754 Christianus
3314 697 3368 751 in
3417 695 3697 764 gentibus,

2125 779 2320 845 canens
2348 792 2568 859 cithara,
2597 792 2645 846 id
2677 801 2778 857 est,
2817 791 3034 847 historia
3058 800 3113 845 et
3137 803 3362 858 organo.
3396 787 3449 840 id
3473 792 3560 839 est
3581 799 3699 838 sen-

2125 895 2208 934 su.
2236 880 2522 935 Tubalcaiu
2547 885 2745 950 primus
2773 883 2919 939 iaber
2944 880 3103 946 ferri,
3136 892 3190 936 et
3217 880 3466 934 aerarius.
3494 875 3698 932 Unum-

2126 984 2385 1038 quentque
2425 979 2662 1026 sanctum
2696 972 2957 1041 significat
2999 974 3080 1027 sui
3123 971 3367 1040 corporis
3393 979 3454 1024 et
3499 968 3695 1021 anim:

2125 1060 2415 1117 custodem.

2200 1149 2434 1220 Dixitque
2462 1150 2682 1205 Lameclt
2709 1152 2952 1205 uxoribus
2981 1155 3085 1205 suis
3104 1194 3118 1214 ,
3153 1160 3206 1205 et
3228 1151 3433 1219 reliqua
3456 1189 3473 1215 ,
3505 1164 3692 1218 usque,

2126 1238 2205 1294 De
2233 1239 2446 1294 Lameclt
2478 1257 2594 1294 vero
2630 1243 2921 1312 septuagies
2955 1241 3160 1308 septies.
3189 1240 3498 1295 Secundum
3532 1239 3696 1292 histo-

2127 1334 2257 1387 riam
2295 1331 2492 1387 dictum
2529 1341 2611 1388 est
2642 1332 2780 1403 quod
2813 1333 2879 1385 ab
2913 1333 3074 1386 Adam
3119 1347 3285 1399 usque
3317 1331 3383 1383 ad
3415 1330 3691 1383 Christum

2125 1423 2452 1490 septuaginta
2474 1432 2528 1477 et
2554 1433 2755 1490 septem
2776 1422 3144 1490 generationes
3163 1433 3307 1484 sunt,
3331 1421 3533 1488 quibus
3559 1434 3684 1485 pee-

2126 1519 2300 1564 catum
2331 1510 2580 1576 Lamecb,
2605 1512 2656 1566 id
2679 1522 2756 1566 est
2783 1514 2942 1566 totius
2969 1513 3169 1576 mundi,
3188 1513 3471 1580 sanguinis
3495 1511 3689 1564 Chriin

2127 1602 2380 1654 etinsione
2425 1601 2654 1654 solutum
2697 1613 2796 1656 est.
2834 1604 3021 1656 Dicunt
3066 1604 3317 1670 quidam,
3354 1606 3690 1668 sep:uaginta

2127 1694 2317 1746 anima:
2346 1700 2570 1757 recepr
2599 1700 2721 1744 sunt
2752 1691 2801 1742 in
2842 1691 3040 1745 diluvio
3082 1691 3146 1744 de
3190 1708 3389 1760 genere
3425 1692 3654 1744 Lamecb
3676 1736 3688 1756 ,

2130 1793 2183 1837 et
2211 1785 2261 1838 in
2291 1785 2390 1839 hoc
2419 1801 2639 1839 numero
2669 1786 2734 1839 de
2764 1786 2988 1840 Lamech
3029 1786 3214 1840 iactam
3245 1787 3564 1840 vindictam.
3608 1789 3692 1842 Si-

2129 1875 2340 1944 quidem
2371 1887 2423 1930 et
2451 1876 2500 1930 in
2529 1877 2719 1945 pepulo
2757 1877 3058 1932 Judzeorum
3081 1919 3094 1942 ,
3122 1891 3342 1946 projuer
3375 1879 3694 1934 interiectio.

2129 1981 2248 2019 nem
2271 1965 2464 2019 Christi
2496 1967 2829 2036 septuaginta
2859 1967 3102 2021 vindicta:
3130 1978 3256 2020 sunt
3281 1977 3523 2030 statutae,
3546 1969 3690 2033 juxta

2129 2056 2256 2109 illud
2277 2097 2292 2120 ,
2323 2054 2441 2110 Non
2469 2057 2633 2110 solum
2677 2057 2887 2122 septies,
2929 2057 3016 2110 sed
3065 2059 3348 2124 septuagies
3393 2059 3615 2126 septies,
3652 2059 3692 2107 si

2128 2145 2432 2215 paenituerit,
2453 2147 2600 2214 fratri
2615 2145 2968 2200 remittendum
2991 2145 3059 2198 ad
3081 2146 3461 2213 indulgentiam
3483 2145 3688 2198 Christi.

2130 2235 2231 2288 Alii
2259 2233 2386 2288 Cain
2416 2234 2830 2302 septempliciter
2862 2243 3109 2301 peccasse
3137 2236 3323 2288 dicunt
3345 2277 3363 2299 ,
3395 2244 3451 2289 et
3480 2235 3551 2288 ob
3591 2235 3688 2286 hoc

2129 2324 2541 2392 septempliciter
2570 2323 2890 2393 puniendum
2946 2337 3042 2392 pro
3083 2325 3311 2391 peccatis
3337 2364 3353 2386 ,
3394 2340 3516 2391 qum
3565 2339 3690 2376 estu-

2130 2415 2447 2470 tneravimus
2490 2423 2668 2469 antea.
2714 2415 2914 2469 idcirco
2957 2423 3132 2468 autem
3180 2428 3285 2467 non
3323 2425 3453 2468 sunt
3483 2413 3688 2468 similes

2129 2505 2372 2560 vindicta
2412 2505 2462 2560 in
2493 2504 2656 2559 Adam
2699 2513 2754 2559 et
2797 2505 2848 2558 in
2878 2503 3004 2558 Cain
3051 2505 3420 2573 Laniechque,
3452 2504 3577 2572 quia
3606 2506 3688 2572 qui

2129 2597 2389 2668 posterius
2419 2604 2767 2663 peccaverunt
2796 2596 3048 2663 majorem
3081 2595 3171 2650 Dei
3205 2595 3451 2649 notitiam
3486 2595 3686 2649 habue-

2129 2698 2252 2745 runt
2274 2729 2290 2752 ,
2317 2689 2473 2744 etiam
2517 2702 2608 2757 per
2639 2688 2998 2757 prmceilentes
3030 2687 3289 2741 vindictas
3315 2727 3330 2751 ,
3363 2703 3501 2756 quas
3554 2689 3690 2756 prius

2129 2778 2382 2833 accidisse
2423 2777 2681 2832 scierunt.
2712 2777 2800 2832 Sic
2836 2771 2991 2831 enim
3017 2791 3156 2832 nunc
3196 2777 3246 2830 iu
3279 2777 3451 2830 tribus
3483 2777 3689 2847 legibus

2129 2869 2356 2923 vindicta
2395 2869 2727 2923 observatur.
2759 2867 2959 2922 Dicitur
2993 2883 3204 2937 quoque
3248 2871 3388 2936 quod
3422 2867 3688 2929 Laniech.

2130 2959 2355 3013 vindicta
2384 2959 2543 3013 etiam
2571 2957 2816 3012 adulterii
2841 2972 3002 3012 causa
3021 2959 3197 3012 addita
3227 2959 3316 3012 sit.
3345 2958 3582 3022 Quando
3604 2974 3688 3011 au-

2131 3059 2235 3103 tem
2267 3047 2491 3101 Lamech
2517 3048 2788 3102 Christum
2812 3049 3071 3114 signiﬁcat
3089 3087 3103 3111 ,
3127 3049 3322 3102 occisio
3343 3050 3477 3101 Cain
3508 3049 3686 3102 diabo-

2134 3139 2236 3190 lum
2262 3138 2492 3191 occisum
2522 3135 2869 3191 demonstrat.
2899 3137 3049 3201 Quod
3072 3154 3100 3190 a
3130 3135 3345 3191 Christo
3374 3139 3488 3191 suis
3512 3139 3690 3192 uxori-

2127 3228 2246 3290 bus,
2279 3226 2330 3281 id
2360 3236 2441 3280 est
2488 3227 2740 3282 Ecciesiis
2786 3228 3074 3292 nuntiatur,
3123 3229 3314 3297 quibus
3364 3231 3604 3298 imperat
3644 3239 3695 3284 at

2125 3330 2278 3370 suum
2307 3331 2608 3372 sermonem
2634 3320 2958 3374 auscultent.
2976 3308 3231 3388 Quodque
3253 3320 3399 3384 dicit,
3422 3319 3490 3374 In
3515 3323 3691 3374 eiulans

2125 3423 2308 3470 meum,
2335 3408 2592 3476 signiﬁcat
2613 3409 2883 3463 diabolum
2913 3418 3125 3477 propter
3149 3411 3417 3464 lasciviam
3441 3411 3498 3463 in
3524 3421 3691 3465 morte

2126 3495 2319 3551 Christi
2348 3499 2598 3552 occisum.
2630 3497 2696 3550 Et
2725 3499 3365 3564 adolescentulumrid‘est
3397 3500 3688 3566 diabolum,

2129 3596 2342 3656 propter
2367 3587 2636 3641 lasciviam
2665 3598 2719 3642 et
2747 3588 3116 3642 aeternitatem.
3157 3589 3212 3642 In
3257 3590 3423 3644 livore
3446 3606 3578 3645 meo
3597 3630 3614 3657 ,
3644 3593 3688 3645 id

2127 3687 2230 3740 est,
2281 3691 2386 3730 non
2441 3678 2556 3730 sine
2605 3675 2807 3732 dolore.
2858 3676 3021 3730 Aliter
3057 3677 3255 3732 occisio
3297 3678 3457 3738 Cain.
3506 3695 3693 3735 senatu

2131 3765 2253 3819 boni
2284 3766 2624 3832 occisionem,
2670 3768 2748 3822 vel
2794 3769 2972 3836 pepuli
3019 3766 3306 3823 Christiani
3337 3768 3691 3831 demonstrat,

2130 3852 2337 3923 quando
2362 3870 2453 3922 per
2477 3856 2707 3910 Lamech
2739 3857 3019 3912 haereticus
3046 3859 3469 3912 demonstratur.

2193 3947 2441 4012 Cognovit
2469 3962 2661 4015 quoque
2690 3948 2857 4000 adhuc
2883 3949 3045 4001 Adam
3071 3965 3280 4002 uxorem
3316 3965 3458 4000 sunt
3479 3989 3496 4010 ,
3535 3962 3581 4002 et
3608 3967 3692 4018 ρος

2135 4036 2260 4100 perit
2302 4036 2498 4099 ﬁlium,
2541 4045 2588 4089 et
2632 4037 2820 4089 vaeavit
2867 4053 3046 4094 nomen
3093 4038 3234 4090 illius
3274 4037 3424 4092 Selii.
3457 4038 3547 4092 Ea:
3577 4041 3695 4094 Seth

2135 4134 2280 4178 nutus
2309 4133 2379 4177 est
2405 4126 2558 4193 ﬁlius,
2590 4143 2736 4192 quem
2765 4127 2952 4180 vocavit
2983 4125 3137 4181 Enos.
3161 4128 3290 4182 Seth
3314 4128 3695 4196 interpretatur

2137 4217 2470 4280 resurrectio,
2495 4218 2581 4285 qui
2613 4227 2690 4271 est
2717 4215 2982 4272 Christus.
3024 4218 3164 4272 Enos
3202 4228 3380 4273 autem
3426 4220 3696 4286 interpre-

2139 4316 2275 4361 tatur
2295 4307 2474 4374 homo,
2503 4310 2594 4378 qui
2625 4311 2780 4376 ccepit
2809 4311 3055 4364 invocare
3077 4325 3268 4365 nomen
3297 4310 3537 4366 Domini.
3557 4313 3688 4379 Quid

2139 4395 2238 4450 hoc
2267 4398 2592 4468 intelligitur,
2625 4401 2724 4453 nisi
2755 4400 2878 4471 quia
2907 4401 2960 4454 in
2989 4401 3327 4456 confessione
3353 4403 3490 4456 vivit
3522 4408 3692 4457 onis

487 4479 584 4533 i’er
614 4481 738 4536 Cain
771 4485 938 4537 malus
970 4500 1193 4552 sensus,
1225 4490 1305 4541 vel
1338 4487 1648 4556 intelligitur
1676 4491 2029 4560 unusquisque

2143 4485 2320 4551 homo,
2350 4490 2437 4556 qui
2469 4499 2547 4542 est
2579 4490 2713 4542 ﬁlius
2739 4490 3164 4550 resurrectionis.
3195 4492 3434 4558 quandiu
3459 4494 3693 4558 ροηκι-ἱο

485 4579 746 4634 peccatur.
776 4572 871 4636 Qui
901 4575 1169 4642 cognoscit
1202 4591 1418 4630 uxorem
1444 4592 1613 4643 suam,
1643 4579 1690 4632 id
1720 4587 1801 4633 est
1822 4596 2037 4638 carnem

485 4653 744 4707 subditam
787 4660 1047 4724 peccatis,
1078 4675 1195 4726 qua:
1236 4664 1476 4731 concepit
1518 4664 1568 4717 in
1595 4664 1947 4732 cogitatione,
1986 4677 2040 4724 et

489 4746 691 4810 peperit
718 4746 768 4798 in
799 4751 1125 4817 malovopcre
1158 4765 1449 4819 peccatum.
1480 4757 1733 4824 Quodque
1776 4761 2034 4828 sequitur,

487 4833 773 4900 a‘diﬁruvit,
802 4839 1058 4902 signiﬁcat
1088 4844 1280 4895 malum
1324 4857 1537 4898 sensum
1577 4846 1659 4900 vel
1706 4861 2036 4914 peccatorcm

489 4931 756 4988 peccatum
787 4924 959 4976 statim
993 4943 1094 4979 non
1126 4931 1456 5002 relinquere,
1488 4936 1579 4988 sed
1612 4951 1831 5004 augere.
1873 4939 2037 5006 Hujus

489 5022 662 5062 autem
689 5015 994 5081 genealogia
1023 5030 1484 5087 ccunnemoratur,
1511 5035 1567 5079 ut
1598 5028 1792 5083 veritas
1819 5045 2040 5099 genera.

489 5099 642 5152 tionis
673 5100 799 5153 Cain
828 5111 882 5155 et
906 5103 974 5155 La
988 5105 1135 5158 mech
1165 5109 1511 5167 nuntiaretur.
1543 5116 1669 5169 Cain
1693 5129 1870 5174 autem
1905 5135 2039 5188 prae.-

490 5185 675 5252 ﬁgurat
708 5193 951 5258 pupulum
984 5193 1374 5266 haereticorum,
1408 5201 1545 5256 alios
1572 5205 1852 5263 haereticos
1879 5185 2038 5278 gene-

487 5278 949 5334 rantem.Lamech
980 5295 1156 5338 autem
1184 5286 1382 5352 primus
1413 5290 1548 5344 duas
1571 5308 1763 5350 uxores
1793 5300 2002 5366 accepit
2021 5339 2036 5362 ,

491 5379 550 5413 ac
588 5367 630 5418 si
659 5368 877 5438 diceret,
910 5373 1116 5430 Primus
1148 5377 1468 5434 adulterium
1512 5389 1853 5453 perpetravit.
1885 5390 2036 5445 Jubal

490 5453 688 5516 primus
716 5456 977 5515 aediﬁcans
999 5463 1204 5530 domus,
1234 5478 1288 5519 ut
1307 5471 1413 5536 alii,
1441 5473 1522 5526 vei
1549 5477 1748 5540 primus
1771 5495 1836 5534 ex
1859 5492 2038 5535 custo-

484 5542 748 5599 dicnlibus
779 5563 986 5613 pecora.
1027 5555 1175 5609 Jubal
1220 5564 1420 5628 primus
1467 5566 1738 5623 citharista
1787 5573 1904 5626 fuit.
1941 5573 2038 5628 i’er

490 5633 712 5688 Lamech
732 5645 905 5690 autem
925 5642 1164 5708 populum
1184 5647 1551 5708 hmreticorum
1572 5672 1687 5712 cum
1712 5661 1914 5715 duabus
1932 5662 2034 5716 Ec-

443 5803 450 5810 .
484 5723 656 5779 clcsiis
685 5726 970 5796 hrereseos,
996 5735 1074 5787 vel
1108 5737 1154 5790 in
1181 5738 1368 5796 bonam
1395 5755 1593 5811 partem
1615 5747 1888 5807 Christum
1914 5768 2031 5808 cum

2139 4587 2291 4632 natur
2335 4581 2384 4632 in
2427 4582 2613 4633 terris?
2653 4582 2766 4634 sive
2821 4583 2960 4634 Enos
3007 4582 3171 4648 erepit
3219 4582 3468 4638 invocare
3502 4598 3694 4637 nomen

2139 4669 2376 4734 Domini,
2405 4681 2460 4722 ut
2489 4670 2693 4723 llebrazi
2721 4670 3066 4734 arbitrantur,
3109 4671 3246 4740 quod
3294 4683 3418 4726 tunc
3463 4674 3695 4739 primum

2140 4760 2332 4813 idolum
2363 4761 2663 4813 fabricatum
2686 4771 2768 4813 est
2800 4763 2848 4812 in
2873 4760 3275 4815 similitudinem
3321 4764 3559 4816 nominis
3592 4761 3694 4814 Du-

2139 4853 2287 4906 mini.
2317 4853 2494 4905 Enoeh
2522 4853 2776 4920 septimus
2799 4853 2863 4906 ab
2894 4853 3086 4917 Adam,
3123 4855 3213 4921 qui
3255 4853 3550 4906 translatus
3581 4859 3694 4911 est.

2137 4950 2191 4998 et
2210 4942 2399 5004 placuit
2427 4942 2556 5007 Deo,
2576 4944 2852 5012 septimam
2877 4947 3112 5013 requiem
3134 4944 3421 5012 signiﬁcat,
3441 4940 3512 4994 ad
3539 4956 3694 5012 qnam

2140 5033 2452 5086 transfertur
2477 5035 2648 5088 omnis
2679 5033 2856 5097 homo,
2888 5036 2978 5102 qui
3010 5043 3167 5087 sexto
3197 5032 3299 5094 die,
3349 5031 3400 5084 id
3431 5040 3526 5086 est
3552 5044 3696 5088 sexta

2138 5128 2291 5177 aetate
2317 5123 2512 5187 sasciili,
2547 5138 2638 5187 per
2681 5121 2873 5178 Christi
2918 5123 3203 5174 adventum
3232 5119 3515 5175 formator.
3541 5121 3698 5192 Quod

2139 5221 2312 5265 autem
2338 5226 2429 5281 per
2454 5212 2580 5267 Seth
2605 5213 2671 5267 ab
2693 5213 2857 5266 Adam
2883 5226 3050 5279 usque
3074 5210 3141 5262 ad
3183 5209 3297 5263 Noe
3320 5210 3580 5268 desierim
3605 5228 3699 5267 u-

2140 5316 2313 5355 merus
2361 5304 2672 5369 insinuatur,
2712 5295 3159 5369 complementum
3211 5297 3594 5357 mandatorum
3641 5303 3690 5355 in

2143 5393 2369 5448 Ecclesia
2415 5395 2663 5461 Operibus
2710 5395 3010 5463 ﬁguratum.
3041 5390 3194 5457 Quod
3243 5406 3375 5447 vero
3415 5391 3697 5462 pronaum

2139 5498 2200 5536 es
2235 5483 2404 5558 Adam
2428 5500 2517 5552 per
2541 5485 2668 5538 Cain
2693 5482 2979 5537 undenario
3008 5497 3228 5536 numero
3277 5482 3481 5548 linitur,
3515 5492 3695 5536 trans-

2138 5575 2338 5641 gressio
2365 5576 2724 5629 mandaturnm
2751 5582 2848 5635 est,
2881 5571 2991 5625 sive
3019 5583 3320 5641 peccatum.
3347 5572 3409 5628 Si
3437 5571 3587 5626 enim
3606 5569 3696 5623 ad-

2138 5663 2325 5716 dantur
2347 5662 2597 5728 Lamecb,
2618 5665 2706 5733 qui
2739 5669 2820 5716 est
2847 5663 3103 5727 septimus
3128 5662 3200 5716 ab
3227 5662 3397 5717 Adam
3416 5699 3432 5726 .
3459 5669 3576 5715 tres
3607 5658 3694 5714 alii

2141 5762 2190 5807 et
2217 5769 2316 5808 una
2347 5753 2469 5821 lilia,
2501 5751 2861 5822 complestitur
2891 5752 3213 5808 undenarius
3236 5764 3518 5808 numerus.
3547 5749 3692 5806 Unde
