3872 6262
183 380 283 436 921

947 380 1010 437 ΙΝ
1050 379 1598 438 PENTATEUCIIUM
1638 374 2126 440 COMMENTARII.
2166 414 2230 425 —
2270 384 2566 445 GENESIS.

3276 353 3436 463 222:

183 495 373 562 et-ipsa
408 491 509 547 lilia
538 493 764 549 Lamech
798 493 1024 559 Noema,
1073 496 1122 550 id
1150 506 1232 550 est
1263 497 1506 550 voluntas
1553 496 1715 548 inter.
1753 492 1802 551 Α
1835 507 1925 545 nes
1953 494 2160 550 diversa
2193 500 2496 553 animalium
2530 501 2608 554 vel
2641 501 2926 558 bestiarum
2953 520 3142 575 genera
3175 508 3378 566 facilius

185 593 439 654 premor.
485 584 586 640 l5te
618 585 776 653 ctnpit
819 587 1062 640 invocare
1107 602 1296 640 nomen
1346 587 1570 640 Domini.
1631 586 1731 639 Alii

182 677 366 730 dicunt
397 676 448 728 in
482 675 580 729 hoc
611 676 1005 744 intelligendum
1037 691 1159 730 esse
1186 675 1326 745 quod
1370 676 1508 730 aliud
1539 690 1726 728 nomen

179 769 251 823 de
276 768 549 823 duodecim
578 769 874 822 nominibus
919 768 1163 833 Domini,
1205 769 1396 837 quibus
1439 769 1575 835 apud
1629 767 1729 820 lle-

180 858 355 912 brzros
380 867 614 923 vocatur,
648 860 814 926 primo
845 857 984 911 Eoos
1008 859 1305 925 reperisset,
1339 857 1476 927 quod
1503 868 1582 911 est
1608 858 1726 911 ﬂet.

179 951 534 1018 Spiritualiter
562 966 652 1018 per
677 950 840 1003 Adam
869 961 924 1005 et
953 965 1190 1013 uxorem,
1213 949 1452 1004 Christus
1482 961 1534 1004 et
1563 951 1731 1019 Syna-

178 1055 313 1110 goga
341 1041 727 1109 signiﬁcantur;
753 1040 890 1094 unde
920 1051 1070 1094 natus
1098 1049 1180 1096 est
1209 1042 1363 1104 lilius,
1390 1041 1438 1093 ιιι
1464 1051 1545 1095 est
1564 1056 1726 1109 popu-

182 1135 265 1184 lus
295 1131 525 1200 gentium
558 1131 608 1184 in
640 1131 816 1198 ﬁdem,
841 1133 926 1201 qui
959 1140 1102 1186 recte
1145 1130 1270 1187 Seth
1313 1133 1633 1193 nominatur,
1677 1132 1724 1184 id

177 1229 263 1273 est
309 1221 505 1289 positus
555 1221 605 1272 in
650 1222 889 1275 veritate.
924 1222 1072 1286 Quod
1115 1228 1286 1273 autem
1336 1214 1491 1283 dicit,
1541 1220 1723 1274 Semen

175 1308 324 1362 aliud
352 1325 440 1378 pro
470 1310 609 1373 Abel,
633 1310 892 1380 signiﬁcat
919 1310 1082 1363 bonos
1107 1309 1235 1363 Novi
1261 1309 1604 1372 Testamenti,
1633 1327 1725 1376 pro

182 1401 513 1468 patriarchis,
560 1411 614 1454 et
662 1401 954 1468 prophetis,
984 1410 1036 1453 et
1078 1401 1412 1470 martyribus,
1443 1401 1531 1468 qui
1561 1401 1720 1454 occisi

178 1497 307 1544 sunt
343 1505 368 1542 a
402 1492 534 1543 mala
577 1502 722 1559 parte
770 1491 942 1558 populi
986 1489 1308 1544 Judzcorutn.
1357 1490 1496 1544 Enos
1546 1501 1722 1543 autem

175 1593 512 1635 successores
542 1581 716 1648 populi
739 1580 1019 1634 Christiani
1064 1581 1359 1649 signiﬁcat,
1403 1581 1490 1647 qui
1533 1596 1722 1634 nomen

174 1670 382 1722 Domini
409 1672 663 1722 invocant.
693 1670 957 1724 Moraliter
979 1684 1101 1724 vero
1126 1685 1218 1737 per
1239 1670 1402 1723 Adam
1433 1681 1481 1724 et
1500 1687 1722 1725 uxorem

172 1773 324 1812 suam
371 1767 584 1812 sanctus
631 1761 852 1828 quisque
908 1769 959 1813 et
1003 1773 1126 1812 caro
1171 1759 1579 1813 demonstratur.
1628 1760 1725 1814 Per

1832 585 2037 635 secerni
2075 597 2306 650 possent.
2336 587 2572 642 Tradunt
2610 603 2783 644 autem
2824 595 3027 649 Ilebrrei
3056 598 3192 663 quod
3235 599 3376 670 Moy-

1831 681 1935 737 ses,
1965 675 2081 740 qui,
2109 684 2163 728 ut
2201 677 2267 730 de
2315 679 2405 731 illo
2451 679 2718 747 Scriptura
2751 685 2898 747 dicit,
2931 688 3072 738 omni
3119 689 3376 754 sapientia

1831 759 2196 830 Egyptiorum
2224 768 2458 822 eruditus
2487 770 2601 835 luit,
2629 775 2913 828 secundum
2945 787 3121 831 autem
3155 795 3369 848 geome-

1834 853 2005 919 triam,
2035 871 2188 924 quam
2238 858 2503 926 praecipue
2545 861 2772 930 £gyptii
2821 865 3033 930 colunt,
3073 869 3374 924 cubitorum

1831 958 2106 997 numerum
2139 947 2189 998 in
2222 948 2318 1000 hoc
2343 948 2458 1003 loco
2489 954 2682 1017 posuit.
2707 954 2853 1019 Apud
2884 967 3179 1021 getitnctras
3207 960 3371 1022 enim,

1829 1033 2114 1086 secundum
2145 1036 2286 1088 illam
2317 1033 2574 1093 rationem
2623 1057 2738 1107 qua:
2769 1043 2903 1110 apud
2944 1044 3059 1097 illos
3089 1047 3252 1100 virtus
3280 1065 3372 1101 vo-

1828 1129 1996 1184 catur,
2026 1138 2088 1176 ex
2134 1125 2304 1176 solido
2334 1136 2384 1179 et
2413 1143 2476 1180 es
2508 1131 2784 1195 quadrato,
2816 1133 2897 1187 vel
2942 1134 2990 1186 in
3037 1149 3127 1190 sex
3168 1138 3372 1190 cubitos

1830 1227 1987 1266 unum
2035 1214 2327 1282 deputatur.
2377 1217 2485 1270 Noe
2529 1232 2705 1275 autem
2756 1239 2847 1289 per
2895 1229 3069 1279 omnia
3120 1229 3377 1297 signiﬁcat

1828 1304 2113 1359 Christum.
2145 1307 2254 1361 Noe
2281 1322 2450 1364 autem
2500 1314 2705 1377 requies
2757 1315 3145 1380 interpretatur.
3180 1319 3246 1373 Et
3277 1321 3378 1374 Dn-

1830 1394 2002 1448 minus
2049 1395 2178 1449 dicit
2227 1400 2276 1450 iu
2329 1399 2648 1468 Evangelio:
2681 1402 2870 1456 Discite
2898 1422 2927 1456 a
2958 1424 3032 1459 nte
3077 1411 3196 1475 quia
3245 1413 3378 1463 milis

1827 1501 1937 1537 sunt
1965 1497 2010 1538 et
2044 1486 2250 1538 Immitis
2282 1491 2450 1552 corde,
2482 1502 2526 1542 et
2564 1493 2820 1544 invenietis
2851 1498 3070 1561 requiem
3119 1499 3376 1551 animabus

1827 1575 2015 1628 vestris.
2046 1575 2154 1630 Noe
2183 1576 2326 1630 solus
2353 1577 2546 1646 justus,
2573 1579 2809 1634 Christus
2842 1583 2984 1634 solus
3013 1586 3126 1636 sine
3155 1603 3266 1652 pect
3287 1603 3374 1639 ato

1827 1677 1927 1718 εει.
1968 1665 2061 1719 Cui
2110 1678 2308 1734 septem
2353 1671 2540 1723 anima:
2595 1672 2833 1726 homines
2873 1677 3152 1739 donantur,
3195 1678 3242 1729 id
3293 1694 3375 1732 est

1830 1755 2044 1822 perfeCti
2070 1757 2326 1823 homines,
2359 1775 2450 1822 per
2477 1762 2834 1827 septiformem
2863 1767 3106 1833 gratiatn.
3141 1767 3247 1819 Noe
3279 1785 3371 1835 per

175 1850 381 1915 ﬁlium,
412 1863 597 1904 senSus
629 1824 905 1917 perfectus.
939 1849 1036 1904 Per
1062 1867 1245 1906 semen
1273 1851 1408 1905 aliud
1442 1869 1534 1920 pro
1561 1853 1724 1920 Abel,
1761 1824 1803 1884 Β
1833 1861 2017 1912 aquam
2059 1857 2112 1901 et
2159 1848 2351 1916 lignum
2386 1824 2569 1903 liberat
2597 1865 2743 1916 suos,
2769 1824 3011 1908 Christus
3041 1870 3131 1922 per
3161 1824 3370 1911 crucem

176 1939 304 1993 boni
330 1953 514 1992 sensus
543 1954 638 2008 pro
668 1939 836 1993 bonis.

739 2029 982 2084 CAPITA
1026 2029 1063 2082 V
1091 2059 1162 2072 —
1183 2028 1315 2083 Vill.

251 2119 354 2173 llic
372 2130 442 2173 est
469 2119 611 2184 liber,
641 2135 803 2190 usque
827 2121 1007 2172 Adam.
1032 2120 1140 2174 Iloc
1160 2121 1415 2187 signiﬁcat
1441 2120 1721 2174 dictionem

178 2211 535 2280 evangelista,
562 2211 782 2264 dicentis
808 2229 817 2261 :
851 2209 999 2262 Liber
1029 2211 1361 2277 generationis
1389 2208 1513 2262 Jesu
1535 2209 1723 2264 Christi

173 2304 438 2372 apparuit,
467 2311 568 2356 etc.
605 2303 712 2356 lluc
733 2303 945 2356 verbum
977 2301 1189 2370 proprie
1223 2300 1289 2355 de
1321 2300 1428 2354 Deo
1459 2312 1510 2354 ct
1541 2303 1726 2370 angelo

172 2396 291 2450 sive
317 2393 524 2447 diabolo
567 2391 792 2445 dicitur:
826 2400 870 2444 et
897 2392 1083 2460 genuit,
1130 2406 1292 2459 usque
1337 2391 1597 2454 suam,’id
1647 2403 1726 2446 est

177 2485 305 2553 quia
336 2482 497 2537 Adam
528 2485 590 2534 ad
623 2480 899 2548 imaginem
926 2489 978 2534 et
1003 2479 1400 2533 similitudinem
1443 2480 1528 2532 Dei
1563 2479 1725 2534 lactus

176 2585 263 2630 est
292 2613 309 2641 ,
365 2575 602 2628 homines
643 2583 817 2627 autem
866 2572 931 2626 ad
978 2570 1373 2626 similitudinem
1427 2570 1553 2624 Atla:
1605 2572 1723 2623 lacti

257 2748 561 2814 Vat-actique
607 2765 781 2803 nomen
823 2750 958 2802 illius
1005 2749 1146 2804 Setlt.
1199 2750 1250 2801 lu
1289 2747 1390 2802 hoc
1435 2749 1726 2802 ostenditur

173 2844 319 2912 quod
341 2843 554 2913 spiritus
581 2843 814 2895 scientia.-
837 2852 889 2894 et
913 2843 1197 2909 prophetiae
1227 2843 1554 2893 invocatione
1587 2842 1722 2893 lilio-

174 2949 296 2989 tum
326 2947 539 2985 suorum
569 2947 670 2984 non
702 2931 772 2984 sit
800 2939 981 2997 raptus
1011 2930 1077 2983 ab
1104 2929 1287 2983 Adam.

245 3023 346 3079 Per
370 3039 536 3077 annos
559 3022 722 3075 Adam
747 3021 850 3076 93'.)
876 3021 1095 3075 virtutes
1126 3029 1178 3074 et
1213 3030 1318 3074 tres
1349 3021 1493 3090 leges
1526 3021 1724 3088 sigttili-

1828 1945 1880 1988 et
1927 1936 2245 2003 baptismum
2279 1939 2462 1992 liberat
2491 1940 2837 1995 Christianos.
2883 1947 3014 1996 Arca
3055 1947 3375 1999 construitur

1828 2024 1893 2077 de
1919 2024 2074 2091 lignis
2106 2041 2206 2077 non
2241 2031 2680 2093 putrescentibus,
2713 2030 2942 2084 Ecclesia
2979 2035 3248 2086 instruitur
3278 2037 3374 2087 ho-

1829 2112 2054 2166 minibus
2105 2114 2154 2166 itt
2202 2117 2580 2182 sempiternum
2626 2121 2862 2174 victuris.
2906 2121 3037 2174 Arca
3089 2124 3224 2176 enim
3275 2125 3372 2178 ista

1828 2200 2122 2256 Ecclesiam
2152 2205 2427 2272 signiﬁcat,
2470 2223 2586 2276 quae
2632 2219 2774 2262 natat
2817 2210 2868 2264 in
2919 2210 3161 2265 [luctibus
3191 2215 3367 2268 mundi

1828 2293 2000 2361 hujus.
2031 2296 2179 2358 Quod
2224 2307 2398 2351 autem
2424 2299 2614 2354 dicitur
2643 2315 2761 2354 esse
2799 2302 2864 2356 de
2890 2303 3045 2374 lignis
3082 2306 3371 2370 quadratis,

1826 2387 2164 2441 Stabilitatcm
2203 2389 2322 2443 vita:
2357 2389 2621 2457 iustorum
2663 2393 2939 2460 signiﬁcat.
2969 2398 3109 2448 Intus
3140 2407 3194 2450 et
3224 2398 3369 2461 foris,

1829 2480 1876 2532 id
1905 2491 1984 2534 est
2009 2484 2118 2535 sive
2145 2483 2211 2533 ab
2239 2483 2316 2535 bis
2346 2486 2432 2553 qui
2467 2486 2604 2538 intus
2628 2497 2768 2549 sunt,
2799 2487 2908 2539 sive
2929 2487 2995 2539 ab
3027 2490 3104 2539 his
3129 2490 3214 2554 qui
3247 2488 3371 2542 loris

1828 2579 1973 2631 sunt,
2005 2587 2268 2638 nunquam
2300 2573 2670 2628 dissolvantur.
2694 2574 2976 2630 Conlettur
2999 2591 3124 2629 sane
3154 2578 3371 2645 populus

1828 2658 1912 2713 hic
1937 2661 2023 2728 qui
2055 2663 2284 2714 salvator
2307 2663 2355 2715 in
2385 2663 2616 2718 Ecclesia
2648 2666 2750 2718 illis
2785 2666 3085 2720 hominibus
3115 2669 3226 2722 sive
3252 2669 3371 2721 aui-

1827 2751 2051 2804 tnaltbos
2082 2753 2166 2816 qui
2201 2753 2384 2804 salvati
2427 2764 2546 2805 sunt
2577 2756 2627 2806 in
2669 2770 2810 2808 arca.
2842 2760 3069 2819 Quorum
3104 2759 3220 2824 quia
3268 2773 3368 2812 non

1829 2856 1987 2891 unum
2015 2849 2096 2892 est
2140 2845 2373 2894 omnium
2425 2846 2672 2896 meritum
2722 2859 2824 2896 non
2877 2861 3031 2896 unam
3081 2847 3271 2898 habent
3317 2849 3367 2899 in

1827 2947 1948 2984 arca
1981 2932 2322 2986 mansionem.
2356 2933 2501 2986 Licet
2530 2935 2668 2987 euitn
2702 2937 2750 2988 in
2793 2935 3024 2988 Etclesia
3072 2951 3251 2988 omnes
3292 2936 3368 2988 iu-

1827 3031 1904 3075 tra
1952 3038 2104 3074 unam
2141 3024 2294 3075 lidctn
2327 3026 2682 3098 continentur,
2727 3037 2886 3091 atque
2928 3041 3029 3077 uno
3059 3024 3367 3092 baptismate

169 3129 381 3180 cantur,
408 3117 487 3172 vel
531 3132 672 3182 spes,
697 3115 825 3170 ﬁdes
846 3157 860 3180 ,
890 3116 1144 3179 charitas,
1179 3117 1258 3169 vel
1308 3126 1511 3184 tempus
1551 3119 1720 3170 mtatis
1746 3151 1796 3216 ο
1825 3112 2227 3176 diluantur,non
2255 3122 2423 3167 tamen
2450 3115 2585 3168 idem
2611 3115 2852 3169 omnibus
2876 3115 3139 3182 prolectus
3165 3125 3264 3169 est.
3294 3115 3367 3168 De

174 3208 397 3262 Christi.
423 3207 521 3260 Per
549 3206 681 3260 hanc
713 3208 1068 3277 genealogiam
1105 3208 1428 3276 signiﬁcatur
1460 3224 1721 3276 generans

166 3307 385 3350 sanetos
429 3296 701 3360 doctores,
733 3297 816 3364 qui
851 3306 904 3350 et
937 3296 1030 3364 ipsi
1079 3299 1216 3349 altos
1245 3309 1517 3365 generant.
1567 3299 1717 3364 Quod

164 3395 347 3442 autem
371 3389 487 3439 anni
512 3386 732 3440 ﬁliorum
753 3386 829 3468 nd
850 3403 915 3438 un
939 3387 1272 3451 decrescunt,
1294 3389 1714 3466 signiﬁcatﬂuod

165 3477 437 3531 minuendi
461 3486 639 3530 essent
662 3478 783 3528 anui
810 3477 1018 3543 generis
1050 3487 1169 3542 post
1195 3492 1272 3531 se.

244 3567 311 3621 lit
335 3567 604 3620 ambulavit
629 3566 797 3619 Enoclt
821 3583 931 3619 cum
957 3566 1191 3620 Domino.
1221 3569 1270 3621 Id
1300 3582 1402 3629 est,
1427 3569 1476 3621 in
1500 3584 1722 3621 conver-

165 3659 409 3719 satione;
433 3657 824 3723 ambulavitque
849 3672 967 3708 cum
1002 3657 1246 3722 Domino,
1279 3659 1325 3709 id
1354 3669 1433 3710 est
1461 3658 1509 3709 iu
1531 3673 1717 3711 ascen-

164 3748 343 3810 sione,
376 3747 590 3814 ligulam
617 3746 807 3800 Christi
842 3758 1046 3800 tenens.

242 3836 310 3891 Et
354 3838 539 3906 vocavit
584 3852 762 3890 nomen
803 3837 939 3890 illius
974 3836 1104 3891 Noe.
1152 3840 1210 3894 ln
1251 3837 1347 3891 hac
1389 3840 1717 3894 invocatione

164 3928 500 3996 praescieiitia
526 3937 606 3981 est
636 3926 892 3991 Lamech,
925 3926 1146 3981 dicentis
1177 3945 1187 3978 :
1219 3925 1321 3982 Iste
1359 3946 1446 3981 nos
1485 3930 1716 3982 consula-

165 4032 275 4089 tur,
329 4036 491 4091 usque
541 4036 777 4077 manuum
821 4030 1135 4080 nostrarum.
1187 4021 1296 4078 Noe
1347 4025 1716 4090 interpretatur

161 4112 464 4166 consolatio
504 4114 586 4166 vel
631 4116 958 4180 consolator,
990 4118 1108 4185 quia
1151 4116 1388 4170 homines
1437 4119 1486 4170 in
1532 4119 1717 4170 diebus

165 4201 284 4256 Noe
308 4201 558 4255 consolati
587 4209 737 4267 sunt,
767 4202 890 4255 dum
936 4219 965 4256 a
993 4216 1204 4270 peccato
1249 4206 1486 4259 exstincti
1517 4217 1636 4257 sunt
1667 4209 1715 4258 in

163 4289 390 4344 diluvio.
432 4290 578 4344 Alter
618 4289 727 4343 Noe
771 4293 974 4354 requies
1022 4293 1415 4358 interpretatur,
1460 4297 1578 4360 quia
1624 4310 1705 4347 re-

161 4380 345 4450 quiem
388 4379 440 4432 in
485 4393 606 4431 arca
642 4379 883 4432 omnibus
929 4381 1279 4435 animantibus
1319 4386 1576 4449 pnestitit.
1607 4384 1716 4438 Noe

1825 3204 2013 3271 quibus
2039 3205 2259 3258 dicitur:
2288 3203 2524 3259 Homines
2547 3220 2589 3260 et
2610 3208 2842 3277 jumenta
2871 3208 3105 3273 safvubis,
3137 3208 3365 3262 Dmnine.

1826 3294 2098 3348 Multitudo
2147 3295 2584 3349 irrationabiliunt
2628 3300 3020 3362 jumentorum,
3075 3299 3154 3349 vel
3205 3299 3365 3351 etiam

1825 3383 2130 3446 bestiarum,
2175 3384 2225 3436 in
2276 3384 2611 3438 inferioribus
2645 3385 2772 3437 locis
2821 3384 3062 3436 habetur.
3100 3385 3158 3435 lli
3189 3395 3361 3436 autem

1821 3475 1907 3542 qui
1935 3490 2024 3540 per
2050 3474 2408 3527 rationabilem
2437 3475 2706 3526 scientiam
2739 3477 2938 3537 vivunt,
2963 3475 3048 3541 qui
3071 3485 3192 3525 sunt
3215 3475 3363 3530 valde

1821 3562 1990 3630 pauci.
2028 3561 2175 3613 .llulti
2220 3563 2350 3614 enim
2379 3573 2494 3614 sunt
2525 3566 2702 3628 rocuti,
2731 3565 2880 3629 pauci
2911 3581 3022 3616 utro
3063 3567 3223 3616 electi.
3255 3563 3365 3617 Non

1819 3663 2135 3706 Conveniunt
2179 3650 2231 3704 in
2264 3655 2370 3706 Noe
2415 3655 2570 3708 verba
2605 3656 2833 3708 Latncch
2867 3655 3025 3724 patris
3053 3657 3161 3718 sui,
3191 3658 3368 3709 dit-en-

1822 3745 1886 3797 tis
1913 3761 1922 3795 :
1941 3743 1962 3795 Ι
1971 3754 2041 3798 ste
2060 3746 2344 3798 consolatur
2367 3748 2425 3798 ab
2447 3748 2676 3816 aperibus
2697 3759 2739 3798 et
2759 3748 3011 3800 laboribus
3035 3765 3267 3799 manuum
3286 3765 3366 3800 uo-

1820 3851 2036 3896 strarum
2061 3843 2111 3894 in
2143 3854 2274 3895 terra
2299 3845 2380 3896 cui
2406 3847 2660 3896 maledixit
2692 3843 2970 3906 Dominus;
3017 3844 3107 3896 sed
3138 3842 3188 3895 itt
3219 3843 3368 3894 Citri-

1819 3941 1956 3985 stum
1980 3933 2294 3986 conveniunt
2318 3934 2470 3986 verba
2497 3936 2625 3986 hac.
2650 3936 2794 3999 Quod
2817 3943 2988 3985 autem
3013 3941 3362 3985 trecentorum

1819 4021 2112 4079 Cubitorum
2134 4030 2243 4077 erat
2261 4023 2523 4092 longitudo
2540 4037 2585 4075 at
2601 4037 2695 4090 cr,
2711 4021 3064 4077 centenarium
3090 4037 3360 4076 omnecum

1819 4117 2077 4182 signiﬁcat
2126 4132 2241 4169 esse
2293 4116 2576 4180 petlectum
2629 4125 2682 4168 et
2729 4118 2965 4182 plenum.
3018 4115 3080 4166 Et
3129 4123 3263 4166 Sicut
3313 4113 3363 4166 iu

1822 4207 2102 4273 Evangelii»
2146 4208 2388 4273 legimus,
2424 4209 2506 4257 ubi
2541 4208 2665 4259 dicit
2692 4223 2704 4258 :
2741 4206 2871 4270 Quia
2898 4206 3080 4258 habens
3107 4208 3216 4272 quis
3243 4221 3365 4257 cen-

1818 4307 1922 4348 tum
1951 4313 2080 4359 ωορδ,
2109 4312 2168 4348 ea:
2207 4298 2380 4360 quibus
2425 4312 2537 4347 cunt
2577 4297 2800 4364 periisset
2831 4313 2959 4361 utut,
2989 4297 3171 4348 relictis
3201 4312 3362 4347 nona-

1817 4387 1952 4455 ginta
1981 4403 2148 4439 tsi-vent
2176 4388 2224 4438 in
2255 4387 2519 4446 montibus,
2551 4387 2804 4437 descendit
2827 4402 3049 4454 quterere
3083 4387 3220 4436 illuni
3250 4400 3363 4452 qua

165 4471 384 4539 requies
418 4471 806 4536 interpretatur,
832 4469 952 4538 quia
998 4471 1049 4524 in
1092 4474 1226 4526 illius
1276 4486 1512 4541 tempore
1539 4477 1712 4529 omnia
1746 4489 1798 4550 ι)
1821 4482 2054 4546 perierat.
2085 4477 2178 4530 llic
2207 4492 2328 4528 vero
2357 4479 2688 4528 centonarius
2719 4479 2874 4527 tutius
2913 4484 3166 4527 creatura:
3200 4475 3357 4526 ratio-

164 4563 420 4615 a‘imenta
451 4561 818 4628 requieverunt
847 4576 939 4628 per
960 4562 1230 4627 diluvium,
1257 4573 1308 4617 et
1338 4565 1456 4617 ideo
1487 4569 1714 4634 requies.

164 4653 322 4720 Quod
348 4660 520 4705 autem
551 4652 711 4716 dicit,
739 4652 902 4705 Erunt
931 4655 1035 4707 dies
1076 4656 1275 4707 illorum
1316 4668 1506 4710 centum
1553 4660 1722 4728 viginti

165 4759 441 4806 annorum,
475 4743 572 4796 hoc
599 4755 698 4805 est,
733 4745 994 4798 habebunt
1021 4758 1230 4800 centum
1262 4749 1438 4818 viginti
1465 4766 1628 4803 annos
1656 4751 1720 4803 ad

164 4835 430 4905 agendum
474 4834 855 4902 paenitentiam,
889 4851 989 4886 non
1019 4839 1360 4890 Constitututn
1396 4850 1598 4904 tempus
1629 4842 1723 4892 hu-

167 4939 343 4978 mana:
373 4926 510 4977 vitae.
541 4927 669 4975 Arva
696 4933 891 4987 autem,
917 4933 1164 4991 quantum
1195 4942 1259 4980 ex
1296 4927 1375 4980 his
1406 4943 1522 4996 qua:
1542 4929 1721 4981 distri-

167 5015 406 5070 buuntur
443 5027 676 5084 apparet,
718 5027 940 5081 quatuor
987 5019 1212 5085 angulis,
1244 5037 1306 5072 es
1354 5037 1455 5074 uno
1499 5038 1719 5077 camur-

165 5118 330 5172 gens,
350 5107 550 5181 eisdem
600 5110 843 5176 paulatim
875 5123 1036 5177 usque
1066 5110 1130 5161 ad
1179 5125 1440 5163 summum
1477 5114 1526 5164 in
1562 5130 1725 5181 angu-

167 5203 322 5250 stum
349 5179 607 5264 atiractis,
635 5200 686 5254 iu
716 5200 940 5268 spatium
969 5198 1122 5254 unius
1147 5200 1307 5253 cubiti
1356 5199 1451 5254 luit
1481 5179 1721 5258 collecta.

171 5285 268 5342 Sic
305 5284 443 5340 enim
487 5290 711 5342 refertur
749 5291 887 5359 quod
937 5291 987 5344 in
1039 5291 1386 5347 fundamentis
1439 5296 1575 5349 illius
1622 5308 1724 5352 tre-

173 5373 320 5428 cauti
365 5372 529 5426 cubiti
562 5374 612 5427 in
644 5378 990 5447 longitudine,
1022 5380 1072 5432 in
1108 5380 1377 5435 latitudine
1417 5399 1542 5438 vero
1573 5387 1726 5453 quin-

175 5462 429 5536 quaginta
464 5474 586 5518 sunt
627 5470 810 5538 positi,
863 5471 1071 5538 triginta
1119 5479 1290 5525 autem
1333 5473 1382 5526 in
1425 5477 1721 5541 altitudine,

178 5557 276 5611 sed
299 5556 511 5610 collecta
539 5554 590 5608 in
614 5570 864 5613 cacumen
893 5572 1186 5630 angustum,
1213 5567 1280 5615 ita
1311 5573 1367 5615 ut
1394 5565 1626 5620 cubitum
1656 5568 1724 5622 sit

176 5646 465 5700 latitudinis
491 5656 542 5701 ct
574 5647 912 5715 longitudinis
951 5652 1106 5706 illius.
1141 5653 1498 5708 llabitatioues
1545 5667 1724 5710 autem

176 5733 344 5816 la'llla
374 5737 436 5818 ad
468 5736 565 5794 hoc
589 5736 1089 5824 lactmgvvidentunut
1117 5759 1210 5811 per
1238 5743 1467 5814 singulas
1498 5747 1725 5818 mansio-

1822 4569 2007 4622 nabilis
2040 4583 2312 4629 numerus,
2344 4567 2551 4633 quando
2576 4583 2678 4619 non
2701 4582 2761 4617 ex
2794 4566 3077 4628 semetipso
3099 4564 3354 4622 subsistit,

1823 4661 1912 4711 sed
1960 4673 2022 4710 ex
2075 4658 2325 4717 trinitate,
2374 4655 2659 4715 descendit,
2703 4665 2755 4705 et
2802 4651 3177 4720 longitudinem
3221 4652 3358 4713 vitm,

1827 4746 1922 4798 hoc
1948 4755 2025 4797 est
2057 4745 2463 4796 immortalitatis
2510 4743 2747 4810 gratiam,
2776 4757 2837 4793 ex
2879 4743 3028 4794 Patre
3056 4756 3147 4808 per
3175 4741 3358 4794 Filium

1822 4848 1874 4891 et
1904 4836 2149 4904 Spiritum
2176 4847 2411 4888 sanctum
2447 4836 2696 4900 suscepit.
2726 4835 2922 4888 Idcirco
2954 4833 3357 4901 poniturtripli-

1825 4941 1992 4990 catus,
2027 4939 2078 4977 ut
2109 4925 2193 4992 qui
2225 4940 2316 4993 per
2350 4925 2695 4989 ignorantiam
2724 4940 2786 4977 ex
2815 4923 3119 4976 centenario
3145 4936 3360 4974 munero

1824 5017 1953 5085 lapsi
2001 5029 2201 5074 sumus,
2233 5029 2325 5081 per
2369 5014 2686 5082 agnitionem
2730 5013 2974 5066 trinitatis
3020 5011 3360 5063 restituamur

1825 5111 1875 5164 in
1922 5118 2204 5162 trecentos.
2251 5106 2493 5160 Latitudo
2539 5105 3038 5175 quinquagenarium
3085 5115 3354 5154 numerum

1826 5213 1988 5266 tenet,
2017 5202 2102 5269 qui
2134 5215 2381 5254 numerus
2412 5201 2706 5254 remissioni
2735 5209 2788 5254 ct
2815 5198 3148 5264 indulgentiae
3175 5208 3353 5246 conse-

1823 5302 1998 5347 cratus
2026 5303 2128 5344 est.
2176 5289 2476 5344 Secundum
2530 5290 2695 5356 legem
2742 5289 2882 5340 enim
2926 5284 3358 5352 quinquagesimo

1823 5398 1960 5433 anno
1991 5381 2227 5432 remissio
2250 5380 2363 5433 fuit.
2395 5379 2742 5445 Spit-itualiter
2762 5392 2885 5443 ergo
2904 5375 3009 5429 Noe
3037 5373 3275 5427 Christus
3307 5375 3356 5428 in

1823 5485 1980 5523 carne
2022 5483 2138 5531 sua,
2167 5469 2215 5520 id
2247 5480 2324 5521 est
2355 5471 2403 5519 in
2439 5467 2664 5520 Ecclesia
2709 5481 2820 5529 sua,
2865 5465 3000 5518 hunc
3031 5465 3358 5534 quinquage-

1826 5563 2024 5613 narium
2053 5573 2324 5611 numerum
2352 5557 2651 5611 collocavit.
2687 5556 2795 5610 Nisi
2826 5557 2962 5610 enim
2997 5556 3354 5608 remissionem

1827 5658 2156 5717 peccatorum
2203 5646 2450 5707 donasset
2492 5648 2992 5718 credentibus,.non
3045 5647 3223 5700 luisset
3268 5658 3358 5710 pcr

1827 5739 2004 5796 orbem
2055 5749 2306 5794 terrarum
2358 5738 2599 5794 ECt‘iCSiiB
2643 5738 2860 5793 latitudo
2890 5735 3094 5791 diliusa.
3129 5735 3358 5793 Triginta
