3872 6262
473 451 580 505 εει

475 665 878 710 sacramentum.
908 653 1058 719 Quod
1098 662 1272 707 autem
1303 652 1372 707 ibi
1401 640 1630 716 centeni,
1657 653 1759 706 hoc
1786 653 1873 707 hic
1901 653 2022 708 deni

471 745 632 795 tertio
678 742 1004 807 multiplicati
1049 740 1270 794 faciunt.
1305 741 1391 794 Ad
1432 755 1593 794 unum
1643 751 1818 793 autem
1862 739 2026 794 totius

468 831 877 884 constrttetinnis
904 843 1180 882 numerum
1220 821 1699 890 sumtua‘vocatu',
1730 829 1849 896 quia
1889 842 2024 882 unus

477 915 618 968 Deus
646 917 812 975 Pater.
839 933 904 969 ex
931 932 1047 980 quo-
1066 919 1261 980 omnia,
1285 927 1336 970 et
1369 933 1501 970 unus
1532 917 1808 981 Dominus,
1839 927 1891 971 et
1921 932 2021 970 una

481 1005 730 1059 Ecclesia:
759 1006 907 1067 fides,
935 1016 990 1059 et
1017 1021 1175 1059 unum
1223 1008 1499 1075 baptisma.
1532 1005 1688 1061 Multa
1723 1008 1789 1062 de
1819 1007 1902 1061 his
1929 1021 2025 1072 per

472 1095 642 1146 Otitruv
667 1096 718 1145 in
750 1096 1037 1160 Scripturis
1067 1097 1320 1150 invenies.
1348 1097 1578 1165 Triginta
1625 1112 1887 1151 annorum
1927 1097 2018 1152 Jo-

471 1184 603 1246 seph
633 1183 873 1238 educitur
898 1187 962 1238 de
988 1201 1222 1240 carcere.
1253 1185 1484 1254 Triginta
1515 1200 1772 1239 annorum
1800 1189 2022 1241 refertur

468 1272 646 1336 Jesus,
685 1289 806 1327 cum
854 1279 996 1328 venit
1043 1276 1106 1328 ad
1153 1277 1489 1343 baptismum.
1521 1277 2018 1346 Quinquagesimum

470 1365 610 1418 dicat
647 1378 699 1420 et
730 1368 914 1421 festum
962 1369 1014 1421 in
1068 1384 1318 1424 novarum
1367 1373 1569 1440 frugum
1622 1377 2018 1431 consecratione

471 1455 786 1521 scierimus,
814 1466 873 1511 et
893 1458 960 1512 de
992 1459 1388 1516 Madianitarum
1415 1464 1600 1530 spoliis
1630 1465 1851 1520 Domino
1873 1467 2020 1534 quin-

469 1544 769 1611 quagesima
800 1561 919 1611 pars
937 1547 1246 1604 debebatur.
1269 1550 1401 1604 Cum
1425 1553 1678 1608 trecentis
1701 1555 1825 1606 viris
1851 1556 2017 1608 Abra-

470 1631 591 1684 ham
623 1635 745 1686 vicit
776 1634 1102 1699 Sodomitas,
1125 1649 1179 1692 et
1204 1639 1417 1694 Gedcou
1447 1655 1567 1694 cum
1615 1644 1863 1696 trecentis
1890 1644 2016 1698 viris

469 1722 642 1792 lingua
683 1725 870 1793 aquam
900 1726 1248 1783 lambentibus
1276 1739 1507 1798 superat.
1531 1731 1692 1797 Quod
1723 1743 1896 1786 autem
1922 1733 2017 1786 ad-

465 1811 624 1875 ditur,
669 1811 763 1866 Illi
809 1817 906 1882 [sit
948 1833 981 1869 α
1034 1818 1209 1879 latere,
1249 1829 1637 1874 sacramentum
1686 1821 2015 1876 remissionis

467 1907 800 1966 peceatorum
849 1913 950 1962 est,
982 1906 1122 1971 quod
1163 1906 1231 1960 de
1275 1907 1466 1961 Christi
1519 1910 1682 1975 latere
1723 1913 2009 1966 emanavit.

465 1987 621 2053 Quud'
655 1990 802 2054 juxta
836 1991 1172 2060 Septuaginta
1223 1993 1469 2052 interiora
1513 2012 1651 2052 arcte
1698 1998 2020 2056 bicamcrata

465 2086 555 2130 aut
605 2080 936 2134 tricamerata
981 2078 1393 2151 distinguuntur,
1434 2088 1557 2156 quia
1609 2089 1838 2144 Ecclesia
1885 2100 2012 2156 con:

462 2180 647 2238 gregat
684 2172 1064 2226 multitudinem
1110 2174 1428 2243 bipertitam,
1459 2187 1674 2244 propter
1720 2180 2010 2232 circumci-

463 2258 665 2313 sionem
694 2270 747 2312 et
795 2263 1127 2327 praeputium.
1160 2264 1265 2316 Aut
1294 2263 1628 2331 tripartitam,
1659 2275 1874 2334 propter
1892 2277 2009 2320 tres

464 2347 600 2399 filios
642 2346 773 2413 Noe,
801 2362 1022 2416 quo4um
1054 2351 1300 2420 progenie
1342 2354 1572 2421 repletus
1609 2365 1690 2408 est
1733 2357 2008 2411 universus

461 2434 628 2487 Orbis.
652 2436 802 2502 Quod
827 2448 1001 2491 autem
1047 2450 1261 2507 septena
1293 2450 1415 2494 sunt
1442 2445 1656 2506 munda,
1684 2452 1739 2498 et
1767 2443 1886 2497 bina
1915 2445 2012 2496 itu-

468 2530 656 2579 mundi
710 2529 959 2581 animalia
1008 2530 1366 2595 inveniuntur,
1415 2550 1517 2586 non
1569 2535 1688 2600 quia
1741 2537 2012 2604 pauciores

471 2615 591 2668 mali
639 2625 759 2669 sunt
800 2633 956 2681 quam
1003 2619 1156 2683 boni,
1201 2621 1296 2674 sed
1335 2621 1452 2688 quia
1501 2635 1714 2677 servant
1759 2625 2008 2680 unitatem

460 2704 688 2769 Spiritus
727 2708 1067 2773 septiformis.
1098 2713 1218 2764 mali
1249 2721 1424 2765 autem
1450 2713 1501 2766 in
1545 2713 1748 2770 binario
1787 2734 2007 2773 numero

459 2792 531 2846 ad
566 2795 846 2849 stliisniata
880 2797 1059 2852 faciles
1093 2801 1500 2855 distribuuntur.
1531 2802 1680 2869 Quod
1710 2818 1882 2861 autem
1913 2823 2013 2862 oc-

459 2889 610 2936 tavus
652 2885 764 2951 ipse
795 2885 922 2948 Nnc,
954 2889 1073 2953 quia
1104 2889 1154 2940 in
1196 2889 1407 2943 Christo
1436 2906 1558 2956 spes
1605 2890 2010 2950 resurrectionis

460 2979 654 3022 nostra
691 2974 954 3037 apparuit,
984 2976 1072 3042 qui
1117 2985 1301 3030 octava
1343 2978 1431 3032 die
1469 2990 1584 3046 post
1612 2982 1885 3036 sabbatum
1919 2998 2008 3038 rc-

457 3060 704 3110 surrexit.
757 3058 955 3114 Prmtcr
997 3077 1173 3118 arcam
1221 3082 1346 3120 vero
1393 3069 1534 3122 nulla
1583 3085 1710 3124 raro
1750 3073 2004 3141 salvator,

457 3147 577 3214 quia
604 3158 796 3215 prater
819 3151 1069 3209 Ecclesia:
1092 3157 1344 3211 unitatem
1371 3171 1503 3227 aqua
1530 3161 1793 3229 baptismi,
1820 3179 2004 3230 quatu-

2111 3143 2270 3197 bibus
2295 3142 2562 3198 Christum
2590 3155 2901 3213 agnoscunt.
2933 3146 3014 3199 Ab
3053 3147 3214 3199 initio.
3234 3148 3387 3214 hujus
3416 3151 3678 3205 lectionis

461 3237 540 3289 vis
570 3239 752 3290 eadem
781 3239 872 3304 sit,
903 3256 1005 3293 non
1034 3244 1206 3296 solum
1235 3260 1340 3299 nou
1373 3248 1532 3311 valet,
1555 3247 1653 3303 sed
1681 3251 1841 3304 etiam
1869 3256 2006 3307 va'et

461 3324 527 3377 ad
577 3329 882 3392 perniciem.
913 3330 1264 3400 Quadraginta
1307 3343 1485 3389 autem
1525 3337 1638 3391 dies
1681 3348 1736 3392 et
1781 3342 2008 3408 quadra-

456 3414 597 3481 ginta
616 3425 829 3478 noctes,
860 3419 912 3470 in
958 3422 1145 3487 quibus
1173 3421 1424 3488 diluvium
1455 3426 1609 3492 pluit,
1641 3425 1822 3480 decem
1873 3444 2007 3495 prae-

459 3512 608 3569 cepta
649 3507 950 3571 evangelica
981 3524 1200 3563 numero
1239 3512 1437 3567 sociata
1483 3511 1830 3570 demonstrat.
1853 3519 2007 3585 Quod

460 3601 635 3642 autem
663 3593 957 3657 quindecim
985 3599 1176 3650 cubitis
1200 3603 1529 3666 supercrevit
1557 3617 1711 3671 aqua,
1741 3607 2001 3662 excedens

462 3679 786 3735 altitudinem
838 3684 1130 3750 montium;
1160 3697 1490 3742 sacramento
1536 3692 1676 3743 enim
1724 3694 1911 3761 quietis
1952 3705 2005 3750 et

460 3772 878 3826 resurrectionis.
910 3777 1234 3832 transcendit
1262 3778 1494 3834 Ecclesia
1518 3783 1872 3838 altitudinem.
1906 3784 2004 3839 Per

461 3859 695 3932 singulos
738 3875 912 3920 autem
959 3883 1207 3923 numerus
1244 3871 1334 3940 qui
1381 3869 1467 3928 hic
1496 3874 1647 3940 positi
1677 3882 1800 3928 sunt
1833 3883 2006 3943 potest

462 3953 814 4019 unusquisque
860 3956 1133 4010 advertere
1171 3971 1580 4017 sacramentum.
1625 3966 1780 4030 Quod
1824 3977 2000 4020 autem

462 4038 527 4090 de
555 4053 714 4091 corvo
743 4043 951 4108 dicitur,
978 4048 1113 4108 quod
1147 4062 1249 4101 nou
1278 4058 1359 4103 est
1384 4064 1632 4105 reversus
1661 4055 1724 4106 ad
1755 4056 1884 4118 Nec,
1916 4068 2005 4108 aut

462 4129 609 4192 aquis
653 4134 830 4200 utique
874 4135 1220 4206 interemptus
1248 4143 1466 4207 est,’aut
1493 4141 1650 4214 alicui
1677 4156 1884 4198 mortuo
1911 4160 2000 4200 ca-

460 4215 639 4271 daveri
679 4228 1035 4288 sitpernzrtanti
1083 4231 1335 4295 injectus,
1365 4234 1621 4302 significat
1669 4235 1907 4290 homines
1949 4237 2001 4291 in

460 4308 785 4366 itntuunditia
823 4319 1122 4382 cupiditatis
1153 4323 1470 4388 teterrimos,
1499 4325 1566 4378 ad
1614 4327 1699 4379 illa
1727 4342 1844 4395 quae
1875 4328 2003 4381 foris

461 4409 584 4451 sunt
626 4403 677 4454 io
712 4405 809 4457 hoc
839 4407 1034 4460 tnundo
1066 4411 1311 4466 inti-nios.
1342 4414 1491 4479 Quod
1537 4417 1780 4469 columba
1820 4419 2000 4483 missa,

461 4500 564 4541 non
591 4487 796 4543 inventa
826 4496 1005 4562 requie
1034 4513 1240 4552 reversa
1279 4511 1389 4564 est,
1416 4505 1648 4556 ostendit
1677 4520 1770 4570 per
1798 4505 2000 4561 Novum
2033 4513 2078 4569 υ
2107 4497 2357 4560 Ecclesia,
2388 4511 2503 4565 quae
2529 4508 2693 4563 usque
2728 4508 2866 4548 nunc
2892 4494 2984 4549 lilii
3029 4496 3145 4557 Dei.
3171 4495 3222 4548 id
3262 4504 3346 4547 est
3373 4494 3538 4550 bona
3563 4510 3664 4552 Il-

463 4575 853 4633 Testamzntuut
898 4587 1128 4651 requiem
1176 4591 1372 4644 sanctis
1413 4590 1466 4643 in
1516 4592 1614 4646 hoc
1659 4594 1855 4648 mundo
1897 4608 1999 4650 non

461 4678 579 4718 csse
606 4673 938 4731 promissam.
964 4674 1112 4740 Quod
1141 4689 1316 4732 autem
1339 4680 1493 4733 olivae
1523 4681 1844 4737 fructuosum
1881 4700 2000 4738 sur-

459 4757 631 4807 Culum
666 4761 869 4824 retulit,
910 4763 1168 4827 signiticet
1197 4770 1474 4822 nonnullos
1513 4773 1670 4824 etiam
1713 4781 1863 4826 extra
1900 4774 2002 4826 Ec-

460 4847 672 4897 clesiatu
723 4848 1029 4917 baptizatos,
1071 4855 1113 4906 si
1163 4856 1262 4908 illis
1309 4859 1574 4925 pinguedo
1622 4877 1724 4914 non
1777 4861 2002 4916 doluerit

463 4935 762 5004 charitatis,
839 4944 1112 5006 posteriori
1184 4956 1424 5015 tempore
1471 4950 1521 5002 in
1567 4965 1661 5004 ore
1716 4953 1998 5018 colutnbre,

461 5034 703 5095 tauquam
733 5031 917 5084 osculo
963 5034 1126 5098 pacis,
1154 5036 1221 5088 ad
1268 5037 1519 5091 unitatem
1563 5053 1719 5103 posse
1766 5041 1998 5108 perduci.

459 5115 606 5180 Quod
631 5128 804 5172 autem
836 5130 952 5188 post
988 5123 1117 5175 alios
1142 5136 1342 5191 septem
1367 5127 1479 5181 dies
1515 5128 1753 5193 dimissa,
1787 5145 1890 5182 non
1920 5138 2003 5182 est

462 5220 689 5273 reversa,
712 5210 970 5278 signiﬁcat
1001 5211 1154 5266 linem
1184 5218 1389 5280 saeculi,
1419 5219 1627 5283 quando
1654 5223 1759 5273 erit
1791 5222 2000 5285 requies

464 5309 565 5345 non
594 5299 763 5352 adhuc
804 5301 853 5352 in
884 5312 1212 5358 sacramento
1241 5307 1384 5371 spei,
1414 5323 1517 5374 quo
1547 5310 1596 5360 in
1629 5309 1728 5363 hoc
1769 5321 2002 5376 tempore

460 5388 853 5452 cuneociantnr,
900 5393 1127 5458 quattdtu
1183 5396 1444 5450 videbitur
1496 5399 1632 5464 quod
1683 5398 1753 5453 de
1808 5399 2000 5454 Christi

461 5473 620 5527 latere
651 5478 912 5528 manavit:
943 5481 1035 5532 ενα
1062 5481 1169 5548 jam
1211 5485 1266 5535 in
1316 5467 1424 5553 ipsa
1473 5484 1791 5550 perfectione
1817 5487 2001 5542 salutis

459 5575 687 5626 :etcrna,
719 5582 836 5619 cum
868 5569 1098 5622 tradetur
1124 5585 1342 5638 regnum
1378 5574 1484 5630 Deo
1510 5585 1564 5626 et
1595 5573 1752 5638 Patri,
1784 5584 1837 5628 et
1864 5586 1921 5629 ut
1949 5579 2000 5630 iu

461 5653 544 5704 illa
593 5657 862 5721 perspicua
893 5659 1335 5726 contemplatione
1381 5661 1822 5717 incommutabilis
1867 5667 2002 5719 veri-

459 5741 577 5794 tatis
605 5743 763 5797 nullis
794 5743 1042 5802 ministris
1069 5749 1428 5817 corporalibus
1448 5766 1729 5829 egeamus.
1746 5753 1852 5808 Cur
1883 5767 2000 5809 sex-

962 447 1162 504 υευι
1203 444 1648 504 νεκεκδιιιυε
1699 441 2190 552 υηιωδιεινιιηξ
2226 445 2288 500 ll.
2328 476 2395 488 —
2435 446 2815 506 EXECETICA
2856 449 3171 507 GENUINA.

475 577 650 620 autem
702 563 994 618 altitudinis
1041 576 1290 618 numerus
1332 561 1506 617 simile
1537 571 1594 616 ut
1639 576 1737 618 ccc
1778 561 2015 616 continet
2043 561 2086 614 Α
2113 553 2402 614 centesimo
2445 570 2500 615 et
2541 577 2645 614 uno
2689 577 2827 616 anno
2873 565 2990 617 vita
3034 563 3162 626 Noe,
3211 563 3265 618 id
3312 575 3411 619 est
3451 567 3684 633 peractis

2050 4841 2056 4848 η
2102 4783 2184 4827 est
2209 4771 2566 4824 delectabiles.
2600 4769 2842 4836 Dixitque
2874 4766 3037 4830 Deus,
3066 4761 3189 4816 Non
3215 4765 3531 4831 perpendi
3551 4765 3655 4832 spi-

3577 449 3674 504 ρει

2123 648 2388 703 sexcentis
2407 651 2585 715 annis,
2607 652 2840 716 aperitur
2862 665 2997 704 arca
3023 651 3254 705 tectum?
3282 651 3457 706 Finita
3483 654 3679 722 quippe

2125 749 2271 792 sexta
2313 739 2493 792 mundi
2537 749 2696 794 atate
2731 741 3054 794 revelabitur
3079 741 3454 795 absconditum
3502 756 3678 797 sacra-

2124 836 2358 882 mentum
2387 839 2542 898 atque
2570 830 2905 897 promissum.
2936 828 3044 883 Cur
3072 833 3324 885 vicesimo
3348 840 3406 886 et
3445 834 3678 898 septi-0

2122 915 2210 971 die
2247 918 2463 973 secundi
2495 919 2688 972 mensis
2715 918 2906 973 dicitur
2944 922 3084 973 sicca
3131 929 3294 988 terra,
3325 929 3586 989 tanquam
3620 923 3680 974 6-

2124 1006 2226 1059 nitu
2256 1015 2398 1060 esset
2419 1006 2530 1075 jam
2559 1008 2865 1074 baptizandi
2893 1010 3198 1072 necessitas,
3221 1009 3274 1062 iu
3302 1023 3533 1062 uero
3557 1009 3681 1064 dic-

2121 1112 2235 1151 rqu
2261 1099 2686 1164 quinquagesimo
2707 1110 2760 1150 ct
2801 1096 3063 1164 septimo?
3092 1097 3207 1166 Ipse
3246 1110 3331 1154 est
3373 1099 3678 1176 euitnldiea

2123 1185 2338 1240 secundi
2361 1187 2556 1239 mensis
2585 1185 2860 1238 vicesimus
2888 1187 3161 1250 septimm,
3186 1191 3289 1256 qui-
3305 1203 3587 1255 nunterue
3610 1205 3672 1243 ex

2121 1272 2207 1326 illa
2237 1273 2603 1339 conjunctione
2641 1272 2854 1339 spiritus
2873 1281 2923 1326 el
2953 1277 3190 1341 corporis
3217 1278 3418 1344 septies
3448 1288 3676 1333 octona-

2121 1361 2254 1414 rium
2285 1361 2460 1423 habet,
2490 1375 2596 1415 uno
2621 1361 2802 1414 addito
2831 1375 3048 1432 propter
3071 1363 3346 1419 Trinitatis
3370 1367 3670 1420 vinculum.

2123 1449 2277 1504 Divisi
2302 1463 2472 1505 autem
2497 1465 2670 1504 arcam
2695 1454 2886 1506 intrant
2917 1454 3024 1507 Noe
3063 1465 3115 1508 et
3144 1455 3235 1509 lilii
3267 1457 3516 1522 illius,-et
3543 1473 3674 1510 uxor

2118 1543 2276 1606 illius,
2318 1554 2371 1595 et
2412 1556 2605 1596 uxores
2660 1543 2885 1597 liliorum
2935 1543 3105 1607 illius;
3164 1547 3434 1613 conjuncti
3491 1557 3671 1602 autem

2117 1632 2454 1697 egrediantur
2477 1645 2540 1683 ex
2571 1644 2711 1683 arca.
2745 1630 2833 1685 Sic
2859 1641 3034 1685 autem
3063 1633 3272 1699 ponitur
3298 1633 3414 1688 Noe
3444 1646 3501 1688 et
3541 1651 3672 1689 uxor

2118 1722 2282 1786 illius,
2308 1731 2364 1775 et
2391 1721 2490 1775 lilii
2510 1721 2668 1785 illius,
2698 1732 2752 1774 et
2780 1736 2968 1776 uxores
2998 1722 3219 1776 ﬁliorum
3248 1723 3415 1792 illius,
3451 1738 3672 1794 propter

2117 1809 2493 1864 continentiam
2520 1809 2868 1865 necessariam
2895 1811 2953 1865 in
2967 1825 3110 1876 arca,
3127 1814 3282 1880 quasi
3303 1813 3364 1867 in
3390 1815 3631 1871 Ecclesia
3654 1835 3669 1868 :

2045 1878 2099 1937 δ
2113 1908 2169 1956 et
2215 1911 2429 1969 propter
2473 1900 2791 1954 creationem
2842 1901 3064 1953 filiorum
3106 1878 3254 1955 extra
3297 1917 3511 1968 arcam,
3550 1907 3675 1992 qni:

2110 2004 2230 2043 cum
2264 1989 2448 2043 salvati
2478 2005 2571 2056 per
2608 2003 2782 2044 arcam
2818 1991 3146 2057 spiritualem
3189 1989 3675 2057 "surrexerimus,

2073 2079 2406 2146 fadhazrebit
2427 2093 2553 2132 caro
2579 2079 2806 2146 spiritui,
2835 2093 2964 2148 pace
2995 2077 3250 2146 perfecta.
3291 2079 3449 2134 Nune
3495 2090 3670 2135 autem

2094 2167 2319 2220 interim
2349 2167 2692 2240 adversantur
2718 2167 2820 2222 sibi
2848 2167 3092 2221 invicem.
3124 2169 3258 2232 Quid
3298 2169 3576 2240 signth
3594 2171 3674 2223 di-

2111 2256 2254 2311 visus
2279 2256 2467 2311 Nocet
2494 2271 2627 2312 uxor
2651 2256 2812 2320 illius,
2840 2265 2894 2311 et
2921 2257 3016 2310 lilii
3054 2257 3194 2310 illius
3233 2259 3396 2313 divisi
3439 2261 3513 2312 ab
3543 2275 3670 2312 exe-

2111 2344 2258 2397 ribus
2287 2345 2338 2398 iu
2371 2351 2608 2411 tempore
2634 2343 2851 2396 diluvii?
2882 2345 3031 2409 Quod
3058 2345 3248 2398 dantur
3271 2346 3380 2401 illis
3407 2348 3462 2399 iu
3493 2363 3669 2400 eseam

2110 2435 2285 2487 omnia
2330 2433 2601 2497 animalia,
2631 2439 2767 2488 sicut
2797 2433 2950 2487 Petro
2988 2435 3198 2500 dicitur,
3233 2436 3426 2490 Occide
3453 2449 3505 2490 et
3533 2454 3673 2490 men-

2110 2524 2270 2585 dttca;
2297 2524 2432 2589 quod
2460 2523 2665 2590 abjecto
2684 2517 2934 2592 sanguine
2953 2524 3202 2592 jubentur
3224 2528 3579 2596 manducare,
3605 2545 3672 2581 ne

2108 2614 2212 2664 vita
2243 2613 2460 2680 pristina
2488 2615 2633 2681 quasi
2675 2612 2925 2666 sulfocata
2959 2615 3010 2666 in
3035 2618 3363 2668 conscientia
3401 2626 3666 2681 teneatur,

2109 2699 2201 2752 sed
2234 2699 2461 2752 habeant
2493 2710 2741 2766 tanquam
2777 2700 3088 2753 elfusiouem
3121 2717 3212 2767 per
3239 2702 3666 2758 confessionem.

2109 2788 2258 2850 Quod
2287 2800 2418 2840 vero
2454 2786 2628 2853 posuit
2657 2786 2791 2839 Deus
2831 2796 3202 2842 testamentum
3231 2790 3370 2844 inter
3396 2806 3460 2846 se
3489 2802 3548 2846 et
3575 2794 3670 2847 bo-

2111 2877 2302 2936 miues.
2331 2890 2511 2949 arcum
2555 2877 2765 2932 scilicet
2801 2879 2854 2932 in
2901 2880 3156 2944 nubibus,
3194 2896 3262 2936 ne
3311 2883 3510 2951 perdat
3551 2885 3676 2938 illa

2109 2963 2380 3018 diluvium.
2409 2965 2487 3019 illi
2516 2967 2656 3019 enim
2689 2981 2757 3021 ne
2787 2958 3006 3035 pereant
3044 2969 3268 3035 diluvio,
3292 2972 3383 3040 qui
3439 2974 3496 3024 in
3550 2988 3674 3040 pro-

2109 3054 2285 3123 phetis
2315 3064 2369 3108 et
2412 3056 2465 3109 in
2495 3051 2693 3110 divinis:
2727 3057 3032 3126 Seripturis,
3063 3067 3310 3126 tanquam
3341 3060 3392 3112 in
3423 3059 3528 3114 Dei
3568 3077 3664 3114 uu-

2105 3233 2336 3286 bt'eviter
2373 3242 2645 3300 tangamus
2679 3248 2796 3302 qua
2825 3233 2878 3287 in
2920 3234 3027 3288 hac
3065 3237 3396 3304 expositione
3444 3251 3667 3306 prater.

2104 3325 2261 3378 missa
2281 3333 2423 3380 sunt.
2447 3324 2594 3392 Sem,
2615 3323 2780 3381 Cham
2803 3335 2856 3381 et
2883 3326 3075 3396 Japbet
3105 3328 3362 3385 Hebraice
3383 3331 3662 3397 dicuntur,

2101 3429 2332 3482 quorum
2353 3413 2735 3485 interpretatio,
2763 3419 2952 3482 positio
2979 3419 3195 3485 callida,
3220 3420 3445 3473 latitudo
3471 3421 3678 3477 Latiae

2103 3511 2277 3567 sonat,
2311 3513 2525 3573 propter
2566 3507 2867 3568 scientiam,
2892 3507 3032 3560 sicut
3051 3507 3229 3561 vocati
3256 3515 3400 3562 sunt.
3450 3511 3663 3578 Quique

2102 3592 2263 3644 etiam
2291 3592 2343 3645 in
2373 3605 2497 3646 arca
2535 3605 2656 3646 cum
2684 3593 2796 3648 Noe
2827 3605 2936 3648 tres
2978 3596 3194 3661 populos
3217 3611 3336 3650 etim
3364 3595 3589 3654 Christo
3610 3600 3664 3654 β

2107 3682 2360 3748 Ecclesia,
2407 3683 2510 3737 hoc
2549 3693 2631 3736 est
2674 3683 2832 3751 legis,
2877 3693 3074 3738 natura
3112 3696 3166 3738 et
3210 3686 3574 3755 liuet-aquae
3609 3697 3674 3742 es

3819 3201 3823 3342 ἱ

2105 3773 2444 3839 Evangettum
2471 3772 2771 3842 significare
2796 3774 3066 3830 dicuntur.
3099 3773 3156 3827 l-u
3187 3789 3254 3829 eo
3293 3785 3476 3830 antes-
3523 3777 3672 3844 quod

2104 3861 2341 3915 videntes
2369 3861 2462 3915 lilii
2492 3863 2615 3928 Dei,
2643 3878 2821 3918 semen
2865 3863 2996 3918 Setb
3043 3865 3326 3933 signiﬁcat.
3357 3865 3499 3920 Sella
3548 3866 3664 3934 qui-

2103 3949 2233 4004 dem»
2263 3963 2444 4004 semen
2486 3966 2590 4003 non
2637 3951 2918 4021 incongrue
2949 3952 3111 4007 Filius
3143 3953 3235 4007 Dei
3277 3953 3503 4018 dicitur,
3541 3954 3666 4022 quia

2103 4057 2200 4110 pro
2226 4040 2355 4094 Abel
2397 4050 2551 4095 natus
2579 4052 2684 4106 est,
2712 4043 2779 4095 ad
2807 4042 2957 4112 cujus
3001 4058 3215 4096 munera
3264 4043 3528 4098 Dominus
3568 4060 3666 4100 re-

2102 4130 2294 4200 spexit.
2325 4131 2424 4185 Per
2455 4131 2592 4185 tilias
2635 4145 2762 4186 vero
2791 4133 3060 4187 hominum
3107 4133 3229 4186 tilia:
3274 4134 3500 4192 seminis
3526 4137 3660 4194 ω-

2105 4223 2486 4293 intelliguntur,
2495 4239 2711 4293 quarum
2727 4225 3128 4292 capulatiovcum
3153 4225 3360 4279 semine
3375 4226 3662 4295 Sub,“

2103 4330 2159 4369 sa
2182 4313 2358 4367 diluvii
2384 4329 2544 4381 super
2563 4313 2932 4379 terram,un
2952 4314 3109 4367 etiam
3128 4312 3323 4368 .Iudcis
3351 4313 3662 4386 fregi-uls

2104 4407 2580 4477 accidigVindieta
2596 4419 2753 4459 causa
2776 4419 3001 4458 uxorum
3027 4406 3304 4474 gentilium
3327 4405 3662 4475 signiﬁcatu

2103 4593 2404 4660 gitationes,
2445 4589 2608 4643 malas
2648 4589 2949 4654 acciperent
2991 4585 3364 4655 cogitationes,
3389 4599 3522 4655 qn.
3565 4601 3661 4656 pce

2103 4595 2404 4660 gitationes,
2445 4595 2608 4643 malas
2648 4595 2949 4654 acciperent
2991 4595 3364 4655 cogitationes,
3389 4599 3522 4655 qn.
3565 4601 3661 4656 pce

2102 4684 2240 4738 filias
2265 4681 2559 4733 ‘hominum
2605 4677 2974 4732 ostenduntur.
3017 4673 3259 4726 Pulchra
3299 4673 3578 4740 ducatur,
3605 4674 3668 4729 id
3819 4595 3825 4771 1

2102 4865 2226 4915 ritus
2269 4878 2406 4914 incus
2438 4862 2492 4926 in
2531 4859 2748 4919 homine,
2775 4856 2826 4909 id
2856 4863 2940 4908 est
2984 4854 3207 4924 spiritus
3254 4854 3664 4919 vividam,
3817 4841 3821 4926 LI

2243 4899 2500 5014 εἷο-’.ελῖ
2688 4899 2909 5013 diceret,
2932 4899 3053 5012 qui:
3092 4943 3311 5012 fragilis.
3344 4952 3400 4996 et
3425 4941 3501 4995 ad
3528 4955 3658 5011 μα
3815 4899 3821 5021 ε

2101 5041 2320 5094 candutn
2352 5041 2540 5092 facilis.
2573 5036 2746 5090 Aliter
2776 5049 2868 5102 per
2892 5033 3139 5102 spiritum
3169 5032 3225 5085 in
3253 5031 3357 5085 hoc
3392 5028 3522 5084 loco
3545 5030 3661 5100 api-

2102 5135 2231 5184 ritus
2276 5134 2366 5185 ira:
2413 5127 2743 5195 intelligitur,
2781 5126 2927 5194 quasi
2974 5119 3382 5186 dixisset:th
3406 5117 3658 5192 frag“

2103 5213 2293 5276 habent
2317 5221 2585 5275 materiam
2613 5218 2876 5283 homines,
2905 5232 3011 5272 nou
3034 5217 3086 5269 in
3115 5204 3426 5281 perpetu-li
3450 5214 3658 5270 ira"

2101 5314 2224 5375 illis.
2248 5325 2301 5367 ut
2329 5312 2452 5366 alibi
2479 5312 2546 5363 de
2574 5310 2674 5364 boc
2707 5309 2905 5364 dictum
2933 5317 3036 5370 est,
3065 5303 3183 5358 Non
3213 5301 3334 5359 illos
3365 5303 3662 5360 renes-ub

2099 5404 2164 5456 ad
2209 5413 2435 5455 teternos
2479 5400 2762 5462 cruciatus,
2787 5397 2880 5452 sed
2923 5395 3012 5449 hic
3054 5393 3332 5450 restituam
3358 5393 3512 5462 quod
3539 5406 3657 5447 α-

2100 5486 2581 5557 τθηιιιιιζϐἰςεηιεε
2622 5489 2713 5556 qui
2758 5486 2844 5539 hic
2885 5483 3136 5536 dicuntur
3178 5481 3415 5537 iudicem
3463 5490 3660 5546 “II

2101 5587 2334 5648 peccata.
2356 5580 2549 5632 ctenim
2573 5571 2927 5644 magnitudine
2949 5571 3153 5640 peccati
3178 5571 3284 5626 nati
3305 5580 3458 5654 sunt.
3479 5565 3663 5637 ο-αι-

2101 5683 2201 5737 que
2229 5668 2381 5734 dicit,
2425 5667 2529 5720 Vist'
2558 5664 2774 5735 femen,
2804 5659 2881 5715 sic
2926 5660 3328 5737 intelligendum
3370 5667 3464 5714 est
3504 5654 3660 5730 qui

2101 5734 2312 5814 dixisset
2339 5758 2538 5828 superbi
2561 5734 2642 5810 vel
2675 5754 2847 5824 fortes.
2882 5748 3135 5826 Dominus
3169 5734 3346 5807 ante
3383 5747 3506 5830 hic)
3531 5761 3646 5820 μι-
