3872 6262
158 383 270 438 ω

949 380 1017 436 IN
1055 369 1601 434 PENTATEUCHUM
1639 365 2126 424 COMMENTAIHI.
2165 393 2235 407 -
2270 365 2572 422 GENESIS.

3244 360 3358 416 2‘26

159 497 333 552 nitere
359 494 566 557 dicitur,
595 491 690 548 sed
736 504 884 546 more
929 488 1218 543 hominum.
1267 486 1332 542 Et
1379 485 1493 538 [nec
1538 481 1704 550 prima
1732 480 1780 538 Δ
1806 492 1952 533 suam
1989 477 2255 534 custodire
2295 477 2584 532 Eeclesiam
2629 491 2657 529 a
2704 475 3156 544 persequentibus.
3189 478 3354 546 Oper-

161 584 468 655 pmuiteutia
514 581 721 638 DOniini
765 582 815 634 in
844 579 1131 645 Scripturis
1171 574 1436 630 invenitur
1461 572 1527 626 de
1554 585 1704 625 crea-

160 677 309 732 tione
343 674 592 740 hominis,
618 671 758 740 quod
803 670 1068 725 hominem
1113 666 1327 722 fecisset
1365 664 1416 717 in
1465 673 1622 724 terra,
1654 667 1708 710 ct

164 767 270 824 hoc
312 765 672 822 bistorialiter.
703 762 800 816 Vel
828 761 965 830 quod
1000 760 1147 814 illum
1201 757 1410 810 fecisset
1464 753 1517 805 in
1566 750 1710 802 arbi-

163 860 345 921 trium,
392 856 517 910 dum
564 854 693 908 nihil
738 852 1074 922 proﬁciebat,
1119 847 1211 903 sed
1250 844 1407 914 pejus
1451 856 1511 894 ac
1561 838 1709 908 pejus

160 945 420 1016 peccavit.
455 942 517 996 Et
559 955 840 1010 praeurens
866 939 920 991 in
961 943 1211 1006 futurum,
1243 933 1294 986 id
1323 940 1501 985 estne
1543 927 1707 980 adde-

159 1013 284 1086 rent
318 1029 543 1097 amplius
588 1035 823 1095 peccata.
852 1023 947 1077 Vel
995 1024 1116 1091 quia
1167 1021 1405 1073 homines
1451 1030 1570 1070 cum
1617 1013 1708 1066 Ci-

161 1120 404 1188 gantibus
450 1119 626 1171 vivere
672 1128 777 1169 non
828 1109 1067 1182 possunt,
1095 1110 1163 1164 ab
1213 1108 1424 1161 homine
1452 1117 1614 1171 usque
1645 1102 1710 1153 ad

156 1211 420 1281 jumenta,
447 1208 499 1260 in
525 1221 628 1276 quo
648 1204 786 1260 nihil
825 1201 1100 1256 dimidium
1131 1198 1362 1266 reliquit.
1389 1207 1441 1250 et
1475 1208 1569 1260 per
1601 1193 1711 1243 lucc

162 1299 292 1354 vitia
319 1295 875 1364 animatcorporisque
902 1298 1132 1361 .possuut
1181 1289 1424 1353 intelligi.
1451 1284 1561 1338 Noe
1590 1297 1713 1336 vero

161 1388 405 1443 invenire
451 1387 671 1456 gratiam
719 1397 897 1437 coram
948 1379 1169 1434 Domino
1215 1375 1561 1437 dicit.ur,non
1581 1370 1711 1438 quia

165 1479 333 1547 ipsius
358 1478 561 1530 bonitas
594 1475 866 1530 Dominum
894 1467 1170 1537 praevenit,
1192 1466 1284 1520 sed
1306 1464 1479 1532 justus
1506 1463 1560 1515 in
1587 1459 1715 1512 alio-

167 1583 289 1620 rum
329 1565 719 1634 comparatione
746 1561 865 1615 l‘uit.
905 1560 1066 1613 Nemo
1092 1557 1232 1610 enim
1277 1552 1582 1607 naturaliter
1622 1549 1715 1602 bo-

165 1670 290 1720 nus,
320 1656 416 1707 nisi
443 1654 584 1706 solus
611 1649 765 1705 Deus.
795 1648 915 1702 Non
935 1661 1054 1700 vero
1076 1647 1246 1715 justus
1261 1653 1421 1709 atque
1445 1645 1714 1709 perlectus,

1808 572 1939 638 tique
1975 579 2088 622 sunt
2133 575 2301 623 omnes
2347 579 2539 621 montes
2583 568 2675 620 sub
2720 569 2950 622 universo
2978 569 3122 630 calo,
3156 567 3206 622 id
3249 573 3355 629 est,

1806 662 1962 717 etiam
2011 675 2128 714 cum
2179 659 2440 725 paradiso,
2494 659 2616 711 dum
2669 658 2720 711 in
2753 667 2892 712 terra
2939 667 3042 722 est,
3093 658 3208 712 sive
3255 671 3350 709 ex-

1808 768 1960 817 cepto
2015 749 2280 818 paradiso,
2333 749 2455 803 dum
2512 747 2850 802 aCherubim
2896 746 3347 802 custodiebantur.

1804 839 1959 905 Quod
2012 848 2184 893 autem
2237 838 2398 902 dicit,
2453 836 2666 890 Omnem
2718 842 2918 892 carm
2969 846 3354 902 consumptum,

1811 929 2088 984 haereticos
2155 935 2448 995 prteravet,
2493 926 2854 998 existimantes
2915 925 3049 979 alios
3107 926 3403 977 diluvium.

1810 1023 2062 1085 evasisse,
2087 1030 2144 1076 ut
2169 1021 2236 1084 de
2267 1019 2558 1075 Mathusala
2597 1020 2791 1073 dictum
2821 1025 2924 1071 est.
2959 1014 3022 1068 Et
3049 1014 3220 1068 eduxit
3255 1013 3364 1078 spi-

1809 1114 1985 1175 ritum,
2013 1112 2062 1166 id
2089 1120 2172 1166 est
2196 1121 2437 1173 ventum;
2465 1119 2512 1163 et
2540 1110 2822 1162 imminuta
2847 1116 2965 1160 sunt
2990 1120 3154 1173 aqua,
3183 1104 3231 1157 id
3255 1111 3365 1166 est,

1817 1202 2045 1257 Imreses
2069 1211 2128 1256 et
2177 1203 2590 1268 persecutiones.
2628 1197 2730 1251 Per
2761 1205 3054 1250 cataractas
3090 1193 3246 1254 cmli.
3275 1205 3368 1245 sn-

1816 1291 2009 1358 perbos
2030 1288 2289 1342 ostendit.
2320 1286 2575 1354 Quodque
2604 1285 2758 1349 dicit,
2791 1282 2981 1337 Euntes
3005 1294 3053 1335 et
3080 1283 3365 1345 redeuntes,

1815 1379 2078 1446 signiﬁcat
2120 1376 2375 1430 vindictas
2419 1375 2470 1429 in
2520 1377 2883 1442 persecutores
2927 1380 2981 1425 et
3027 1371 3279 1440 haereses,
3311 1371 3362 1422 in

1819 1467 2099 1520 hereticos
2145 1472 2494 1518 revertentes.
2530 1462 2723 1516 Corvus
2765 1462 3022 1523 dimissus,
3053 1468 3098 1512 et
3143 1476 3243 1512 non
3280 1473 3364 1511 re-

1816 1571 2006 1616 versus,
2035 1554 2250 1622 ﬁguram
2298 1551 2587 1619 peccatoris
2620 1550 2714 1610 vel
2753 1550 2947 1605 diaboii
2995 1557 3158 1610 tenet,
3184 1549 3248 1600 ad
3275 1561 3365 1600 re-

1813 1659 1976 1712 gnum
2009 1640 2102 1696 Dei
2130 1655 2232 1694 non
2264 1640 2596 1693 revertentis.
2629 1638 2882 1692 Columba
2923 1653 3049 1691 vero
3079 1637 3242 1690 Adam
3287 1635 3363 1688 si-

163 1743 223 1797 id
251 1750 353 1808 est,
381 1756 472 1796 ore
501 1749 563 1793 et
608 1752 788 1806 opere,
817 1744 873 1788 ut
912 1737 976 1789 dc
1005 1732 1226 1788 Domino
1267 1727 1510 1784 canitur:
1538 1726 1718 1778 Justus

1837 1733 2032 1804 gniﬁcat
2059 1733 2124 1787 ad
2157 1731 2452 1801 paradisum
2473 1739 2826 1785 revertentem
2858 1745 2952 1796 per
2981 1729 3246 1783 Christum
3278 1727 3361 1780 vcl

169 1829 415 1884 Dominus
445 1831 498 1882 in
529 1828 754 1881 omnibus
775 1801 888 1879 Veiis
923 1824 1052 1886 suis,
1082 1831 1127 1875 et
1165 1829 1366 1874 sanctus
1399 1819 1459 1870 in
1487 1814 1718 1869 omnibus
1749 1801 1796 1860 Β
1823 1801 2249 1892 immanemque
2292 1821 2487 1888 iustum
2528 1821 2592 1872 ,ει
2639 1819 2927 1874 Ecclesia",
2954 1836 2967 1871 ε
2996 1817 3146 1886 cui,“
3177 1831 3288 1882 μοι.
3314 1818 3365 1870 id

163 1919 400 1988 operibus
427 1918 548 1971 suis.
577 1915 827 1983 Corrupto
848 1922 923 1976 est
951 1922 1106 1972 terra,
1137 1909 1188 1961 id
1214 1915 1318 1972 est,
1348 1905 1550 1958 fructus
1579 1902 1718 1956 illius
1754 1946 1761 1951 _

163 2005 404 2072 corrupti
444 2013 568 2058 sunt
606 2002 898 2070 iniquitate.
930 1996 1106 2050 Omnis
1146 1995 1350 2062 quippe,
1385 2004 1549 2058 usque
1585 1990 1716 2042 viam

164 2089 419 2159 suamﬂd
448 2103 526 2147 est
555 2099 795 2144 naturam
833 2089 998 2141 suam.
1052 2082 1291 2136 Bitumen
1337 2088 1394 2133 et
1438 2081 1533 2147 pix
1582 2075 1718 2131 idem

167 2184 439 2239 dicuntur.
471 2182 712 2235 Bitumen
740 2188 912 2231 autem
944 2177 1107 2227 lutum
1141 2182 1242 2227 est.
1273 2171 1517 2224 Cubitum
1544 2174 1718 2221 autem

167 2275 364 2330 dicitur
392 2287 484 2328 se:
512 2271 702 2340 palmi,
730 2284 759 2322 a
791 2266 977 2336 pollice
1014 2277 1180 2331 usque
1221 2261 1273 2315 in
1300 2271 1596 2316 extremum
1641 2256 1723 2310 di-

165 2365 372 2434 gittuu;
403 2361 495 2416 sed
527 2371 700 2414 tamen
748 2353 988 2424 superius
1036 2352 1233 2406 dictum
1278 2356 1362 2403 est
1387 2348 1527 2417 quod
1558 2345 1724 2414 Αἰαν-

170 2458 406 2524 ptiorum
431 2452 620 2506 cubitis
646 2449 850 2518 Moyses
882 2458 1071 2510 arcam,
1095 2455 1306 2498 mensus
1333 2448 1434 2504 est,
1465 2453 1498 2493 e
1537 2437 1727 2506 quibus

172 2561 314 2599 unus
340 2559 430 2597 sex
473 2544 538 2597 de
582 2539 833 2594 Romanis
875 2535 1070 2590 cubitis
1112 2541 1274 2588 tenet.
1304 2531 1641 2594 Fenestram,
1674 2526 1725 2581 id

168 2643 260 2690 est
288 2634 574 2700 obliquum,
604 2639 660 2682 ut
689 2637 923 2695 putatur,
953 2636 1011 2680 ut
1053 2625 1281 2694 pluviam
1306 2631 1360 2676 et
1398 2631 1609 2677 ventum
1648 2617 1730 2672 in-

172 2740 321 2784 trare
348 2715 448 2781 non
492 2727 713 2786 sineret,
743 2733 796 2776 et
837 2724 922 2775 lux
954 2730 1128 2775 tamen
1159 2735 1252 2790 per
1294 2719 1436 2771 illam
1481 2718 1717 2771 intraret.

172 2816 484 2880 (latuscula,
515 2821 569 2869 et
617 2811 852 2879 tristega,
878 2818 932 2864 et
979 2807 1376 2870 tuansiuncultn,
1408 2806 1542 2859 idem
1583 2812 1726 2856 sunt.

175 2905 476 2972 Petrumque
512 2901 674 2970 [rudus
709 2913 892 2961 meum,
927 2896 975 2950 id
1014 2905 1118 2960 est,
1144 2894 1237 2948 tibi
1273 2909 1367 2947 ero
1396 2901 1724 2961 cooperator.

177 3001 314 3054 Bina
344 2996 606 3051 immunda
636 2993 689 3046 in
716 3005 889 3045 arcam
924 2983 1078 3043 causa
1107 2986 1389 3042 creationis
1417 2993 1616 3038 tantum
1651 2984 1728 3036 in-

186 3089 560 3144 troducantur.
603 3082 831 3148 Septena
875 3079 942 3132 de
981 3076 1207 3141 mundis,
1250 3089 1405 3130 causa
1448 3073 1730 3128 oblationis

180 3183 393 3237 illorum
441 3186 558 3248 post
605 3175 883 3230 diluvium.
930 3167 1285 3239 Spiritualiter
1340 3173 1515 3220 autem
1567 3163 1617 3216 in
1664 3176 1728 3216 eo

180 3272 329 3342 quod
374 3272 532 3333 dicit,
564 3267 671 3320 Fac
705 3266 774 3318 ibi
800 3279 995 3330 arcani,
1040 3259 1315 3316 consilium
1348 3257 1516 3311 Patris
1564 3259 1740 3323 potest

178 3358 401 3427 intelligi
427 3358 490 3411 ad
521 3354 712 3412 Filium
738 3353 805 3408 de
847 3349 1205 3417 assumptione
1234 3347 1434 3400 carnis.
1474 3343 1547 3396 De
1588 3343 1740 3412 tignis

179 3452 415 3520 levigatis
437 3488 454 3516 ,
487 3448 537 3503 id
565 3455 650 3502 est
672 3446 739 3499 de
762 3441 980 3498 'Judzcis
1021 3443 1135 3508 lege
1166 3433 1595 3491 labriratisrhloe
1621 3447 1738 3486 cum

181 3541 314 3597 (iliis
339 3538 523 3595 suis-in
550 3549 797 3603 supremo
843 3533 978 3596 loco,
1011 3529 1061 3584 id
1088 3536 1171 3583 est
1194 3525 1435 3581 Christus
1465 3538 1583 3576 cum
1613 3536 1742 3588 spo-

181 3633 340 3689 stolis
366 3631 506 3695 suis;
535 3641 663 3682 aves
691 3639 822 3680 vero
848 3625 898 3678 in
929 3621 1167 3678 secundo
1193 3619 1338 3680 loco,
1367 3617 1416 3668 id
1446 3621 1529 3666 est
1552 3610 1739 3664 sancti.

188 3718 392 3774 Pccora
416 3717 469 3768 in
499 3695 665 3778 te’rtio,
688 3711 739 3766 id
769 3720 870 3775 est,
897 3711 1223 3762 innocentes.
1253 3702 1435 3757 Bestia
1464 3703 1515 3753 in
1540 3713 1742 3774 quarto,

184 3808 246 3863 id
287 3815 366 3860 est
413 3802 726 3857 mundiales.
769 3799 868 3853 Per
905 3800 1142 3865 quintum
1184 3803 1359 3848 autem
1416 3791 1589 3847 locum
1619 3804 1736 3843 cum

189 3895 551 3959 stercoribus,
599 3889 836 3946 infernus
887 3888 1211 3956 designatur.
1262 3884 1429 3937 Aliter
1485 3896 1576 3949 per
1632 3878 1744 3933 Ita:c

186 3987 430 4057 quinque
471 3984 809 4037 ascensiones
851 3977 1101 4032 Ecclesia:
1142 3973 1516 4034 ostenduntur,
1561 3969 1612 4023 id
1663 3978 1746 4023 est

190 4073 590 4135 catechumeni.
618 4069 864 4137 baptizati
887 4111 902 4132 ,
933 4064 1219 4136 conjugati,
1263 4064 1595 4127 pertinentes,
1626 4075 1747 4113 san-

189 4170 289 4225 cti.
322 4166 419 4220 Per
446 4165 678 4218 bitumen
707 4160 953 4230 patientia
983 4167 1032 4210 ct
1059 4153 1382 4209 continentia
1418 4150 1656 4216 corporis
1693 4156 1746 4201 et

191 4262 392 4318 animm
416 4254 746 4322 designatur;
771 4249 838 4302 de
862 4260 1105 4300 mensura
1140 4257 1276 4298 arcte
1314 4241 1522 4296 abunde
1549 4238 1743 4293 dictum

195 4365 303 4412 est.
331 4350 475 4418 Quod
507 4358 681 4403 autem
728 4357 975 4398 numerus
1006 4343 1170 4408 major
1202 4340 1515 4395 mundorum
1545 4339 1746 4392 anima-

1750 3119 1806 3183 C

1819 1922 1901 1967 est
1941 1927 2159 1975 sensus,
2188 1913 2239 1965 in
2269 1911 2369 1964 hoc
2398 1908 2596 1963 mundo
2623 1923 2726 1962 non
2769 1907 3070 1976 requiescit.
3103 1904 3281 1959 Intulit
3314 1906 3371 1960 in

1819 2019 2010 2069 arcani,
2039 2002 2088 2055 id
2114 2010 2198 2056 est
2221 1999 2487 2066 Christus,
2519 1998 2716 2052 auxilio
2744 2012 2841 2052 suo
2865 1997 2928 2050 ad
2957 1996 3247 2051 Ecrlesiatn
3275 2011 3367 2051 ve-

1823 2097 2045 2149 nientes.
2061 2094 2272 2152 Jlamus
2299 2091 2454 2146 oliva
2477 2091 2534 2144 in
2558 2105 2651 2143 ore
2671 2089 2954 2152 columbas,
2985 2085 3370 2142 confessionem

1822 2185 2093 2240 Trinitatis
2119 2184 2383 2249 signiﬁcat
2407 2182 2465 2236 in
2485 2196 2576 2235 ore
2602 2179 3014 2247 uniuscujusque
3034 2180 3220 2232 sancti.
3245 2177 3370 2231 Cum

1818 2276 2093 2332 virentibus
2141 2276 2300 2345 foliis,
2351 2273 2404 2328 id
2453 2282 2534 2327 est
2584 2271 2833 2335 operibus
2887 2269 3153 2336 perlectis.
3202 2270 3372 2324 Aliter

1825 2365 2050 2434 Spiritus
2089 2374 2302 2430 sanctus
2349 2377 2444 2431 per
2489 2359 2785 2416 columbam
2828 2359 3133 2427 designatur
3173 2361 3224 2412 in
3273 2358 3372 2412 do-

1826 2454 1991 2510 ctrina
2035 2451 2294 2520 spirituali
2343 2464 2523 2516 pacem
2576 2457 2789 2515 portans
2834 2445 3162 2500 cessantibus
3198 2446 3372 2500 haere-

1825 2544 1971 2599 sibus
2009 2541 2089 2596 vel
2136 2522 2590 2610 persecutionibus
2633 2553 2793 2606 super
2838 2546 3051 2599 terram,
3083 2535 3134 2589 id
3158 2545 3244 2591 est
3273 2536 3373 2591 Ec-

1826 2632 2007 2688 clesia.
2044 2630 2141 2686 Per
2180 2631 2314 2684 alios
2357 2639 2559 2696 septem
2604 2627 2717 2682 dies
2747 2626 2953 2680 Novum
2984 2625 3377 2679 Testamentum

1829 2731 1948 2791 post
1989 2719 2149 2774 Vetus
2194 2718 2446 2772 ostendit.
2498 2718 2606 2771 Noe
2651 2715 2925 2785 egrediens
2969 2715 3037 2770 de
3086 2729 3204 2769 arca
3257 2730 3378 2771 cum

1828 2823 1992 2865 uxore
2035 2823 2128 2861 sua
2175 2807 2434 2874 signiﬁcat
2464 2804 2726 2857 Christum
2758 2801 3043 2858 Ecclesium
3087 2817 3236 2857 suam
3267 2813 3386 2871 post

1827 2900 2218 2968 persecutiones
2260 2896 2324 2949 ad
2375 2897 2570 2950 cmlum
2618 2893 2921 2948 ducentem.
2967 2894 3144 2950 Allato
3189 2910 3317 2950 vero
3355 2911 3383 2948 a

1830 2991 1939 3045 Noe
1963 2989 2293 3052 aediﬁcatum,
2343 2986 2630 3040 Ecclesium
2675 2984 2806 3038 Novi
2837 2985 3158 3038 Testamenti
3205 2996 3385 3039 osten-

1832 3081 1940 3144 dit;
1971 3079 2023 3135 in
2064 3093 2164 3146 qua
2189 3088 2299 3140 tam
2330 3076 2396 3130 de
2434 3076 2676 3142 gentibus
2719 3087 2874 3141 quam
2920 3073 2986 3126 de
3014 3071 3208 3128 Jodaeis
3239 3075 3386 3129 holo-

1838 3179 2014 3226 causta
2046 3169 2356 3233 oﬁeruntur,
2389 3166 2439 3220 id
2483 3174 2586 3229 est,
2615 3180 2838 3234 corpora
2867 3175 2920 3219 et
2950 3166 3137 3219 animae
3175 3166 3224 3218 in
3255 3165 3388 3220 odo-

1839 3277 1948 3316 rem
1979 3259 2200 3313 Domino
2229 3257 2525 3311 suavitatis.
2561 3254 2677 3309 Non
2708 3255 3009 3309 maledicam
3036 3266 3200 3318 term,
3233 3256 3280 3309 id
3309 3266 3390 3310 est

1837 3352 1892 3407 in
1921 3349 2146 3404 vindicta
2178 3346 2543 3412 ltistorialitcr,
2571 3345 2652 3397 vel
2686 3345 2932 3398 Ecclesiae
2963 3346 3012 3398 in
3045 3361 3236 3399 novum
3267 3361 3390 3408 pro-

1841 3451 1956 3510 pter
1997 3448 2315 3506 peccatores.
2347 3434 2594 3488 Sementis
2621 3441 2666 3486 et
2697 3433 2888 3494 messis,
2931 3431 2981 3485 id
3021 3443 3101 3486 est
3130 3432 3386 3488 doctrinae

1841 3535 1895 3580 et
1936 3511 2239 3591 Scripturte.
2285 3521 2383 3576 Per
2420 3521 2586 3589 frigus
2627 3529 2680 3574 et
2725 3531 2981 3580 :estatem.
3011 3522 3303 3574 castitatem
3333 3532 3387 3577 et

1843 3616 1998 3670 ﬁdem
2043 3613 2321 3682 signiﬁcat,
2361 3612 2530 3666 hiems
2574 3611 2730 3664 etiam
2772 3614 3065 3665 castitatem
3109 3611 3384 3677 signiﬁcat.

1846 3708 1945 3763 l‘er
1974 3713 2178 3761 noctem
2206 3715 2257 3758 et
2283 3703 2442 3769 diem,
2474 3701 2636 3756 Vetus
2662 3709 2717 3755 et
2746 3702 2946 3756 Novum
2973 3701 3387 3756 Testamentum.

1847 3800 2012 3864 Aliter
2037 3799 2080 3851 si
2110 3799 2164 3851 in
2194 3797 2381 3849 malam
2411 3806 2606 3859 partem
2638 3808 2726 3858 per
2749 3805 3034 3848 sementem
3060 3804 3114 3848 et
3142 3808 3386 3858 messem,

1845 3891 2086 3946 doctores
2112 3898 2165 3942 et
2189 3887 2485 3954 Seripturas
2527 3889 2790 3940 haereseos
2831 3887 3078 3941 ostendit.
3107 3885 3206 3940 Per
3233 3887 3392 3953 frigus

1842 3989 1899 4035 et
1923 3989 2178 4040 mstatem,
2219 3977 2575 4031 inﬁdelitatem
2607 3986 2659 4030 et
2688 3979 3030 4031 voluntatem.
3066 3977 3160 4031 Per
3186 3986 3390 4033 noctem

1846 4078 1898 4124 et
1925 4069 2085 4131 diem,
2109 4067 2336 4121 hereses
2362 4065 2413 4116 in
2446 4073 2663 4124 utroque
2686 4065 3039 4118 Testamento.

2451 4151 2669 4205 CAPUT
2700 4151 2785 4204 IX.

1915 4245 2174 4299 Benediin
2210 4242 2340 4295 Deus
2371 4238 2497 4304 Noe,
2530 4255 2694 4308 usque
2721 4240 2806 4304 ad,
2838 4241 3018 4293 omnia
3049 4242 3138 4293 tibi
3167 4242 3302 4296 dedi.
3337 4244 3388 4297 Id

1847 4345 1944 4400 est,
1977 4335 2128 4389 Pater
2152 4333 2360 4386 Christo
2399 4346 2514 4385 cum
2554 4331 2802 4392 apostolis
2845 4331 2970 4383 suis.
3007 4330 3070 4383 Et
3103 4343 3266 4385 terror
3307 4351 3394 4386 ve-

197 4447 333 4501 lium
359 4453 512 4508 quam
556 4432 968 4497 immundorum,
989 4429 1245 4499 signiﬁcat
1271 4430 1447 4495 plures
1478 4441 1596 4481 esse
1620 4441 1737 4480 cum
1769 4448 1823 4507 ι)
1848 4440 1944 4481 strr
1987 4443 2045 4479 ac
2088 4438 2268 4478 tremor
2309 4424 2370 4473 sit
2418 4436 2437 4474 :
2469 4421 2567 4473 hoc
2610 4436 2705 4486 pro
2745 4421 3005 4473 oblatione
3049 4421 3235 4474 dicitur
3251 4463 3275 4485 .,
3312 4425 3392 4476 vel
3447 4453 3455 4461 -

197 4531 414 4586 Christo
441 4529 492 4579 in
526 4522 777 4590 Ecclesia,
803 4531 858 4575 et
884 4520 936 4574 iu
987 4514 1160 4572 iu'turo
1206 4517 1426 4571 mundos
1453 4531 1608 4584 quam
1642 4517 1738 4569 im-

198 4619 449 4678 mundos.
482 4615 660 4669 Pluvia
688 4622 806 4681 post
843 4617 1042 4680 septem
1072 4609 1184 4663 dies
1229 4607 1400 4677 pluvia
1449 4606 1745 4659 voluntaria

205 4720 330 4784 post
355 4718 586 4763 veterem
615 4705 780 4772 legem
818 4709 987 4769 potest
1017 4700 1253 4767 intelligi.
1282 4697 1349 4751 de
1377 4712 1476 4766 qua
1517 4697 1744 4750 dicitur:

209 4804 449 4859 Pluviant
481 4795 812 4852 uoluntariam
848 4791 990 4844 dabis
1017 4791 1148 4844 Deus
1183 4790 1463 4864 Intreditati
1494 4797 1611 4840 tum.
1645 4786 1751 4842 Su-

209 4911 306 4964 per
332 4903 530 4955 terrast,
560 4887 612 4941 id
639 4893 740 4946 est,
772 4882 889 4937 fecit
917 4881 1025 4935 Noe
1063 4879 1235 4934 omnia
1263 4898 1274 4932 :
1303 4882 1400 4933 hoc
1426 4887 1506 4933 est
1537 4880 1586 4931 in
1618 4876 1750 4946 ﬁgu-

210 4999 331 5038 ram
372 4980 564 5044 Christi
606 4973 900 5030 obedientis
939 4969 1076 5025 Patri
1123 4984 1289 5038 usque
1315 4969 1379 5022 ad
1429 4976 1674 5031 mortem,
1703 4975 1757 5018 et

213 5070 624 5136 uniuscujusque
653 5065 837 5118 sancti.
871 5061 1017 5127 Quod
1060 5057 1207 5124 dicit,
1245 5059 1461 5126 Propter
1491 5072 1648 5124 aquas
1679 5055 1757 5106 di-

216 5158 364 5223 luvii,
391 5159 616 5214 ostendit
644 5155 780 5226 quod
813 5169 903 5223 per
934 5153 1254 5220 baptismum
1282 5149 1365 5203 vel
1394 5161 1549 5202 causa
1581 5161 1758 5215 perse—

216 5242 443 5302 eutionis
470 5248 524 5300 in
572 5246 804 5301 Ecclesia
851 5245 974 5297 itur.
1003 5241 1154 5309 Quod
1186 5248 1358 5292 autem
1403 5236 1551 5300 dicit,
1577 5247 1761 5303 septem

219 5334 417 5402 diebus,
445 5335 756 5401 baptismum
797 5341 915 5402 post
950 5330 1112 5384 Vetus
1155 5327 1548 5381 Testamentum
1590 5334 1763 5378 osten-

217 5431 325 5492 dit,
349 5427 432 5480 vel
459 5423 708 5490 judicium
736 5433 848 5491 post
881 5432 1113 5488 praesens
1140 5417 1410 5469 smculnm.
1442 5413 1624 5479 Rupta
1649 5421 1764 5465 sunt

218 5532 397 5574 omnes
424 5514 588 5583 abyssi
614 5527 823 5579 magnas,
856 5511 903 5563 id
934 5519 1012 5563 est
1039 5505 1334 5559 testimonia
1360 5505 1562 5558 Veteris
1585 5503 1764 5556 Testa-

221 5607 392 5665 menti
435 5607 584 5657 versa
633 5611 752 5652 sunt
796 5601 845 5650 in
889 5612 1098 5651 sensum
1141 5593 1479 5662 spiritualem.
1514 5594 1765 5661 Quodque

222 5700 395 5766 dixit,
450 5693 659 5750 Inclusit
714 5690 856 5743 illum
913 5688 1175 5754 Dominus,
1221 5684 1446 5739 ostendit
1502 5683 1764 5740 Christum

1839 4519 1989 4585 quasi
2038 4517 2147 4567 lucc
2194 4511 2479 4567 consolatio
2508 4511 2662 4563 datur
2710 4520 2828 4576 post
2871 4510 3170 4564 vindictam.
3207 4513 3393 4564 Omnes

1845 4607 2000 4674 pisces
2032 4602 2181 4654 ninris
2211 4600 2437 4652 manibus
2475 4600 2647 4650 vestris
2691 4598 2864 4649 traditi
2901 4606 3058 4662 sunt,
3092 4599 3138 4651 id
3180 4608 3260 4653 est
3300 4603 3398 4654 sub

1846 4696 2035 4748 timore
2063 4692 2124 4744 ad
2151 4688 2600 4748 manducandum;
2632 4694 2678 4738 et
2708 4703 2852 4740 omne
2878 4689 3010 4752 quod
3039 4699 3280 4754 uteretur,
3312 4707 3397 4743 ns-

1848 4798 1948 4853 que
1990 4783 2175 4834 cibum.
2223 4779 2315 4831 llic
2369 4776 2528 4841 prima
2576 4791 2698 4829 caro
2744 4777 3042 4830 mandut-ari
3093 4779 3394 4844 imperatur.

1852 4873 1998 4937 Quod
2019 4885 2213 4923 carnem
2235 4884 2348 4920 cum
2365 4863 2602 4933 sanguine
2630 4883 2728 4920 non
2750 4868 3035 4926 comedetis,
3071 4868 3117 4919 id
3145 4877 3221 4920 est
3239 4908 3252 4928 ,
3279 4869 3397 4922 licet

1850 4965 1917 5017 de
1941 4973 2159 5027 corpore
2184 4956 2528 5019 discernatur,
2562 4965 2735 5009 tamen
2780 4970 2881 5009 non
2911 4955 3063 5009 docet
3105 4956 3168 5007 de
3196 4956 3392 5007 anima.

1925 5050 2212 5114 Quicunque
2231 5045 2463 5110 e/Iuderit
2486 5045 2761 5097 humanum
2787 5044 3108 5116 sanguinem,
3140 5058 3300 5109 usque
3328 5044 3394 5092 il-

1857 5144 1974 5195 lius.
2010 5140 2101 5192 llic
2151 5137 2374 5202 primum
2407 5135 2706 5189 mandatum
2738 5143 2851 5199 post
2880 5134 3131 5187 diluvium
3162 5115 3394 5184 vindica-

1859 5239 1968 5295 tur;
1999 5238 2052 5282 et
2081 5229 2191 5280 hmo
2216 5236 2295 5279 est
2326 5227 2489 5294 prima
2521 5221 2817 5291 prohibitio.

1929 5325 2178 5386 Arcitsque
2223 5333 2360 5370 meus
2389 5317 2437 5367 in
2467 5313 2700 5374 nubibus,
2729 5319 2772 5362 ct
2805 5308 2972 5361 videbo
3002 5307 3160 5358 illum.
3196 5306 3288 5360 ilic
3316 5323 3403 5360 ar-

1861 5430 1951 5469 cus
1978 5412 2085 5465 Noe
2128 5411 2348 5474 ﬁliisque
2394 5405 2534 5458 illius
2578 5403 2627 5455 in
2675 5405 2876 5467 signum
2923 5399 3076 5451 datur
3119 5399 3254 5466 quod
3299 5414 3401 5452 non

1863 5505 2061 5558 veniret
2090 5499 2359 5552 diluvium.
2389 5493 2579 5547 lterum
2628 5490 2766 5558 quod
2805 5488 2941 5541 Deus
2973 5489 3021 5539 in
3062 5486 3266 5538 illorum
3291 5501 3405 5538 cor-

1864 5594 2012 5647 dibus
2042 5589 2280 5642 timorem
2325 5589 2566 5638 senserat
2605 5579 2814 5637 diluvii;
2844 5578 2927 5646 qui
2979 5575 3171 5629 idcirco
3207 5591 3306 5626 non
3351 5575 3400 5626 in

1869 5693 2025 5750 terra,
2053 5678 2143 5735 sed
2168 5679 2220 5734 iu
2249 5674 2436 5733 etclam
2461 5672 2688 5742 ponitur,
2718 5679 2770 5725 ut
2796 5669 3032 5724 videatur
3058 5665 3121 5719 ab
3142 5662 3395 5720 omnibus.
