3872 6262
507 368 612 425 927

999 365 1195 422 ΒΕΜΞ.
1236 363 1678 421 VENERABILIS
1715 360 1994 420 OPERUM
2037 359 2212 420 PARS
2251 362 2315 419 ll.
2355 393 2422 405 —
2461 356 3225 424 EXEGETICACENUINA.’

3617 367 3726 425 228

512 483 682 536 Arcus
713 486 884 534 autem
915 478 1048 534 duos
1074 481 1280 533 colores
1311 479 1485 544 habet,
1514 478 1564 530 id
1589 485 1671 532 est
1707 491 1853 544 aqua:
1885 483 1940 529 et
1979 473 2056 540 ig-
2082 474 2128 530 Δ
2157 451 2238 528 est
2263 474 2592 542 splendorem
2631 492 2781 532 suum
2809 477 2956 548 juxta
2994 493 3230 542 crucem.
3277 494 3510 546 quarum
3557 477 3725 535 facies

508 571 611 636 nis,
638 585 753 637 qua:
776 568 877 624 isto
903 568 1280 639 signiﬁcantur.
1308 570 1476 622 Arcus
1498 581 1626 621 vero
1649 576 1770 617 ante
1796 564 2055 616 diluiuum

509 676 611 714 non
657 660 768 725 fuit,
811 659 904 714 se'd
953 669 1070 728 post
1111 658 1362 712 diluvium
1408 657 1516 710 Noe
1555 657 1775 722 ﬁliisque
1820 654 1962 708 illius
2005 653 2055 706 in

507 752 709 820 signum
757 751 1062 804 securitatis
1108 764 1137 801 a
1183 747 1381 802 dilui-io
1419 763 1448 799 a
1493 747 1715 801 Domino
1764 746 1947 808 datur;
1979 745 2056 800 sic

509 840 842 906 baptismum,
871 842 1076 906 signum
1107 840 1402 892 securitatis
1437 848 1517 892 est
1567 839 1815 892 Ecclesia:
1861 836 2055 891 Christi

507 945 535 982 a
559 929 806 984 vindicta.
832 930 1034 982 Etenim
1065 929 1299 982 homines
1326 929 1378 981 in
1407 929 1718 996 baptismum
1754 944 1844 996 per
1866 943 2051 995 aquam

503 1032 556 1074 et
582 1019 752 1089 ignem
782 1019 1004 1088 Spiritus
1043 1021 1209 1074 saucii
1240 1019 1529 1072 salvantur.
1559 1019 1727 1072 Aliter
1762 1033 1918 1071 arcus
1947 1028 2054 1072 tres

503 1111 711 1165 colores
742 1112 935 1166 habere
960 1112 1173 1175 dicitur,
1206 1111 1255 1163 id
1282 1119 1387 1174 est,
1418 1110 1834 1178 hyacinthinum,
1858 1117 1910 1162 et
1937 1107 2055 1162 oni-

501 1201 604 1265 dis,
637 1214 689 1255 et
719 1201 991 1268 pubiuum,
1025 1201 1074 1255 id
1122 1210 1224 1265 est,
1267 1200 1575 1254 scandalum
1625 1198 1975 1265 pretiitentire,
1999 1205 2055 1252 et

504 1293 607 1347 vita
637 1295 876 1356 actualis,
901 1302 954 1347 et
983 1292 1142 1346 ardor
1166 1291 1453 1360 spiritualis
1476 1291 1530 1344 in
1560 1290 1760 1344 ratione
1787 1289 2050 1356 baptismi.

504 1383 670 1437 Aliter
701 1399 790 1449 per
819 1397 995 1435 arcum
1023 1381 1310 1452 spiritualis
1352 1379 1588 1434 doctrina
1615 1379 1942 1446 intelligitur.
1986 1377 2052 1432 Et

503 1461 597 1539 per
641 1473 868 1544 colorem
908 1486 1076 1536 aquae,
1109 1471 1265 1523 Vetus
1290 1468 1702 1522 Testamentum.
1737 1467 1802 1520 Et
1835 1481 1928 1534 per
1952 1479 2050 1520 co-

502 1561 665 1615 lorem
712 1559 863 1628 ignis,
895 1559 1116 1622 Novum,
1149 1568 1202 1613 et
1231 1571 1415 1611 sensus
1445 1557 1747 1624 spiritualis.
1779 1555 2048 1610 Moraliter

501 1659 675 1703 autem
705 1650 748 1703 si
776 1650 894 1719 quis
940 1647 1312 1701 inundantibus
1339 1648 1491 1708 malis
1529 1654 1841 1700 convertere
1877 1659 1935 1697 se
1966 1658 2050 1711 po.

502 1750 604 1796 test
630 1756 658 1793 a
682 1743 835 1795 rebus
857 1741 1080 1794 [lusibus
1099 1749 1151 1794 et
1167 1739 1400 1802 caducis,
1416 1750 1469 1792 et
1493 1738 1672 1791 audire
1695 1740 1910 1790 verbum
1935 1736 2048 1799 Dei,

2159 575 2357 617 aversae
2383 575 2536 630 sunt,
2570 565 2618 619 id
2648 577 2728 620 est
2755 582 2847 619 sua
2876 569 3154 623 aversione
3195 569 3248 621 in
3285 570 3561 622 tenebras.
3596 570 3722 623 Eti-

2157 653 2321 721 giluns
2339 664 2505 705 autem
2532 653 2660 719 Noe,
2682 655 2948 710 Christum
2970 668 3328 722 resurgentem
3349 671 3417 710 ex
3442 658 3721 722 passione.

2157 741 2285 795 Cum
2312 745 2564 798 didicisset
2592 748 2726 813 quod
2751 749 2890 815 ﬁlius
2915 765 3036 802 suus
3066 750 3248 802 minor.
3283 748 3385 804 Per
3416 750 3591 803 lilium
3622 753 3722 802 nti-

2156 849 2338 889 norem
2393 838 2614 904 populns
2661 837 2961 893 Judteorum
3019 839 3343 908 designatur.
3400 838 3722 894 Maledicta

2156 922 2313 976 Citam
2340 941 2358 978 :
2386 927 2667 980 vindictam
2693 940 2852 995 super
2876 927 3084 983 Judmos
3113 930 3451 998 praefigurare
3480 929 3714 984 videtur.

2155 1015 2356 1069 Dicitur
2399 1029 2574 1070 autem
2622 1015 2786 1069 Cham
2831 1021 2968 1084 quod
2995 1028 3134 1071 esset
3161 1035 3347 1073 servus
3374 1021 3501 1072 Sem
3542 1031 3596 1073 et
3627 1019 3718 1073 h-

2155 1107 2352 1175 pbetb;
2388 1122 2478 1174 per
2506 1107 2644 1176 quod
2682 1106 2986 1177 intelligitur
3008 1109 3202 1163 malam
3246 1120 3450 1178 partem
3499 1110 3720 1164 Judae-

2154 1209 2270 1248 ruui
2300 1196 2618 1249 curvandatn
2647 1205 2765 1249 esse
2789 1197 2854 1249 ad
2887 1197 3075 1250 bonam
3101 1208 3302 1265 partem
3323 1199 3642 1252 Judmorum
3669 1207 3720 1251 et

2156 1286 2333 1350 populi
2359 1287 2613 1354 gentium.
2646 1284 2850 1339 Etenim
2874 1285 3040 1338 Citam
3096 1289 3343 1354 populum
3373 1285 3712 1350 Judzorum,

2153 1379 2207 1425 et
2235 1371 2358 1428 Seni
2388 1374 2578 1427 bonam
2610 1384 2806 1442 partem
2833 1376 3010 1444 populi
3038 1375 3360 1442 Judzeorutn,
3391 1385 3445 1429 et
3478 1377 3714 1445 Japbetb

2154 1466 2400 1534 populum
2431 1469 2688 1534 gentium.

2226 1554 2413 1610 Dilatet
2444 1554 2579 1611 Deus
2604 1557 2848 1624 Japhetlt,
2874 1573 3038 1626 usque
3068 1557 3204 1611 Sent.
3234 1557 3445 1610 Etenim
3471 1556 3706 1622 Japbeth

2154 1646 2494 1702 historia-liter
2523 1649 2782 1712 Europam
2811 1650 3082 1713 habitavit,
3106 1659 3157 1702 et
3179 1648 3573 1703 occidentalem
3602 1651 3711 1716 plac

2152 1752 2270 1806 gam
2298 1741 2437 1792 Asize
2465 1740 2711 1793 obtinuit.
2744 1740 2856 1794 Jam
2888 1756 3012 1794 vero
3044 1742 3166 1794 illud
3213 1740 3354 1810 quod
3406 1749 3530 1808 post
3575 1741 3706 1794 dilo-

501 1840 557 1885 et
577 1840 831 1898 praecepta
854 1829 1107 1894 ctelestia,
1134 1829 1218 1881 ltic
1241 1830 1372 1880 intra
1395 1843 1485 1880 cor
1502 1840 1652 1879 suum
1674 1840 1850 1879 arcam
1866 1824 2049 1878 salutis
2079 1810 2127 1872 Β
2155 1825 2291 1879 vium
2321 1827 2387 1882 de
2416 1829 2565 1883 vinea
2592 1845 2747 1897 quam
2781 1830 3031 1897 plantavit
3057 1831 3341 1884 inebriatus
3370 1839 3458 1884 est
3479 1830 3618 1890 Noe.
3652 1841 3706 1892 et

501 1923 744 1984 sedilicat,
763 1930 811 1976 et
832 1920 1197 1973 bibliothecam
1220 1919 1352 1970 intra
1373 1932 1432 1971 se
1451 1916 1610 1969 divini
1627 1915 1865 1970 conferat
1882 1913 2046 1970 verbi.

500 2012 899 2081 Longitudiuem
923 2011 973 2064 in
995 2011 1097 2074 illa,
1117 2018 1168 2062 et
1190 2007 1533 2068 latitudinem,
1554 2017 1606 2061 et
1629 2006 1973 2073 altitudinem,
1995 2013 2049 2059 et

499 2103 675 2168 tidem,
702 2113 754 2157 et
792 2101 1121 2163 charitatem,
1152 2108 1206 2154 et
1233 2113 1379 2168 spem
1412 2097 1654 2150 collocat.
1684 2096 1864 2162 Fidem
1894 2096 2044 2150 trini-

500 2202 601 2256 tas,
629 2203 681 2246 et
719 2190 1093 2260 longitudinem
1120 2190 1264 2254 vitae,
1291 2197 1347 2242 et
1377 2187 1820 2241 immortalitatem
1864 2195 2047 2240 osten-

497 2285 594 2346 dit,
621 2283 949 2338 latitudinem
974 2280 1243 2333 charitatis
1269 2278 1604 2347 indulgentia:
1623 2287 1680 2330 et
1708 2275 2046 2346 benignitatis

497 2373 677 2426 fundat
703 2370 964 2437 allectum,
996 2370 1319 2424 altitudinem
1351 2371 1463 2436 spei
1490 2369 1556 2421 ad
1586 2366 1818 2421 cmlestia
1843 2365 2040 2419 erexit.

496 2464 762 2518 Summam
808 2477 932 2515 vero
961 2476 1174 2515 arcuum
1203 2475 1418 2514 suorum
1450 2458 1609 2511 refert
1634 2456 1702 2509 ad
1729 2471 1909 2509 unum.
1935 2454 2045 2510 Scit

493 2558 632 2610 enim
660 2555 778 2623 quia
822 2568 1006 2606 omnes
1046 2553 1258 2619 quidem
1287 2560 1524 2614 currunt,
1552 2549 1643 2604 sed
1673 2565 1806 2602 unus
1851 2547 2043 2617 accipit

496 2647 766 2705 bravium,
815 2640 1018 2694 scilicet
1067 2641 1157 2709 qui
1211 2640 1582 2709 cogitationum
1636 2640 1888 2693 varietate
1937 2652 2039 2690 non

494 2738 651 2793 fuerit
701 2733 1016 2804 multiplex;
1070 2732 1158 2786 sed
1210 2733 1344 2785 hanc
1388 2731 1760 2786 bibliothecam
1817 2745 1919 2785 non
1972 2745 2036 2785 ex

501 2826 794 2895 agrestibus
835 2833 890 2879 et
920 2823 1184 2889 impolitis,
1229 2820 1321 2874 sed
1351 2835 1415 2874 ex
1445 2819 1715 2888 quadratis
1743 2816 2038 2873 construxit

473 2911 664 2986 'lignis,
695 2915 743 2969 id
776 2924 856 2970 est
885 2928 988 2969 non
1031 2927 1096 2966 ex
1140 2910 1471 2964 saecularium
1520 2919 1810 2974 auctorum,
1847 2911 1938 2963 sed
1967 2923 2031 2963 ex

491 3006 808 3076 prOpbeticis
861 3013 915 3058 et
965 3002 1264 3070 apostolicis
1316 2996 1686 3054 voluminibus.
1736 2999 1835 3066 Ipsi
1894 3000 2034 3055 enim

491 3106 613 3151 sunt
637 3097 747 3163 qui,
781 3096 1028 3150 reseCatis
1055 3092 1308 3146 universis
1335 3091 1470 3143 titiis
1498 3100 1550 3144 et
1573 3091 1784 3156 excisis,
1808 3091 2031 3158 quadra-

490 3194 595 3238 tam
637 3185 904 3237 contiueut
949 3185 1133 3246 vitam,
1177 3195 1240 3232 ex
1289 3180 1534 3246 omnique
1577 3188 1723 3246 parte
1768 3180 2029 3234 libratam.

491 3275 618 3331 Nam
662 3285 901 3328 auctores
945 3273 1270 3325 steculariutn
1303 3270 1622 3321 voluminum
1657 3281 1872 3336 possunt
1914 3271 2028 3339 qui-

489 3365 609 3419 dem
642 3363 740 3416 dici
776 3362 907 3429 ligna
939 3360 1163 3421 excelsa,
1193 3373 1294 3410 non
1324 3365 1542 3426 possunt
1570 3366 1745 3409 tamen
1776 3357 2031 3425 quadrata

489 3457 612 3520 dici,
645 3454 781 3522 quod
815 3455 864 3505 iu
907 3452 1007 3504 illis
1037 3464 1362 3520 nequaquam
1392 3448 1518 3512 vita,
1549 3449 1642 3505 sed
1674 3463 1848 3501 sermo
1887 3448 2033 3502 colli-

490 3548 625 3600 brat.
656 3541 834 3595 Facite
857 3553 1023 3593 autem
1046 3542 1095 3592 in
1124 3541 1212 3590 illo
1235 3539 1488 3592 ρωποι-κιο
1506 3550 1550 3591 et
1579 3539 1804 3608 tristega,
1830 3538 1927 3593 hoc
1951 3547 2028 3594 est

490 3633 814 3687 narrationes
841 3629 1134 3682 historicas.
1162 3626 1312 3681 Disce
1336 3628 1489 3695 igitur
1510 3635 1561 3680 et
1591 3624 1895 3696 mysterium
1927 3642 2028 3680 ma-

492 3738 651 3794 gnum
701 3719 837 3787 quod
887 3720 936 3772 in
986 3719 1193 3772 Christo
1237 3727 1289 3771 et
1329 3719 1380 3773 in
1433 3718 1663 3771 Ecclesra
1714 3718 2026 3785 completur.

489 3821 729 3880 Agnost-e
755 3812 911 3863 etiam
940 3810 1223 3864 emendare
1263 3823 1456 3871 mores,
1493 3823 1733 3861 resecare
1769 3806 1912 3870 vitia,
1954 3806 2033 3860 ni-

486 3903 582 3955 dos
607 3901 658 3953 in
702 3901 786 3952 illa
818 3901 1140 3954 diversarum
1181 3899 1427 3951 virtutum
1457 3898 1740 3952 collocaris.
1777 3897 1854 3952 De
1897 3900 2032 3951 intus

488 4007 610 4044 sane
637 4001 684 4042 et
712 3991 774 4042 de
803 3991 926 4058 {oris
955 3989 1274 4042 bituminabis
1322 3989 1493 4051 illam;
1537 3990 1696 4044 corde
1742 3989 1894 4043 ﬁdem
1943 4006 2032 4062 ge-

490 4097 634 4146 rens,
674 4096 765 4135 ore
790 4079 1173 4134 confessionem
1216 4081 1517 4148 prmierens,
1564 4082 1702 4136 intus
1731 4082 2025 4148 scientiam,

448 4193 450 4195 >
488 4172 613 4226 foris
643 4185 803 4240 opera
847 4170 1044 4225 habens
1088 4172 1138 4224 iu
1186 4186 1325 4226 arca.
1361 4171 1498 4240 Ergo
1527 4173 1588 4226 ad
1635 4173 1928 4228 divinorum
1959 4175 2029 4228 li-

488 4262 724 4326 brorum,
750 4261 859 4314 sive
883 4261 1106 4312 animam
1139 4260 1340 4314 ﬁdelem
1374 4264 1703 4318 introducere
1729 4264 1889 4318 debes
1919 4266 2028 4318 ani-

486 4350 641 4404 malia
686 4349 873 4402 munda
917 4358 968 4402 et
1004 4348 1291 4405 immunda.
1321 4351 1421 4403 Sed
1453 4353 1642 4404 munda
1672 4354 1884 4420 quidem
1916 4355 2029 4408 ani-

486 4443 642 4496 malia
674 4437 824 4495 facile
855 4441 1113 4509 possimus
1155 4441 1350 4503 dicere,
1382 4442 1519 4509 quod
1551 4445 1823 4508 memoria,
1851 4444 2027 4498 erudi-

487 4535 580 4594 tio,
612 4533 929 4596 intellectus,
955 4532 1286 4594 examinatio,
1319 4542 1372 4585 et
1395 4530 1653 4599 judicium
1686 4534 1890 4586 illorum
1917 4550 2033 4601 quae

484 4625 723 4692 legimus,
756 4625 968 4692 aliaque
998 4623 1079 4677 his
1118 4623 1305 4677 Similia
1338 4615 1651 4691 intelligunt.
1706 4624 1779 4678 De
1811 4625 2033 4679 immun-

483 4713 567 4766 dis
592 4728 718 4766 vero
748 4714 1083 4779 pronuntiare
1129 4713 1339 4766 difticile
1380 4724 1480 4766 est.
1521 4713 1649 4767 Puto
1681 4723 1850 4767 tamen
1893 4716 2030 4784 quod

488 4803 911 4870 concupiscentia
952 4811 1005 4856 et
1050 4803 1147 4869 ira,
1180 4804 1387 4870 quando
1429 4806 1584 4870 inest,
1631 4808 1804 4858 omnia
1846 4808 2032 4859 animm

490 4894 789 4948 necessaria
839 4893 956 4945 ista.
1007 4891 1300 4946 Secundum
1345 4895 1445 4948 hoc
1483 4910 1626 4964 ergo,
1672 4897 1808 4963 quod
1862 4911 2032 4965 neque

486 4984 808 5055 posteritatis
836 4989 1122 5048 successio,
1148 4989 1257 5036 sive
1285 4986 1705 5052 concupiscentia
1735 4997 2024 5053 reparatur,

487 5093 655 5145 neque
676 5075 976 5134 emendatio
1001 5075 1105 5127 ulla
1129 5075 1244 5128 sine
1266 5075 1340 5127 ira
1370 5086 1538 5140 potest
1564 5092 1732 5143 neque
1754 5077 2030 5144 disciplina

481 5178 744 5228 constare,
774 5165 1069 5218 necessarie
1094 5164 1450 5216 conservanda
1475 5165 1736 5219 dicantur.

553 5256 805 5321 pritque
839 5254 950 5306 Noe
975 5256 1068 5317 t'ir,
1097 5259 1151 5305 et
1181 5252 1398 5318 reliqua.
1430 5252 1480 5304 Id
1511 5263 1588 5304 est
1615 5251 1857 5305 Christus
1878 5266 2028 5306 eser-

481 5360 604 5398 cere
661 5347 946 5397 Ecclesiam
1002 5344 1235 5396 doctrina
1284 5342 1411 5397 Novi
1461 5343 1816 5407 Testameuti,
1872 5359 2026 5412 quam

479 5438 640 5489 etiam
675 5437 879 5486 vincam
913 5435 1182 5498 plantavit.
1207 5433 1339 5486 Bibit
1364 5435 1551 5496 vinum,
1587 5434 1633 5486 id
1662 5447 1765 5498 est,
1797 5437 2027 5502 comple-

477 5529 553 5580 vit
595 5538 752 5590 opere
807 5539 921 5589 qua:
967 5525 1166 5586 docuit,
1198 5535 1251 5576 ut
1301 5525 1509 5589 dicitur,
1545 5528 1668 5591 Qui:
1695 5529 1839 5594 carpit
1876 5526 2026 5580 Jcsus

482 5622 645 5683 facere
672 5626 714 5666 et
745 5615 940 5667 docere.
972 5612 1085 5665 Sem
1115 5621 1274 5663 autem
1307 5622 1353 5663 et
1390 5611 1606 5679 Japheth
1646 5619 1806 5670 solem
1839 5627 1890 5671 et
1937 5617 2027 5669 lu-

484 5724 602 5762 nam
632 5709 958 5778 signiﬁcant,
979 5705 1196 5772 «pallium
1226 5706 1534 5774 imponentes
1573 5707 1793 5763 humeris
1819 5711 1939 5776 suis,
1971 5710 2021 5765 id

2058 4475 2109 4536 D

2149 1917 2371 1970 nudatus
2392 1927 2472 1971 cst
2498 1919 2548 1970 in
2574 1919 2731 1971 domo
2772 1933 2887 1984 sua,
2914 1921 2997 1972 cui
3027 1935 3128 1973 non
3159 1929 3406 1987 appareat
3455 1919 3525 1972 ad
3554 1920 3706 1973 Chri-

2145 2017 2284 2063 stum
2316 2009 2611 2078 pertinere?
2641 2009 2771 2063 Dum
2813 2025 2996 2078 passus
3015 2021 3115 2075 est,
3145 2010 3392 2077 nudatus,
3418 2009 3551 2063 dum
3582 2025 3704 2063 cru-

2144 2099 2330 2155 ciﬁxus
2369 2109 2450 2155 est
2489 2101 2540 2154 in
2571 2103 2730 2156 domo
2767 2116 2883 2164 sua,
2915 2100 2965 2153 id
3007 2111 3088 2154 est
3130 2101 3181 2154 in
3208 2112 3362 2171 gente
3389 2116 3504 2152 sua.
3560 2100 3706 2154 Tunc

2144 2192 2287 2246 enim
2319 2190 2506 2244 nudata
2527 2191 2815 2243 mortalitas
2830 2191 3004 2244 carnis
3027 2191 3165 2244 illius
3189 2208 3201 2241 :
3226 2206 3373 2258 quam
3396 2191 3704 2251 nuditatem,

2146 2281 2196 2334 id
2218 2290 2300 2334 est
2327 2281 2644 2346 passionem,
2674 2280 2841 2331 uidens
2869 2278 3028 2332 Citam
3053 2279 3245 2342 derisit,
3291 2278 3340 2332 id
3380 2289 3461 2332 est
3503 2278 3698 2331 Juda-i.

2147 2369 2267 2424 Sent
2288 2383 2401 2421 vero
2429 2378 2474 2422 et
2503 2366 2743 2438 Japheth,
2770 2377 3015 2437 tauquam
3046 2369 3148 2422 duo
3171 2368 3347 2437 populi
3375 2384 3437 2422 es
3464 2369 3698 2422 circum-

2143 2455 2342 2510 cisioue
2389 2465 2442 2510 et
2487 2457 2779 2524 praeputio,
2827 2459 3165 2510 vestimentum
3220 2467 3492 2524 pasuerunt
3546 2474 3700 2526 super

2143 2547 2295 2599 dorsa
2321 2562 2431 2614 sua,
2455 2557 2500 2600 ct
2528 2549 2768 2601 intrantes
2796 2550 2955 2602 aversi
2975 2559 3278 2617 aperuerunt
3304 2549 3591 2601 nuditatem
3611 2565 3700 2617 pa-

2143 2637 2254 2690 tris.
2282 2637 2517 2704 Quodam
2547 2638 2688 2692 enim
2723 2639 2880 2692 modo
2913 2639 3205 2705 passionem
3237 2638 3478 2706 tegimus,
3511 2639 3566 2690 id
3595 2647 3695 2704 est,

2139 2737 2471 2781 sacratnento
2501 2727 2856 2795 honoramus,
2887 2729 3129 2798 illiusque
3155 2730 3391 2799 mysterii
3431 2731 3692 2783 rationem

2140 2817 2447 2882 reddentes,
2470 2818 2845 2872 detractionem
2874 2817 3172 2872 Judmot'um
3203 2819 3486 2886 operimus.
3519 2817 3688 2871 Darsa

2137 2917 2311 2962 autem
2357 2909 2662 2962 memoriam
2692 2912 3074 2976 praeteritorum
3102 2910 3380 2977 signiticet,
3410 2925 3530 2976 quia
3564 2925 3686 2977 pas-

2137 2997 2338 3054 sionem
2381 3000 2574 3052 Christi
2626 3008 2940 3054 transactam
2984 3000 3214 3054 celebrat
3259 3000 3525 3064 Ecclesia,
3584 3015 3685 3052 non

2139 3098 2434 3155 prospectat
2465 3087 2705 3141 futuram.
2737 3088 2933 3142 Medius
2961 3100 3124 3141 autem
3163 3089 3342 3153 Cham,
3376 3089 3427 3141 id
3461 3097 3549 3142 est
3589 3088 3680 3141 Ju-

2139 3178 2260 3230 d.ei.
2290 3178 2412 3232 Ideo
2450 3179 2675 3244 medius,
2706 3182 2824 3248 quia
2856 3195 2951 3235 nec
2996 3180 3276 3248 primatum
3322 3181 3679 3246 apostolorum

2140 3266 2324 3330 tenuit,
2355 3281 2452 3322 nec
2501 3268 2551 3320 iu
2597 3267 2791 3321 ultimis
2830 3270 3070 3337 gentibus
3117 3269 3360 3325 credidit.
3419 3267 3686 3322 Nauem}

2136 3363 2276 3429 foras
2298 3361 2536 3429 fratribus
2561 3363 2701 3425 suis;
2732 3377 2824 3428 per
2849 3361 2992 3414 illum
3019 3365 3211 3432 quippe
3243 3365 3575 3418 manifestum
3606 3375 3681 3418 est

2135 3454 2272 3522 quod
2302 3464 2415 3508 erat
2439 3455 2488 3506 in
2517 3454 2792 3521 prophetia
2819 3465 3100 3508 secretum.

2206 3543 2506 3598 Benedictus
2543 3544 2785 3597 Dominus
2841 3544 2974 3597 Deus
3015 3543 3168 3610 Sem;
3210 3545 3275 3596 sit
3317 3542 3471 3596 Citam
3514 3559 3680 3596 servas

2133 3635 2288 3689 illius.
2317 3635 2448 3700 Quid
2477 3635 2614 3687 enim
2660 3635 2799 3686 aliud
2830 3645 2908 3687 est
2939 3633 3156 3701 populus
3198 3634 3516 3698 Judzeorurn,
3569 3634 3664 3687 nisi

2133 3725 2340 3794 quidam
2388 3740 2570 3777 servus
2617 3725 2791 3793 populi
2824 3725 3126 3784 Christiani.
3163 3727 3399 3792 bajulaus
3429 3726 3593 3792 legem
3622 3733 3670 3776 et

2135 3815 2438 3880 prOphetas,
2461 3821 2516 3864 ut
2538 3830 2632 3867 nos
2662 3817 2975 3868 honoremus
3009 3831 3098 3884 per
3127 3827 3510 3868 sacramentum
3534 3815 3668 3881 quod

2136 3902 2207 3956 illi
2239 3899 2476 3954 nuntiarit
2502 3917 2590 3969 per
2617 3903 2875 3956 litteram?
2905 3905 3025 3958 Seni
3056 3916 3230 3958 autem
3261 3909 3429 3970 major
3457 3917 3602 3965 natu,
3623 3916 3671 3956 et

2133 3998 2527 4063 interpretatur,
2557 3995 2667 4060 ipse
2693 4005 2771 4047 est
2813 4009 2876 4047 ex
2906 4009 3007 4062 quo
3037 3996 3308 4060 pr0phetze
3357 4005 3410 4048 ct
3456 3996 3670 4062 apostoli

2133 4084 2366 4156 generati
2391 4095 2532 4139 sunt.
2558 4083 2740 4151 Japhet
2763 4093 2960 4147 autem,
2980 4082 3026 4135 id
3049 4092 3152 4146 est,
3179 4084 3415 4146 latitudo,
3442 4085 3666 4151 gentium

2131 4188 2209 4233 est
2237 4187 2383 4247 pater
2415 4195 2429 4232 :
2462 4192 2516 4232 et
2544 4179 2781 4232 videmus
2802 4179 2944 4244 juxta
2995 4177 3319 4245 prophetiam
3352 4176 3480 4240 Noe,
3514 4180 3564 4230 in
3600 4187 3668 4228 ta-

2132 4270 2414 4324 bernaculo
2451 4271 2572 4325 Sem
2602 4271 2789 4337 Japbet
2828 4271 3081 4336 habitare,
3131 4272 3236 4323 hoc-
3268 4279 3368 4331 est,
3421 4271 3470 4322 in
3509 4270 3665 4324 domo

2132 4362 2284 4430 Legis
2312 4372 2364 4415 et
2391 4367 2765 4431 prophetarum
2824 4361 3109 4415 Ecclesiam
3167 4362 3341 4429 potius
3389 4362 3664 4414 aediﬁcare.

2133 4451 2293 4503 Cham
2335 4453 2526 4518 quippe
2562 4451 2934 4517 interpretatur
2980 4451 3200 4510 calidus,
3232 4465 3334 4504 non
3365 4452 3535 4501 solum
3577 4449 3661 4502 Ja-

2133 4539 2292 4604 daios,
2341 4542 2432 4595 sed
2488 4543 2646 4594 etiam
2703 4542 2978 4593 haereticos
3026 4539 3323 4606 signiﬁcat;
3378 4538 3662 4607 passionem

2129 4635 2321 4703 quippe
2350 4632 2566 4694 Christi,
2606 4648 2722 4700 quae
2754 4632 2890 4684 illius
2920 4632 3143 4684 hominis
3193 4633 3431 4685 nuditate
3478 4631 3666 4698 signiti-

2129 4735 2240 4776 cata
2300 4733 2401 4786 est,
2451 4722 2759 4774 auuuutiant
2815 4722 2946 4773 bene
2993 4722 3385 4790 prophetando,
3434 4734 3486 4776 et
3515 4721 3665 4774 'mals

2130 4811 2332 4880 agendo
2361 4815 2708 4864 eslionoraut.
2741 4810 2993 4864 Pet-caute
3023 4822 3195 4864 autent
3226 4812 3411 4874 Cham,
3449 4809 3660 4880 posreri-

2134 4915 2209 4957 tas
2239 4904 2379 4957 illius
2420 4903 2713 4967 damnatur,
2740 4905 2856 4971 quia
2896 4903 3097 4970 reprobi
3134 4903 3220 4956 hic
3249 4902 3462 4966 quidem
3503 4901 3662 4954 delin-

2131 4999 2316 5060 quunt,
2344 4990 2434 5043 sed
2469 4989 2518 5042 iu
2560 4994 2732 5042 luturo
2762 4991 3151 5043 damnationem
3183 4991 3469 5058 excipiunt.
3495 4992 3591 5044 Sed
3615 4997 3664 5042 et

2130 5080 2294 5134 Judaei
2326 5080 2375 5132 in
2411 5091 2648 5147 poSteros
2691 5081 3076 5135 damnationem
3119 5082 3536 5145 transmiserunt,
3589 5081 3662 5134 di-

2129 5178 2307 5223 centes
2338 5185 2354 5222 :
2386 5168 2609 5236 Sanguis
2628 5175 2737 5242 ejus
2758 5187 2906 5238 super
2923 5187 3036 5230 nos,
3058 5178 3104 5222 et
3127 5186 3277 5238 super
3302 5170 3434 5238 ﬁlios
3453 5183 3655 5224 nostros.

2728 5260 2952 5314 CAPUT
2989 5258 3058 5313 X.

2199 5349 2271 5403 De
2300 5349 2484 5418 Japbet
2513 5353 2617 5404 uati
2640 5364 2760 5406 sunt
2781 5353 2872 5405 lilii
2905 5368 2996 5412 xv,
3021 5354 3083 5404 de
3107 5349 3268 5404 Cltam
3295 5368 3418 5414 xxx,
3453 5349 3656 5404 DeSt-tl

2128 5455 2271 5492 xxvu
2308 5459 2318 5491 :
2352 5441 2502 5494 simul
2550 5459 2728 5507 Lxxti,
2783 5445 2850 5496 de
2898 5442 3088 5509 quibus
3131 5452 3259 5494 ortae
3312 5453 3434 5494 sunt
3488 5451 3658 5510 getes

2129 5549 2265 5587 usti
2302 5553 2313 5586 :
2347 5535 2479 5588 inter
2520 5552 2649 5604 quas
2697 5535 2834 5588 misit
2883 5535 3131 5588 Dominus
3175 5535 3466 5597 discipulos
3509 5545 3658 5586 um.

2132 5627 2202 5679 De
2225 5625 2432 5692 Japliet,
2459 5627 2669 5693 Camer,
2697 5629 2744 5681 id
2774 5636 2855 5681 est
2877 5624 3102 5687 Galatas;
3136 5627 3341 5695 Magog,
3371 5626 3421 5679 id
3444 5614 3522 5677 erit
3541 5623 3665 5690 Scy-

2129 5718 2263 5782 thas;
2296 5717 2541 5784 Matltam,
2569 5717 2739 5784 Medi;
2778 5714 2963 5782 Jaban,
3014 5715 3182 5781 Iones,
3232 5717 3320 5784 qui
3365 5724 3420 5770 et
3465 5713 3662 5779 Grati;
