3872 6262
173 331 282 386 2-29

981 330 1045 386 ΙΝ
1086 328 1638 387 PENTATEUCIIUM
1681 328 2171 389 COMMENTARII.
2208 365 2274 376 —
2302 332 2608 391 GENESIS.

3281 333 3385 390 250

177 441 366 506 Tubal,
399 439 551 504 lberi,
583 439 672 510 qui
698 447 751 494 ει
780 438 1017 508 Hispani,
1048 449 1101 495 et
1129 455 1156 494 a
1205 440 1396 509 quibus
1442 437 1688 492 Celtiberi
1719 454 1733 502 ;
1768 443 1811 499 Α
1841 439 2043 494 domum
2087 445 2231 509 fartis
2270 444 2366 496 nisi
2410 445 2590 512 fortem
2637 440 2778 510 prius
2815 439 3111 511 alligaverit.
3139 438 3394 512 Quodque

179 529 418 597 Mosoch,
449 529 804 598 Cappadoces.
841 527 989 584 Unde
1031 528 1168 596 apud
1201 529 1320 581 illos
1351 527 1475 580 urbs
1524 526 1734 580 Mazeclt

177 629 510 689 tyrastrales,
541 635 764 688 quorum
795 621 1101 674 vocabulum
1154 634 1260 672 non
1303 619 1433 676 satis
1482 627 1737 670 mutatum

175 718 279 762 est.
308 711 380 764 De
404 707 592 774 Cham,
623 711 765 764 Cbus
791 719 845 763 et
867 710 1131 771 Mesraim,
1159 717 1212 761 et
1240 707 1397 772 Futh,
1428 717 1480 760 et
1501 707 1737 759 Chauan.

176 795 324 850 Chus
355 798 528 860 hodie,
559 813 674 866 quae
705 799 773 851 ab
804 797 1035 852 llebrteis
1065 795 1340 864 Ethiopia
1389 807 1738 862 nuncupatur.

178 885 445 951 liesraim,
478 885 779 954 (Egyptus;
810 884 964 947 Futh,
999 883 1211 956 Libyes,
1238 899 1266 936 a
1295 897 1400 954 quo
1446 895 1502 936 et
1547 882 1739 937 Mauri-

179 975 339 1030 tania:
361 975 550 1029 ﬂuvius
583 976 715 1030 Futh
755 976 967 1041 dicitur,
996 977 1274 1043 omniSque
1299 977 1436 1030 circa
1470 975 1614 1028 illam
1657 987 1744 1026 re-

179 1065 288 1134 gio,
316 1064 625 1120 Futhensis.
656 1065 822 1119 Porro
843 1063 1062 1118 Chanan
1093 1065 1320 1119 obtinuit
1349 1075 1544 1116 terram
1583 1076 1740 1128 quam

169 1156 349 1210 'Jtt'daii
376 1157 626 1226 deinceps
662 1160 1032 1226 possederunt.
1090 1156 1164 1211 De
1208 1167 1341 1211 terra
1379 1156 1469 1208 illa
1519 1169 1744 1223 egressus

177 1254 254 1299 est
285 1247 461 1311 Assur,
491 1255 537 1298 et
581 1247 850 1314 a'diﬁcarit
879 1245 1123 1310 Niniven,
1163 1254 1212 1299 et
1254 1247 1446 1315 plateas
1493 1245 1743 1310 civitatis;

180 1338 271 1405 qui
299 1338 365 1391 de
412 1338 511 1392 hac
560 1345 698 1392 terra
757 1337 1094 1409 Assyriorum
1140 1337 1412 1407 pullulat-it
1438 1338 1741 1405 imperium,

179 1431 304 1498 quia
333 1443 395 1484 ex
427 1431 641 1486 nomine
681 1431 799 1484 Nini
831 1431 919 1483 filii
970 1430 1120 1495 Beni,
1164 1429 1352 1484 Ninum
1399 1428 1748 1482 condiderunt

184 1520 369 1573 urbem
399 1533 669 1589 magnam,
713 1535 870 1590 quam
923 1518 1134 1574 Hebraei
1181 1520 1450 1589 appellant
1501 1518 1742 1572 Niniven.

185 1606 261 1662 De
309 1608 451 1672 Sem,
499 1608 686 1673 Cham,
734 1619 785 1663 et
815 1609 1003 1675 Assur,
1042 1607 1364 1674 etArfaxat,
1411 1617 1464 1663 et
1510 1607 1662 1677 Lydi,
1693 1615 1747 1660 et

181 1701 365 1758 Aram.
394 1704 455 1758 lli
481 1703 549 1757 ab
577 1702 852 1772 Euphrate
879 1702 1036 1756 ﬂuvio
1067 1711 1268 1772 partem
1301 1703 1459 1765 Asire,
1489 1715 1654 1770 usque
1675 1699 1739 1753 ad

1840 531 1990 595 dicit,
2023 530 2321 595 zEdiﬁcavit
2363 533 2602 594 Niniren,
2645 532 2955 585 adificatam
2985 547 3014 586 ι
3045 531 3266 588 Domino
3294 533 3398 588 Ec-

1841 621 2056 676 clesiani
2096 623 2371 692 significat.
2409 625 2482 678 De
2510 640 2612 692 quo
2650 623 2869 689 dicitur,
2916 622 3211 692 Ediﬁcons
3244 624 3396 680 Jeru-

1841 717 2005 775 salem,
2032 713 2296 767 Dominus.
2331 714 2502 769 Resen
2529 716 2666 783 quod
2698 717 2888 770 dicitur
2927 719 3064 771 inter
3091 717 3310 792 Niniveu
3342 729 3396 772 et

1842 802 2036 867 (inille,
2060 803 2110 856 id
2140 814 2240 864 est.
2277 805 2414 858 inter
2453 806 2583 859 duas
2615 809 2780 875 leges,
2822 807 2888 859 ab
2931 808 3011 860 his
3049 807 3231 861 divisa:
3276 817 3398 862 sunt

1844 906 2010 959 usque
2041 901 2159 969 post
2187 893 2468 959 diluvimn,
2509 896 2557 949 id
2586 906 2685 960 est,
2733 911 2762 950 a
2809 895 3018 951 Christo
3063 907 3117 952 et
3163 897 3394 952 Reclusis

1842 985 1982 1038 illius
2022 995 2136 1054 post
2164 986 2515 1053 baptismum:
2565 993 2808 1061 quodque
2849 992 3058 1057 dicitur,
3094 993 3216 1045 Erat
3263 1005 3397 1046 terra

1844 1075 1986 1139 (abii,
2014 1076 2262 1132 unitatem
2297 1079 2346 1132 in
2367 1080 2661 1147 gentilitate
2688 1078 2965 1149 significat.
2993 1082 3164 1152 Usque
3183 1084 3250 1136 ad
3284 1082 3398 1137 Noe

1843 1174 1889 1217 et
1910 1165 2044 1232 ﬁlios
2072 1164 2231 1231 illius,
2265 1166 2316 1221 id
2343 1179 2445 1233 est,
2477 1185 2643 1236 usque
2669 1172 2732 1223 ad
2771 1172 3040 1226 Christum
3070 1187 3189 1226 cum
3235 1175 3400 1227 tribus

1846 1254 2070 1322 legibus,
2099 1256 2180 1309 vel
2204 1272 2323 1310 cum
2357 1258 2456 1311 lide
2483 1257 2774 1313 Trinitatis.
2799 1260 3000 1315 ideirco
3021 1261 3266 1315 dicuntur
3288 1273 3399 1316 tur.

1849 1360 1962 1400 rem
1990 1347 2278 1413 aedificare,
2305 1347 2423 1417 quia
2453 1348 2706 1404 diluvium
2739 1354 3042 1415 timuerunt,
3074 1361 3129 1404 ut
3151 1352 3238 1404 alii
3269 1369 3282 1404 :
3317 1353 3401 1406 νισι

1848 1442 1906 1488 ut
1941 1437 2246 1490 memoriam
2293 1436 2567 1503 haberent,
2614 1448 2894 1508 antequam
2939 1439 3304 1494 dividerentur
3343 1443 3396 1494 in

1848 1535 2039 1588 terras,
2067 1526 2205 1594 quod
2237 1525 2504 1594 Scriptura
2532 1527 2830 1581 confirmat.

1920 1616 2186 1670 Descend.'t
2206 1626 2369 1670 autem
2402 1615 2648 1670 Dominus
2669 1619 2834 1670 videre
2855 1616 3100 1670 civitatem
3120 1626 3167 1671 et
3197 1620 3400 1673 turrim.

1853 1705 2102 1760 Dominus
2132 1706 2452 1761 descendere
2473 1707 2663 1760 dicitur
2693 1717 2797 1760 tam
2825 1707 2890 1760 ad
2919 1708 3217 1772 vindictam,
3245 1724 3400 1777 quant

183 1792 418 1847 Indicum
447 1809 704 1848 oceanum
752 1803 954 1848 tenent.
1011 1793 1160 1857 Heia,
1212 1808 1241 1847 a
1289 1807 1394 1861 quo
1443 1791 1741 1856 llelatnitan,
1776 1772 1915 1847 Bad
1944 1795 2223 1858 auxilium,
2247 1804 2304 1848 ut
2327 1804 2434 1861 est,
2480 1796 2689 1862 quando
2715 1810 2892 1849 curam
2941 1797 3148 1866 generis
3191 1772 3406 1852 humani

182 1883 430 1952 princeps
463 1883 718 1938 Persidis.
751 1883 824 1936 De
851 1885 1020 1937 Assur
1056 1883 1253 1937 dictum
1286 1892 1368 1936 est
1395 1883 1533 1950 quod
1562 1881 1746 1936 Ninive

184 1976 373 2026 urbem
394 1973 649 2026 condidit.
674 1970 890 2024 Artixat
912 1981 1110 2034 autem,
1133 1985 1160 2022 a
1188 1986 1292 2039 quo
1317 1970 1567 2023 Chaldazi.
1589 1969 1740 2034 Lydi,

179 2075 213 2112 ιι
241 2074 346 2126 quo
375 2059 558 2128 Lydia.
589 2063 775 2123 Aram,
805 2074 832 2111 a
863 2075 967 2126 quo
1010 2059 1153 2128 Syri,
1187 2073 1410 2127 quorum
1440 2057 1744 2126 metropolis

181 2152 475 2207 Damascus
517 2162 618 2209 est.
677 2153 867 2220 lleber,
913 2168 941 2206 a
991 2168 1095 2222 quo
1147 2152 1371 2206 Hebraei.
1431 2152 1742 2205 Vaticiniutn

180 2243 576 2307 quodammodo
606 2256 798 2295 nomen
855 2242 965 2296 lilio
1019 2257 1115 2294 suo
1167 2242 1357 2293 Falech
1411 2242 1605 2308 posuit,
1656 2241 1743 2308 qui

181 2335 564 2403 interpretatur
590 2333 807 2397 divisio,
835 2348 901 2388 eo
943 2333 1082 2396 quod
1115 2335 1166 2386 in
1218 2331 1404 2385 diebus
1457 2332 1594 2384 illius
1651 2329 1747 2384 liii-

181 2440 306 2494 guu:
332 2425 514 2480 divisae
543 2433 686 2478 sunt.
719 2424 927 2478 Primus
959 2433 1076 2488 post
1103 2423 1356 2476 diluvium
1384 2422 1635 2475 Nemroth
1667 2431 1746 2490 ty-

190 2515 471 2570 rannidem
496 2514 740 2582 arripuit,
761 2522 816 2568 et
843 2513 1166 2567 aediﬁcanda:
1193 2514 1351 2566 turris
1375 2524 1560 2566 auctor
1586 2512 1749 2565 exsti-

186 2608 283 2670 tit,
310 2593 397 2674 qui
437 2621 531 2674 pro
553 2604 646 2660 i'.lo
694 2606 834 2674 quod
885 2606 1019 2659 ultra
1050 2615 1290 2659 naturam
1314 2617 1462 2658 suam
1493 2605 1611 2658 caeli
1643 2605 1748 2658 alta

185 2705 472 2767 penetrare
513 2695 806 2761 contendit,
843 2712 946 2750 non
982 2697 1268 2766 incongrue
1296 2696 1504 2749 diabolo
1530 2709 1748 2761 compa-

187 2797 361 2850 ratur,
384 2801 446 2838 ει
474 2786 626 2855 cujus
657 2801 880 2854 persona
909 2787 1102 2842 dicitur
1130 2805 1141 2839 :
1168 2788 1447 2840 Ascendam
1468 2802 1616 2854 super
1630 2786 1753 2838 alti-

185 2878 411 2931 tudinem
442 2877 673 2941 nubium,
696 2887 743 2931 et
772 2893 856 2930 ero
877 2877 1058 2929 similis
1091 2877 1367 2928 Altissimo.
1392 2876 1540 2940 Quod
1569 2884 1746 2928 autem

181 2966 402 3031 dicitur,
452 2965 669 3019 Venator
719 2969 1004 3018 animarum
1051 2967 1414 3034 terrigenarum
1445 2980 1465 3018 :
1494 2969 1744 3034 deceptor,

181 3069 235 3110 et
255 3059 456 3128 capiens
486 3058 741 3111 hominum
769 3073 926 3125 genus
955 3058 1020 3109 ad
1047 3069 1272 3110 mortem.

788 3147 1012 3203 CAPUT
1049 3146 1142 3202 ΧΙ.

259 3240 444 3296 Turris
488 3250 683 3305 autem,
739 3239 986 3308 superbia
1042 3239 1194 3307 hujus
1223 3239 1428 3302 mundi,
1470 3238 1546 3293 vel
1592 3239 1748 3306 impia

183 3333 436 3401 dogmata
486 3331 859 3386 hereticorum
909 3332 997 3400 qui
1048 3340 1327 3400 postquam
1379 3334 1506 3385 moti
1535 3341 1658 3384 sunt
1687 3331 1753 3384 ab

181 3425 421 3486 oriente,
447 3422 496 3475 id
539 3434 619 3477 est
648 3439 676 3475 a
711 3437 838 3476 vero
868 3423 1067 3477 lumine
1095 3434 1462 3487 recesserunt,
1496 3432 1750 3498 venerunt

185 3513 241 3566 in
295 3522 484 3566 terram
514 3515 698 3576 Senar,
732 3515 868 3582 quod
922 3514 1297 3580 interpretatur
1350 3514 1591 3567 excussio
1617 3514 1749 3565 den-

184 3606 345 3666 tium,
376 3608 452 3656 vel
489 3603 620 3659 fetor
662 3604 891 3657 illorum.
947 3605 1238 3670 Statimque
1289 3603 1541 3657 adversus
1590 3603 1748 3655 Deum

187 3696 558 3759 perversurum
590 3693 868 3759 superbiae,
914 3706 1033 3758 qua:
1085 3703 1279 3744 turrem
1330 3691 1586 3742 a-diliCant
1620 3705 1631 3741 :
1664 3705 1750 3744 se-

185 3779 393 3848 gregati
437 3780 577 3832 inter
624 3795 682 3834 se
734 3781 1128 3834 diversitatibus
1175 3795 1436 3843 errorum,
1478 3781 1626 3849 quasi
1660 3795 1753 3844 per

188 3869 575 3924 dissonantium
624 3871 833 3940 lingute,
866 3887 999 3937 quos
1029 3871 1258 3926 Trinitas
1308 3875 1541 3938 damnat,
1570 3875 1620 3927 in
1652 3890 1751 3944 qua

187 3965 490 4031 offendunt,
537 3967 661 4021 tlutn
709 3969 877 4022 dicit:
913 3967 1113 4036 Venite,
1155 3980 1200 4024 et
1240 3972 1610 4040 confundamns
1654 3973 1756 4024 Iin-

189 4075 322 4126 guas
353 4060 575 4111 illorum.
609 4060 663 4113 ln
689 4060 800 4113 sola
831 4070 1008 4115 autem
1032 4061 1190 4115 domo
1223 4061 1418 4122 l-lcber,
1445 4077 1567 4130 qua:
1597 4072 1752 4116 antea

193 4150 298 4203 fuit
325 4149 519 4219 lingua,
550 4152 820 4206 remansit.
847 4151 996 4207 Nunc
1026 4169 1232 4222 quoque
1261 4155 1312 4208 in
1359 4155 1468 4208 sola
1519 4154 1754 4208 Ecc!esia

194 4241 374 4294 unitas
404 4251 481 4294 est
511 4241 882 4296 confessionis.
915 4244 1074 4297 Babel
1105 4257 1302 4308 autem,
1332 4260 1449 4312 qua!
1479 4256 1530 4298 et
1581 4245 1754 4313 Baby-

197 4331 312 4394 lon,
337 4328 708 4398 interpretatur
733 4331 998 4394 confusio,
1025 4348 1087 4385 eo
1109 4334 1244 4400 quod
1278 4333 1346 4386 ibi
1375 4333 1606 4386 confusae
1629 4342 1753 4387 sunt

1777 3096 1824 3158 ο

1853 1895 2088 1956 praestat.
2118 1886 2216 1940 Per
2243 1887 2508 1941 civitatem
2532 1899 2587 1941 et
2618 1896 2839 1954 turrem,
2868 1887 3157 1942 Ecclesiam
3191 1888 3406 1942 barren-

1851 1991 2030 2031 corum
2058 1977 2317 2046 designat.
2351 1978 2407 2031 ln
2436 1993 2500 2032 eo
2529 1978 2666 2046 quod
2697 1980 2844 2039 dicit,
2879 1980 2975 2042 ﬁlii
2999 1979 3183 2045 Adam,
3213 1995 3400 2046 pecca-

1854 2075 1959 2117 tum
1996 2068 2156 2118 Adam
2187 2069 2634 2120 commemoravit.
2670 2071 2838 2134 Atque
2873 2070 2939 2119 ita
2977 2066 3155 2120 divisit
3184 2069 3321 2132 illos,
3352 2071 3401 2121 id

1850 2167 1952 2221 est,
1983 2158 2102 2225 quia
2141 2173 2242 2211 non
2287 2159 2461 2213 facere
2516 2157 2770 2222 fecerunt,
2814 2158 2905 2212 sed
2955 2167 3128 2213 tamen
3180 2160 3404 2226 perdere

1853 2248 2016 2300 noluit
2039 2261 2151 2301 eos.

2438 2339 2658 2393 C.\I'U'l‘
2700 2337 2809 2392 XII.

1925 2422 2175 2490 Loquitur
2205 2423 2267 2474 ad
2310 2423 2571 2475 Abraham
2607 2422 2742 2476 Deus
2771 2440 2784 2474 :
2815 2421 2913 2474 Exi
2956 2423 3018 2474 de
3059 2433 3194 2476 terra
3224 2433 3329 2486 tua,
3358 2434 3406 2478 et

1856 2513 1919 2567 de
1961 2515 2252 2582 cognatione
2299 2525 2408 2577 tua,
2458 2525 2503 2568 et
2551 2515 2613 2566 de
2641 2516 2787 2566 domo
2815 2515 2976 2583 patris
3017 2516 3111 2568 tui.
3143 2514 3405 2578 Christus,

1855 2602 2036 2656 relicta
2070 2613 2206 2656 terra
2238 2619 2351 2665 sua,
2394 2613 2444 2657 et
2469 2603 2779 2672 cognatione
2816 2617 2933 2667 sua,
2965 2613 3019 2658 et
3058 2608 3216 2658 domo
3247 2606 3410 2674 patris

1856 2693 1956 2755 sui,
1987 2694 2180 2760 pupulo
2196 2695 2392 2747 scilicet
2423 2692 2744 2758 Judmorum,
2776 2697 2912 2761 apud
2939 2705 3151 2748 exteros
3180 2696 3411 2764 locuple-

1857 2793 2017 2848 tatnr,
2052 2782 2101 2835 in
2149 2786 2340 2848 pupulo
2369 2785 2598 2850 gentium
2631 2785 2964 2850 pra-pollens.
3001 2787 3076 2837 Ad
3108 2788 3247 2839 illius
3278 2802 3410 2854 quo-

1855 2885 1956 2937 que
1983 2871 2279 2937 exemplum
2313 2873 2461 2923 nobis
2487 2875 2783 2925 exeundum
2812 2881 2894 2928 est
2932 2873 2996 2926 de
3040 2884 3178 2929 terra
3208 2889 3406 2940 nostra,

1858 2959 1914 3014 itl
1945 2970 2024 3014 est
2056 2961 2121 3014 de
2154 2959 2487 3014 facultatibus
2519 2963 2672 3030 hujus
2702 2964 2899 3016 mundi.
2928 2964 2991 3017 Et
3015 2965 3082 3017 de
3102 2968 3411 3034 cognatione

1859 3063 2056 3116 nostra,
2088 3050 2154 3103 de
2178 3053 2578 3104 conversatione
2621 3061 2674 3103 et
2703 3054 2961 3116 moribus,
2994 3054 3235 3120 vitiisque
3264 3052 3407 3118 prio-

1859 3143 2023 3207 ribus,
2054 3157 2168 3208 qua:
2212 3144 2362 3195 nobis
2391 3157 2420 3196 a
2452 3144 2722 3197 nativitate
2766 3144 2908 3198 velut
2961 3144 3413 3211 consanguinitate

1857 3235 2136 3299 conjuncta
2165 3241 2306 3283 sunt.
2339 3231 2402 3284 Et
2430 3232 2496 3285 de
2522 3233 2678 3285 domo
2709 3236 2869 3298 patris
2901 3236 3092 3299 nostri,
3123 3234 3173 3286 id
3210 3243 3313 3297 est,
3343 3235 3414 3288 de

1857 3327 1996 3378 omni
2040 3327 2294 3379 meumria
2328 3325 2505 3378 mundi
2539 3326 2692 3392 hujus
2724 3327 2858 3380 velut
2901 3325 3210 3392 gentilitate.
3243 3336 3297 3378 ut
3327 3341 3413 3378 re-

1859 3418 2156 3467 nuntiantes
2204 3415 2465 3481 possimus
2511 3414 2716 3466 dilatari
2772 3416 2822 3465 in
2873 3417 3117 3480 pupulum
3174 3414 3297 3479 Dei,
3352 3423 3408 3468 et

1858 3512 2048 3554 terram
2080 3504 2309 3554 cmlestis
2340 3501 2759 3567 repromissionis
2809 3516 2933 3553 cum
2963 3501 3234 3555 advenerit
3279 3513 3413 3554 tem-

1859 3607 1974 3660 pus,
2006 3591 2284 3645 introduci.

1927 3683 2051 3735 Duze
2092 3682 2522 3751 repromissiones
2576 3680 2803 3734 Abrahae
2849 3680 3043 3734 dantur
3085 3699 3097 3733 :
3143 3696 3243 3734 una
3271 3722 3286 3746 ,
3343 3681 3411 3735 de

1861 3785 1996 3829 terra
2028 3775 2474 3840 repromissionis,
2507 3773 2646 3842 quod
2691 3770 2830 3825 illam
2887 3771 3180 3840 possideret
3229 3784 3409 3823 semen

1861 3867 2003 3921 illius
2035 3884 2049 3920 :
2079 3865 2445 3920 Benediceutur
2468 3882 2637 3920 omnes
2660 3873 2848 3933 gentes.
2879 3864 3031 3929 Quod
3059 3872 3234 3914 autem
3267 3863 3409 3924 dicit,

1864 3959 2070 4012 Faciam
2097 3971 2142 4012 te
2165 3961 2213 4010 in
2236 3969 2427 4028 gentem
2451 3973 2706 4031 magnam,
2731 3957 2946 4030 virtutes
2974 3953 3223 4015 Ostendit,
3255 3966 3306 4005 ut
3328 3952 3412 4004 di-

1859 4049 1998 4102 citur
2026 4065 2040 4100 :
2075 4047 2263 4114 Magna
2294 4063 2414 4114 gens
2445 4055 2515 4097 est
2543 4060 2777 4095 numerus
2802 4047 3055 4094 virtutum.

1929 4138 2178 4203 Quodque
2206 4136 2415 4196 dicitur,
2465 4133 2712 4201 Egredere
2753 4134 2813 4183 de
2860 4143 2991 4184 terra
3030 4140 3140 4196 tua,
3184 4133 3248 4184 de
3298 4131 3410 4197 lege

1861 4239 2061 4284 natura:
2096 4241 2247 4294 posse
2277 4225 2491 4293 intelligi
2520 4226 2717 4278 dicont.
2753 4223 2826 4276 De
2851 4224 3146 4290 cognatione
3174 4237 3317 4280 vero,
3343 4217 3410 4273 'de

1863 4322 1976 4389 lcge
2000 4321 2206 4374 litterw.
2233 4316 2304 4370 De
2322 4319 2469 4368 domo
2487 4317 2666 4384 patris,
2690 4315 2756 4370 de
2782 4317 2891 4383 lege
2913 4317 3042 4369 Novi
3068 4313 3408 4367 Tesramenti.

191 4420 414 4488 lingua.
445 4420 570 4474 Erat
609 4430 783 4473 autem
839 4422 1027 4475 civitas
1083 4423 1228 4490 regni
1272 4423 1542 4487 Nemi-mh,
1595 4439 1750 4492 quem
1785 4429 1835 4490 υ
1863 4410 1924 4464 In
1947 4409 2215 4472 terrain,id
2232 4410 2377 4460 estin
2401 4404 2942 4460 cmlnmJnstahilitas
2959 4401 3410 4492 Aliraltaeinstabi-

197 4508 489 4577 principem
523 4509 683 4559 turris
724 4507 1048 4562 aedificandae
1078 4509 1339 4576 Iosephus
1369 4512 1621 4568 affirmat.
1655 4513 1756 4568 lle-

193 4596 328 4651 braei
354 4605 530 4649 autem
561 4595 929 4652 confusionem
959 4601 1118 4653 Babel
1152 4611 1360 4654 vocant.

278 4685 507 4740 Mortuus
554 4697 624 4741 est
654 4700 816 4741 autem
845 4690 1000 4742 Aram
1030 4701 1146 4745 ante
1173 4692 1338 4747 Thare
1368 4705 1555 4760 patrem
1585 4713 1754 4760 suum,

193 4777 255 4830 in
301 4785 433 4828 terra
483 4778 754 4830 nativitatis
793 4793 918 4841 sure,
941 4780 992 4830 in
1029 4780 1102 4834 Ur
1125 4782 1495 4838 Chaldwornm.
1527 4786 1760 4841 Tradmit

201 4866 411 4921 Ile-brari
447 4867 584 4935 quod
611 4867 766 4920 Aram
796 4867 846 4920 in
879 4870 1052 4936 ignem
1092 4873 1284 4936 missus
1312 4876 1401 4936 sit,
1433 4877 1552 4943 quia
1586 4879 1759 4945 ignem

198 4959 427 5011 adorare
456 4959 700 5027 uoluerit,
735 4974 888 5026 quem
942 4959 1177 5015 Chaldaei
1225 4965 1524 5031 coluerunt,
1569 4977 1622 5021 et
1669 4967 1759 5021 Dei

199 5045 401 5097 auxilio
430 5048 700 5114 liberatus,
753 5049 819 5102 de
841 5047 1154 5103 idololatria;
1197 5051 1316 5118 igne
1361 5054 1642 5121 profugerit
1675 5065 1762 5108 ;et

202 5135 310 5189 hoc
339 5151 451 5190 esse
479 5140 616 5207 quod
634 5154 787 5194 nunc
830 5140 1043 5206 dicitur,
1079 5151 1344 5194 mortuum
1372 5156 1496 5198 ante
1541 5161 1762 5213 conspe~

200 5234 350 5278 ctum
381 5224 552 5281 Ttiare
575 5231 736 5296 patris
764 5231 842 5284 sui
871 5229 923 5284 in
969 5230 1041 5286 Ur
1069 5232 1464 5298 Chaldaeorum,
1499 5235 1546 5286 id
1578 5246 1677 5299 est,
1713 5239 1760 5291 in

204 5316 330 5384 igne
381 5314 768 5372 Chaldaeorum.
829 5320 902 5376 Ur
949 5323 1089 5375 enim
1144 5321 1522 5389 interpretatur
1579 5326 1762 5393 ignis;

201 5404 349 5474 quod
386 5406 630 5461 videlicet
652 5409 822 5476 ignem
851 5412 1078 5466 adorare
1111 5413 1319 5473 nolens,
1355 5413 1471 5479 igne
1517 5431 1766 5471 consum-

206 5507 334 5567 ptus
362 5498 447 5549 sit.
479 5497 625 5563 Quod
655 5511 829 5554 autem
874 5503 1086 5568 dicitur,
1121 5503 1193 5556 De
1225 5513 1357 5555 terra
1405 5505 1495 5558 illa
1541 5526 1765 5577 egressus

205 5596 280 5642 est
311 5587 482 5647 Assur,
505 5585 768 5643 Christum
794 5589 980 5660 figurat
1002 5594 1353 5664 egredientem
1385 5609 1412 5646 ε
1438 5599 1652 5664 uiua-do,
1677 5603 1766 5669 qui

203 5678 360 5735 fortis
385 5687 438 5735 et
470 5679 680 5739 vincens
705 5692 809 5750 εει,
841 5693 895 5738 ut
923 5685 1147 5741 dicitur:
1179 5684 1340 5738 Nemo
1365 5697 1530 5755 potest
1575 5693 1761 5746 intrare

1859 4505 2058 4554 litatem
2108 4499 2217 4552 sive
2265 4495 2665 4550 inconstantiam
2714 4497 2885 4561 gentis
2913 4507 3022 4544 sua:
3070 4490 3327 4556 significat
3355 4499 3411 4542 et

1857 4594 2125 4661 exprimit.
2155 4591 2294 4644 Gens
2319 4597 2495 4642 autem
2528 4585 2751 4638 Abrahae
2780 4582 2947 4650 major
2985 4591 3100 4634 erat
3143 4583 3210 4634 de
3241 4583 3409 4635 insta-

1859 4684 2056 4737 bilitate
2086 4695 2203 4739 sua,
2237 4693 2391 4745 quam
2423 4674 2631 4743 quando
2665 4674 2920 4725 habitavit
2949 4672 2998 4724 in
3028 4680 3166 4725 terra
3193 4686 3310 4724 sua.
3334 4672 3407 4725 Ita

1859 4784 1910 4828 et
1941 4771 2168 4825 Ecclesia
2200 4769 2385 4821 itinere
2414 4767 2481 4818 de
2513 4764 2713 4818 carnali
2766 4764 3092 4817 habitatione
3139 4774 3188 4829 et
3231 4776 3409 4815 resur-

1861 4865 2096 4918 rectione
2127 4859 2324 4927 majora
2358 4856 2569 4923 pramia
2603 4857 2836 4909 habebit.
2871 4856 2934 4909 Et
2963 4854 3224 4909 Abraham
3254 4859 3412 4917 caput

1865 4959 1984 5013 fidei
2030 4958 2078 5010 in
2112 4955 2330 5023 figuram
2360 4953 2553 5007 Christi
2589 4952 2702 5006 sive
2743 4951 2906 5016 Petri,
2939 4951 3295 5016 supradictum
3329 4955 3410 5000 te-

1861 5049 2164 5104 stimonium
2196 5046 2246 5099 in
2280 5046 2634 5099 voluminibus
2663 5043 2960 5096 Salomonis
2990 5045 3169 5107 figura.
3196 5039 3248 5091 In
3270 5039 3414 5106 prin-

1862 5143 1999 5209 cipio
2046 5139 2183 5192 enim
2235 5137 2526 5190 doctrinam
2572 5135 2684 5200 filii,
2741 5136 2793 5187 in
2838 5134 3069 5187 secundo
3119 5128 3410 5196 doctrinam

1863 5234 1984 5296 viri,
2036 5231 2087 5283 in
2137 5232 2290 5283 tertio
2336 5229 2628 5282 doctrinam
2677 5226 2904 5278 militis:
2938 5223 3132 5275 etenim
3173 5221 3410 5274 doctrina

1868 5325 2065 5393 parvuli
2113 5332 2198 5376 est
2252 5324 2429 5392 egredi
2487 5323 2550 5374 de
2599 5320 2909 5387 gentilitate,
2943 5325 2995 5369 et
3025 5316 3260 5369 doctrina
3289 5317 3409 5380 viri,

1866 5416 2040 5484 egredi
2071 5414 2137 5468 de
2167 5417 2392 5482 peccatis
2427 5416 2554 5466 SlllS.
2587 5410 2839 5463 Doctrina
2872 5408 3074 5472 militis,
3102 5407 3279 5475 egredi
3305 5421 3403 5462 tuc-

1868 5513 2032 5564 moria
2089 5508 2266 5561 mundi
2315 5508 2489 5573 hujus.
2543 5505 2738 5557 Abram
2797 5512 2970 5552 autern
3026 5499 3111 5551 hic
3173 5498 3412 5564 primitus

1867 5600 2040 5655 dictus
2069 5608 2145 5651 eat
2167 5636 2183 5664 ,
2217 5597 2264 5649 id
2293 5605 2373 5649 est
2402 5593 2662 5648 excelsus.
2695 5588 2898 5643 Deinde
2929 5585 3220 5645 Abraham,
3251 5585 3298 5636 id
3336 5589 3417 5636 est

1872 5701 2020 5764 pater
2064 5685 2324 5745 excelsus.
2381 5683 2643 5740 Abraham
2674 5696 2801 5736 vero
2848 5688 2996 5749 pater
3027 5676 3328 5739 multarum,
3361 5673 3413 5726 id
