3872 6262
531 407 615 461 151
1007 400 1208 456 Βεθεε
1252 398 1694 455 \‘ENERABILIS
1729 395 2010 454 ονειιυιι
2055 395 2070 450 Ι

2170 375 2330 461 ιεέιι.
2372 426 2438 439 -
2477 395 2862 454 sxscmca
2902 398 3222 457 summa.
3614 406 3713 460 λυ

519 527 601 572 est
620 509 1210 585 gentium.Primo.cum
1234 524 1335 564 non
1359 509 1572 563 haberet
1593 507 2055 573 ﬁlium;secundo,
2084 491 2137 549 Α
2160 508 2386 562 animam
2415 509 2826 581 sapientiamque
2871 501 2983 568 sive
3027 513 3336 578 Ecclesism.
3367 523 3424 570 et
3455 515 3706 587 ﬂagellat;

517 621 638 659 cum
671 603 884 656 haberet
924 600 1114 661 ﬁlium;
1148 600 1320 664 tertio,
1349 613 1468 652 cum
1517 599 1660 651 Isaac
1712 598 1948 651 haberet.
1995 599 2062 651 ει
2158 594 2512 662 dimittuntur,
2544 605 2600 650 ut
2645 597 2730 651 hic
2758 599 2970 655 dicitur.
3019 598 3150 677 Ecce
3173 605 3364 672 «nd:
3403 613 3520 669 tu,
3545 609 3716 675 accitis

522 695 730 765 quando
786 701 1048 746 mutantur
1101 692 1334 755 nomina,
1381 699 1646 741 mutantur
1688 700 1741 740 et
1779 701 1963 752 Opera.
1998 687 2062 741 Et

523 786 717 846 ἡμίσει
744 781 1003 834 Abraham
1037 778 1118 831 his
1145 779 1310 830 tribus
1350 776 1650 830 nominibus
1696 785 1908 829 vocatus
1955 784 2056 842 est,

524 876 639 939 quia
673 869 767 922 tria
799 868 1096 933 supradicta
1127 867 1364 919 doctrina
1411 864 1674 919 sustinuit.
1729 865 2058 930 Benedictus,

520 958 574 1016 id
603 966 684 1010 est
723 956 1060 1020 abundantia,
1093 953 1247 1006 Israel
1296 952 1654 1007 historialiter.
1699 953 1928 1007 Ecclesia
1970 967 2062 1004 au-

518 1060 627 1104 tem
658 1045 935 1096 virtutibus
980 1042 1120 1096 cmli.
1156 1041 1221 1093 Et
1249 1042 1536 1094 benedicam
1557 1043 1666 1110 tibi,
1699 1041 1751 1095 id
1780 1053 1858 1096 est
1900 1043 2064 1094 ahun-

521 1137 695 1193 dautia
724 1135 1170 1200 bcnedicentibus,
1204 1144 1261 1186 ut
1293 1133 1486 1202 Ioseph
1534 1144 1586 1187 et
1616 1135 1872 1186 Pharaoni
1902 1132 2064 1201 eEgy-

526 1238 612 1294 pto
631 1225 824 1278 evenit.
855 1223 1108 1289 Quodque
1135 1222 1284 1286 dicit,
1316 1221 1618 1275 Haledtcant
1647 1221 2063 1275 maledicentt‘btts

522 1333 692 1369 onturs
723 1317 873 1368 tribus
894 1327 1059 1379 terra,
1077 1317 1133 1368 id
1158 1323 1241 1368 est
1266 1316 1405 1382 quod
1433 1330 1616 1368 omnes
1636 1323 1904 1382 aptassent
1929 1315 2063 1379 lteri,

524 1419 578 1459 ut.
626 1422 756 1473 gens
785 1407 1029 1468 Attraha,
1064 1406 1146 1458 vel
1189 1405 1417 1458 maxime
1455 1404 1507 1457 in
1551 1403 1764 1457 Christo
1807 1404 2062 1470 implevit.

521 1496 610 1562 qui
641 1499 692 1550 in
723 1495 999 1549 virtutibus
1029 1493 1331 1548 benedictus
1361 1503 1465 1549 est.
1507 1491 1692 1560 Illique
1729 1493 2064 1546 benedicend-

525 1587 615 1638 bus
645 1584 978 1646 benenieetur,
1013 1583 1061 1636 id
1093 1591 1175 1636 est
1215 1583 1439 1650 angelis,
1470 1583 1550 1636 vel
1604 1583 1843 1636 ﬁdelibus
1882 1593 2064 1638 sancte

525 1676 972 1730 benedicentibus.
999 1673 1503 1740 ualedicentibuque
1525 1672 1870 1738 malediceter,
1887 1673 1938 1726 id
1961 1683 2062 1736 est,

2134 681 2328 736 illam.
2361 684 2565 738 Pharao
2593 695 2766 740 autem
2810 687 3087 754 intellexit,
3135 690 3186 744 id
3233 699 3317 744 est
3368 693 3450 746 vel
3509 703 3713 758 natura,

2166 781 2258 826 aut
2283 787 2377 842 per
2405 773 2685 830 visionem.
2715 777 2979 831 Abraham
3027 788 3082 832 et
3110 793 3244 833 uxor
3281 779 3421 834 illius
3450 781 3716 839 Christum

2161 871 2216 914 et
2247 861 2542 918 Ecclesiam
2571 867 2887 934 signiﬁcant,
2915 876 2967 920 et
2995 866 3130 921 Loth
3159 871 3404 939 populum
3452 884 3713 929 sanctam.

2162 952 2502 1007 Ascendeutes
2527 959 2588 1008 de
2617 954 2865 1026 ὥςπερ.
2895 956 2946 1012 id
2975 970 3056 1013 est
3078 961 3144 1015 de
3166 965 3378 1017 tnundo.
3409 964 3463 1017 In
3496 979 3718 1034 sequen-

2165 1039 2300 1091 tibus
2327 1050 2501 1094 autem
2528 1057 2716 1098 sensus
2741 1046 3048 1101 manifestus
3075 1057 3178 1102 est.
3215 1049 3340 1104 Erat
3357 1062 3530 1105 autem
3561 1052 3718 1105 Abra-

2164 1130 2279 1178 ham
2303 1134 2618 1208 septuaginta
2636 1144 2683 1185 et
2711 1136 2929 1201 quinque
2961 1151 3228 1201 annorum,
3255 1155 3372 1191 cum
3399 1143 3718 1208 egrederetur

2163 1218 2226 1270 de
2243 1206 2455 1272 Carran.
2483 1221 2608 1275 lude
2631 1224 2924 1278 insolubilis
2951 1227 3172 1293 quaestio
3201 1206 3458 1283 nascitur.
3493 1231 3552 1286 Si
3578 1233 3713 1285 enim

2166 1305 2337 1360 Thure
2391 1318 2537 1375 pater
2590 1312 2873 1377 Abraham,
2921 1330 3038 1369 cum
3084 1316 3256 1370 adhuc
3310 1329 3456 1372 esset
3498 1322 3552 1374 in
3581 1332 3712 1374 terra

2164 1397 2553 1466 Chaldaeorum,
2576 1404 2906 1469 septuaginta
2928 1419 3187 1461 annorum
3213 1411 3396 1476 genuit
3423 1410 3710 1472 Abraham,

2165 1495 2222 1538 et
2252 1497 2430 1554 postea
2462 1488 2514 1541 in
2563 1500 2724 1555 terra,
2755 1491 2855 1547 hoc
2881 1503 2964 1548 est
2991 1494 3043 1548 in
3071 1495 3310 1558 Carram,
3356 1497 3718 1553 ducentesimo

2165 1575 2349 1642 quinto
2376 1591 2517 1630 anno
2557 1573 2728 1632 aetatis
2752 1594 2862 1634 suae
2889 1589 3126 1636 mortuus
3153 1593 3256 1647 est,
3282 1588 3555 1653 quomodo
3583 1602 3719 1641 nunc

2170 1676 2288 1736 post
2345 1679 2568 1723 mortem
2606 1669 2794 1724 ‘l'hara
2845 1672 3107 1727 Abraham
3153 1676 3336 1729 exiens
3381 1678 3452 1731 de
3500 1676 3718 1742 Carrau.

521 1776 579 1821 ut
622 1765 864 1820 Christus
908 1772 963 1818 et
1000 1763 1224 1825 Sathiel,
1258 1773 1314 1816 ot
1336 1762 1402 1816 de
1432 1762 1626 1827 modis,
1658 1763 1736 1816 vel
1766 1761 1924 1826 vitiis,
1975 1769 2067 1814 aut
2099 1822 2133 1827 _
2169 1759 2495 1826 septuaginta
2521 1758 2750 1827 quinque
2777 1776 3036 1815 annorum
3066 1764 3227 1817 luisse
3247 1773 3575 1819 memoratur
3599 1782 3717 1821 cum

523 1859 783 1913 bzrreticis
820 1822 1221 1911 adversantibus
1264 1855 1458 1909 sanctis
1490 1822 1783 1907 maledixit.
1809 1822 2062 1918 Quando-
2098 1822 2143 1881 Β
2169 1859 2199 1898 ³
2227 1822 2498 1902 timidule
2523 1822 2784 1902 Abraham
2816 1864 2980 1918 usque
3006 1850 3072 1904 Ml
3102 1863 3325 1906 munem
3377 1855 3543 1921 patria
3585 1856 3718 1909 illius

519 1962 623 2014 que
658 1949 724 1999 ad
754 1946 934 2000 Seram
967 1945 1163 1998 dicitur
1195 1960 1208 1996 :
1242 1941 1307 1995 In
1336 1953 1382 1996 te
1406 1944 1752 1995 benedicentur
1777 1957 1945 1994 omnes
1975 1939 2066 1993 tri-

525 2037 614 2089 bas
637 2048 803 2099 terra,
829 2034 1148 2103 signiﬁcatur
1175 2032 1308 2099 quod
1339 2031 1512 2084 multis
1542 2032 1594 2084 in
1625 2030 1882 2096 exemplis
1901 2029 2069 2095 justo-

523 2139 642 2176 rnm
675 2123 1068 2176 benedicantur.
1099 2116 1344 2187 Egressus
1372 2133 1444 2172 est
1491 2118 1769 2180 Abraham,
1797 2117 1846 2170 id
1878 2126 1960 2170 est
2012 2115 2065 2169 in

526 2215 688 2280 ﬁgura
705 2210 922 2273 Christi,
951 2207 1246 2262 obedientis
1272 2207 1412 2259 Patri
1435 2222 1600 2274 usque
1619 2206 1684 2258 ad
1714 2215 1957 2267 mortem,
1984 2205 2067 2259 vel

522 2314 776 2365 cujusque
797 2299 984 2352 sancti.
1008 2297 1259 2363 Quodque
1287 2297 1475 2349 dicitur
1504 2311 1519 2348 :
1556 2294 1881 2348 Pertransivit
1908 2296 2070 2348 Abra-

524 2389 642 2440 ham
671 2403 821 2453 usque
847 2386 914 2438 ad
959 2389 1122 2439 locum
1148 2385 1370 2449 Sicltem,
1401 2385 1669 2437 Christum
1718 2385 1948 2437 ostendit
1979 2398 2072 2450 per

524 2479 846 2548 patriarchas
872 2485 926 2530 et
969 2478 1268 2544 pr0phetas,
1313 2476 1378 2527 ad
1412 2474 1721 2534 Ecclesiam,
1747 2472 1828 2525 vel
1858 2485 2067 2524 omnem

521 2567 741 2635 justum.
795 2565 960 2632 Usque
987 2567 1052 2616 ad
1079 2565 1352 2616 convallem
1394 2561 1660 2626 illustrem,
1702 2561 1750 2613 id
1782 2569 1862 2613 est
1895 2560 2072 2614 Eccle-

524 2662 658 2712 siatn
689 2657 741 2708 in
773 2655 1066 2708 humilitate
1092 2657 1266 2717 sitam,
1311 2668 1427 2720 qua:
1457 2652 1670 2706 iiiltSlt‘iS
1700 2660 1800 2716 est,
1849 2663 1902 2704 ιιι
1947 2652 2068 2704 alibi

525 2745 735 2805 dicitur,
771 2742 833 2796 In
861 2758 1054 2795 onmem
1095 2754 1276 2796 terram
1325 2743 1470 2794 exivit
1503 2758 1657 2795 sonus
1685 2757 1877 2802 earum,
1925 2751 1971 2793 et
2019 2741 2070 2791 in

526 2833 651 2901 ﬁnes
677 2832 809 2886 orbis
833 2841 975 2885 teme
999 2833 1142 2884 verba
1166 2848 1354 2884 eorum.
1382 2831 1711 2884 Chananmus
1730 2838 1928 2892 autem,
1949 2837 2072 2883 tunc

528 2922 821 2975 mundiales
849 2922 1175 2990 gentilesque
1203 2920 1591 2987 signiﬁcantur.

598 3009 940 3079 Apparuitque
995 3009 1235 3062 Dominus
1265 3007 1536 3072 Abraham,
1568 3016 1617 3060 et
1658 3008 1788 3061 dixit
1835 3008 1950 3063 illi:
1976 3008 2073 3062 Se-

525 3102 647 3155 ικὶηὲ
671 3112 755 3155 tuo
780 3102 908 3153 dabo
927 3109 1108 3152 terram
1137 3101 1283 3154 hanc.
1310 3100 1417 3155 Hoc
1446 3100 1662 3155 verbum
1693 3116 1797 3155 non
1822 3100 2069 3171 frequen-

529 3199 628 3253 ter,
661 3190 760 3245 nisi
787 3189 855 3244 de
897 3188 1062 3242 tribus
1109 3190 1345 3256 personis
1370 3189 1584 3253 dicitur,
1616 3189 1666 3242 id
1696 3199 1795 3252 est,
1827 3189 1893 3244 de
1937 3191 2068 3258 Deo,

527 3279 644 3332 sive
669 3278 855 3346 angelo
879 3280 957 3331 vel
983 3276 1206 3329 diabolo.
1238 3274 1490 3345 Quodque
1517 3277 1665 3340 dicit,
1693 3277 1942 3346 Apparuit
1970 3278 2075 3329 Do-

531 3369 696 3421 minus
724 3367 995 3428 Abraltam,
1026 3367 1283 3435 signiﬁcat
1313 3365 1472 3420 Deum
1499 3366 1706 3420 Patrem
1749 3367 1958 3422 Christo
1984 3382 2076 3436 ap-

533 3472 736 3525 parere.
783 3457 867 3510 vel
912 3457 1191 3525 unicuique
1227 3455 1372 3522 justo
1421 3454 1472 3507 in
1523 3454 1776 3509 Ecclesia.
1822 3455 2076 3522 Quodque

531 3546 680 3609 dicit,
713 3543 905 3597 Semini
952 3553 1058 3605 tuo,
1101 3559 1278 3598 semen
1318 3543 1582 3596 Christum
1630 3545 1968 3612 spiritualiter
1997 3544 2074 3598 si-

531 3633 762 3700 gniﬁcat.
792 3628 1000 3682 Terram
1027 3631 1173 3694 lianc,
1201 3631 1250 3682 id
1280 3640 1359 3684 cst
1389 3645 1718 3698 praesentem,
1753 3635 1834 3687 vel
1858 3649 2072 3703 regnum

531 3721 773 3776 onmibus
800 3720 1014 3775 sant-tis.
1067 3721 1322 3774 Abraham
1371 3724 1634 3776 :edilicans
1671 3726 1862 3790 altare,
1893 3724 2074 3777 Eccle-

537 3813 669 3865 siam
703 3810 790 3864 Dei
821 3809 988 3863 Patris
1019 3808 1070 3862 in
1097 3810 1386 3866 humilitate
1413 3811 1654 3865 aediﬁcat.
1684 3810 1785 3868 Sed
1829 3811 1879 3863 in
1905 3812 2074 3864 omni-

535 3902 632 3956 bus
663 3901 743 3954 bis
770 3899 1028 3954 Abraham
1079 3915 1352 3968 personam
1377 3900 1565 3954 Christi
1621 3901 1700 3953 vel
1751 3900 2078 3966 uniuscujus-

533 4006 637 4059 que
681 3990 850 4043 sancti
890 3997 1050 4042 tenet.
1082 3989 1602 4056 Tabernaculumque
1626 3989 1763 4041 illius
1793 3988 1926 4041 inter
1945 3989 2075 4041 duas

531 4079 788 4144 civitates,
824 4077 1107 4130 Ecclesiam
1161 4079 1296 4131 inter
1323 4079 1452 4131 duas
1495 4078 1673 4146 leges;
1709 4077 1964 4145 liujusque
1993 4093 2075 4131 se-

536 4166 762 4218 cundum
794 4165 956 4218 altare
985 4162 1268 4219 Ecclesiam
1292 4180 1476 4219 novam
1509 4167 1784 4234 signiticat.
1816 4166 2072 4236 Egyptus

535 4256 792 4324 signiﬁcat
831 4256 1102 4322 mundum,
1135 4257 1182 4309 in
1214 4273 1367 4324 quem
1393 4258 1630 4311 Christus
1659 4259 1947 4312 descendit.
1976 4261 2067 4312 Sa-

537 4361 594 4398 ra
662 4359 786 4397 vero
835 4343 1060 4396 animam
1113 4347 1300 4429 saoc'ti,
1359 4346 1439 4400 vel
1483 4347 1792 4413 sapientiam
1844 4348 2074 4402 ostendit

537 4431 788 4485 doctoris.
841 4428 1072 4498 Egyptii
1120 4428 1295 4484 autem
1351 4432 1625 4487 haereticos
1652 4434 1966 4525 signiﬁcant,
2003 4435 2071 4489 de
2097 4467 2148 4525 Β

538 4523 790 4591 sapientia
819 4522 1048 4576 doctoris
1067 4523 1202 4575 male
1227 4523 1562 4577 aestimantes.
1588 4524 1869 4576 Consilium
1897 4534 2067 4578 autem

539 4614 762 4667 Abrahae
785 4624 836 4666 et
858 4614 1004 4668 Sarai
1032 4613 1288 4680 signiﬁcat
1316 4613 1452 4681 quod
1477 4615 1834 4684 unusquisque
1861 4627 2077 4669 sanctus

540 4705 743 4758 invocat
767 4708 990 4758 animam
1020 4721 1190 4772 suam,
1221 4709 1301 4761 vel
1346 4707 1530 4761 doctor
1578 4709 1908 4776 sapientiam,
1930 4711 2079 4774 cujus

542 4809 697 4847 causa
727 4808 957 4867 sanatur.
1003 4796 1148 4850 Sicut
1179 4797 1260 4849 hic
1290 4797 1476 4850 dicitur
1510 4816 1521 4850 :
1550 4797 1615 4852 Ut
1663 4800 1780 4852 bene
1819 4803 1883 4852 sit
1932 4800 2074 4862 mihi,

542 4899 696 4951 usque
724 4884 783 4935 ob
807 4885 1016 4949 gratiam
1045 4885 1137 4935 tui.
1173 4886 1435 4951 Principes
1456 4897 1626 4940 autem
1660 4887 1918 4942 Pharaoni
1945 4905 2080 4940 nun-

544 4976 752 5037 tiantes,
791 4985 1056 5026 ammones
1109 4975 1190 5026 vcl
1243 4975 1513 5031 haereticos
1552 4981 1930 5040 demonstrant,
1983 4991 2075 5029 vo-

548 5057 711 5119 lentes
748 5065 1056 5131 sapientiam
1083 5079 1110 5115 a
1155 5065 1390 5131 doctore,
1439 5069 1514 5119 vel
1545 5072 1767 5121 animam
1819 5077 2074 5129 sanctam,

544 5155 624 5206 vel
654 5155 938 5208 Ecclesium
973 5168 1000 5205 a
1033 5154 1239 5206 Christo
1286 5171 1546 5222 separare,
1596 5171 1646 5212 et
1693 5159 1909 5211 Sathieli
1951 5175 2074 5211 con-

543 5243 776 5310 jungere.
805 5244 930 5308 Quae
953 5243 1195 5296 similiter
1222 5244 1270 5295 in
1295 5245 1557 5297 oblatione
1587 5249 1817 5300 mulieris
1847 5247 1897 5299 in
1920 5249 2078 5300 dOmO

547 5332 833 5384 Pharaonis
865 5335 1233 5386 Ostenduntur.
1269 5333 1321 5385 ln
1361 5334 1541 5387 ovibus
1573 5347 1765 5402 autem,
1799 5337 1880 5390 vel
1912 5337 2079 5390 bobus

546 5425 619 5472 vel
652 5423 699 5472 in
725 5426 933 5475 cmteris
962 5438 1075 5487 qur
1115 5425 1196 5475 hic
1225 5439 1722 5490 commemorantur,
1751 5443 1934 5481 sensus
1969 5444 2080 5478 tua-

545 5510 759 5558 nil'Cstus
787 5519 883 5558 est.
937 5508 1233 5577 Flagellavit
1280 5525 1439 5564 autem
1489 5514 1729 5566 Dominus
1762 5515 2077 5568 Pharaonem

543 5599 847 5662 inﬁrmitate,
889 5600 962 5648 vel
985 5604 1240 5652 sterilitate
1274 5599 1473 5656 uxorem
1501 5606 1658 5657 illius.
1696 5606 1755 5658 Et
1789 5608 1884 5660 hoc
1914 5610 2074 5675 signi-

547 5693 663 5744 licat
716 5689 850 5750 quod
905 5692 1029 5745 Cliti
1061 5702 1140 5746 tus
1188 5693 1410 5760 llagcllat
1465 5697 1735 5752 latereticos
1788 5702 2076 5754 retinentes

2164 1946 2380 1988 centum
2411 1936 2618 2004 triginta
2637 1938 2868 2005 quinque
2888 1938 3012 1991 anni
3044 1937 3206 1994 fuisse
3229 1941 3560 1997 doceantur?
3590 1942 3717 1998 Vera

2164 2034 2266 2076 est.
2291 2023 2449 2091 igitur
2492 2023 2830 2079 llebreorum
2861 2027 3092 2092 traditio,
3116 2044 3270 2096 quam
3297 2046 3459 2098 supra
3489 2033 3717 2086 diximus

2167 2110 2304 2176 quod
2343 2125 2590 2179 egressus
2622 2112 2695 2165 sit
2734 2113 2907 2168 Thare
2933 2129 3050 2169 cum
3079 2117 3200 2172 llliis
3225 2121 3337 2172 suis
3364 2120 3434 2174 de
3460 2119 3535 2175 L'r
3558 2121 3716 2176 Chal-

2167 2202 2428 2262 dcorum,
2449 2212 2500 2254 et
2531 2202 2668 2270 quod
2695 2204 2954 2257 Abraham
2988 2205 3273 2275 Babylonio
3294 2209 3523 2262 vallatus
3545 2214 3716 2264 incen-

2167 2289 2275 2352 dio,
2310 2289 2429 2353 quia
2457 2290 2592 2342 idola
2621 2291 2845 2344 adorare
2871 2293 3061 2358 noluit,
3095 2294 3184 2348 Dei
3205 2295 3275 2349 sit
3302 2299 3502 2352 auxilio
3533 2300 3713 2354 libera-

2171 2383 2273 2428 Ius.
2307 2374 2494 2428 Dicunt
2521 2377 2692 2441 itaque
2714 2379 2786 2431 illi
2816 2380 2931 2433 dies
2956 2383 3073 2433 vitae
3102 2390 3415 2452 tempusque
3442 2389 3618 2440 atatis
3638 2403 3716 2445 re-

2171 2464 2361 2530 putari,
2404 2479 2468 2519 ex
2517 2467 2932 2532 quo‘conlessus
2979 2479 3061 2524 e-t
3110 2469 3411 2535 Dominum.
3468 2492 3718 2545 spernens

2170 2553 2306 2607 idola
2349 2554 2739 2614 Chaldaeorum.
2765 2558 2939 2613 Potest
2978 2571 3153 2615 autem
3185 2562 3296 2618 ﬁeri
3328 2573 3384 2617 ut
3421 2580 3548 2634 qma
3589 2568 3718 2621 Scri-

2171 2656 2319 2709 ptura
2346 2647 2565 2715 reliquit
2591 2647 2873 2714 incertum,
2899 2659 3022 2705 ante
3049 2667 3244 2720 paucos
3271 2669 3443 2709 annos
3463 2656 3639 2711 There
3661 2660 3720 2713 de

2169 2733 2412 2788 Chaldxa
2443 2737 2706 2802 prolectus
2730 2743 2933 2794 venerit
2963 2741 3014 2794 in
3036 2741 3223 2806 Carra,
3251 2760 3358 2813 qua
3390 2758 3565 2802 morte
3584 2751 3720 2803 obie-

2175 2823 2262 2886 rit,
2287 2822 2370 2877 vel
2399 2834 2546 2880 certe
2574 2835 2693 2894 post
2723 2829 3142 2895 persecutionem
3180 2832 3234 2888 in
3255 2831 3471 2890 Curram
3503 2839 3723 2903 venerit,

2170 2921 2225 2966 et
2253 2912 2321 2967 ibi
2347 2912 2546 2969 diutius
2573 2916 2644 2970 sit
2672 2928 2931 2973 moratus.

2753 3006 2976 3062 CAPUT
3008 3007 3145 3064 Xlll.

2245 3091 2480 3148 Reverso
2516 3095 2676 3164 igitur
2722 3097 2985 3150 Abraham
3016 3113 3078 3152 ex
3110 3099 3358 3168 Egypto,
3400 3103 3544 3158 unde
3571 3119 3724 3160 vene.

2173 3191 2274 3248 rat,
2304 3191 2426 3235 tunc
2468 3183 2608 3237 Loth,
2641 3183 2800 3238 frater
2845 3186 2983 3240 illius
3028 3188 3079 3240 iu
3119 3199 3314 3244 terram
3342 3191 3718 3259 Sodomorum,

2173 3272 2312 3324 salva
2367 3271 2625 3325 charitate
2675 3272 2941 3339 discessit,
2988 3277 3158 3331 vitans
3208 3279 3568 3347 discordiam;
3609 3286 3718 3351 quia

2173 3359 2363 3414 divites
2389 3359 2512 3414 tacti
2539 3369 2688 3414 erant
2711 3362 2886 3427 valde,
2913 3374 2966 3416 et
2996 3376 3234 3430 pastores
3263 3384 3449 3424 eorum
3473 3373 3720 3428 rixsbau-

2175 3459 2276 3503 tur.
2306 3451 2452 3517 Quod
2475 3462 2646 3505 autem
2670 3449 2880 3515 dicitur,
2907 3452 2968 3505 Et
2991 3453 3379 3510 introduxerunt
3418 3460 3471 3511 in
3520 3463 3718 3513 domum

2175 3536 2480 3604 Pharaonis,
2526 3548 2696 3606 potest
2725 3544 2961 3595 excusari
2995 3542 3148 3608 Sara,
3185 3561 3288 3613 quo
3332 3547 3482 3614 juxta
3535 3553 3717 3605 librum

2175 3627 2386 3693 Esther,
2405 3643 2726 3698 quaecunque
2746 3631 3020 3685 mulierum
3044 3633 3326 3701 placuisset
3347 3637 3458 3706 regi
3473 3643 3613 3706 apud
3635 3657 3721 3695 ve-

2173 3725 2329 3781 teres,
2354 3733 2448 3772 sex
2478 3721 2744 3774 mensibus
2762 3722 3051 3791 ungebatur
3069 3723 3186 3777 oleo
3215 3739 3419 3796 myrteo
3451 3733 3722 3799 myrrham

2173 3820 2225 3861 et
2252 3823 2342 3861 sex
2371 3808 2635 3864 mensibus
2675 3813 2830 3866 variis
2878 3813 3155 3882 pigmentis
3196 3828 3404 3882 ornata,
3457 3830 3587 3875 tunc
3630 3822 3721 3874 de-

2175 3909 2318 3948 mum
2346 3895 2734 3964 ingrediebatur
2761 3901 2824 3953 ad
2854 3917 3052 3970 regem.
3082 3903 3149 3956 Et
3171 3904 3281 3958 ﬁeri
3313 3916 3487 3973 potest
3517 3920 3576 3962 ut
3603 3913 3722 3963 dum

2177 3999 2268 4052 per
2304 3999 2498 4038 annum
2538 3986 2680 4038 illum
2707 3988 2770 4040 ad
2802 4003 2975 4055 regem
3006 3991 3404 4061 praparabatur
3453 3997 3724 4064 introitus,

2177 4071 2376 4128 Pharao
2399 4074 2468 4127 sit
2489 4088 2766 4141 percussus
2795 4093 2820 4126 s
2853 4075 3098 4143 Domino,
3132 4079 3220 4132 illa
3251 4080 3446 4134 intacta
3479 4098 3721 4151 pennati-

2173 4160 2324 4215 serit.
2352 4161 2451 4214 Alii
2475 4177 2601 4216 vero
2626 4163 2803 4216 dicunt
2827 4179 2917 4232 per
2937 4181 3121 4234 greges
3146 4167 3278 4222 Loth
3307 4173 3480 4225 varias
3510 4174 3725 4229 virtutes

2173 4238 2438 4320 designari
2461 4254 2638 4320 populi
2665 4255 2853 4319 sancti,
2877 4265 2928 4308 et
2948 4257 3156 4324 quando
3175 4259 3394 4326 diceret,
3426 4260 3550 4315 Non
3571 4265 3724 4330 pellit

2173 4342 2292 4394 illos
2309 4358 2484 4410 capere
2508 4353 2661 4406 terra,
2694 4343 2828 4397 Loth
2857 4344 3358 4414 videtur'personam
3389 4359 3446 4403 et
3476 4354 3723 4415 papulum

2177 4431 2540 4486 haereticorum
2568 4433 3032 4502 design’are,quem
3059 4450 3177 4488 cum
3208 4435 3401 4502 populo
3423 4437 3727 4490 Christiano

2175 4516 2405 4571 Ecclesia
2430 4533 2530 4572 non
2583 4522 2739 4588 capit.
2770 4519 3085 4574 Chananeus
3110 4532 3279 4573 autem
3307 4539 3351 4575 et
3376 4522 3683 4579 Pherezaea
3704 4566 3720 4588 ,

2175 4609 2438 4666 datmones
2461 4613 2539 4667 vel
2562 4625 2792 4680 peccata,
2822 4615 2899 4667 vel
2928 4614 3046 4666 vitia
3071 4617 3362 4684 designant.
3390 4618 3455 4671 In
3477 4623 3570 4674 illa
3593 4631 3725 4676 terra

2140 4773 2145 4779 .
2177 4703 2227 4756 in
2277 4705 2362 4758 illo
2408 4706 2596 4772 populo
2628 4705 3014 4759 haereticorum.
3047 4707 3119 4760 Ex
3162 4721 3464 4765 sanctorum
3499 4728 3721 4779 persona

2175 4794 2379 4855 dicitur,
2415 4793 2763 4857 Recedeame,
2793 4797 3013 4861 obsecro,
3039 4800 3306 4867 utriusque
3336 4804 3514 4868 p0puli
3543 4803 3722 4854 docto.

2176 4885 2319 4935 ribus
2349 4886 2480 4935 inter
2509 4897 2566 4935 se
2594 4886 2905 4940 rixantibus.
2934 4885 2997 4939 Et
3028 4887 3126 4940 hoc
3149 4889 3405 4958 signilirat
3438 4892 3582 4956 quod
3615 4905 3729 4959 peto

2176 4972 2440 5026 caloribus
2484 4972 2694 5038 dicitur,
2748 4975 2827 5027 Ite
2872 4978 3126 5030 maledicti
3163 4980 3216 5031 in
3265 4982 3428 5046 ignem
3456 4992 3726 5037 teter-ut.

2176 5061 2426 5129 Quodque
2457 5062 2602 5124 dicit,
2637 5062 2697 5117 Si
2722 5065 2788 5116 ad
2829 5066 3100 5131 sinistram,
3135 5068 3494 5123 inﬁdelitatem
3547 5075 3631 5128 vel
3669 5069 3722 5118 in

2128 5227 2133 5231 Δ
2177 5160 2432 5215 infernum
2481 5162 2756 5229 significat.
2804 5165 3077 5216 Dcsteram
3128 5178 3273 5226 vero,
3321 5169 3724 5233 prosperitatem

2179 5252 2511 5303 mundialem.
2573 5253 2633 5303 Et
2684 5253 2894 5319 quando
2949 5253 3052 5304 duo
3102 5251 3212 5304 huic
3243 5253 3508 5308 Abraham
3542 5257 3724 5324 elegit,

2177 5340 2388 5392 dextera
2416 5342 2561 5407 plaga
2586 5341 2742 5394 ﬁdem
2767 5346 2844 5394 vel
2876 5355 3092 5409 regnum
3119 5351 3421 5397 sanctorum
3438 5347 3728 5414 signiﬁcat,

2177 5433 2383 5485 sinistra
2417 5449 2540 5486 vero
2585 5435 2994 5487 confractioncm
3041 5433 3344 5488 voluntatis.
3389 5436 3448 5490 ln
3474 5438 3585 5493 hoc
3615 5440 3731 5491 loco

2177 5522 2437 5574 Jordnnus
2462 5524 2758 5575 doctrinam
2792 5523 3154 5575 liazreticorutu
3188 5525 3443 5591 ostendit,
3460 5530 3585 5593 quia
3619 5529 3732 5578 tini-

2180 5625 2325 5664 versa
2358 5622 2490 5663 terra
2523 5613 2850 5679 irrigahatur,
2887 5612 2932 5664 id
2980 5627 3058 5666 εει
3093 5615 3421 5679 ﬂuminibus,
3469 5616 3731 5676 letalibus,

2178 5702 2615 5770 quemadmodum
2645 5703 2911 5770 paradisus
2933 5704 3155 5771 Domini,
3182 5701 3309 5772 quia
3332 5708 3409 5763 sic
3429 5719 3528 5762 sua
3555 5705 3734 5762 Eccle-
