3872 6262
198 373 301 431 εδδ

1007 368 1067 423 IN
1107 359 1652 422 PENTATEUCIIUM
1689 355 2182 414 COMMENTARII.
2219 382 2286 394 —
2324 352 2619 409 CENESIS.

3291 352 3394 406 ‘25!

196 496 273 545 sia
302 486 559 545 haereticis
588 488 811 542 videtur.
859 485 1202 550 Venientibus,
1251 483 1302 536 ld
1351 476 1740 556 est,‘terminis.
1775 477 1819 535 Α
1850 451 2080 527 futui-um
2114 472 2165 524 in
2197 472 2390 539 populo
2436 468 2690 536 gentium,
2726 481 2881 536 quam
2914 467 3224 533 Leriticum,
3252 471 3391 538 quod

194 575 254 633 In
285 576 366 631 his
392 590 510 645 quae
535 583 847 641 sequuntur,
875 587 1063 628 sensus
1091 570 1396 627 manllestus
1425 575 1526 622 est.
1574 566 1744 631 Popu-

197 666 278 719 lus
297 664 506 733 quidem
531 662 892 716 hmreticorum
917 665 968 714 ln
983 660 1248 722 Sodomis,
1280 657 1331 710 id
1355 661 1456 720 est,
1479 655 1531 708 in
1561 667 1745 722 perca-

196 753 266 808 tis
297 752 510 817 habitat.
543 751 751 805 Christo
781 763 906 804 vero
942 764 1062 803 cum
1109 745 1339 802 Ecclesia
1381 744 1615 798 dicitur:
1650 739 1745 792 Le-

193 854 306 899 rate
331 845 502 898 oculos
527 827 580 895 in
622 842 822 903 aetum,
854 841 954 893 hoc
991 845 1108 900 est,
1139 850 1169 889 a
1191 834 1393 888 mundo
1419 849 1434 897 ;
1485 840 1563 895 ut,
1595 829 1670 881 Ad
1699 839 1746 881 te

195 933 356 986 levari
403 933 574 984 oculos
621 945 792 993 nteosr
806 927 890 995 qui
916 926 1112 978 habitas
1134 925 1186 976 in
1213 924 1369 976 caelis.
1397 921 1497 975 Per
1522 928 1746 988 quatuor

195 1031 637 1090 partes,qnatuor
685 1018 965 1083 Evangelia
1013 1015 1324 1093 ﬁgurantur.
1356 1011 1545 1077 Cuiqtse
1586 1008 1746 1061 omnis

195 1121 332 1164 terra
351 1113 519 1173 datur,
552 1117 608 1162 ut
635 1106 754 1161 alibi
785 1127 797 1158 :
826 1105 1036 1160 Postulo
1055 1121 1086 1156 a
1109 1119 1206 1168 me,
1237 1111 1283 1155 et
1311 1101 1443 1156 dabo
1466 1099 1553 1150 tibi
1579 1105 1746 1166 gentes

193 1200 536 1254 nereditatem
567 1211 725 1261 tuam,
751 1207 796 1250 ct
825 1197 1180 1264 possessionem
1208 1205 1347 1247 tuam
1393 1191 1624 1244 terminos
1649 1200 1747 1241 ter-

196 1303 290 1356 re,
313 1304 463 1356 usque
486 1289 538 1340 in
563 1288 939 1354 sempiternum.
966 1284 1015 1337 id
1037 1294 1138 1345 est,
1156 1295 1250 1351 pro
1267 1279 1588 1349 longitudine
1608 1286 1741 1330 tem-

196 1392 404 1441 porum.
431 1378 557 1442 Qum
589 1376 672 1427 hic
701 1383 990 1442 sequuntur
1011 1372 1221 1424 Christo
1246 1369 1568 1424 conveniunt
1590 1365 1745 1433 spiri-

190 1465 404 1518 tualiter
423 1477 540 1518 cum
566 1463 797 1517 Ecclesia
823 1476 937 1515 sua.
1471 1451 1474 1454 ’

775 1549 997 1604 CAPUT
1026 1547 1173 1603 μχιγ.

265 1640 330 1697 Et
375 1651 727 1710 percusserunt
779 1639 1022 1708 Ephraim
1057 1639 1110 1691 in
1140 1636 1380 1690 Astarotlt
1410 1631 1669 1696 Camoim,
1699 1640 1746 1685 et

188 1733 367 1788 Susim
392 1733 655 1798 cumillis;
692 1730 897 1784 Etenim
927 1729 1100 1784 Susim
1124 1727 1386 1792 terribiles
1414 1734 1467 1780 et
1495 1722 1744 1778 horrendi

1841 564 1908 617 de
1953 564 2067 632 ipso
2103 570 2225 618 erat
2261 562 2310 614 in
2353 557 2515 614 Israel
2566 557 2904 612 nasciturum.
2964 559 3162 614 Nomen
3217 570 3391 613 autem

1842 649 2244 706 Melchisedech.
2265 664 2355 704 rex
2378 649 2523 719 pacis
2544 647 2624 701 vel
2651 663 2736 703 rex
2756 647 2973 716 iustitiae
2992 649 3392 715 interpretatur,

1843 745 1929 810 qui
1957 757 2090 798 uene
2116 742 2344 799 refertur
2370 741 2433 795 ad
2486 740 2776 794 Christum.
2809 739 3015 793 Orietur
3040 740 3172 793 enim
3204 741 3394 809 inquit,

1843 835 1895 888 in
1923 833 2093 887 diebus
2130 834 2242 903 ejus
2273 832 2478 904 justitia
2505 841 2552 884 et
2578 831 2885 883 abundantia
2927 831 3086 900 pacis.
3120 829 3396 884 Melchise-

1845 925 1998 990 dech,
2029 926 2094 978 de
2134 939 2239 994 quo
2290 913 2495 978 Hebraei
2537 921 2799 976 mstimant
2848 921 2989 990 quod
3023 921 3131 988 ipse
3159 906 3228 975 isit
3271 921 3393 976 Sem

1848 1015 1982 1070 ﬁlius
2026 1015 2170 1080 Noe;
2200 1022 2255 1068 et
2300 1023 2648 1082 supputantes
2695 1025 2868 1064 annos
2909 1011 3081 1075 illius,
3124 1025 3288 1079 usque
3331 1013 3394 1065 ad

1845 1108 1988 1164 Isaac
2017 1107 2161 1161 illum
2193 1105 2390 1159 vixisse
2429 1103 2737 1158 ostendunt.
2780 1102 2966 1157 Omnis
3015 1101 3395 1171 primogenitus

1845 1199 2012 1251 donec
2033 1197 2329 1252 sacerdotio
2354 1195 2802 1264 fungitur-Aaron,
2822 1192 2873 1247 fu
2899 1201 2920 1247 t
2946 1192 3198 1262 pontifex.
3225 1191 3394 1248 Porro

1845 1288 2044 1352 Salem,
2074 1287 2124 1340 id
2155 1296 2240 1340 est
2261 1286 2575 1348 Jerusalem,
2599 1301 2714 1354 qua:
2737 1286 2882 1352 prius
2901 1284 3074 1338 Salem
3096 1295 3392 1351 nuncupata
3425 1273 3428 1276 ’

1846 1387 1946 1430 est.
1979 1377 2082 1431 Per
2108 1376 2282 1430 Salcm
2315 1374 2544 1428 Ecclesia
2568 1374 2892 1442 designatur,
2920 1375 3000 1426 cui
3030 1372 3272 1426 Christus
3303 1387 3397 1427 rex

1845 1474 1944 1530 ε-ι,
1977 1466 2249 1533 proferens
2279 1470 2468 1532 corpus
2497 1472 2549 1518 et
2580 1464 2887 1532 sanguinem
2919 1477 3069 1516 suum
3096 1500 3111 1524 ,
3148 1462 3398 1516 sacerdos

1847 1555 1938 1608 Dei
1975 1556 2140 1608 Patris
2167 1553 2542 1621 omnipotentis
2566 1593 2581 1616 ,
2613 1567 2640 1605 a
2671 1566 2776 1621 quo
2805 1551 3086 1605 sacerdote
3132 1538 3415 1605 Abraham

1848 1642 2154 1697 benedictus
2183 1651 2285 1707 est,
2314 1640 2366 1694 id
2386 1649 2484 1705 est,
2510 1640 2734 1710 populus
2752 1639 3104 1694 Christianus.
3137 1639 3286 1714 Quod
3319 1640 3400 1693 tli-

1846 1732 1937 1794 cit,
1969 1730 2158 1786 Hostes
2201 1732 2255 1784 in
2282 1731 2513 1784 manibus
2554 1733 2666 1801 ejus
2689 1769 2703 1792 ,
2745 1729 3014 1783 dmmones
3041 1737 3092 1781 et
3120 1715 3397 1782 haereticos

189 1823 589 1892 interpretatur.
616 1817 896 1887 llaphaim,
924 1817 1025 1872 hoc
1049 1825 1151 1883 est,
1171 1816 1428 1886 gigantes,
1455 1815 1507 1868 in
1532 1813 1742 1867 civitate

1849 1819 2076 1874 ostendit
2123 1819 2175 1874 in
2221 1827 2481 1888 potestate
2511 1799 2813 1874 Christiani.
2862 1818 2962 1872 Per
3001 1818 3234 1872 decimas
3278 1833 3400 1872 vero

186 1929 315 1980 sua,
341 1929 458 1983 quae
484 1913 640 1968 hodie
665 1915 742 1968 sic
771 1921 1009 1966 vocatur.
1050 1910 1328 1977 Signiﬁcat
1354 1919 1530 1960 autem
1555 1944 1570 1970 ,
1600 1905 1742 1975 quod

190 2017 422 2074 quatuor
475 2019 625 2074 reges
658 2005 756 2073 qui
809 2003 1072 2058 venerunt
1113 2001 1181 2056 de
1232 2000 1538 2069 Babylonia,
1581 1999 1744 2052 inter-

188 2097 429 2149 lecerunt
491 2095 768 2163 gigantes,
817 2099 872 2145 et
919 2091 1162 2145 robustos
1220 2101 1430 2155 quoque
1495 2085 1740 2149 Arabiae,

187 2184 470 2245 Astamth,
517 2181 760 2237 Camaim
784 2221 799 2246 ,
827 2190 1018 2236 terram
1063 2174 1658 2249 gigantum'quamdam
1690 2175 1740 2227 iu

185 2271 478 2341 supercilio
507 2270 878 2326 Sodomorum.

259 2359 328 2414 Et
358 2368 703 2427 percusserant
728 2375 922 2432 omnem
950 2359 1200 2429 regionem
1253 2357 1640 2412 Amalecitarum
1659 2399 1673 2422 ,
1695 2365 1744 2408 et

184 2453 518 2507 Anton/team
545 2453 796 2507 sedentem
830 2451 885 2504 in
915 2451 1321 2504 Asalonthamar.
1356 2449 1473 2503 lloc'
1492 2447 1742 2517 Oppidum

182 2541 430 2608 estquod
454 2556 592 2594 nunc
612 2549 828 2594 vocatur
849 2539 1103 2609 Engaddi,
1126 2538 1346 2592 balsami
1373 2545 1428 2592 et
1450 2537 1737 2606 palmarum

186 2631 385 2686 fertile.
418 2631 823 2684 Asalonthamar
859 2639 1034 2682 autem
1059 2629 1438 2697 interpretatur
1465 2627 1590 2680 urbs
1620 2625 1742 2678 Pal-

187 2704 399 2774 marum
438 2736 452 2773 :
498 2720 726 2772 Thamar
774 2717 969 2785 quippe
1019 2717 1191 2786 palma
1236 2716 1452 2770 dicitur.
1508 2719 1742 2791 Quatuor

185 2824 345 2879 reges
371 2809 600 2879 quinque
624 2816 1006 2876 superaverunt
1033 2824 1046 2858 :
1073 2818 1292 2875 possunt
1313 2810 1506 2876 quippe
1526 2819 1709 2867 contra
1727 2836 1740 2847 -

188 2901 304 2955 rias
331 2900 548 2953 virtutes
596 2897 912 2966 signiﬁcare,
946 2896 1187 2950 Ineresim
1216 2895 1439 2964 scilicet,
1482 2896 1742 2965 gentilita-

187 3000 324 3054 tem,
355 2990 695 3058 hypocrisim,
727 2987 1020 3048 avaritiam,
1055 3002 1170 3054 qum
1203 2996 1284 3040 est
1330 2986 1586 3041 idolorum
1617 3001 1742 3042 ser-

1844 1925 1966 1980 qute
1998 1904 2262 1965 Abraham
2291 1911 2471 1975 donat,
2501 1911 2666 1965 bonas
2694 1912 3028 1979 Operationes
3050 1925 3180 1978 quas
3201 1924 3402 1978 supra-

1844 2000 2016 2055 dictus
2068 2003 2290 2068 populus
2333 2016 2426 2068 per
2460 2002 2641 2054 decem
2691 2016 2878 2055 sensus
2931 2012 2983 2053 et
3026 2000 3208 2054 decem
3241 1999 3398 2054 verba

1844 2086 1972 2156 legis
1998 2077 2215 2142 Christo
2243 2087 2414 2150 oll‘ert,
2449 2086 2702 2140 ostendit.
2747 2085 2858 2140 Rex
2909 2086 3257 2142 Sodomorum
3288 2085 3401 2137 (lin-

1844 2175 2021 2230 bolum
2042 2173 2305 2244 signiﬁcat
2322 2175 2643 2230 invidentem
2665 2175 2875 2230 Christo
2896 2177 3074 2230 multis
3095 2177 3390 2231 animabus.

1911 2267 2167 2338 Quodque
2192 2269 2342 2334 dicit,
2372 2260 2500 2322 Leto
2529 2284 2713 2321 manus
2758 2285 2926 2336 meas,
2974 2283 3136 2337 genus
3177 2269 3392 2338 jurannt

1843 2366 1946 2412 est.
1981 2357 2046 2412 Et
2069 2357 2209 2427 quod
2239 2357 2472 2424 sequitur
2498 2375 2510 2410 :
2533 2358 2577 2410 A
2597 2359 2692 2411 sila
2720 2357 2808 2411 sub
2836 2358 3065 2426 tegminis
3093 2372 3254 2427 usque
3281 2374 3394 2426 quae

1846 2455 1933 2498 tua
1969 2453 2110 2508 sunt,
2145 2444 2412 2500 Christum
2460 2446 2656 2499 indicat
2700 2460 2804 2499 nou
2845 2444 3088 2514 accipere
3115 2444 3396 2513 quidquam

1844 2549 1908 2589 ax
1940 2543 2085 2603 parte
2110 2534 2302 2598 diaboli
2325 2537 2374 2588 in
2403 2549 2553 2590 suam
2583 2534 2903 2591 Ecclesium.
2937 2536 3060 2602 Quae
3081 2536 3398 2590 comederunt

1834 2627 2068 2694 juvenes,
2111 2625 2164 2679 id
2192 2635 2273 2681 est
2301 2627 2544 2694 apostoli,
2573 2635 2627 2682 et
2669 2627 2932 2692 doctores,
2962 2636 3016 2682 et
3059 2642 3397 2683 successores

1843 2728 2049 2767 eorum.
2097 2712 2162 2766 Et
2201 2716 2426 2784 partibus
2453 2717 2704 2780 virorum,
2736 2729 2902 2784 usque
2930 2715 3173 2771 Mambre.
3210 2718 3266 2772 In
3299 2717 3394 2770 hac

1843 2802 2073 2858 dictione
2103 2814 2208 2858 tres
2250 2804 2427 2873 populi
2468 2806 2631 2874 leges,
2657 2806 2736 2858 vel
2783 2807 3009 2859 universi
3041 2808 3128 2875 qui
3166 2808 3427 2861 credunt.

1842 2895 1894 2948 in
1926 2892 2187 2948 Trinitate
2215 2894 2584 2949 ostenduntur.

2428 2983 2649 3040 CAPUT
2693 2982 2807 3039 XV.
2856 3019 2862 3023 -

185 3081 509 3150 vitus:quat
542 3093 692 3148 reges
735 3085 1123 3146 nuncupantur,
1154 3075 1372 3153 quia/in
1423 3076 1588 3131 multo
1636 3078 1738 3130 vim
1767 3110 1816 3174 ϐ
1916 3075 2040 3131 Noli
2085 3078 2277 3144 timere,
2313 3077 2585 3134 Abraham.
2637 3078 2746 3132 Hoc
2787 3078 2990 3153 doctori
3017 3121 3030 3146 ,
3064 3090 3118 3134 et
3155 3081 3316 3147 justo,
3347 3090 3398 3134 ct

187 3172 343 3241 regni
365 3170 628 3226 exercent.
662 3168 902 3238 Quinque
930 3175 1105 3221 autem
1133 3181 1285 3235 reges
1310 3167 1396 3236 qui
1423 3177 1741 3234 superantur

187 3261 262 3313 ab
289 3259 388 3322 bis,
409 3261 636 3328 quinque
656 3271 842 3311 sensus
863 3257 1102 3324 corporis
1123 3265 1339 3325 possunt
1359 3255 1598 3322 intelligi,
1621 3254 1742 3325 quia

183 3358 249 3402 et
275 3349 374 3416 ipsi
423 3363 594 3421 reges,
625 3347 744 3416 quia
785 3361 847 3401 ex
883 3347 964 3399 his
995 3347 1152 3400 homo
1181 3356 1361 3401 noster
1388 3348 1622 3402 exterior
1648 3363 1741 3402 re-

182 3437 354 3504 gitur.
1699 3452 1701 3454 ·

266 3528 427 3597 Terga
453 3537 720 3583 uerterunt.
775 3529 952 3584 Donec
995 3529 1256 3583 Abraham
1303 3538 1450 3599 pater
1479 3529 1738 3593 excelsus,

186 3616 348 3669 victis
375 3608 598 3686 quatuor
626 3617 835 3684 regibus
859 3619 1192 3686 supradictis,
1227 3620 1390 3685 spolia
1423 3627 1653 3672 revocet.
1677 3618 1742 3671 Et

188 3706 331 3760 Loth
375 3707 717 3775 propinquum
747 3707 1097 3771 declinantur,
1126 3708 1304 3775 utique
1330 3721 1360 3759 a
1389 3707 1527 3761 malo
1549 3721 1614 3761 ex
1643 3721 1739 3762 eo-

188 3803 315 3847 rum
345 3802 600 3864 potestate
627 3793 834 3863 eripiat.
863 3794 1012 3860 Quod
1039 3805 1213 3849 autem
1234 3795 1484 3851 recedere
1511 3796 1742 3866 quinque

187 3899 352 3954 reges
373 3900 398 3937 a
420 3897 640 3954 quatuor
656 3887 921 3952 dicuntur,
939 3885 1197 3955 signiﬁcat
1211 3889 1348 3957 quod
1374 3887 1494 3942 illos
1517 3887 1741 3944 maxime

190 3977 529 4045 persequitur
556 3977 818 4032 contraria
851 3986 1108 4044 potestate
1126 4018 1141 4044 ,
1169 3991 1300 4045 quos
1327 3987 1449 4032 ante
1477 3977 1532 4032 in
1570 3980 1739 4033 servi-

190 4077 363 4120 tutem
413 4065 643 4120 retinuit.
691 4056 840 4133 Quod
888 4074 1060 4120 autem
1105 4068 1154 4118 in
1199 4067 1446 4121 trecentis
1477 4067 1658 4122 decem
1689 4077 1742 4121 et

192 4169 324 4211 octo
368 4170 514 4226 pater
562 4156 652 4210 ille
694 4156 933 4210 excelsus
957 4195 973 4219 ,
1003 4157 1083 4210 cui
1113 4155 1165 4232 in
1194 4156 1432 4209 oratione
1475 4155 1740 4210 Dominica

191 4247 422 4300 dicimus
453 4243 610 4298 Pater
637 4253 824 4308 noster,
870 4243 1128 4311 signiﬁcat
1155 4243 1293 4310 quod
1319 4257 1413 4311 per
1435 4242 1630 4298 electos
1652 4242 1739 4310 qui

192 4336 256 4389 in
307 4334 672 4402 persecutione
721 4332 970 4384 virtutum
1015 4331 1284 4383 constituti
1332 4339 1494 4394 sunt,
1542 4329 1738 4383 fundati

1847 3165 2066 3237 principi
2097 3167 2306 3222 dicitur.
2351 3165 2475 3222 Ideo
2515 3178 2692 3222 autem
2723 3169 2861 3236 quod
2893 3169 3048 3234 dicit,
3081 3168 3218 3234 Quid
3261 3170 3397 3222 dabit

1846 3259 1973 3312 mihi
2010 3257 2092 3312 lea:
2120 3257 2324 3329 Moysi?
2353 3259 2603 3323 ostendit,
2632 3260 2752 3328 quia
2799 3260 2866 3313 de
2897 3261 3046 3314 bonis
3096 3271 3248 3314 terrae
3279 3269 3386 3313 tan-

1848 3357 1957 3400 tum
1987 3345 2103 3401 fuit.
2139 3347 2327 3400 Petilio
2361 3362 2490 3401 vero
2519 3345 2611 3399 ﬁlii
2643 3356 2744 3411 est,
2771 3347 2856 3399 ubi
2885 3347 3108 3399 dicitur:
3135 3347 3245 3414 Ego
3267 3351 3394 3400 vado

1844 3437 2028 3503 absque
2049 3437 2234 3490 liberis.
2268 3436 2390 3488 Post
2411 3435 2509 3488 hoc
2533 3435 2716 3488 fuitilli
2741 3435 2928 3503 duplex
2955 3436 3118 3504 ﬁgura
3146 3440 3390 3505 promissi

1846 3524 2085 3585 seminis,
2111 3524 2231 3576 dum
2262 3533 2402 3578 esset
2428 3523 2495 3577 de
2524 3531 2785 3599 potestate
2814 3524 3092 3579 sollicitus.

1894 3613 2150 3681 [Ostendit
2169 3614 2300 3666 enim
2324 3613 2399 3666 illi
2425 3612 2560 3667 Deus
2585 3614 2759 3668 stellas
2781 3615 2914 3680 caeli,
2942 3614 3112 3669 dicens
3141 3630 3166 3674 :.
3185 3613 3272 3670 Sic
3299 3619 3392 3668 erit

1845 3719 2011 3758 semen
2034 3713 2200 3756 tuum.
2223 3703 2276 3756 ld
2301 3710 2403 3770 est,
2423 3702 2723 3758 Christiana
2753 3719 2901 3773 gens,
2927 3704 3011 3759 cui
3043 3706 3092 3758 in
3118 3704 3219 3759 ﬁde
3245 3717 3394 3774 pater

1845 3803 1948 3861 est,
1981 3810 2098 3865 qua:
2123 3795 2530 3850 resurrectionis
2556 3794 2755 3850 lumine
2782 3803 3044 3850 coruscat.
3177 3804 3181 3807 ‘

1915 3887 2212 3941 Monstravit
2241 3895 2286 3941 et
2322 3903 2556 3952 arenam,
2587 3888 2754 3940 dicens
2776 3902 2795 3940 :
2818 3887 2909 3940 Sic
2952 3888 3044 3940 erit
3086 3889 3136 3940 in
3167 3888 3390 3941 multitu-

1843 3979 1959 4032 dine
1986 3995 2152 4033 semen
2178 3989 2337 4033 luunt.
2370 3978 2481 4033 Hoc
2507 3987 2608 4044 est,
2636 3977 2737 4031 erit
2780 3977 2989 4045 quidem
3015 3977 3226 4044 copiosa
3265 3993 3392 4044 gens

1843 4070 2161 4132 Judteorum,
2193 4069 2284 4123 sed
2331 4070 2525 4123 sterilis
2571 4079 2624 4122 et
2662 4067 2937 4124 infecunda
2961 4110 2976 4134 ,
3010 4069 3155 4123 velut
3203 4084 3382 4123 arena.

1796 4171 1800 4175 ’
1842 4157 2200 4225 Quodpetivit
2226 4159 2453 4226 signum,
2487 4172 2587 4212 non
2627 4159 2772 4226 quasi
2817 4158 3060 4234 dubitans
3088 4173 3154 4212 an
3204 4162 3374 4229 ﬁeret,
3418 4218 3420 4220 τ

1843 4248 1935 4302 sed
1964 4247 2228 4315 quomodo
2271 4246 2498 4302 futurum
2528 4258 2669 4302 esset
2699 4246 2999 4320 exquirens.
3031 4249 3178 4316 Quod
3207 4259 3382 4304 autem

1846 4336 2105 4391 Abraham
2158 4352 2259 4391 non
2309 4351 2460 4393 suum
2505 4348 2708 4408 tempus
2757 4336 3005 4408 exquirit,
3035 4341 3126 4395 sed
3179 4341 3385 4394 lamilim

194 4424 308 4476 title
336 4422 636 4483 Trinitatis.
668 4429 720 4473 et
763 4420 1013 4472 habentes
1060 4418 1439 4486 plenitudinem
1472 4418 1735 4488 Decalosi.
1768 4432 1822 4493 ι)
1846 4439 1954 4480 suae
1985 4434 2102 4493 post
2129 4440 2209 4491 se,
2231 4423 2498 4481 Christum
2526 4429 2758 4483 ostendit
2785 4427 3068 4503 sollicitum
3091 4429 3159 4482 de
3179 4439 3385 4496 aposto-

189 4521 382 4566 octava
429 4513 536 4575 die,
567 4525 683 4576 quae
737 4509 1006 4563 sabbatum
1058 4508 1314 4576 sequitur,
1365 4522 1486 4562 cum
1533 4507 1744 4563 Christo

192 4611 554 4669 resurgentes.

274 4689 548 4743 lleoertenti
587 4688 739 4758 igitur
786 4686 1040 4740 Abraham
1080 4687 1294 4739 occurrit
1334 4685 1762 4752 Melchisedech,

190 4785 478 4851 proferens;
487 4795 664 4846 panem
703 4787 750 4832 et
773 4780 936 4831 uinum
957 4792 976 4831 :
997 4777 1230 4832 sacerdos
1261 4777 1352 4831 Dei
1392 4778 1571 4832 summi
1600 4779 1745 4832 bene-

191 4872 331 4924 dixit
355 4871 626 4924 Abraham.
653 4868 798 4922 llunc
819 4866 1198 4922 Melchisedech
1211 4864 1415 4923 Paulus
1435 4868 1550 4924 sine
1575 4878 1744 4938 patre.

192 4957 321 5009 sine
348 4967 514 5011 matre
534 4968 970 5020 commemorans,
993 4956 1281 5025 ﬁguraliter
1306 4958 1467 5011 refert
1495 4959 1558 5010 ad
1584 4958 1746 5010 Chri-

194 5057 368 5111 stunt,
394 5049 481 5115 qui
527 5048 642 5108 sine
689 5062 834 5117 patre
863 5049 913 5102 in
959 5056 1118 5114 terra,
1150 5051 1262 5102 sine
1311 5058 1476 5101 matre
1515 5050 1564 5100 in
1612 5049 1747 5103 ctelo

196 5146 343 5202 erat,
372 5143 429 5191 et
453 5138 701 5211 sacerdos
740 5136 793 5193 in
823 5149 1104 5203 aeternum,
1134 5138 1220 5208 qui
1249 5146 1304 5192 et
1335 5138 1744 5199 Melchisedech.

200 5231 260 5283 id
287 5237 387 5291 est,
410 5242 502 5282 rex
529 5227 720 5297 justus,
753 5239 807 5284 ut
837 5231 987 5296 alibi,
1016 5228 1193 5284 Justus
1228 5227 1476 5283 Dominus
1505 5228 1557 5283 in
1586 5231 1748 5282 omni.

198 5323 298 5375 bes
323 5319 415 5373 siis
436 5318 563 5371 suis.
594 5318 782 5387 Utique
806 5336 899 5386 per
920 5323 1253 5392 mysterium,
1275 5329 1331 5375 ut
1361 5335 1462 5380 non
1493 5322 1746 5388 pecudum

198 5410 468 5473 victimas,
492 5407 582 5461 sed
612 5407 929 5463 oblationem
961 5411 1109 5479 panis
1135 5420 1191 5465 et
1217 5409 1347 5475 vini,
1377 5408 1427 5463 id
1455 5419 1538 5465 est
1563 5425 1751 5482 corpo-

198 5502 282 5558 ris
307 5508 362 5553 et
387 5497 654 5568 sanguinis
682 5497 735 5550 in
760 5499 1018 5553 sacriﬁcio
1041 5499 1347 5554 oleramus.

277 5589 430 5644 Dedit
455 5605 568 5643 rero
596 5586 850 5641 Abraham
880 5588 1095 5643 decimas
1121 5588 1490 5645 leleliisedeclt
1520 5603 1633 5659 post
1657 5593 1751 5647 be-

199 5679 557 5734 ssedt‘etionem.
606 5676 952 5746 Spiritualiter
978 5680 1150 5734 sciens
1177 5679 1528 5736 sacerdotium
1557 5681 1749 5738 melius

521 5774 784 5833 Psrnoc.
823 5765 952 5828 XCI

1847 4514 1912 4568 lis
1940 4514 2069 4568 suis.
2123 4514 2268 4570 Sicut
2295 4517 2453 4569 etiam
2495 4514 2700 4585 Moyses
2729 4515 2796 4571 de
2825 4515 3017 4584 popqu
3057 4529 3153 4568 suo
3177 4556 3189 4578 ,
3221 4517 3297 4572 sic
3339 4527 3392 4570 ct

1756 4641 1758 4643 ›
1847 4605 1969 4658 boni
1997 4605 2259 4672 principes
2287 4604 2352 4669 de
2379 4605 2488 4658 suis
2515 4605 2750 4659 ecclesiis
2796 4606 3104 4673 praevident.
3137 4589 3390 4676 Quodque

1846 4694 2054 4760 dicitur,
2085 4693 2233 4747 Illico
2262 4709 2424 4747 sermo
2470 4693 2675 4747 Domini
2712 4697 2780 4748 ad
2823 4695 2967 4748 illum
3011 4697 3195 4762 factus,
3222 4712 3389 4766 genus

1849 4784 2218 4838 misericordia:
2243 4784 2555 4838 ostenditur.
2582 4785 2676 4839 Cui
2699 4785 2950 4841 Dominus
2969 4803 2984 4842 :
3003 4788 3178 4854 Sume,
3198 4789 3387 4858 inquit,

1848 4879 1971 4931 mihi
2002 4893 2200 4930 naccam
2231 4877 2492 4941 triennem,
2519 4886 2564 4931 et
2589 4894 2795 4947 capram
2815 4867 3078 4944 hiennem,
3104 4891 3150 4934 et
3184 4870 3385 4933 arietem

1850 4972 1997 5024 trium
2025 4984 2292 5030 annorum,
2312 4977 2555 5022 turturem
2579 4979 2623 5022 et
2652 4969 2950 5032 columbam,
2977 4981 3028 5022 et
3050 4972 3262 5038 reliqua.
3294 4970 3390 5022 Per

1848 5073 2057 5112 vaccam
2098 5057 2354 5109 triennem
2393 5058 2681 5123 signiﬁcata
2727 5067 2826 5111 est'
2853 5058 3001 5126 plebs
3026 5098 3040 5118 ,
3074 5060 3240 5124 posita
3288 5058 3388 5109 sub

1844 5148 1970 5216 jugo
1997 5146 2148 5214 legis.
2179 5145 2277 5197 Per
2308 5159 2519 5212 capram
2550 5148 2830 5209 trienncm,
2862 5145 3040 5200 eadem
3072 5146 3236 5211 plebs,
3267 5151 3383 5211 pc‘e-

1850 5237 2036 5290 catrix.
2077 5232 2190 5286 ‘Per
2237 5233 2453 5290 arietem
2504 5234 2657 5287 trium
2708 5249 2995 5295 annorum,
3026 5233 3214 5286 eadem
3238 5231 3384 5298 plebs

1850 5338 2123 5394 regnatura
2155 5337 2308 5390 :quae
2357 5323 2598 5377 animalia
2644 5319 2765 5377 ideo
2817 5324 2948 5376 trina
2977 5321 3241 5384 dicuntur,
3264 5323 3382 5391 quin

1850 5431 1944 5484 per
1971 5411 2218 5468 articulos
2242 5423 2534 5480 temporum
2569 5410 2735 5481 u'sque
2758 5413 2820 5467 ad
2851 5413 2976 5475 Noe,
3000 5422 3051 5466 et
3079 5413 3195 5472 inde
3222 5427 3382 5481 usque

1847 5506 1914 5558 ad
1947 5500 2232 5567 Abraham,
2257 5510 2311 5555 et
2337 5501 2457 5555 inde
2485 5515 2651 5572 usque
2675 5503 2737 5556 ad
2774 5501 2952 5555 David.
2981 5502 3248 5570 Tanquam
3280 5509 3376 5557 ter‘

1842 5594 1980 5648 ‘tiam
2004 5599 2206 5647 atatem
2237 5586 2426 5658 gerens
2456 5590 2544 5646 ille
2571 5593 2792 5661 p0pnlus
2819 5592 3064 5650 adolevit.
3097 5593 3194 5648 Per
3221 5600 3384 5647 tortu.

1851 5701 1961 5741 rem
1990 5692 2045 5740 et
2071 5682 2388 5752 columbam,
2415 5682 2719 5754 spirituales
2743 5685 2794 5740 in
2835 5685 2926 5740 illo
2970 5685 3162 5755 populo
3185 5683 3383 5752 signiﬁ-
