3872 6262
484 417 587 471 235

486 531 585 580 t-ati
636 534 793 596 sunt,
830 539 1046 593 quorum
1099 533 1227 576 aetas
1279 523 1582 586 temporalis
1633 522 1750 573 ideo
1800 527 2022 580 tacetur.
2060 522 2104 575 Α

487 616 606 681 quia
638 622 833 666 aeterna
863 611 1174 665 meditantes
1200 609 1511 677 transgressi
1557 616 1678 658 sunt
1723 605 2026 673 temporalia

488 702 762 756 desideria.
793 700 895 754 Sed
919 699 1040 767 quid
1061 707 1143 752 est
1167 700 1305 766 quod
1334 698 1578 750 animalia
1605 695 1700 747 tria
1726 694 2031 747 dividuntur

484 793 756 843 adversum
787 803 844 842 se
874 789 1094 841 invicem
1127 787 1364 855 partibus
1392 785 1664 837 conatituti
1692 823 1699 834 .
1745 782 1845 835 nisi
1892 781 2026 850 quod

480 881 718 935 carn‘nles
746 889 798 934 et
828 879 877 932 in
910 878 1072 931 veteri
1117 877 1309 943 populo
1354 885 1407 929 et
1455 890 1591 928 nunc
1624 876 1773 927 inter
1797 889 1858 928 se
1897 873 2032 926 divi-

480 972 710 1023 dun’tur't
763 970 925 1023 Porro
957 981 1079 1020 aves
1119 968 1313 1019 idcirco
1343 965 1479 1019 inter
1506 978 1564 1018 se
1594 979 1697 1016 non
1729 962 2027 1016 dividuntur

480 1061 595 1127 quia
622 1058 918 1126 spirituales
940 1055 1190 1109 individui
1221 1064 1362 1118 sunt,
1389 1054 1617 1107 schisma
1641 1067 1745 1106 non
1773 1053 2029 1119 cogitant:

481 1151 596 1202 sive
619 1164 646 1201 a
664 1148 841 1201 'tnrbis
863 1162 920 1200 se
945 1155 1237 1210 removent,
1263 1145 1376 1198 sive
1406 1143 1541 1197 intra
1566 1143 1683 1196 illas
1710 1156 2030 1196 conversan-

484 1247 588 1301 tur,
612 1245 825 1289 utuntur
853 1243 910 1290 ut
930 1235 1432 1301 columba,ntraque
1461 1239 1637 1285 tamen
1661 1231 1778 1283 avis
1806 1229 2024 1299 simplex

483 1338 533 1381 et
564 1329 835 1383 innocens.

557 1438 805 1493 Volucres
829 1437 1204 1492 descendentes
1224 1450 1384 1505 super
1413 1437 1669 1490 cadavera
1701 1434 1891 1498 divisa,
1919 1436 2028 1503 spi-

483 1530 609 1582 ritus
637 1530 887 1583 immundi
921 1538 1060 1593 sunt,
1093 1537 1292 1596 pastum
1324 1527 1604 1596 quemdam
1638 1527 1702 1580 de
1725 1527 2016 1579 carnalium

482 1617 737 1671 divisione
771 1628 1086 1684 qua-rentes.
1133 1617 1370 1687 Abigebat
1398 1617 1513 1670 illos
1549 1616 2026 1681 Abraham:signi-

473 1708 603 1761 ﬁcat
633 1709 787 1762 lsrael
811 1723 923 1775 spe,
955 1718 1168 1775 proiiter
1195 1708 1376 1761 merita
1406 1707 1667 1776 justurunt
1698 1707 2023 1760 liberandos.

482 1798 626 1850 Circa
649 1799 770 1850 solis
799 1813 1027 1849 occasum
1049 1798 1359 1866 pavorirruit
1381 1799 1431 1850 in
1455 1797 1706 1849 Abruham
1729 1811 1747 1848 :
1771 1796 2027 1861 signiﬁcat

987 412 1179 466 BEDA'L
1220 409 1664 464 VLNERABIIJS
1709 407 1983 463 OPERUM
2024 403 2195 484 PARS
2236 408 2295 462 Il.
2338 437 2405 448 —
2445 407 2827 466 EXEGETICA
2867 408 3178 466 GENUZN.\.

3601 414 3713 466 236

2702 519 2922 575 CAPUT
2949 522 3078 576 XVI.

2205 607 2302 661 Per
2347 610 2494 663 Sarai
2527 625 2743 665 uxorem
2773 613 3061 677 Abraham,
3101 617 3336 667 Lcciesia
3381 627 3677 682 synagogas.

2135 696 2195 749 Et
2210 707 2331 750 tunc
2353 700 2637 764 Abraham,
2661 701 2711 754 id
2734 710 2836 765 est,
2854 701 3114 764 Christus,
3137 716 3240 755 non
3262 702 3452 770 genuit
3476 703 3696 758 liberos.

2130 791 2249 855 quia
2282 799 2404 842 tunc
2436 791 2581 856 pauci
2608 791 2787 845 lideles
2819 791 3053 846 luerunt.
3084 793 3286 846 Ancilla
3317 803 3505 846 autem
3542 792 3697 862 Egy-

2134 881 2236 940 ptia
2268 877 2552 929 Ecclesiam
2587 879 2905 932 mundialem
2932 895 2994 932 es
3029 879 3272 945 gentibus
3299 875 3569 934 ostendit.

2202 966 2472 1036 Ingredere
2500 969 2567 1020 ad
2604 971 2841 1020 ancillam
2869 985 3049 1031 meam,
3072 973 3115 1023 si
3139 971 3272 1038 forte
3299 974 3484 1024 saltem
3517 988 3584 1023 ex
3611 971 3701 1022 illa

2129 1060 2404 1123 suscipiam
2443 1059 2596 1125 ﬁlios.
2643 1060 2802 1114 lloca
2833 1060 2989 1114 Patre
3036 1061 3166 1115 Filio
3213 1060 3431 1114 Christo
3479 1061 3698 1120 dicitur,

2128 1148 2215 1215 qui
2263 1148 2397 1200 ﬁlios
2427 1152 2582 1200 etiam
2629 1164 2693 1202 ex
2742 1151 2982 1218 gentibus
3025 1151 3194 1203 voluit
3236 1151 3516 1206 Christum
3565 1153 3698 1203 acci-

2131 1251 2272 1304 pere.
2304 1235 2527 1306 Cumque
2548 1238 2635 1290 ille
2655 1241 2984 1306 acquiesceret
3026 1239 3341 1304 deprecanti,
3378 1249 3434 1292 et
3461 1239 3694 1306 reliqua.

2131 1329 2223 1381 llic
2246 1330 2471 1382 maxime
2495 1331 2742 1399 impletur
2766 1331 3131 1396 interpretatio
3155 1330 3408 1390 nominis,
3433 1331 3580 1397 quod
3619 1340 3698 1382 est

2130 1418 2279 1481 Sara,
2295 1419 2430 1481 quod
2448 1425 2530 1472 est
2550 1417 2788 1485 princes
2812 1433 2947 1470 mea.
2976 1417 3098 1471 Post
3117 1419 3286 1472 decem
3303 1435 3487 1479 annos,
3517 1420 3570 1471 id
3597 1429 3697 1477 est,

2132 1519 2248 1574 post
2279 1511 2433 1562 verba
2469 1508 2619 1576 legis,
2652 1510 2788 1576 quod
2816 1510 3003 1561 ancilla
3034 1519 3311 1578 postquam
3342 1521 3698 1576 conceperat,

2131 1596 2434 1664 despexerit
2461 1597 2724 1649 dominam
2747 1611 2919 1659 suam,
2944 1597 3205 1665 signiﬁcat
3226 1598 3540 1669 despectant
3565 1599 3698 1663 Syn-

2129 1699 2347 1754 agngun
2388 1684 2455 1738 ab
2504 1686 2740 1739 Ecclesia
2784 1686 3038 1755 gentium.
3068 1697 3342 1754 postquam
3366 1686 3697 1741 crediderat.

2135 1777 2337 1830 Etenim
2372 1778 2646 1832 collocatio
2683 1780 2971 1849 Synagogre
3012 1779 3316 1833 .ludmorum
3344 1790 3402 1833 et
3436 1780 3695 1834 Ecclesia

455 1888 616 1942 ,θίγω
648 1881 823 1941 sum“,
855 1889 1008 1940 ﬁnem
1038 1857 1275 1955 {mgnum
1312 1886 1756 1953 pemmwionem
1791 1887 1842 1937 ίη
1878 1886 2027 1938 Anu-
2060 1857 2102 1914 Β
2130 1867 2356 1934 gentium
2386 1883 2486 1920 non
2505 1878 2636 1932 erat,
2662 1870 2831 1921 donec
2851 1871 3037 1921 ancilla
3065 1870 3290 1937 peperit,
3316 1869 3494 1934 idest,
3517 1868 3693 1924 donec

479 1975 676 2029 cltrislo
721 1975 915 2028 sanctis
966 1975 1211 2028 futuram.
1259 1971 1384 2026 Cum
1421 1974 1499 2026 sol
1527 1974 1859 2035 occubuisset,
1893 1975 2026 2043 facta

477 2077 546 2119 est
575 2066 756 2134 caligo,
779 2075 831 2117 et'
842 2066 1076 2134 apparuit
1097 2064 1325 2117 clibanus
1346 2074 1391 2116 ct
1419 2067 1614 2125 lampas
1630 2065 1882 2117 transiens
1900 2066 2026 2117 inter

477 2157 635 2208 divisa
681 2155 951 2224 illa:quia
992 2166 1108 2221 post
1154 2154 1298 2207 illum
1349 2154 1525 2206 mundi
1580 2154 1733 2208 linem
1781 2166 2026 2223 segregat

478 2245 722 2312 iudicium
756 2245 842 2298 Dei
874 2243 1126 2310 reprobus
1166 2244 1231 2297 ab
1259 2243 1463 2296 electis.
1502 2243 1732 2312 Amigunt
1762 2243 1879 2296 illos
1899 2227 2025 2312 qud-

478 2335 753 2403 dringentis
776 2335 918 2386 annis
939 2350 956 2386 :
981 2349 1081 2387 non
1107 2333 1244 2402 quod
1270 2333 1368 2386 sub
1390 2331 1649 2402 Egyptiis
1671 2336 2025 2403 quadringen-

481 2425 545 2476 tis
575 2427 723 2478 annis
752 2425 1066 2488 servierunt,
1098 2423 1189 2478 sed
1234 2423 1371 2492 quod
1415 2424 1480 2477 ab
1524 2437 1589 2476 eo
1638 2435 1876 2491 tempore
1919 2441 2023 2492 quo

481 2511 592 2567 huic
637 2513 859 2567 Abrahae
909 2514 1303 2580 promittuntur,
1336 2511 1438 2566 iste
1484 2525 1735 2565 numerus
1778 2514 2023 2581 impletus

479 2611 577 2656 est.
618 2603 908 2657 Possumus
935 2610 1108 2656 autem
1140 2616 1234 2670 per
1262 2615 1470 2655 vaccam
1498 2605 1778 2666 trlennem,
1809 2613 1861 2656 et
1888 2605 2026 2658 arie-

482 2699 604 2752 tem.
624 2700 687 2745 et
710 2705 944 2761 capram,
972 2700 1025 2744 et
1057 2700 1310 2745 turturem
1335 2731 1351 2757 ,
1385 2700 1437 2744 et
1460 2690 1775 2756 columbam,
1812 2692 2022 2747 univer-

480 2798 566 2835 sas
607 2781 898 2851 intelligere
944 2782 1143 2835 animas
1171 2796 1286 2851 quas
1313 2781 1596 2835 creditura:
1626 2791 1802 2835 erunt.
1844 2783 2020 2837 Trium

478 2886 729 2926 annorum
759 2887 874 2926 esse
901 2873 1168 2936 dicuntur,
1195 2873 1313 2940 quia
1338 2869 1397 2923 in
1426 2869 1700 2924 Trinitatis
1728 2881 1882 2925 erunt
1909 2887 2021 2941 my-

478 2963 689 3016 sterium
736 2961 1031 3016 crediturae.
1063 2962 1129 3015 Et
1157 2961 1276 3030 quia
1316 2961 1367 3014 in
1396 2970 1580 3014 sancta
1628 2961 1861 3015 Ecclesia
1907 2977 2017 3013 non

477 3053 643 3108 solum
691 3051 964 3117 carnales,
996 3051 1086 3104 scd
1134 3054 1293 3104 etiam
1331 3049 1594 3119 spiritales
1643 3050 2017 3114 inveniuntur,

477 3143 593 3195 ideo
634 3157 724 3210 per
750 3141 994 3194 animalia
1025 3150 1078 3194 et
1106 3153 1230 3192 aves
1260 3137 1494 3192 Ecclesia
1524 3138 1871 3206 signiﬁcatur.
1903 3140 2017 3191 Cm-

477 3241 583 3284 tera
613 3243 776 3298 usque
803 3230 855 3282 in
878 3230 1032 3282 ﬁnem
1056 3229 1316 3296 parabole
1337 3225 1388 3280 in
1412 3227 1770 3295 supradictum
1795 3242 2010 3280 sensum

476 3321 810 3374 conveniunt.
859 3318 1121 3372 Moraliter
1149 3332 1353 3386 quoque
1385 3331 1592 3370 vaccam
1635 3319 2014 3386 proposuimus

476 3413 767 3480 intelligere
799 3426 890 3478 pro
923 3410 1130 3474 virtute,
1150 3423 1362 3478 capram
1390 3422 1484 3476 pro
1504 3409 1798 3462 substantia
1827 3423 2017 3477 corpo-

477 3501 566 3566 ris,
599 3515 748 3553 ovem
795 3515 886 3566 pro
917 3498 1173 3566 spirituali
1219 3497 1380 3552 dono.
1428 3497 1558 3551 Cum
1607 3505 1808 3552 turture
1841 3509 1894 3552 et
1924 3514 2017 3554 co-

477 3591 672 3654 lumba,
702 3589 752 3642 id
782 3600 882 3649 est,
915 3589 1153 3641 castitate
1197 3596 1249 3641 et
1290 3587 1608 3641 innocentia.
1636 3587 1794 3642 Trina
1843 3588 2018 3643 omnia

475 3677 737 3741 dicuntur,
762 3676 910 3744 quasi
939 3676 1273 3730 confessione
1305 3685 1452 3728 terna
1484 3677 1679 3730 munita
1707 3721 1722 3745 ,
1753 3680 1874 3747 quia
1906 3682 2018 3732 ani-

480 3768 633 3820 malia
662 3767 712 3821 in
736 3767 864 3820 duas
897 3779 1068 3834 partes
1116 3767 1319 3820 dividit.
1360 3767 1425 3819 Et
1453 3781 1549 3820 nos
1590 3782 1867 3821 cernamus
1897 3769 2019 3837 quid

479 3855 759 3922 praepositi,
804 3854 926 3923 quid
979 3853 1199 3921 subjecti
1255 3869 1411 3922 agere
1469 3854 1714 3917 debeant,
1759 3864 1817 3907 ut
1845 3857 2019 3908 omnia

479 3955 651 3995 nostra
679 3957 794 3995 cum
825 3941 1008 3996 ordine
1057 3942 1199 3993 ﬁant.
1251 3943 1392 3994 Aves
1437 3950 1608 3994 autem
1660 3957 1762 3994 non
1811 3942 2016 3996 dividit.

478 4032 587 4085 Non
635 4034 771 4085 enim
818 4032 1070 4086 debemus
1107 4031 1195 4086 illo
1222 4032 1377 4085 modo
1423 4031 1679 4097 dividere,
1708 4041 1764 4089 ut
1791 4033 1928 4088 aliud
1963 4035 2016 4088 in

479 4122 705 4190 publico,
733 4122 872 4176 aliud
918 4137 1092 4175 coram
1148 4122 1252 4175 Deo
1279 4163 1294 4187 ,
1327 4123 1508 4176 eadem
1552 4123 1753 4177 ratione
1783 4133 1838 4177 et
1867 4124 2018 4177 inno-

475 4213 639 4268 centia
683 4227 777 4265 nos
811 4211 1122 4264 dividamus.
1167 4210 1541 4264 Descenderunt
1579 4227 1727 4277 super
1770 4213 2018 4264 cadauera

477 4304 716 4368 uolucres,
747 4313 794 4355 et
819 4303 1041 4370 abigebat
1073 4318 1154 4354 eos
1187 4301 1462 4354 Abraham.
1511 4301 1760 4356 Volucres
1808 4299 2019 4370 refugos

480 4396 622 4460 dicit,
653 4396 736 4462 qui
778 4405 986 4460 semper
1014 4391 1197 4444 volunt
1235 4392 1595 4444 contaminare
1625 4391 1862 4444 victimas
1893 4390 2019 4445 Tri-

2131 1957 2285 2010 ﬁdem
2317 1959 2533 2012 haberet
2564 1959 2793 2013 Ecclesia
2819 1958 3073 2026 gentium.
3104 1960 3254 2026 Quod
3297 1969 3476 2014 autem
3531 1961 3688 2020 dicit.

2127 2046 2324 2098 Ancilla
2353 2056 2436 2098 tua
2458 2044 2510 2100 in
2531 2063 2681 2100 manu
2711 2058 2816 2109 tua,
2847 2047 3132 2101 Εοίιιοεὶηιιι
3179 2049 3414 2116 gentium
3460 2049 3687 2103 eseribit

2126 2138 2224 2188 sub
2255 2147 2507 2203 potestate
2538 2138 2764 2191 ﬁdelium
2816 2137 3118 2192 Judteorum
3146 2178 3160 2202 ,
3195 2139 3244 2191 id
3277 2147 3381 2199 est,
3412 2141 3693 2206 apostolo-

2129 2242 2263 2280 rum.
2313 2226 2461 2293 Quod
2490 2239 2660 2281 autem
2690 2228 2810 2280 dicit
2840 2270 2854 2290 ,
2890 2229 3042 2282 Utere
3071 2244 3129 2280 ea
3160 2238 3212 2280 ut
3241 2229 3358 2280 libet
3379 2267 3393 2290 ,
3426 2229 3530 2281 hoc
3559 2245 3692 2294 prze~

2130 2315 2332 2377 ﬁgurat,
2361 2315 2485 2370 Cum
2504 2325 2666 2368 antem
2687 2317 2867 2369 venerit
2888 2317 3144 2382 plenitudo
3165 2319 3412 2386 gentium,
3429 2319 3503 2370 sic
3527 2322 3692 2369 omnis

2129 2401 2294 2454 Israel
2319 2406 2486 2456 sa'vus
2512 2405 2622 2474 erit.
2655 2405 2801 2468 Quod
2830 2415 3010 2458 autem
3039 2411 3178 2474 Agar
3205 2404 3380 2474 fugam
3411 2407 3553 2472 iniiv,
3582 2412 3687 2474 pii-

2131 2494 2306 2545 mitiva
2357 2491 2592 2546 Ecclesia
2645 2491 2950 2560 intelligitur
2976 2507 3004 2546 a
3031 2493 3308 2564 Synagoga
3348 2495 3558 2549 alﬁicta
3593 2497 3683 2552 Dei

2127 2595 2404 2635 coasensu.
2437 2582 2656 2652 Angelus
2677 2592 2842 2635 autem
2865 2583 3006 2634 illam
3025 2583 3279 2636 inveniens
3297 2587 3448 2655 juxta
3469 2586 3686 2654 fontem.

2127 2671 2367 2723 Christus
2397 2672 2595 2724 invenit
2633 2670 2784 2738 juxta
2828 2671 3168 2738 baptismum.
3204 2671 3256 2725 ln
3288 2672 3603 2735 solitudine,
3637 2677 3687 2727 id

2126 2768 2228 2824 est,
2248 2760 2297 2812 in
2318 2761 2531 2813 mundo.
2551 2760 2696 2826 Quod
2718 2760 2864 2821 dicit,
2882 2759 3143 2815 llevertere
3162 2762 3229 2816 ad
3243 2763 3499 2816 dominam
3518 2773 3683 2826 tuam,

2129 2868 2306 2919 pacein
2335 2867 2362 2905 a
2386 2853 2593 2906 Christo
2618 2853 3036 2906 commendatam
3069 2855 3425 2923 intelligimus,
3459 2867 3517 2906 ut
3551 2866 3632 2907 est
3661 2874 3675 2906 :

2126 2944 2222 3007 Qui
2267 2943 2388 2996 facit
2432 2957 2650 3012 utraque
2681 2960 2862 2998 unum.
2915 2941 2978 2995 Et
3017 2944 3286 2998 humiliore
3322 2947 3409 2998 sub
3448 2948 3683 2999 manibus

2127 3032 2320 3098 ipsius;
2375 3034 2445 3085 ita
2493 3030 2735 3086 Christus
2779 3033 2934 3086 docet
2979 3033 3326 3086 humilitatem
3379 3034 3675 3088 Ecclesiatn

2127 3120 2379 3186 gentium.
2417 3120 2663 3173 Ecclesia:
2692 3121 2971 3187 primitivis
3000 3135 3108 3188 pra:
3134 3121 3485 3183 multitudine.
3519 3123 3573 3174 id
3600 3134 3681 3176 est

2046 3193 2094 3254 C
2125 3208 2469 3261 credentium.
2498 3209 2630 3261 Ecce
2669 3217 2724 3261 tu
2753 3212 3037 3278 concepisti,
3071 3218 3115 3263 et
3146 3211 3328 3278 paries.
3362 3212 3410 3264 id
3441 3223 3549 3276 est,
3585 3213 3680 3268 Ec-

2127 3296 2282 3350 clesia
2330 3296 2574 3363 concepit
2620 3295 2668 3348 in
2720 3296 2996 3363 baptismo,
3038 3306 3091 3350 et
3138 3299 3338 3366 peperit
3385 3301 3432 3352 in
3479 3300 3588 3355 ﬁde
3628 3316 3680 3357 et

2125 3400 2300 3454 opcre.
2349 3384 2535 3438 lsmael
2577 3392 2750 3436 autem
2798 3383 2997 3437 auditio
3028 3385 3111 3440 dei
3140 3395 3246 3442 est.
3275 3388 3502 3457 Populus
3558 3407 3675 3446 creo
3729 3400 3743 3411 '

2124 3477 2380 3533 dentium.
2415 3476 2502 3542 qtti
2536 3473 2677 3527 ferus
2706 3474 2863 3527 homo
2890 3475 3081 3528 dicitur
3101 3517 3116 3541 ,
3146 3477 3200 3530 id
3229 3491 3327 3543 es',
3356 3491 3540 3535 contra
3569 3484 3676 3536 dre-

2125 3581 2305 3620 mones
2326 3577 2377 3620 et
2401 3566 2696 3619 hmreticos.
2725 3562 2791 3616 Et
2813 3580 2837 3617 e
2861 3564 3066 3632 regione
3086 3565 3434 3619 uniuersorum
3459 3569 3676 3635 fratrm

2122 3673 2325 3710 suorum
2353 3655 2469 3725 ﬁget
2494 3653 2849 3720 tabernacula,
2882 3654 2932 3714 id
2957 3664 3035 3707 est
3067 3654 3375 3720 Ecclesiam,
3395 3655 3549 3724 juxta
3578 3674 3671 3727 po-

2125 3749 2270 3816 pulos
2296 3747 2610 3800 mundiales.
2653 3745 2854 3799 Vocavit
2877 3760 3055 3798 nomen
3080 3747 3218 3799 illius
3241 3746 3294 3798 id
3315 3749 3364 3799 in
3387 3749 3672 3811 adoranda,

2122 3847 2177 3890 tu
2205 3838 2335 3890 Deus
2364 3838 2446 3904 qui
2475 3837 2640 3889 uidisti
2661 3851 2737 3888 me
2756 3876 2771 3900 ,
2804 3835 2853 3888 id
2885 3844 2987 3898 est,
3022 3835 3072 3888 in
3101 3837 3494 3904 persecutione.
3524 3837 3672 3902 Quod

2123 3933 2292 3977 autem
2337 3939 2392 3976 se
2436 3923 2563 3975 dicit
2610 3922 2801 3976 vidisse
2832 3926 3124 3990 posteriora
3157 3925 3409 3991 videntis,
3441 3927 3672 3980 ostendit

2122 4015 2240 4083 quia
2269 4011 2355 4065 hic
2386 4011 2619 4065 Ecclesia
2651 4025 2742 4077 per
2772 4013 3040 4078 speculum
3065 4013 3228 4066 videt.
3256 4011 3476 4065 Puteum
3508 4026 3670 4068 autem

2120 4101 2350 4165 videntis,
2382 4101 2430 4152 id
2457 4109 2557 4162 est,
2590 4099 2761 4168 populi
2789 4100 3020 4167 gentium
3048 4119 3059 4152 :
3084 4101 3315 4164 videntis,
3342 4101 3392 4154 id
3422 4112 3524 4166 est,
3557 4103 3667 4165 Dei,

2124 4194 2200 4245 vel
2231 4189 2419 4258 angeli.
2465 4186 2608 4241 Inter
2648 4186 2806 4242 Cades
2835 4200 2880 4242 et
2910 4187 3076 4242 Barad
3100 4231 3116 4255 ,
3149 4191 3199 4243 id
3247 4203 3348 4255 est,
3382 4194 3519 4248 inter
3546 4194 3668 4249 duas

2123 4281 2282 4350 leges,
2311 4279 2646 4344 baptismum.

2684 4387 2906 4443 CAPUT
2953 4388 3108 4443 XVII.

479 4484 674 4538 nitatia
703 4493 752 4536 te
777 4482 975 4536 oblatas
999 4521 1014 4546 ,
1044 4481 1162 4547 quia
1213 4487 1422 4546 prapter
1463 4480 1775 4548 principales
1826 4496 2018 4536 sensus
2053 4504 2097 4564 ι)
2198 4481 2378 4536 Foedus
2407 4497 2569 4533 meum
2598 4481 2726 4534 inter
2746 4496 2822 4534 me
2846 4491 2890 4534 et
2921 4489 2990 4534 te.
3019 4480 3212 4551 Legem
3243 4483 3383 4537 inter
3405 4484 3666 4540 Christum

479 4589 584 4626 non
617 4574 869 4640 permittit
907 4581 961 4622 ut
989 4568 1339 4622 confundatur
1371 4569 1488 4621 talis
1515 4570 1726 4624 divisio.
1775 4570 1906 4623 Dum
1937 4587 2017 4624 oc-

475 4665 720 4717 cubuisset
749 4660 846 4726 sol,
876 4664 1010 4729 facta
1049 4669 1120 4712 est
1147 4661 1330 4726 caligo.
1385 4658 1735 4715 Decumbente
1763 4662 1903 4714 enim
1936 4675 2019 4712 ra-

477 4753 617 4806 tione
664 4752 875 4814 mentis,
907 4759 1069 4800 totum
1118 4754 1299 4814 pectus
1331 4756 1562 4800 nostrum
1597 4749 1825 4803 tenebris
1856 4764 2016 4803 occu-

479 4850 650 4909 patur,
682 4851 738 4892 ut
764 4853 866 4891 non
904 4836 1173 4890 videamus
1202 4851 1317 4904 qua:
1359 4836 1512 4890 nobis
1541 4837 1750 4892 desunt.
1779 4839 2019 4893 Clibanus

478 4931 753 4999 ['umigans,
784 4935 827 4978 et
873 4925 1065 4993 lampas
1107 4925 1239 4995 ignis
1280 4928 1520 4982 transiens
1573 4929 1709 4982 inter
1753 4930 2020 4984 divisiones

482 5024 616 5077 illas.
643 5017 773 5071 Cum
801 5015 938 5070 enim
967 5015 1282 5068 intellexerit
1304 5030 1361 5070 se
1391 5017 1549 5071 homo
1575 5028 1916 5086 peccatorum
1947 5029 2021 5073 te-

478 5112 655 5167 nebris
702 5107 1032 5169 involutum,
1059 5113 1185 5159 tunc
1235 5116 1415 5172 pectus
1452 5107 1592 5160 illius
1635 5107 1785 5176 quasi
1836 5107 2019 5160 {ornas

480 5212 708 5258 aestuans
747 5197 916 5250 fumos
941 5194 1247 5262 ignorantia:
1276 5204 1527 5262 evaporat
1548 5235 1564 5260 ,
1595 5205 1647 5249 et
1678 5205 1858 5264 postea
1890 5197 2021 5249 lam-

479 5293 665 5361 padem
695 5285 860 5342 divini
890 5283 1101 5339 luminis
1127 5295 1357 5336 meretur
1387 5286 1601 5339 habere.

553 5382 754 5448 Pepigit
785 5379 1028 5432 Dominus
1068 5392 1182 5429 cum
1222 5375 1474 5428 Abraham
1503 5378 1684 5444 Iturius.
1718 5377 1771 5432 In
1806 5377 1905 5432 hoc
1934 5378 2019 5432 lex

482 5470 891 5526 circumcisionis
937 5468 1199 5536 designari
1244 5467 1459 5520 dicitur.
1521 5469 1775 5536 Quodque
1803 5484 1832 5521 a
1863 5468 2020 5523 ﬂuvio

485 5561 696 5626 mgypd
726 5573 888 5625 usque
913 5559 989 5610 uad
1033 5557 1245 5612 ﬂuvium
1284 5574 1552 5628 magnunt,
1579 5574 1610 5611 a
1654 5559 1770 5627 lege
1815 5558 2020 5614 Veteris

484 5647 797 5702 Testamenti
818 5684 834 5708 ,
865 5659 1025 5712 usque
1051 5648 1115 5700 ad
1147 5647 1346 5701 Novum
1377 5648 1716 5716 spiritualiter
1764 5649 2015 5719 intelligi-

488 5749 585 5791 tur.
616 5735 712 5790 l‘er
738 5733 1061 5790 Cliananteos
1100 5746 1153 5790 et
1196 5737 1460 5790 Jebusmos
1493 5737 1613 5790 vitia
1647 5738 2012 5807 designantur.

2129 4572 2512 4638 Ecciesiamque
2541 4569 2903 4633 demonstrat,
2934 4581 3054 4635 qua:
3084 4569 3470 4636 multiplicatur
3498 4573 3668 4626 atulli-

2127 4663 2303 4716 tudine
2335 4660 2506 4729 populi
2542 4659 2804 4721 lidelium;
2855 4671 2948 4723 per
2977 4667 3186 4722 pactum
3217 4675 3348 4714 vero
3393 4661 3665 4716 circumci-

2123 4751 2306 4815 sionis,
2352 4750 2523 4817 populi
2571 4745 2830 4800 carnales.
2880 4745 3034 4816 Reges
3062 4763 3127 4800 es:
3155 4759 3203 4802 te
3231 4752 3552 4820 egrediantur
3576 4792 3592 4815 ,
3619 4753 3664 4805 id

2123 4846 2223 4903 est,
2251 4841 2468 4907 apostoli
2498 4854 2526 4891 a
2547 4836 2774 4892 Christo.
2801 4838 2949 4903 Quod
2979 4852 3154 4893 autem
3178 4841 3306 4894 dicit
3337 4843 3523 4908 [cdere
3546 4857 3667 4894 sa-

2125 4930 2336 4994 pimno,
2367 4928 2418 4982 in
2446 4943 2582 4986 novo
2609 4929 2691 4983 vel
2731 4929 2780 4980 in
2813 4927 2985 4982 futuro
3014 4928 3286 4996 impletur.
3317 4927 3386 4980 In
3409 4931 3667 4995 possessio-

2124 5034 2234 5070 nem
2270 5025 2528 5078 teternam,
2559 5016 2608 5070 id
2639 5024 2739 5079 est,
2786 5016 2836 5069 in
2880 5018 3035 5072 cuslo.
3069 5015 3186 5069 Hoc
3213 5025 3285 5068 est
3312 5026 3512 5082 pactum
3538 5023 3667 5086 quod

2125 5106 2424 5170 obscrvabis,
2448 5104 2501 5159 id
2529 5113 2639 5169 est,
2674 5105 2753 5159 les
2782 5103 3203 5174 circumcisionis
3249 5096 3447 5171 popqu
3473 5106 3666 5160 carnali

2121 5206 2174 5250 et
2200 5194 2476 5262 spirituali,
2500 5193 2550 5247 id
2571 5204 2674 5260 est,
2698 5193 2899 5247 Novum
2923 5191 3318 5246 Testamentum
3348 5196 3544 5262 popqu
3567 5197 3666 5263 ενδ.

2125 5286 2316 5341 rituali.
2357 5285 2481 5339 Post
2503 5285 2603 5339 hoc
2624 5286 2829 5350 accepit
2854 5284 3061 5350 signum
3088 5282 3532 5341 circumcisionis.

2192 5376 2580 5432 Circumcidetur
2627 5391 2692 5429 es:
2734 5374 2867 5427 vobis
2905 5386 3050 5426 omne
3093 5376 3457 5443 masculinum,
3501 5375 3668 5443 istim

2122 5479 2230 5521 octo
2278 5467 2471 5519 dierum
2507 5464 2914 5525 circumcidetur,
2937 5471 2990 5516 et
3035 5464 3258 5532 reliqua.
3310 5466 3450 5531 Quid
3493 5476 3662 5520 aute-

2122 5557 2379 5628 signiﬁcat
2420 5555 2770 5617 circumcisio,
2799 5553 2899 5607 nisi
2947 5565 3252 5611 reparatam
3287 5568 3532 5612 naturam
3576 5572 3670 5627 per

2123 5648 2432 5714 baptismum
2459 5687 2474 5712 ,
2503 5655 2623 5715 post
2661 5643 3098 5712 esspoliatlonem
3148 5648 3348 5702 veteris
3398 5645 3669 5703 hominis?

2125 5738 2185 5791 Et
2216 5737 2334 5806 quid
2378 5743 2592 5790 octavus
2619 5733 2752 5798 dies,
2785 5731 2884 5786 nisi
2912 5731 3118 5788 Novum
3160 5734 3587 5800 Testamentum,
3616 5738 3667 5790 in
