  <div class='ocr_page' id='page_1' title='image "/cluster/home/n/w/nwhite01/storage/ocr_20150623/90-91/uva.x000827075/756.png"; bbox 0 0 3872 6262; ppageno 0'>
   <div class='ocr_carea' id='block_1_1' title="bbox 103 424 200 476">
    <p class='ocr_par' dir='ltr' id='par_1_1' title="bbox 103 424 200 476">
     <span class='ocr_line' id='line_1_1' title="bbox 103 424 200 476; baseline 0.021 -2"><span class='ocrx_word' id='word_1_1' title='bbox 103 424 200 476; x_wconf 68' lang='lat'><strong>237</strong></span> 
     </span>
    </p>
   </div>
   <div class='ocr_carea' id='block_1_2' title="bbox 104 518 1722 601">
    <p class='ocr_par' dir='ltr' id='par_1_2' title="bbox 104 518 1722 601">
     <span class='ocr_line' id='line_1_2' title="bbox 104 518 1722 601; baseline -0.011 -13"><span class='ocrx_word' id='word_1_2' title='bbox 104 550 206 601; x_wconf 84' lang='lat' dir='ltr'><strong>quo</strong></span> <span class='ocrx_word' id='word_1_3' title='bbox 253 547 341 600; x_wconf 85' lang='lat' dir='ltr'><strong>per</strong></span> <span class='ocrx_word' id='word_1_4' title='bbox 389 531 828 586; x_wconf 88' lang='lat' dir='ltr'><strong>resurrectionem</strong></span> <span class='ocrx_word' id='word_1_5' title='bbox 873 528 1168 584; x_wconf 85' lang='lat' dir='ltr'><strong>Salvatoris</strong></span> <span class='ocrx_word' id='word_1_6' title='bbox 1214 534 1398 578; x_wconf 87' lang='lat' dir='ltr'><strong>octava</strong></span> <span class='ocrx_word' id='word_1_7' title='bbox 1447 518 1563 583; x_wconf 85' lang='lat' dir='ltr'><strong>die,</strong></span> <span class='ocrx_word' id='word_1_8' title='bbox 1596 526 1650 571; x_wconf 89' lang='lat' dir='ltr'><strong>et</strong></span> <span class='ocrx_word' id='word_1_9' title='bbox 1682 521 1722 571; x_wconf 78' lang='grc' dir='ltr'><strong>Α</strong></span> 
     </span>
    </p>
   </div>
   <div class='ocr_carea' id='block_1_3' title="bbox 107 611 1657 690">
    <p class='ocr_par' dir='ltr' id='par_1_3' title="bbox 107 611 1657 690">
     <span class='ocr_line' id='line_1_3' title="bbox 107 611 1657 690; baseline -0.008 -14"><span class='ocrx_word' id='word_1_10' title='bbox 107 633 223 690; x_wconf 81' lang='lat' dir='ltr'><strong>post</strong></span> <span class='ocrx_word' id='word_1_11' title='bbox 244 623 521 676; x_wconf 74' lang='lat' dir='ltr'><strong>sabbatum</strong></span> <span class='ocrx_word' id='word_1_12' title='bbox 554 620 746 674; x_wconf 81' lang='lat' dir='ltr'><strong>factum</strong></span> <span class='ocrx_word' id='word_1_13' title='bbox 778 634 1113 679; x_wconf 84' lang='lat' dir='ltr'><strong>renovamur,</strong></span> <span class='ocrx_word' id='word_1_14' title='bbox 1138 625 1193 671; x_wconf 89' lang='lat' dir='ltr'><strong>et</strong></span> <span class='ocrx_word' id='word_1_15' title='bbox 1212 612 1513 670; x_wconf 88' lang='lat' dir='ltr'><strong>circumcisi</strong></span> <span class='ocrx_word' id='word_1_16' title='bbox 1539 611 1657 664; x_wconf 88' lang='lat' dir='ltr'><strong>uni-</strong></span> 
     </span>
    </p>
   </div>
   <div class='ocr_carea' id='block_1_4' title="bbox 107 702 1658 773">
    <p class='ocr_par' dir='ltr' id='par_1_4' title="bbox 107 702 1658 773">
     <span class='ocr_line' id='line_1_4' title="bbox 107 702 1658 773; baseline -0.005 -11"><span class='ocrx_word' id='word_1_17' title='bbox 107 715 272 767; x_wconf 78' lang='lat' dir='ltr'><strong>versis</strong></span> <span class='ocrx_word' id='word_1_18' title='bbox 321 713 458 766; x_wconf 89' lang='lat' dir='ltr'><strong>vitiis</strong></span> <span class='ocrx_word' id='word_1_19' title='bbox 507 713 626 765; x_wconf 90' lang='lat' dir='ltr'><strong>novi</strong></span> <span class='ocrx_word' id='word_1_20' title='bbox 664 711 913 773; x_wconf 85' lang='lat' dir='ltr'><strong>homines</strong></span> <span class='ocrx_word' id='word_1_21' title='bbox 950 707 1261 768; x_wconf 77' lang='lat' dir='ltr'><strong>efﬁciamur,</strong></span> <span class='ocrx_word' id='word_1_22' title='bbox 1313 702 1658 766; x_wconf 84' lang='lat' dir='ltr'><strong>Cbristusqtte</strong></span> 
     </span>
    </p>
   </div>
   <div class='ocr_carea' id='block_1_5' title="bbox 107 788 1660 869">
    <p class='ocr_par' dir='ltr' id='par_1_5' title="bbox 107 788 1660 869">
     <span class='ocr_line' id='line_1_5' title="bbox 107 788 1660 869; baseline -0.008 -15"><span class='ocrx_word' id='word_1_23' title='bbox 107 801 435 856; x_wconf 85' lang='lat' dir='ltr'><strong>hebdomada</strong></span> <span class='ocrx_word' id='word_1_24' title='bbox 476 801 736 869; x_wconf 83' lang='lat' dir='ltr'><strong>completa</strong></span> <span class='ocrx_word' id='word_1_25' title='bbox 789 808 905 866; x_wconf 80' lang='lat' dir='ltr'><strong>post</strong></span> <span class='ocrx_word' id='word_1_26' title='bbox 948 797 1220 850; x_wconf 83' lang='lat' dir='ltr'><strong>sabbatum</strong></span> <span class='ocrx_word' id='word_1_27' title='bbox 1267 788 1660 847; x_wconf 70' lang='lat' dir='ltr'><strong>resurrexerit?</strong></span> 
     </span>
    </p>
   </div>
   <div class='ocr_carea' id='block_1_6' title="bbox 104 879 1661 958">
    <p class='ocr_par' dir='ltr' id='par_1_6' title="bbox 104 879 1661 958">
     <span class='ocr_line' id='line_1_6' title="bbox 104 879 1661 958; baseline -0.009 -14"><span class='ocrx_word' id='word_1_28' title='bbox 104 891 255 958; x_wconf 84' lang='lat' dir='ltr'><strong>Quod</strong></span> <span class='ocrx_word' id='word_1_29' title='bbox 281 905 403 945; x_wconf 90' lang='lat' dir='ltr'><strong>vero</strong></span> <span class='ocrx_word' id='word_1_30' title='bbox 433 905 534 942; x_wconf 88' lang='lat' dir='ltr'><strong>non</strong></span> <span class='ocrx_word' id='word_1_31' title='bbox 555 890 726 942; x_wconf 89' lang='lat' dir='ltr'><strong>solum</strong></span> <span class='ocrx_word' id='word_1_32' title='bbox 758 887 913 947; x_wconf 80' lang='lat' dir='ltr'><strong>ﬁlios,</strong></span> <span class='ocrx_word' id='word_1_33' title='bbox 938 886 1028 940; x_wconf 89' lang='lat' dir='ltr'><strong>sed</strong></span> <span class='ocrx_word' id='word_1_34' title='bbox 1057 898 1242 939; x_wconf 81' lang='lat' dir='ltr'><strong>servos</strong></span> <span class='ocrx_word' id='word_1_35' title='bbox 1271 891 1322 936; x_wconf 91' lang='lat' dir='ltr'><strong>et</strong></span> <span class='ocrx_word' id='word_1_36' title='bbox 1350 879 1661 935; x_wconf 87' lang='lat' dir='ltr'><strong>vernaculos</strong></span> 
     </span>
    </p>
   </div>
   <div class='ocr_carea' id='block_1_7' title="bbox 104 972 1661 1048">
    <p class='ocr_par' dir='ltr' id='par_1_7' title="bbox 104 972 1661 1048">
     <span class='ocr_line' id='line_1_7' title="bbox 104 972 1661 1048; baseline -0.007 -15"><span class='ocrx_word' id='word_1_37' title='bbox 104 982 376 1048; x_wconf 87' lang='lat' dir='ltr'><strong>emptitios</strong></span> <span class='ocrx_word' id='word_1_38' title='bbox 423 979 726 1033; x_wconf 74' lang='lat' dir='ltr'><strong>circumcidi</strong></span> <span class='ocrx_word' id='word_1_39' title='bbox 776 978 1051 1046; x_wconf 64' lang='lat' dir='ltr'><strong>praecepit,</strong></span> <span class='ocrx_word' id='word_1_40' title='bbox 1092 974 1154 1028; x_wconf 88' lang='lat' dir='ltr'><strong>ad</strong></span> <span class='ocrx_word' id='word_1_41' title='bbox 1197 987 1406 1027; x_wconf 89' lang='lat' dir='ltr'><strong>omnem</strong></span> <span class='ocrx_word' id='word_1_42' title='bbox 1438 972 1661 1040; x_wconf 90' lang='lat' dir='ltr'><strong>gratiam</strong></span> 
     </span>
    </p>
   </div>
   <div class='ocr_carea' id='block_1_8' title="bbox 107 1057 1663 1136">
    <p class='ocr_par' dir='ltr' id='par_1_8' title="bbox 107 1057 1663 1136">
     <span class='ocr_line' id='line_1_8' title="bbox 107 1057 1663 1136; baseline -0.005 -15"><span class='ocrx_word' id='word_1_43' title='bbox 107 1057 487 1135; x_wconf 67' lang='lat' dir='ltr'><strong>rEdemptionis</strong></span> <span class='ocrx_word' id='word_1_44' title='bbox 519 1068 784 1136; x_wconf 68' lang='lat' dir='ltr'><strong>pertinuere</strong></span> <span class='ocrx_word' id='word_1_45' title='bbox 835 1075 1075 1118; x_wconf 90' lang='lat' dir='ltr'><strong>testatur.</strong></span> <span class='ocrx_word' id='word_1_46' title='bbox 1124 1063 1194 1116; x_wconf 84' lang='lat' dir='ltr'><strong>lbi</strong></span> <span class='ocrx_word' id='word_1_47' title='bbox 1243 1073 1518 1131; x_wconf 68' lang='lat' dir='ltr'><strong>parentum</strong></span> <span class='ocrx_word' id='word_1_48' title='bbox 1548 1074 1663 1113; x_wconf 85' lang='lat' dir='ltr'><strong>mtt-</strong></span> 
     </span>
    </p>
   </div>
   <div class='ocr_carea' id='block_1_9' title="bbox 107 1149 1662 1220">
    <p class='ocr_par' dir='ltr' id='par_1_9' title="bbox 107 1149 1662 1220">
     <span class='ocr_line' id='line_1_9' title="bbox 107 1149 1662 1220; baseline -0.005 -11"><span class='ocrx_word' id='word_1_49' title='bbox 107 1166 283 1211; x_wconf 87' lang='lat' dir='ltr'><strong>tautur</strong></span> <span class='ocrx_word' id='word_1_50' title='bbox 315 1157 547 1220; x_wconf 78' lang='lat' dir='ltr'><strong>nomina,</strong></span> <span class='ocrx_word' id='word_1_51' title='bbox 577 1167 634 1209; x_wconf 91' lang='lat' dir='ltr'><strong>ut</strong></span> <span class='ocrx_word' id='word_1_52' title='bbox 667 1156 843 1208; x_wconf 81' lang='lat' dir='ltr'><strong>omnia</strong></span> <span class='ocrx_word' id='word_1_53' title='bbox 895 1162 1147 1208; x_wconf 88' lang='lat' dir='ltr'><strong>resonent</strong></span> <span class='ocrx_word' id='word_1_54' title='bbox 1179 1155 1488 1206; x_wconf 78' lang='lat' dir='ltr'><strong>novitatem.</strong></span> <span class='ocrx_word' id='word_1_55' title='bbox 1531 1149 1662 1203; x_wconf 84' lang='lat' dir='ltr'><strong>Nam</strong></span> 
     </span>
    </p>
   </div>
   <div class='ocr_carea' id='block_1_10' title="bbox 105 1240 1665 1313">
    <p class='ocr_par' dir='ltr' id='par_1_10' title="bbox 105 1240 1665 1313">
     <span class='ocr_line' id='line_1_10' title="bbox 105 1240 1665 1313; baseline -0.005 -14"><span class='ocrx_word' id='word_1_56' title='bbox 105 1245 304 1300; x_wconf 87' lang='lat' dir='ltr'><strong>Abram</strong></span> <span class='ocrx_word' id='word_1_57' title='bbox 336 1246 712 1313; x_wconf 86' lang='lat' dir='ltr'><strong>interpretatur</strong></span> <span class='ocrx_word' id='word_1_58' title='bbox 742 1251 890 1313; x_wconf 85' lang='lat' dir='ltr'><strong>pater</strong></span> <span class='ocrx_word' id='word_1_59' title='bbox 925 1243 1188 1298; x_wconf 85' lang='lat' dir='ltr'><strong>excelsus.</strong></span> <span class='ocrx_word' id='word_1_60' title='bbox 1223 1240 1485 1295; x_wconf 83' lang='lat' dir='ltr'><strong>Abraham</strong></span> <span class='ocrx_word' id='word_1_61' title='bbox 1516 1251 1665 1308; x_wconf 85' lang='lat' dir='ltr'><strong>pater</strong></span> 
     </span>
    </p>
   </div>
   <div class='ocr_carea' id='block_1_11' title="bbox 107 1329 1666 1405">
    <p class='ocr_par' dir='ltr' id='par_1_11' title="bbox 107 1329 1666 1405">
     <span class='ocr_line' id='line_1_11' title="bbox 107 1329 1666 1405; baseline -0.006 -16"><span class='ocrx_word' id='word_1_62' title='bbox 107 1335 412 1399; x_wconf 87' lang='lat' dir='ltr'><strong>multarum,</strong></span> <span class='ocrx_word' id='word_1_63' title='bbox 443 1335 494 1389; x_wconf 91' lang='lat' dir='ltr'><strong>id</strong></span> <span class='ocrx_word' id='word_1_64' title='bbox 518 1345 622 1401; x_wconf 89' lang='lat' dir='ltr'><strong>est,</strong></span> <span class='ocrx_word' id='word_1_65' title='bbox 653 1335 921 1405; x_wconf 89' lang='lat' dir='ltr'><strong>gentium;</strong></span> <span class='ocrx_word' id='word_1_66' title='bbox 955 1348 1058 1400; x_wconf 89' lang='lat' dir='ltr'><strong>quo</strong></span> <span class='ocrx_word' id='word_1_67' title='bbox 1087 1335 1299 1385; x_wconf 87' lang='lat' dir='ltr'><strong>nomine</strong></span> <span class='ocrx_word' id='word_1_68' title='bbox 1327 1329 1666 1390; x_wconf 77' lang='lat' dir='ltr'><strong>nuntiabatur</strong></span> 
     </span>
    </p>
   </div>
   <div class='ocr_carea' id='block_1_12' title="bbox 105 1417 1662 1493">
    <p class='ocr_par' dir='ltr' id='par_1_12' title="bbox 105 1417 1662 1493">
     <span class='ocr_line' id='line_1_12' title="bbox 105 1417 1662 1493; baseline -0.006 -16"><span class='ocrx_word' id='word_1_69' title='bbox 105 1425 249 1489; x_wconf 90' lang='lat' dir='ltr'><strong>quod</strong></span> <span class='ocrx_word' id='word_1_70' title='bbox 282 1424 460 1478; x_wconf 77' lang='lat' dir='ltr'><strong>multze</strong></span> <span class='ocrx_word' id='word_1_71' title='bbox 489 1436 672 1493; x_wconf 86' lang='lat' dir='ltr'><strong>gentes</strong></span> <span class='ocrx_word' id='word_1_72' title='bbox 713 1423 830 1476; x_wconf 90' lang='lat' dir='ltr'><strong>ﬁdei</strong></span> <span class='ocrx_word' id='word_1_73' title='bbox 865 1423 1003 1476; x_wconf 91' lang='lat' dir='ltr'><strong>illius</strong></span> <span class='ocrx_word' id='word_1_74' title='bbox 1032 1429 1386 1489; x_wconf 79' lang='lat' dir='ltr'><strong>sequerentur</strong></span> <span class='ocrx_word' id='word_1_75' title='bbox 1422 1417 1662 1484; x_wconf 88' lang='lat' dir='ltr'><strong>vestigia.</strong></span> 
     </span>
    </p>
   </div>
   <div class='ocr_carea' id='block_1_13' title="bbox 105 1509 1666 1582">
    <p class='ocr_par' dir='ltr' id='par_1_13' title="bbox 105 1509 1666 1582">
     <span class='ocr_line' id='line_1_13' title="bbox 105 1509 1666 1582; baseline -0.004 -18"><span class='ocrx_word' id='word_1_76' title='bbox 105 1514 255 1578; x_wconf 82' lang='lat' dir='ltr'><strong>Quod</strong></span> <span class='ocrx_word' id='word_1_77' title='bbox 285 1522 462 1566; x_wconf 84' lang='lat' dir='ltr'><strong>autem</strong></span> <span class='ocrx_word' id='word_1_78' title='bbox 488 1514 725 1582; x_wconf 83' lang='lat' dir='ltr'><strong>sequitur</strong></span> <span class='ocrx_word' id='word_1_79' title='bbox 751 1529 762 1564; x_wconf 89' lang='lat'>:</span> <span class='ocrx_word' id='word_1_80' title='bbox 789 1509 892 1574; x_wconf 82' lang='lat' dir='ltr'><strong>Qui</strong></span> <span class='ocrx_word' id='word_1_81' title='bbox 933 1527 1030 1564; x_wconf 85' lang='lat' dir='ltr'><strong>non</strong></span> <span class='ocrx_word' id='word_1_82' title='bbox 1071 1509 1460 1562; x_wconf 73' lang='lat' dir='ltr'><strong>circumsidetur</strong></span> <span class='ocrx_word' id='word_1_83' title='bbox 1487 1518 1666 1559; x_wconf 84' lang='lat' dir='ltr'><strong>octava</strong></span> 
     </span>
    </p>
   </div>
   <div class='ocr_carea' id='block_1_14' title="bbox 104 1597 1669 1672">
    <p class='ocr_par' dir='ltr' id='par_1_14' title="bbox 104 1597 1669 1672">
     <span class='ocr_line' id='line_1_14' title="bbox 104 1597 1669 1672; baseline -0.004 -17"><span class='ocrx_word' id='word_1_84' title='bbox 104 1603 208 1670; x_wconf 75' lang='lat' dir='ltr'><strong>die,</strong></span> <span class='ocrx_word' id='word_1_85' title='bbox 233 1602 414 1672; x_wconf 83' lang='lat' dir='ltr'><strong>peribit</strong></span> <span class='ocrx_word' id='word_1_86' title='bbox 438 1606 609 1655; x_wconf 83' lang='lat' dir='ltr'><strong>animo</strong></span> <span class='ocrx_word' id='word_1_87' title='bbox 633 1602 724 1655; x_wconf 84' lang='lat' dir='ltr'><strong>illa</strong></span> <span class='ocrx_word' id='word_1_88' title='bbox 746 1640 760 1666; x_wconf 89' lang='lat'><strong>,</strong></span> <span class='ocrx_word' id='word_1_89' title='bbox 791 1602 909 1669; x_wconf 76' lang='lat' dir='ltr'><strong>quia</strong></span> <span class='ocrx_word' id='word_1_90' title='bbox 937 1611 1139 1669; x_wconf 81' lang='lat' dir='ltr'><strong>pactum</strong></span> <span class='ocrx_word' id='word_1_91' title='bbox 1169 1614 1333 1653; x_wconf 78' lang='lat' dir='ltr'><strong>meum</strong></span> <span class='ocrx_word' id='word_1_92' title='bbox 1360 1599 1561 1651; x_wconf 75' lang='lat' dir='ltr'><strong>irritum</strong></span> <span class='ocrx_word' id='word_1_93' title='bbox 1589 1597 1669 1667; x_wconf 77' lang='lat' dir='ltr'><strong>fc-</strong></span> 
     </span>
    </p>
   </div>
   <div class='ocr_carea' id='block_1_15' title="bbox 104 1686 1662 1762">
    <p class='ocr_par' dir='ltr' id='par_1_15' title="bbox 104 1686 1662 1762">
     <span class='ocr_line' id='line_1_15' title="bbox 104 1686 1662 1762; baseline -0.003 -17"><span class='ocrx_word' id='word_1_94' title='bbox 104 1694 199 1755; x_wconf 69' lang='grc' dir='ltr'>εει,</span> <span class='ocrx_word' id='word_1_95' title='bbox 245 1692 506 1762; x_wconf 89' lang='lat' dir='ltr'><strong>signiﬁcat</strong></span> <span class='ocrx_word' id='word_1_96' title='bbox 536 1691 674 1761; x_wconf 91' lang='lat' dir='ltr'><strong>quod</strong></span> <span class='ocrx_word' id='word_1_97' title='bbox 709 1692 907 1759; x_wconf 82' lang='lat' dir='ltr'><strong>parvuli</strong></span> <span class='ocrx_word' id='word_1_98' title='bbox 937 1706 1039 1744; x_wconf 90' lang='lat' dir='ltr'><strong>non</strong></span> <span class='ocrx_word' id='word_1_99' title='bbox 1064 1688 1354 1744; x_wconf 86' lang='lat' dir='ltr'><strong>secundum</strong></span> <span class='ocrx_word' id='word_1_100' title='bbox 1381 1703 1539 1756; x_wconf 89' lang='lat' dir='ltr'><strong>opus,</strong></span> <span class='ocrx_word' id='word_1_101' title='bbox 1567 1686 1662 1740; x_wconf 86' lang='lat' dir='ltr'><strong>sed</strong></span> 
     </span>
    </p>
   </div>
   <div class='ocr_carea' id='block_1_16' title="bbox 104 1778 1666 1854">
    <p class='ocr_par' dir='ltr' id='par_1_16' title="bbox 104 1778 1666 1854">
     <span class='ocr_line' id='line_1_16' title="bbox 104 1778 1666 1854; baseline -0.004 -16"><span class='ocrx_word' id='word_1_102' title='bbox 104 1786 398 1839; x_wconf 84' lang='lat' dir='ltr'><strong>secundum</strong></span> <span class='ocrx_word' id='word_1_103' title='bbox 428 1786 703 1854; x_wconf 77' lang='lat' dir='ltr'><strong>originem,</strong></span> <span class='ocrx_word' id='word_1_104' title='bbox 730 1784 781 1838; x_wconf 92' lang='lat' dir='ltr'><strong>in</strong></span> <span class='ocrx_word' id='word_1_105' title='bbox 825 1785 996 1852; x_wconf 92' lang='lat' dir='ltr'><strong>primo</strong></span> <span class='ocrx_word' id='word_1_106' title='bbox 1027 1782 1242 1836; x_wconf 85' lang='lat' dir='ltr'><strong>homine</strong></span> <span class='ocrx_word' id='word_1_107' title='bbox 1275 1789 1482 1850; x_wconf 86' lang='lat' dir='ltr'><strong>pactum</strong></span> <span class='ocrx_word' id='word_1_108' title='bbox 1510 1778 1666 1833; x_wconf 80' lang='lat' dir='ltr'><strong>dissi-</strong></span> 
     </span>
    </p>
   </div>
   <div class='ocr_carea' id='block_1_17' title="bbox 109 1875 1660 1943">
    <p class='ocr_par' dir='ltr' id='par_1_17' title="bbox 109 1875 1660 1943">
     <span class='ocr_line' id='line_1_17' title="bbox 109 1875 1660 1943; baseline -0.003 -16"><span class='ocrx_word' id='word_1_109' title='bbox 109 1890 384 1943; x_wconf 76' lang='lat' dir='ltr'><strong>paverunt.</strong></span> <span class='ocrx_word' id='word_1_110' title='bbox 430 1875 868 1930; x_wconf 87' lang='lat' dir='ltr'><strong>Circumcidimus</strong></span> <span class='ocrx_word' id='word_1_111' title='bbox 906 1875 1084 1941; x_wconf 88' lang='lat' dir='ltr'><strong>itaque</strong></span> <span class='ocrx_word' id='word_1_112' title='bbox 1126 1887 1220 1926; x_wconf 88' lang='lat' dir='ltr'><strong>cor</strong></span> <span class='ocrx_word' id='word_1_113' title='bbox 1268 1881 1506 1926; x_wconf 82' lang='lat' dir='ltr'><strong>nostrum</strong></span> <span class='ocrx_word' id='word_1_114' title='bbox 1536 1884 1660 1925; x_wconf 91' lang='lat' dir='ltr'><strong>cum</strong></span> 
     </span>
    </p>
   </div>
   <div class='ocr_carea' id='block_1_18' title="bbox 105 1959 1664 2032">
    <p class='ocr_par' dir='ltr' id='par_1_18' title="bbox 105 1959 1664 2032">
     <span class='ocr_line' id='line_1_18' title="bbox 105 1959 1664 2032; baseline -0.003 -16"><span class='ocrx_word' id='word_1_115' title='bbox 105 1965 452 2032; x_wconf 69' lang='lat' dir='ltr'><strong>cogitationes</strong></span> <span class='ocrx_word' id='word_1_116' title='bbox 481 1965 812 2026; x_wconf 89' lang='lat' dir='ltr'><strong>abdicamus;</strong></span> <span class='ocrx_word' id='word_1_117' title='bbox 843 1971 899 2017; x_wconf 88' lang='lat' dir='ltr'><strong>et</strong></span> <span class='ocrx_word' id='word_1_118' title='bbox 941 1962 1015 2015; x_wconf 80' lang='lat' dir='ltr'><strong>ita</strong></span> <span class='ocrx_word' id='word_1_119' title='bbox 1062 1961 1216 2014; x_wconf 75' lang='lat' dir='ltr'><strong>labiis</strong></span> <span class='ocrx_word' id='word_1_120' title='bbox 1243 1969 1296 2013; x_wconf 89' lang='lat' dir='ltr'><strong>et</strong></span> <span class='ocrx_word' id='word_1_121' title='bbox 1324 1961 1543 2014; x_wconf 80' lang='lat' dir='ltr'><strong>auribus</strong></span> <span class='ocrx_word' id='word_1_122' title='bbox 1571 1959 1664 2012; x_wconf 85' lang='lat' dir='ltr'><strong>de-</strong></span> 
     </span>
    </p>
   </div>
   <div class='ocr_carea' id='block_1_19' title="bbox 108 2046 1666 2116">
    <p class='ocr_par' dir='ltr' id='par_1_19' title="bbox 108 2046 1666 2116">
     <span class='ocr_line' id='line_1_19' title="bbox 108 2046 1666 2116; baseline -0.004 -10"><span class='ocrx_word' id='word_1_123' title='bbox 108 2054 296 2106; x_wconf 82' lang='lat' dir='ltr'><strong>bemus</strong></span> <span class='ocrx_word' id='word_1_124' title='bbox 324 2052 626 2106; x_wconf 88' lang='lat' dir='ltr'><strong>circumcidi</strong></span> <span class='ocrx_word' id='word_1_125' title='bbox 652 2092 670 2116; x_wconf 88' lang='lat'><strong>,</strong></span> <span class='ocrx_word' id='word_1_126' title='bbox 702 2060 759 2104; x_wconf 87' lang='lat' dir='ltr'><strong>ttt</strong></span> <span class='ocrx_word' id='word_1_127' title='bbox 784 2051 835 2103; x_wconf 90' lang='lat' dir='ltr'><strong>in</strong></span> <span class='ocrx_word' id='word_1_128' title='bbox 867 2049 1110 2102; x_wconf 89' lang='lat' dir='ltr'><strong>omnibus</strong></span> <span class='ocrx_word' id='word_1_129' title='bbox 1137 2048 1294 2106; x_wconf 86' lang='lat' dir='ltr'><strong>stulta</strong></span> <span class='ocrx_word' id='word_1_130' title='bbox 1317 2057 1372 2102; x_wconf 87' lang='lat' dir='ltr'><strong>et</strong></span> <span class='ocrx_word' id='word_1_131' title='bbox 1399 2046 1666 2110; x_wconf 83' lang='lat' dir='ltr'><strong>superﬂua</strong></span> 
     </span>
    </p>
   </div>
   <div class='ocr_carea' id='block_1_20' title="bbox 107 2134 1670 2205">
    <p class='ocr_par' dir='ltr' id='par_1_20' title="bbox 107 2134 1670 2205">
     <span class='ocr_line' id='line_1_20' title="bbox 107 2134 1670 2205; baseline -0.001 -12"><span class='ocrx_word' id='word_1_132' title='bbox 107 2141 458 2196; x_wconf 86' lang='lat' dir='ltr'><strong>declinemus.</strong></span> <span class='ocrx_word' id='word_1_133' title='bbox 511 2140 697 2194; x_wconf 88' lang='lat' dir='ltr'><strong>Dicunt</strong></span> <span class='ocrx_word' id='word_1_134' title='bbox 725 2150 907 2193; x_wconf 88' lang='lat' dir='ltr'><strong>autem</strong></span> <span class='ocrx_word' id='word_1_135' title='bbox 949 2135 1156 2192; x_wconf 69' lang='lat' dir='ltr'><strong>Ilebrtei</strong></span> <span class='ocrx_word' id='word_1_136' title='bbox 1186 2137 1324 2205; x_wconf 88' lang='lat' dir='ltr'><strong>quod</strong></span> <span class='ocrx_word' id='word_1_137' title='bbox 1357 2149 1422 2190; x_wconf 82' lang='lat' dir='ltr'><strong>ex</strong></span> <span class='ocrx_word' id='word_1_138' title='bbox 1451 2134 1670 2191; x_wconf 82' lang='lat' dir='ltr'><strong>nomine</strong></span> 
     </span>
    </p>
   </div>
   <div class='ocr_carea' id='block_1_21' title="bbox 105 2224 1667 2298">
    <p class='ocr_par' dir='ltr' id='par_1_21' title="bbox 105 2224 1667 2298">
     <span class='ocr_line' id='line_1_21' title="bbox 105 2224 1667 2298; baseline -0.003 -16"><span class='ocrx_word' id='word_1_139' title='bbox 105 2243 205 2284; x_wconf 91' lang='lat' dir='ltr'><strong>suo</strong></span> <span class='ocrx_word' id='word_1_140' title='bbox 230 2229 372 2284; x_wconf 86' lang='lat' dir='ltr'><strong>Deus</strong></span> <span class='ocrx_word' id='word_1_141' title='bbox 400 2229 536 2298; x_wconf 89' lang='lat' dir='ltr'><strong>apud</strong></span> <span class='ocrx_word' id='word_1_142' title='bbox 572 2244 666 2284; x_wconf 89' lang='lat' dir='ltr'><strong>eos</strong></span> <span class='ocrx_word' id='word_1_143' title='bbox 705 2237 1171 2296; x_wconf 83' lang='lat' dir='ltr'><strong>tetragrammaton</strong></span> <span class='ocrx_word' id='word_1_144' title='bbox 1201 2242 1227 2279; x_wconf 84' lang='lat' dir='ltr'><strong>e</strong></span> <span class='ocrx_word' id='word_1_145' title='bbox 1258 2225 1487 2280; x_wconf 80' lang='lat' dir='ltr'><strong>litteram</strong></span> <span class='ocrx_word' id='word_1_146' title='bbox 1516 2224 1667 2278; x_wconf 89' lang='lat' dir='ltr'><strong>addi-</strong></span> 
     </span>
    </p>
   </div>
   <div class='ocr_carea' id='block_1_22' title="bbox 105 2315 1669 2398">
    <p class='ocr_par' dir='ltr' id='par_1_22' title="bbox 105 2315 1669 2398">
     <span class='ocr_line' id='line_1_22' title="bbox 105 2315 1669 2398; baseline -0.004 -23"><span class='ocrx_word' id='word_1_147' title='bbox 105 2324 248 2377; x_wconf 85' lang='lat' dir='ltr'><strong>derit</strong></span> <span class='ocrx_word' id='word_1_148' title='bbox 281 2321 502 2376; x_wconf 66' lang='lat' dir='ltr'><strong>Abrahae</strong></span> <span class='ocrx_word' id='word_1_149' title='bbox 529 2331 580 2398; x_wconf 84' lang='lat' dir='ltr'><strong>et</strong></span> <span class='ocrx_word' id='word_1_150' title='bbox 616 2322 792 2376; x_wconf 76' lang='lat' dir='ltr'><strong>Sarra:</strong></span> <span class='ocrx_word' id='word_1_151' title='bbox 823 2319 1146 2373; x_wconf 88' lang='lat' dir='ltr'><strong>nominibus.</strong></span> <span class='ocrx_word' id='word_1_152' title='bbox 1182 2316 1501 2370; x_wconf 84' lang='lat' dir='ltr'><strong>Dicebantur</strong></span> <span class='ocrx_word' id='word_1_153' title='bbox 1528 2315 1669 2368; x_wconf 89' lang='lat' dir='ltr'><strong>enim</strong></span> 
     </span>
    </p>
   </div>
   <div class='ocr_carea' id='block_1_23' title="bbox 109 2412 1672 2484">
    <p class='ocr_par' dir='ltr' id='par_1_23' title="bbox 109 2412 1672 2484">
     <span class='ocr_line' id='line_1_23' title="bbox 109 2412 1672 2484; baseline 0.001 -20"><span class='ocrx_word' id='word_1_154' title='bbox 109 2417 339 2484; x_wconf 77' lang='lat' dir='ltr'><strong>primum</strong></span> <span class='ocrx_word' id='word_1_155' title='bbox 363 2416 586 2480; x_wconf 85' lang='lat' dir='ltr'><strong>Abram,</strong></span> <span class='ocrx_word' id='word_1_156' title='bbox 621 2416 709 2484; x_wconf 92' lang='lat' dir='ltr'><strong>qui</strong></span> <span class='ocrx_word' id='word_1_157' title='bbox 741 2415 1118 2483; x_wconf 81' lang='lat' dir='ltr'><strong>interpretatur</strong></span> <span class='ocrx_word' id='word_1_158' title='bbox 1152 2422 1301 2481; x_wconf 85' lang='lat' dir='ltr'><strong>pater</strong></span> <span class='ocrx_word' id='word_1_159' title='bbox 1327 2412 1591 2478; x_wconf 82' lang='lat' dir='ltr'><strong>excelsus,</strong></span> <span class='ocrx_word' id='word_1_160' title='bbox 1617 2421 1672 2467; x_wconf 86' lang='lat' dir='ltr'><strong>et</strong></span> 
     </span>
    </p>
   </div>
   <div class='ocr_carea' id='block_1_24' title="bbox 110 2500 1671 2575">
    <p class='ocr_par' dir='ltr' id='par_1_24' title="bbox 110 2500 1671 2575">
     <span class='ocr_line' id='line_1_24' title="bbox 110 2500 1671 2575; baseline 0.001 -18"><span class='ocrx_word' id='word_1_161' title='bbox 110 2515 294 2573; x_wconf 77' lang='lat' dir='ltr'><strong>postea</strong></span> <span class='ocrx_word' id='word_1_162' title='bbox 345 2500 639 2570; x_wconf 84' lang='lat' dir='ltr'><strong>Abraham,</strong></span> <span class='ocrx_word' id='word_1_163' title='bbox 673 2507 849 2568; x_wconf 90' lang='lat' dir='ltr'><strong>idest,</strong></span> <span class='ocrx_word' id='word_1_164' title='bbox 899 2506 1182 2559; x_wconf 89' lang='lat' dir='ltr'><strong>multarum</strong></span> <span class='ocrx_word' id='word_1_165' title='bbox 1231 2505 1485 2575; x_wconf 88' lang='lat' dir='ltr'><strong>gentium.</strong></span> <span class='ocrx_word' id='word_1_166' title='bbox 1542 2505 1671 2564; x_wconf 81' lang='lat' dir='ltr'><strong>Nam</strong></span> 
     </span>
    </p>
   </div>
   <div class='ocr_carea' id='block_1_25' title="bbox 106 2593 1674 2664">
    <p class='ocr_par' dir='ltr' id='par_1_25' title="bbox 106 2593 1674 2664">
     <span class='ocr_line' id='line_1_25' title="bbox 106 2593 1674 2664; baseline 0.001 -17"><span class='ocrx_word' id='word_1_167' title='bbox 106 2595 252 2663; x_wconf 89' lang='lat' dir='ltr'><strong>quod</strong></span> <span class='ocrx_word' id='word_1_168' title='bbox 283 2593 520 2664; x_wconf 72' lang='lat' dir='ltr'><strong>sequitur</strong></span> <span class='ocrx_word' id='word_1_169' title='bbox 563 2595 821 2662; x_wconf 80' lang='lat' dir='ltr'><strong>gentium,</strong></span> <span class='ocrx_word' id='word_1_170' title='bbox 847 2609 952 2648; x_wconf 89' lang='lat' dir='ltr'><strong>non</strong></span> <span class='ocrx_word' id='word_1_171' title='bbox 981 2595 1206 2649; x_wconf 90' lang='lat' dir='ltr'><strong>habetur</strong></span> <span class='ocrx_word' id='word_1_172' title='bbox 1231 2594 1283 2648; x_wconf 91' lang='lat' dir='ltr'><strong>in</strong></span> <span class='ocrx_word' id='word_1_173' title='bbox 1315 2594 1552 2660; x_wconf 92' lang='lat' dir='ltr'><strong>nomine,</strong></span> <span class='ocrx_word' id='word_1_174' title='bbox 1577 2594 1674 2649; x_wconf 86' lang='lat' dir='ltr'><strong>sed</strong></span> 
     </span>
    </p>
   </div>
   <div class='ocr_carea' id='block_1_26' title="bbox 108 2683 1676 2753">
    <p class='ocr_par' dir='ltr' id='par_1_26' title="bbox 108 2683 1676 2753">
     <span class='ocr_line' id='line_1_26' title="bbox 108 2683 1676 2753; baseline 0.001 -16"><span class='ocrx_word' id='word_1_175' title='bbox 108 2685 446 2739; x_wconf 61' lang='lat' dir='ltr'><strong>subauditur;</strong></span> <span class='ocrx_word' id='word_1_176' title='bbox 496 2684 604 2739; x_wconf 80' lang='lat' dir='ltr'><strong>Nec</strong></span> <span class='ocrx_word' id='word_1_177' title='bbox 649 2685 973 2749; x_wconf 90' lang='lat' dir='ltr'><strong>mirandum,</strong></span> <span class='ocrx_word' id='word_1_178' title='bbox 1005 2685 1143 2752; x_wconf 82' lang='lat' dir='ltr'><strong>quod</strong></span> <span class='ocrx_word' id='word_1_179' title='bbox 1175 2685 1313 2753; x_wconf 88' lang='lat' dir='ltr'><strong>apud</strong></span> <span class='ocrx_word' id='word_1_180' title='bbox 1362 2683 1578 2738; x_wconf 68' lang='lat' dir='ltr'><strong>Graecos</strong></span> <span class='ocrx_word' id='word_1_181' title='bbox 1621 2691 1676 2739; x_wconf 88' lang='lat' dir='ltr'><strong>et</strong></span> 
     </span>
    </p>
   </div>
   <div class='ocr_carea' id='block_1_27' title="bbox 113 2774 1674 2838">
    <p class='ocr_par' dir='ltr' id='par_1_27' title="bbox 113 2774 1674 2838">
     <span class='ocr_line' id='line_1_27' title="bbox 113 2774 1674 2838; baseline -0.001 -9"><span class='ocrx_word' id='word_1_182' title='bbox 113 2790 214 2830; x_wconf 91' lang='lat' dir='ltr'><strong>nos</strong></span> <span class='ocrx_word' id='word_1_183' title='bbox 244 2793 278 2828; x_wconf 88' lang='lat' dir='ltr'><strong>a</strong></span> <span class='ocrx_word' id='word_1_184' title='bbox 304 2777 475 2831; x_wconf 86' lang='lat' dir='ltr'><strong>littera</strong></span> <span class='ocrx_word' id='word_1_185' title='bbox 525 2776 763 2831; x_wconf 88' lang='lat' dir='ltr'><strong>videatur</strong></span> <span class='ocrx_word' id='word_1_186' title='bbox 806 2776 1008 2838; x_wconf 88' lang='lat' dir='ltr'><strong>addita,</strong></span> <span class='ocrx_word' id='word_1_187' title='bbox 1037 2784 1091 2829; x_wconf 91' lang='lat' dir='ltr'><strong>et</strong></span> <span class='ocrx_word' id='word_1_188' title='bbox 1139 2789 1236 2828; x_wconf 88' lang='lat' dir='ltr'><strong>nos</strong></span> <span class='ocrx_word' id='word_1_189' title='bbox 1279 2792 1306 2828; x_wconf 87' lang='lat' dir='ltr'><strong>e</strong></span> <span class='ocrx_word' id='word_1_190' title='bbox 1351 2775 1579 2829; x_wconf 87' lang='lat' dir='ltr'><strong>litteram</strong></span> <span class='ocrx_word' id='word_1_191' title='bbox 1623 2774 1674 2828; x_wconf 93' lang='lat' dir='ltr'><strong>in</strong></span> 
     </span>
    </p>
   </div>
   <div class='ocr_carea' id='block_1_28' title="bbox 110 2863 1674 2934">
    <p class='ocr_par' dir='ltr' id='par_1_28' title="bbox 110 2863 1674 2934">
     <span class='ocr_line' id='line_1_28' title="bbox 110 2863 1674 2934; baseline -0.001 -15"><span class='ocrx_word' id='word_1_192' title='bbox 110 2866 344 2920; x_wconf 71' lang='lat' dir='ltr'><strong>Hebraeo</strong></span> <span class='ocrx_word' id='word_1_193' title='bbox 394 2865 626 2920; x_wconf 82' lang='lat' dir='ltr'><strong>additam</strong></span> <span class='ocrx_word' id='word_1_194' title='bbox 673 2866 984 2920; x_wconf 70' lang='lat' dir='ltr'><strong>dixerimus.</strong></span> <span class='ocrx_word' id='word_1_195' title='bbox 1042 2863 1239 2919; x_wconf 92' lang='lat' dir='ltr'><strong>ldioma</strong></span> <span class='ocrx_word' id='word_1_196' title='bbox 1298 2866 1438 2919; x_wconf 88' lang='lat' dir='ltr'><strong>enim</strong></span> <span class='ocrx_word' id='word_1_197' title='bbox 1499 2866 1674 2934; x_wconf 86' lang='lat' dir='ltr'><strong>lingua</strong></span> 
     </span>
    </p>
   </div>
   <div class='ocr_carea' id='block_1_29' title="bbox 110 2954 1677 3026">
    <p class='ocr_par' dir='ltr' id='par_1_29' title="bbox 110 2954 1677 3026">
     <span class='ocr_line' id='line_1_29' title="bbox 110 2954 1677 3026; baseline -0.001 -16"><span class='ocrx_word' id='word_1_198' title='bbox 110 2956 261 3010; x_wconf 88' lang='lat' dir='ltr'><strong>illius</strong></span> <span class='ocrx_word' id='word_1_199' title='bbox 288 2965 368 3016; x_wconf 89' lang='lat' dir='ltr'><strong>est</strong></span> <span class='ocrx_word' id='word_1_200' title='bbox 398 2970 491 3026; x_wconf 88' lang='lat' dir='ltr'><strong>per</strong></span> <span class='ocrx_word' id='word_1_201' title='bbox 516 2973 543 3010; x_wconf 91' lang='lat' dir='ltr'><strong>e</strong></span> <span class='ocrx_word' id='word_1_202' title='bbox 570 2956 782 3025; x_wconf 84' lang='lat' dir='ltr'><strong>quidem</strong></span> <span class='ocrx_word' id='word_1_203' title='bbox 825 2955 1057 3009; x_wconf 86' lang='lat' dir='ltr'><strong>scribere</strong></span> <span class='ocrx_word' id='word_1_204' title='bbox 1076 2996 1090 3020; x_wconf 95' lang='lat'><strong>,</strong></span> <span class='ocrx_word' id='word_1_205' title='bbox 1117 2954 1209 3008; x_wconf 88' lang='lat' dir='ltr'><strong>sed</strong></span> <span class='ocrx_word' id='word_1_206' title='bbox 1244 2970 1276 3007; x_wconf 91' lang='lat' dir='ltr'><strong>a</strong></span> <span class='ocrx_word' id='word_1_207' title='bbox 1305 2954 1478 3024; x_wconf 86' lang='lat' dir='ltr'><strong>legere</strong></span> <span class='ocrx_word' id='word_1_208' title='bbox 1492 2971 1510 3020; x_wconf 39' lang='lat'><strong>&gt;;</strong></span> <span class='ocrx_word' id='word_1_209' title='bbox 1540 2955 1677 3010; x_wconf 89' lang='lat' dir='ltr'><strong>sicut</strong></span> 
     </span>
    </p>
   </div>
   <div class='ocr_carea' id='block_1_30' title="bbox 109 3043 1678 3114">
    <p class='ocr_par' dir='ltr' id='par_1_30' title="bbox 109 3043 1678 3114">
     <span class='ocr_line' id='line_1_30' title="bbox 109 3043 1678 3114; baseline 0 -15"><span class='ocrx_word' id='word_1_210' title='bbox 109 3043 424 3108; x_wconf 79' lang='lat' dir='ltr'><strong>econtrario</strong></span> <span class='ocrx_word' id='word_1_211' title='bbox 444 3062 477 3098; x_wconf 93' lang='lat' dir='ltr'><strong>a</strong></span> <span class='ocrx_word' id='word_1_212' title='bbox 505 3045 728 3100; x_wconf 91' lang='lat' dir='ltr'><strong>litteram</strong></span> <span class='ocrx_word' id='word_1_213' title='bbox 759 3060 851 3113; x_wconf 90' lang='lat' dir='ltr'><strong>pro</strong></span> <span class='ocrx_word' id='word_1_214' title='bbox 878 3061 906 3098; x_wconf 86' lang='lat' dir='ltr'><strong>e</strong></span> <span class='ocrx_word' id='word_1_215' title='bbox 929 3060 1070 3113; x_wconf 64' lang='lat' dir='ltr'><strong>saepe</strong></span> <span class='ocrx_word' id='word_1_216' title='bbox 1094 3043 1472 3114; x_wconf 87' lang='lat' dir='ltr'><strong>pronuntiant:</strong></span> <span class='ocrx_word' id='word_1_217' title='bbox 1496 3055 1678 3100; x_wconf 80' lang='lat' dir='ltr'><strong>errant</strong></span> 
     </span>
    </p>
   </div>
   <div class='ocr_carea' id='block_1_31' title="bbox 109 3135 1676 3206">
    <p class='ocr_par' dir='ltr' id='par_1_31' title="bbox 109 3135 1676 3206">
     <span class='ocr_line' id='line_1_31' title="bbox 109 3135 1676 3206; baseline 0.001 -17"><span class='ocrx_word' id='word_1_218' title='bbox 109 3137 260 3189; x_wconf 88' lang='lat' dir='ltr'><strong>enim</strong></span> <span class='ocrx_word' id='word_1_219' title='bbox 283 3135 372 3204; x_wconf 94' lang='lat' dir='ltr'><strong>qui</strong></span> <span class='ocrx_word' id='word_1_220' title='bbox 403 3143 588 3204; x_wconf 92' lang='lat' dir='ltr'><strong>putant</strong></span> <span class='ocrx_word' id='word_1_221' title='bbox 609 3135 793 3192; x_wconf 90' lang='lat' dir='ltr'><strong>Saram</strong></span> <span class='ocrx_word' id='word_1_222' title='bbox 823 3137 1046 3204; x_wconf 86' lang='lat' dir='ltr'><strong>primum</strong></span> <span class='ocrx_word' id='word_1_223' title='bbox 1073 3151 1166 3205; x_wconf 88' lang='lat' dir='ltr'><strong>per</strong></span> <span class='ocrx_word' id='word_1_224' title='bbox 1189 3151 1350 3190; x_wconf 91' lang='lat' dir='ltr'><strong>unum</strong></span> <span class='ocrx_word' id='word_1_225' title='bbox 1373 3151 1400 3186; x_wconf 92' lang='lat' dir='ltr'><strong>r</strong></span> <span class='ocrx_word' id='word_1_226' title='bbox 1420 3135 1676 3206; x_wconf 88' lang='lat' dir='ltr'><strong>scriptum</strong></span> 
     </span>
    </p>
   </div>
   <div class='ocr_carea' id='block_1_32' title="bbox 112 3225 1681 3295">
    <p class='ocr_par' dir='ltr' id='par_1_32' title="bbox 112 3225 1681 3295">
     <span class='ocr_line' id='line_1_32' title="bbox 112 3225 1681 3295; baseline 0.004 -19"><span class='ocrx_word' id='word_1_227' title='bbox 112 3225 304 3290; x_wconf 74' lang='lat' dir='ltr'><strong>fuisse,</strong></span> <span class='ocrx_word' id='word_1_228' title='bbox 338 3234 393 3279; x_wconf 90' lang='lat' dir='ltr'><strong>et</strong></span> <span class='ocrx_word' id='word_1_229' title='bbox 421 3237 603 3293; x_wconf 89' lang='lat' dir='ltr'><strong>postea</strong></span> <span class='ocrx_word' id='word_1_230' title='bbox 633 3225 708 3279; x_wconf 92' lang='lat' dir='ltr'><strong>illi</strong></span> <span class='ocrx_word' id='word_1_231' title='bbox 739 3227 963 3283; x_wconf 87' lang='lat' dir='ltr'><strong>alterum</strong></span> <span class='ocrx_word' id='word_1_232' title='bbox 990 3243 1015 3276; x_wconf 92' lang='lat' dir='ltr'><strong>r</strong></span> <span class='ocrx_word' id='word_1_233' title='bbox 1043 3226 1303 3280; x_wconf 84' lang='lat' dir='ltr'><strong>additum.</strong></span> <span class='ocrx_word' id='word_1_234' title='bbox 1342 3226 1492 3282; x_wconf 90' lang='lat' dir='ltr'><strong>Sarri</strong></span> <span class='ocrx_word' id='word_1_235' title='bbox 1521 3227 1681 3295; x_wconf 79' lang='lat' dir='ltr'><strong>igitur</strong></span> 
     </span>
    </p>
   </div>
   <div class='ocr_carea' id='block_1_33' title="bbox 113 3316 1678 3387">
    <p class='ocr_par' dir='ltr' id='par_1_33' title="bbox 113 3316 1678 3387">
     <span class='ocr_line' id='line_1_33' title="bbox 113 3316 1678 3387; baseline 0.003 -19"><span class='ocrx_word' id='word_1_236' title='bbox 113 3317 356 3383; x_wconf 90' lang='lat' dir='ltr'><strong>primum</strong></span> <span class='ocrx_word' id='word_1_237' title='bbox 399 3325 581 3369; x_wconf 88' lang='lat' dir='ltr'><strong>vocata</strong></span> <span class='ocrx_word' id='word_1_238' title='bbox 611 3325 712 3371; x_wconf 89' lang='lat' dir='ltr'><strong>est.</strong></span> <span class='ocrx_word' id='word_1_239' title='bbox 759 3316 977 3373; x_wconf 89' lang='lat' dir='ltr'><strong>Sublato</strong></span> <span class='ocrx_word' id='word_1_240' title='bbox 1019 3332 1166 3387; x_wconf 89' lang='lat' dir='ltr'><strong>ergo,</strong></span> <span class='ocrx_word' id='word_1_241' title='bbox 1201 3318 1250 3371; x_wconf 92' lang='lat' dir='ltr'><strong>id</strong></span> <span class='ocrx_word' id='word_1_242' title='bbox 1281 3326 1383 3385; x_wconf 92' lang='lat' dir='ltr'><strong>est,</strong></span> <span class='ocrx_word' id='word_1_243' title='bbox 1429 3318 1606 3372; x_wconf 90' lang='lat' dir='ltr'><strong>addita</strong></span> <span class='ocrx_word' id='word_1_244' title='bbox 1631 3335 1678 3384; x_wconf 79' lang='grc' dir='ltr'>ε,</span> 
     </span>
    </p>
   </div>
   <div class='ocr_carea' id='block_1_34' title="bbox 111 3403 1683 3476">
    <p class='ocr_par' dir='ltr' id='par_1_34' title="bbox 111 3403 1683 3476">
     <span class='ocr_line' id='line_1_34' title="bbox 111 3403 1683 3476; baseline 0.005 -22"><span class='ocrx_word' id='word_1_245' title='bbox 111 3420 243 3471; x_wconf 65' lang='lat' dir='ltr'><strong>quae</strong></span> <span class='ocrx_word' id='word_1_246' title='bbox 276 3419 369 3472; x_wconf 90' lang='lat' dir='ltr'><strong>per</strong></span> <span class='ocrx_word' id='word_1_247' title='bbox 396 3422 427 3471; x_wconf 73' lang='grc' dir='ltr'><em>ᾳ</em></span> <span class='ocrx_word' id='word_1_248' title='bbox 449 3406 656 3474; x_wconf 84' lang='lat' dir='ltr'><strong>legitur,</strong></span> <span class='ocrx_word' id='word_1_249' title='bbox 681 3417 728 3460; x_wconf 90' lang='lat' dir='ltr'><strong>et</strong></span> <span class='ocrx_word' id='word_1_250' title='bbox 759 3416 972 3461; x_wconf 85' lang='lat' dir='ltr'><strong>vocatur</strong></span> <span class='ocrx_word' id='word_1_251' title='bbox 1003 3406 1183 3462; x_wconf 86' lang='lat' dir='ltr'><strong>Sarra.</strong></span> <span class='ocrx_word' id='word_1_252' title='bbox 1215 3406 1392 3462; x_wconf 90' lang='lat' dir='ltr'><strong>Sarrai</strong></span> <span class='ocrx_word' id='word_1_253' title='bbox 1423 3403 1683 3476; x_wconf 88' lang='lat' dir='ltr'><strong>interpre-</strong></span> 
     </span>
    </p>
   </div>
   <div class='ocr_carea' id='block_1_35' title="bbox 115 3494 1684 3564">
    <p class='ocr_par' dir='ltr' id='par_1_35' title="bbox 115 3494 1684 3564">
     <span class='ocr_line' id='line_1_35' title="bbox 115 3494 1684 3564; baseline 0.002 -18"><span class='ocrx_word' id='word_1_254' title='bbox 115 3503 267 3546; x_wconf 91' lang='lat' dir='ltr'><strong>tatur</strong></span> <span class='ocrx_word' id='word_1_255' title='bbox 299 3494 542 3562; x_wconf 89' lang='lat' dir='ltr'><strong>princeps</strong></span> <span class='ocrx_word' id='word_1_256' title='bbox 574 3511 690 3550; x_wconf 90' lang='lat' dir='ltr'><strong>mea</strong></span> <span class='ocrx_word' id='word_1_257' title='bbox 719 3495 940 3559; x_wconf 88' lang='lat' dir='ltr'><strong>domus,</strong></span> <span class='ocrx_word' id='word_1_258' title='bbox 975 3496 1134 3551; x_wconf 88' lang='lat' dir='ltr'><strong>Sarra</strong></span> <span class='ocrx_word' id='word_1_259' title='bbox 1168 3495 1427 3564; x_wconf 84' lang='lat' dir='ltr'><strong>princeps.</strong></span> <span class='ocrx_word' id='word_1_260' title='bbox 1477 3495 1684 3549; x_wconf 88' lang='lat' dir='ltr'><strong>Idcirco</strong></span> 
     </span>
    </p>
   </div>
   <div class='ocr_carea' id='block_1_36' title="bbox 113 3584 1683 3647">
    <p class='ocr_par' dir='ltr' id='par_1_36' title="bbox 113 3584 1683 3647">
     <span class='ocr_line' id='line_1_36' title="bbox 113 3584 1683 3647; baseline 0.001 -12"><span class='ocrx_word' id='word_1_261' title='bbox 113 3593 303 3636; x_wconf 87' lang='lat' dir='ltr'><strong>autem</strong></span> <span class='ocrx_word' id='word_1_262' title='bbox 335 3585 397 3636; x_wconf 88' lang='lat' dir='ltr'><strong>ad</strong></span> <span class='ocrx_word' id='word_1_263' title='bbox 424 3584 685 3638; x_wconf 86' lang='lat' dir='ltr'><strong>Abraham</strong></span> <span class='ocrx_word' id='word_1_264' title='bbox 718 3585 1051 3638; x_wconf 89' lang='lat' dir='ltr'><strong>circumcisio</strong></span> <span class='ocrx_word' id='word_1_265' title='bbox 1081 3584 1453 3639; x_wconf 87' lang='lat' dir='ltr'><strong>commendata</strong></span> <span class='ocrx_word' id='word_1_266' title='bbox 1485 3593 1589 3647; x_wconf 83' lang='lat' dir='ltr'><strong>est,</strong></span> <span class='ocrx_word' id='word_1_267' title='bbox 1623 3592 1683 3637; x_wconf 92' lang='lat' dir='ltr'><strong>ut</strong></span> 
     </span>
    </p>
   </div>
   <div class='ocr_carea' id='block_1_37' title="bbox 112 3674 1683 3746">
    <p class='ocr_par' dir='ltr' id='par_1_37' title="bbox 112 3674 1683 3746">
     <span class='ocr_line' id='line_1_37' title="bbox 112 3674 1683 3746; baseline -0.001 -18"><span class='ocrx_word' id='word_1_268' title='bbox 112 3677 221 3731; x_wconf 85' lang='lat' dir='ltr'><strong>sub</strong></span> <span class='ocrx_word' id='word_1_269' title='bbox 267 3677 384 3746; x_wconf 90' lang='lat' dir='ltr'><strong>lege</strong></span> <span class='ocrx_word' id='word_1_270' title='bbox 424 3687 584 3740; x_wconf 86' lang='lat' dir='ltr'><strong>esset,</strong></span> <span class='ocrx_word' id='word_1_271' title='bbox 615 3678 677 3729; x_wconf 59' lang='lat' dir='ltr'><strong>sit</strong></span> <span class='ocrx_word' id='word_1_272' title='bbox 698 3687 754 3729; x_wconf 92' lang='lat' dir='ltr'><strong>ut</strong></span> <span class='ocrx_word' id='word_1_273' title='bbox 781 3688 834 3730; x_wconf 90' lang='lat' dir='ltr'><strong>et</strong></span> <span class='ocrx_word' id='word_1_274' title='bbox 863 3677 1031 3730; x_wconf 88' lang='lat' dir='ltr'><strong>Adam</strong></span> <span class='ocrx_word' id='word_1_275' title='bbox 1058 3716 1073 3738; x_wconf 94' lang='lat'><strong>,</strong></span> <span class='ocrx_word' id='word_1_276' title='bbox 1102 3690 1169 3727; x_wconf 89' lang='lat' dir='ltr'><strong>ne</strong></span> <span class='ocrx_word' id='word_1_277' title='bbox 1196 3675 1262 3727; x_wconf 90' lang='lat' dir='ltr'><strong>de</strong></span> <span class='ocrx_word' id='word_1_278' title='bbox 1291 3676 1432 3742; x_wconf 91' lang='lat' dir='ltr'><strong>ligno</strong></span> <span class='ocrx_word' id='word_1_279' title='bbox 1465 3674 1683 3727; x_wconf 85' lang='lat' dir='ltr'><strong>mandu-</strong></span> 
     </span>
    </p>
   </div>
   <div class='ocr_carea' id='block_1_38' title="bbox 113 3755 1684 3848">
    <p class='ocr_par' dir='ltr' id='par_1_38' title="bbox 113 3755 1684 3848">
     <span class='ocr_line' id='line_1_38' title="bbox 113 3755 1684 3848; baseline -0.003 -28"><span class='ocrx_word' id='word_1_280' title='bbox 113 3777 306 3832; x_wconf 86' lang='lat' dir='ltr'><strong>caret;</strong></span> <span class='ocrx_word' id='word_1_281' title='bbox 334 3777 390 3820; x_wconf 90' lang='lat' dir='ltr'><strong>ut</strong></span> <span class='ocrx_word' id='word_1_282' title='bbox 420 3755 749 3835; x_wconf 79' lang='lat' dir='ltr'><strong>probaretur,</strong></span> <span class='ocrx_word' id='word_1_283' title='bbox 782 3767 826 3818; x_wconf 93' lang='lat' dir='ltr'><strong>si</strong></span> <span class='ocrx_word' id='word_1_284' title='bbox 872 3766 1162 3832; x_wconf 86' lang='lat' dir='ltr'><strong>compleret</strong></span> <span class='ocrx_word' id='word_1_285' title='bbox 1205 3765 1305 3848; x_wconf 68' lang='grc' dir='ltr'><strong>11ορ</strong></span> <span class='ocrx_word' id='word_1_286' title='bbox 1334 3779 1397 3816; x_wconf 91' lang='lat' dir='ltr'><strong>an</strong></span> <span class='ocrx_word' id='word_1_287' title='bbox 1430 3779 1555 3817; x_wconf 92' lang='lat' dir='ltr'><strong>non.</strong></span> <span class='ocrx_word' id='word_1_288' title='bbox 1600 3763 1684 3818; x_wconf 86' lang='lat' dir='ltr'><strong>Id-</strong></span> 
     </span>
    </p>
   </div>
   <div class='ocr_carea' id='block_1_39' title="bbox 113 3854 1684 3931">
    <p class='ocr_par' dir='ltr' id='par_1_39' title="bbox 113 3854 1684 3931">
     <span class='ocr_line' id='line_1_39' title="bbox 113 3854 1684 3931; baseline 0 -23"><span class='ocrx_word' id='word_1_289' title='bbox 113 3876 129 3908; x_wconf 89' lang='grc'><strong><em>‹</em></strong></span> <span class='ocrx_word' id='word_1_290' title='bbox 149 3859 270 3912; x_wconf 91' lang='lat' dir='ltr'><strong>irco</strong></span> <span class='ocrx_word' id='word_1_291' title='bbox 300 3873 423 3912; x_wconf 88' lang='lat' dir='ltr'><strong>vero</strong></span> <span class='ocrx_word' id='word_1_292' title='bbox 451 3865 633 3911; x_wconf 88' lang='lat' dir='ltr'><strong>octava</strong></span> <span class='ocrx_word' id='word_1_293' title='bbox 660 3856 748 3909; x_wconf 88' lang='lat' dir='ltr'><strong>die</strong></span> <span class='ocrx_word' id='word_1_294' title='bbox 775 3854 1245 3931; x_wconf 86' lang='lat' dir='ltr'><strong>circumciduntur,</strong></span> <span class='ocrx_word' id='word_1_295' title='bbox 1274 3854 1394 3922; x_wconf 81' lang='lat' dir='ltr'><strong>quia</strong></span> <span class='ocrx_word' id='word_1_296' title='bbox 1425 3862 1553 3908; x_wconf 66' lang='lat' dir='ltr'><strong>aetas</strong></span> <span class='ocrx_word' id='word_1_297' title='bbox 1578 3868 1684 3908; x_wconf 92' lang='lat' dir='ltr'><strong>non</strong></span> 
     </span>
    </p>
   </div>
   <div class='ocr_carea' id='block_1_40' title="bbox 117 3943 1684 4014">
    <p class='ocr_par' dir='ltr' id='par_1_40' title="bbox 117 3943 1684 4014">
     <span class='ocr_line' id='line_1_40' title="bbox 117 3943 1684 4014; baseline -0.002 -14"><span class='ocrx_word' id='word_1_298' title='bbox 117 3949 304 4014; x_wconf 88' lang='lat' dir='ltr'><strong>potuit</strong></span> <span class='ocrx_word' id='word_1_299' title='bbox 348 3958 470 4002; x_wconf 88' lang='lat' dir='ltr'><strong>ante</strong></span> <span class='ocrx_word' id='word_1_300' title='bbox 507 3949 786 4001; x_wconf 86' lang='lat' dir='ltr'><strong>sustinere.</strong></span> <span class='ocrx_word' id='word_1_301' title='bbox 840 3943 1254 3999; x_wconf 87' lang='lat' dir='ltr'><strong>Circumcisione</strong></span> <span class='ocrx_word' id='word_1_302' title='bbox 1284 3943 1405 3998; x_wconf 74' lang='lat' dir='ltr'><strong>octo&#39;</strong></span> <span class='ocrx_word' id='word_1_303' title='bbox 1434 3943 1684 3998; x_wconf 81' lang='lat' dir='ltr'><strong>vitiorum</strong></span> 
     </span>
    </p>
   </div>
   <div class='ocr_carea' id='block_1_41' title="bbox 114 4031 1686 4104">
    <p class='ocr_par' dir='ltr' id='par_1_41' title="bbox 114 4031 1686 4104">
     <span class='ocr_line' id='line_1_41' title="bbox 114 4031 1686 4104; baseline 0.001 -18"><span class='ocrx_word' id='word_1_304' title='bbox 114 4033 614 4101; x_wconf 65' lang='lat' dir='ltr'><strong>circumcisiouem,</strong></span> <span class='ocrx_word' id='word_1_305' title='bbox 636 4033 941 4104; x_wconf 74' lang='lat' dir='ltr'><strong>significans</strong></span> <span class='ocrx_word' id='word_1_306' title='bbox 963 4032 1014 4086; x_wconf 93' lang='lat' dir='ltr'><strong>in</strong></span> <span class='ocrx_word' id='word_1_307' title='bbox 1039 4045 1170 4087; x_wconf 89' lang='lat' dir='ltr'><strong>nova</strong></span> <span class='ocrx_word' id='word_1_308' title='bbox 1195 4032 1495 4088; x_wconf 90' lang='lat' dir='ltr'><strong>teneritate.</strong></span> <span class='ocrx_word' id='word_1_309' title='bbox 1516 4031 1686 4088; x_wconf 87' lang='lat' dir='ltr'><strong>Causa</strong></span> 
     </span>
    </p>
   </div>
   <div class='ocr_carea' id='block_1_42' title="bbox 113 4121 1686 4194">
    <p class='ocr_par' dir='ltr' id='par_1_42' title="bbox 113 4121 1686 4194">
     <span class='ocr_line' id='line_1_42' title="bbox 113 4121 1686 4194; baseline 0.001 -19"><span class='ocrx_word' id='word_1_310' title='bbox 113 4135 310 4177; x_wconf 86' lang='lat' dir='ltr'><strong>autem</strong></span> <span class='ocrx_word' id='word_1_311' title='bbox 357 4126 619 4194; x_wconf 75' lang='lat' dir='ltr'><strong>pudicitia:</strong></span> <span class='ocrx_word' id='word_1_312' title='bbox 667 4125 768 4178; x_wconf 87' lang='lat' dir='ltr'><strong>hoc</strong></span> <span class='ocrx_word' id='word_1_313' title='bbox 810 4121 1100 4176; x_wconf 87' lang='lat' dir='ltr'><strong>membrum</strong></span> <span class='ocrx_word' id='word_1_314' title='bbox 1142 4121 1570 4187; x_wconf 85' lang='lat' dir='ltr'><strong>circumciditur,</strong></span> <span class='ocrx_word' id='word_1_315' title='bbox 1602 4123 1686 4177; x_wconf 85' lang='lat' dir='ltr'><strong>vel</strong></span> 
     </span>
    </p>
   </div>
   <div class='ocr_carea' id='block_1_43' title="bbox 114 4210 1689 4287">
    <p class='ocr_par' dir='ltr' id='par_1_43' title="bbox 114 4210 1689 4287">
     <span class='ocr_line' id='line_1_43' title="bbox 114 4210 1689 4287; baseline -0.001 -20"><span class='ocrx_word' id='word_1_316' title='bbox 114 4215 254 4287; x_wconf 73' lang='lat' dir='ltr'><strong>quia</strong></span> <span class='ocrx_word' id='word_1_317' title='bbox 313 4214 363 4266; x_wconf 94' lang='lat' dir='ltr'><strong>in</strong></span> <span class='ocrx_word' id='word_1_318' title='bbox 396 4215 505 4268; x_wconf 14' lang='lat' dir='ltr'><strong>illo.</strong></span> <span class='ocrx_word' id='word_1_319' title='bbox 536 4217 774 4282; x_wconf 85' lang='lat' dir='ltr'><strong>voluptas</strong></span> <span class='ocrx_word' id='word_1_320' title='bbox 806 4213 907 4279; x_wconf 91' lang='lat' dir='ltr'><strong>sit,</strong></span> <span class='ocrx_word' id='word_1_321' title='bbox 941 4219 995 4263; x_wconf 91' lang='lat' dir='ltr'><strong>ut</strong></span> <span class='ocrx_word' id='word_1_322' title='bbox 1023 4210 1073 4263; x_wconf 90' lang='lat' dir='ltr'><strong>in</strong></span> <span class='ocrx_word' id='word_1_323' title='bbox 1114 4211 1266 4265; x_wconf 91' lang='lat' dir='ltr'><strong>nobis</strong></span> <span class='ocrx_word' id='word_1_324' title='bbox 1310 4212 1557 4268; x_wconf 87' lang='lat' dir='ltr'><strong>similiter</strong></span> <span class='ocrx_word' id='word_1_325' title='bbox 1584 4213 1689 4267; x_wconf 82' lang='lat' dir='ltr'><strong>cir-</strong></span> 
     </span>
    </p>
   </div>
   <div class='ocr_carea' id='block_1_44' title="bbox 123 4300 1691 4372">
    <p class='ocr_par' dir='ltr' id='par_1_44' title="bbox 123 4300 1691 4372">
     <span class='ocr_line' id='line_1_44' title="bbox 123 4300 1691 4372; baseline -0.003 -12"><span class='ocrx_word' id='word_1_326' title='bbox 123 4304 498 4361; x_wconf 86' lang='lat' dir='ltr'><strong>cumcidatur.</strong></span> <span class='ocrx_word' id='word_1_327' title='bbox 528 4303 876 4359; x_wconf 81' lang='lat' dir='ltr'><strong>Circumcisio</strong></span> <span class='ocrx_word' id='word_1_328' title='bbox 902 4315 1028 4355; x_wconf 84' lang='lat' dir='ltr'><strong>vero</strong></span> <span class='ocrx_word' id='word_1_329' title='bbox 1055 4300 1106 4353; x_wconf 88' lang='lat' dir='ltr'><strong>in</strong></span> <span class='ocrx_word' id='word_1_330' title='bbox 1147 4316 1249 4354; x_wconf 90' lang='lat' dir='ltr'><strong>una</strong></span> <span class='ocrx_word' id='word_1_331' title='bbox 1283 4305 1428 4369; x_wconf 82' lang='lat' dir='ltr'><strong>parte</strong></span> <span class='ocrx_word' id='word_1_332' title='bbox 1454 4303 1691 4372; x_wconf 90' lang='lat' dir='ltr'><strong>corporis</strong></span> 
     </span>
    </p>
   </div>
   <div class='ocr_carea' id='block_1_45' title="bbox 116 4385 1689 4464">
    <p class='ocr_par' dir='ltr' id='par_1_45' title="bbox 116 4385 1689 4464">
     <span class='ocr_line' id='line_1_45' title="bbox 116 4385 1689 4464; baseline -0.003 -15"><span class='ocrx_word' id='word_1_333' title='bbox 116 4385 313 4462; x_wconf 81' lang='lat' dir='ltr'><strong>datur,</strong></span> <span class='ocrx_word' id='word_1_334' title='bbox 340 4412 405 4450; x_wconf 92' lang='lat' dir='ltr'><strong>eo</strong></span> <span class='ocrx_word' id='word_1_335' title='bbox 427 4398 564 4464; x_wconf 89' lang='lat' dir='ltr'><strong>quod</strong></span> <span class='ocrx_word' id='word_1_336' title='bbox 595 4409 788 4463; x_wconf 88' lang='lat' dir='ltr'><strong>corpus</strong></span> <span class='ocrx_word' id='word_1_337' title='bbox 811 4403 864 4448; x_wconf 92' lang='lat' dir='ltr'><strong>et</strong></span> <span class='ocrx_word' id='word_1_338' title='bbox 889 4393 1150 4446; x_wconf 79' lang='lat' dir='ltr'><strong>infernum</strong></span> <span class='ocrx_word' id='word_1_339' title='bbox 1175 4393 1457 4462; x_wconf 71' lang='lat' dir='ltr'><strong>significat,</strong></span> <span class='ocrx_word' id='word_1_340' title='bbox 1490 4395 1544 4447; x_wconf 94' lang='lat' dir='ltr'><strong>in</strong></span> <span class='ocrx_word' id='word_1_341' title='bbox 1569 4393 1689 4462; x_wconf 90' lang='lat' dir='ltr'><strong>qui-</strong></span> 
     </span>
    </p>
   </div>
   <div class='ocr_carea' id='block_1_46' title="bbox 907 400 2520 469">
    <p class='ocr_par' dir='ltr' id='par_1_46' title="bbox 907 400 2520 469">
     <span class='ocr_line' id='line_1_46' title="bbox 907 400 2520 469; baseline -0.011 1"><span class='ocrx_word' id='word_1_342' title='bbox 907 415 965 469; x_wconf 79' lang='lat' dir='ltr'><strong>IN</strong></span> <span class='ocrx_word' id='word_1_343' title='bbox 1006 407 1552 469; x_wconf 76' lang='lat' dir='ltr'><strong>PENTATEIICIIUM</strong></span> <span class='ocrx_word' id='word_1_344' title='bbox 1592 401 2072 458; x_wconf 72' lang='lat' dir='ltr'><strong>COMMENTABII.</strong></span> <span class='ocrx_word' id='word_1_345' title='bbox 2116 431 2182 443; x_wconf 94' lang='lat'>—</span> <span class='ocrx_word' id='word_1_346' title='bbox 2223 400 2520 458; x_wconf 77' lang='lat' dir='ltr'><strong>GENESIS.</strong></span> 
     </span>
    </p>
   </div>
   <div class='ocr_carea' id='block_1_47' title="bbox 3206 398 3311 452">
    <p class='ocr_par' dir='ltr' id='par_1_47' title="bbox 3206 398 3311 452">
     <span class='ocr_line' id='line_1_47' title="bbox 3206 398 3311 452; baseline 0.01 -1"><span class='ocrx_word' id='word_1_347' title='bbox 3206 398 3311 452; x_wconf 72' lang='grc'><strong>258</strong></span> 
     </span>
    </p>
   </div>
   <div class='ocr_carea' id='block_1_48' title="bbox 2318 512 2736 569">
    <p class='ocr_par' dir='ltr' id='par_1_48' title="bbox 2318 512 2736 569">
     <span class='ocr_line' id='line_1_48' title="bbox 2318 512 2736 569; baseline -0.002 -3"><span class='ocrx_word' id='word_1_348' title='bbox 2318 513 2541 569; x_wconf 84' lang='lat' dir='ltr'><strong>CAPUT</strong></span> <span class='ocrx_word' id='word_1_349' title='bbox 2579 512 2736 567; x_wconf 73' lang='lat' dir='ltr'><strong>XVIII</strong></span> 
     </span>
    </p>
   </div>
   <div class='ocr_carea' id='block_1_49' title="bbox 1827 592 3309 675">
    <p class='ocr_par' dir='ltr' id='par_1_49' title="bbox 1827 592 3309 675">
     <span class='ocr_line' id='line_1_49' title="bbox 1827 592 3309 675; baseline 0.003 -15"><span class='ocrx_word' id='word_1_350' title='bbox 1827 607 1948 660; x_wconf 79' lang='lat' dir='ltr'><strong>Post</strong></span> <span class='ocrx_word' id='word_1_351' title='bbox 1975 609 2079 661; x_wconf 72' lang='lat' dir='ltr'><strong>Itwc</strong></span> <span class='ocrx_word' id='word_1_352' title='bbox 2108 616 2454 674; x_wconf 80' lang='lat' dir='ltr'><strong>apparuerunt</strong></span> <span class='ocrx_word' id='word_1_353' title='bbox 2482 606 2699 660; x_wconf 70' lang='lat' dir='ltr'><strong>Abrahw</strong></span> <span class='ocrx_word' id='word_1_354' title='bbox 2727 615 2825 658; x_wconf 83' lang='lat' dir='ltr'><strong>tres</strong></span> <span class='ocrx_word' id='word_1_355' title='bbox 2851 606 2962 667; x_wconf 85' lang='lat' dir='ltr'><strong>viri,</strong></span> <span class='ocrx_word' id='word_1_356' title='bbox 2994 592 3054 660; x_wconf 21' lang='lat' dir='ltr'><strong>et,</strong></span> <span class='ocrx_word' id='word_1_357' title='bbox 3085 609 3309 675; x_wconf 75' lang='lat' dir='ltr'><strong>reliqua.</strong></span> 
     </span>
    </p>
   </div>
   <div class='ocr_carea' id='block_1_50' title="bbox 1757 697 3306 768">
    <p class='ocr_par' dir='ltr' id='par_1_50' title="bbox 1757 697 3306 768">
     <span class='ocr_line' id='line_1_50' title="bbox 1757 697 3306 768; baseline 0.002 -16"><span class='ocrx_word' id='word_1_358' title='bbox 1757 698 2050 752; x_wconf 83' lang='lat' dir='ltr'><strong>Notandum</strong></span> <span class='ocrx_word' id='word_1_359' title='bbox 2075 701 2213 768; x_wconf 88' lang='lat' dir='ltr'><strong>quod</strong></span> <span class='ocrx_word' id='word_1_360' title='bbox 2243 697 2800 766; x_wconf 80' lang='lat' dir='ltr'><strong>Abraltamtriplicetn</strong></span> <span class='ocrx_word' id='word_1_361' title='bbox 2833 699 3050 768; x_wconf 88' lang='lat' dir='ltr'><strong>ﬁguram</strong></span> <span class='ocrx_word' id='word_1_362' title='bbox 3077 698 3267 754; x_wconf 81' lang='lat' dir='ltr'><strong>Itabeat</strong></span> <span class='ocrx_word' id='word_1_363' title='bbox 3292 721 3306 755; x_wconf 80' lang='lat'><strong>.</strong></span> 
     </span>
    </p>
   </div>
   <div class='ocr_carea' id='block_1_51' title="bbox 1759 785 3309 857">
    <p class='ocr_par' dir='ltr' id='par_1_51' title="bbox 1759 785 3309 857">
     <span class='ocr_line' id='line_1_51' title="bbox 1759 785 3309 857; baseline 0.003 -17"><span class='ocrx_word' id='word_1_364' title='bbox 1759 786 1979 856; x_wconf 85' lang='lat' dir='ltr'><strong>primam</strong></span> <span class='ocrx_word' id='word_1_365' title='bbox 2009 785 2321 850; x_wconf 79' lang='lat' dir='ltr'><strong>Salvatoris,</strong></span> <span class='ocrx_word' id='word_1_366' title='bbox 2353 787 2566 856; x_wconf 83' lang='lat' dir='ltr'><strong>quando</strong></span> <span class='ocrx_word' id='word_1_367' title='bbox 2595 788 2761 843; x_wconf 82' lang='lat' dir='ltr'><strong>exivit</strong></span> <span class='ocrx_word' id='word_1_368' title='bbox 2790 788 2856 842; x_wconf 88' lang='lat' dir='ltr'><strong>de</strong></span> <span class='ocrx_word' id='word_1_369' title='bbox 2900 797 3036 842; x_wconf 87' lang='lat' dir='ltr'><strong>terra</strong></span> <span class='ocrx_word' id='word_1_370' title='bbox 3068 803 3194 857; x_wconf 88' lang='lat' dir='ltr'><strong>sua;</strong></span> <span class='ocrx_word' id='word_1_371' title='bbox 3221 805 3309 845; x_wconf 83' lang='lat' dir='ltr'><strong>se-</strong></span> 
     </span>
    </p>
   </div>
   <div class='ocr_carea' id='block_1_52' title="bbox 1757 875 3310 943">
    <p class='ocr_par' dir='ltr' id='par_1_52' title="bbox 1757 875 3310 943">
     <span class='ocr_line' id='line_1_52' title="bbox 1757 875 3310 943; baseline 0.003 -14"><span class='ocrx_word' id='word_1_372' title='bbox 1757 877 1981 931; x_wconf 86' lang='lat' dir='ltr'><strong>cundam</strong></span> <span class='ocrx_word' id='word_1_373' title='bbox 2024 875 2230 940; x_wconf 88' lang='lat' dir='ltr'><strong>Patris,</strong></span> <span class='ocrx_word' id='word_1_374' title='bbox 2262 891 2382 930; x_wconf 88' lang='lat' dir='ltr'><strong>cum</strong></span> <span class='ocrx_word' id='word_1_375' title='bbox 2428 876 2721 930; x_wconf 78' lang='lat' dir='ltr'><strong>immolavit</strong></span> <span class='ocrx_word' id='word_1_376' title='bbox 2770 877 2970 943; x_wconf 83' lang='lat' dir='ltr'><strong>illium;</strong></span> <span class='ocrx_word' id='word_1_377' title='bbox 3001 879 3209 932; x_wconf 78' lang='lat' dir='ltr'><strong>tertiam</strong></span> <span class='ocrx_word' id='word_1_378' title='bbox 3257 880 3310 934; x_wconf 87' lang='lat' dir='ltr'><strong>in</strong></span> 
     </span>
    </p>
   </div>
   <div class='ocr_carea' id='block_1_53' title="bbox 1760 970 3310 1041">
    <p class='ocr_par' dir='ltr' id='par_1_53' title="bbox 1760 970 3310 1041">
     <span class='ocr_line' id='line_1_53' title="bbox 1760 970 3310 1041; baseline 0 -15"><span class='ocrx_word' id='word_1_379' title='bbox 1760 971 1862 1027; x_wconf 90' lang='lat' dir='ltr'><strong>hoc</strong></span> <span class='ocrx_word' id='word_1_380' title='bbox 1892 974 2007 1026; x_wconf 88' lang='lat' dir='ltr'><strong>loco</strong></span> <span class='ocrx_word' id='word_1_381' title='bbox 2034 979 2336 1026; x_wconf 86' lang='lat' dir='ltr'><strong>sanctorum</strong></span> <span class='ocrx_word' id='word_1_382' title='bbox 2367 970 2454 1037; x_wconf 89' lang='lat' dir='ltr'><strong>qui</strong></span> <span class='ocrx_word' id='word_1_383' title='bbox 2495 971 2778 1025; x_wconf 78' lang='lat' dir='ltr'><strong>adventum</strong></span> <span class='ocrx_word' id='word_1_384' title='bbox 2808 971 3009 1026; x_wconf 80' lang='lat' dir='ltr'><strong>Domini</strong></span> <span class='ocrx_word' id='word_1_385' title='bbox 3040 988 3158 1027; x_wconf 91' lang='lat' dir='ltr'><strong>cum</strong></span> <span class='ocrx_word' id='word_1_386' title='bbox 3186 987 3310 1041; x_wconf 87' lang='lat' dir='ltr'><strong>gau-</strong></span> 
     </span>
    </p>
   </div>
   <div class='ocr_carea' id='block_1_54' title="bbox 1760 1060 3307 1130">
    <p class='ocr_par' dir='ltr' id='par_1_54' title="bbox 1760 1060 3307 1130">
     <span class='ocr_line' id='line_1_54' title="bbox 1760 1060 3307 1130; baseline -0.001 -14"><span class='ocrx_word' id='word_1_387' title='bbox 1760 1061 1849 1117; x_wconf 91' lang='lat' dir='ltr'><strong>dio</strong></span> <span class='ocrx_word' id='word_1_388' title='bbox 1878 1066 2245 1130; x_wconf 84' lang='lat' dir='ltr'><strong>susceperunt.</strong></span> <span class='ocrx_word' id='word_1_389' title='bbox 2275 1060 2698 1116; x_wconf 85' lang='lat' dir='ltr'><strong>Tabernaculum</strong></span> <span class='ocrx_word' id='word_1_390' title='bbox 2742 1062 2972 1116; x_wconf 72' lang='lat' dir='ltr'><strong>Abraltzu</strong></span> <span class='ocrx_word' id='word_1_391' title='bbox 3004 1061 3116 1128; x_wconf 81' lang='lat' dir='ltr'><strong>ipsa</strong></span> <span class='ocrx_word' id='word_1_392' title='bbox 3159 1062 3307 1118; x_wconf 82' lang='lat' dir='ltr'><strong>Jeru-</strong></span> 
     </span>
    </p>
   </div>
   <div class='ocr_carea' id='block_1_55' title="bbox 1761 1139 3310 1220">
    <p class='ocr_par' dir='ltr' id='par_1_55' title="bbox 1761 1139 3310 1220">
     <span class='ocr_line' id='line_1_55' title="bbox 1761 1139 3310 1220; baseline -0.001 -14"><span class='ocrx_word' id='word_1_393' title='bbox 1761 1152 1950 1216; x_wconf 85' lang='lat' dir='ltr'><strong>salem,</strong></span> <span class='ocrx_word' id='word_1_394' title='bbox 1978 1151 2064 1206; x_wconf 92' lang='lat' dir='ltr'><strong>ubi</strong></span> <span class='ocrx_word' id='word_1_395' title='bbox 2089 1165 2183 1218; x_wconf 89' lang='lat' dir='ltr'><strong>pro</strong></span> <span class='ocrx_word' id='word_1_396' title='bbox 2212 1158 2447 1219; x_wconf 88' lang='lat' dir='ltr'><strong>tempore</strong></span> <span class='ocrx_word' id='word_1_397' title='bbox 2468 1139 2694 1219; x_wconf 82' lang='lat' dir='ltr'><strong>apostoli</strong></span> <span class='ocrx_word' id='word_1_398' title='bbox 2715 1149 2945 1214; x_wconf 79' lang='lat' dir='ltr'><strong>fuerunt,</strong></span> <span class='ocrx_word' id='word_1_399' title='bbox 2972 1150 3058 1206; x_wconf 91' lang='lat' dir='ltr'><strong>ubi</strong></span> <span class='ocrx_word' id='word_1_400' title='bbox 3084 1151 3310 1220; x_wconf 89' lang='lat' dir='ltr'><strong>primum</strong></span> 
     </span>
    </p>
   </div>
   <div class='ocr_carea' id='block_1_56' title="bbox 1762 1240 3316 1308">
    <p class='ocr_par' dir='ltr' id='par_1_56' title="bbox 1762 1240 3316 1308">
     <span class='ocr_line' id='line_1_56' title="bbox 1762 1240 3316 1308; baseline -0.001 -12"><span class='ocrx_word' id='word_1_401' title='bbox 1762 1241 2017 1296; x_wconf 86' lang='lat' dir='ltr'><strong>Dominus</strong></span> <span class='ocrx_word' id='word_1_402' title='bbox 2042 1257 2070 1293; x_wconf 90' lang='lat' dir='ltr'><strong>a</strong></span> <span class='ocrx_word' id='word_1_403' title='bbox 2107 1240 2443 1295; x_wconf 86' lang='lat' dir='ltr'><strong>credentibus</strong></span> <span class='ocrx_word' id='word_1_404' title='bbox 2482 1248 2732 1308; x_wconf 89' lang='lat' dir='ltr'><strong>acceptus</strong></span> <span class='ocrx_word' id='word_1_405' title='bbox 2757 1250 2858 1295; x_wconf 89' lang='lat' dir='ltr'><strong>est.</strong></span> <span class='ocrx_word' id='word_1_406' title='bbox 2907 1240 2960 1294; x_wconf 83' lang='lat' dir='ltr'><strong>In</strong></span> <span class='ocrx_word' id='word_1_407' title='bbox 2992 1241 3162 1294; x_wconf 86' lang='lat' dir='ltr'><strong>tribus</strong></span> <span class='ocrx_word' id='word_1_408' title='bbox 3189 1240 3316 1294; x_wconf 88' lang='lat' dir='ltr'><strong>viris</strong></span> 
     </span>
    </p>
   </div>
   <div class='ocr_carea' id='block_1_57' title="bbox 1762 1330 3313 1401">
    <p class='ocr_par' dir='ltr' id='par_1_57' title="bbox 1762 1330 3313 1401">
     <span class='ocr_line' id='line_1_57' title="bbox 1762 1330 3313 1401; baseline 0 -19"><span class='ocrx_word' id='word_1_409' title='bbox 1762 1330 1854 1401; x_wconf 86' lang='lat' dir='ltr'><strong>qui</strong></span> <span class='ocrx_word' id='word_1_410' title='bbox 1881 1339 2158 1394; x_wconf 89' lang='lat' dir='ltr'><strong>venerunt,</strong></span> <span class='ocrx_word' id='word_1_411' title='bbox 2180 1330 2322 1384; x_wconf 88' lang='lat' dir='ltr'><strong>illius</strong></span> <span class='ocrx_word' id='word_1_412' title='bbox 2342 1330 2710 1397; x_wconf 90' lang='lat' dir='ltr'><strong>pronuntiatur</strong></span> <span class='ocrx_word' id='word_1_413' title='bbox 2737 1330 3017 1385; x_wconf 81' lang='lat' dir='ltr'><strong>adventus.</strong></span> <span class='ocrx_word' id='word_1_414' title='bbox 3049 1331 3180 1385; x_wconf 81' lang='lat' dir='ltr'><strong>Cum</strong></span> <span class='ocrx_word' id='word_1_415' title='bbox 3209 1346 3313 1400; x_wconf 85' lang='lat' dir='ltr'><strong>quo</strong></span> 
     </span>
    </p>
   </div>
   <div class='ocr_carea' id='block_1_58' title="bbox 1763 1418 3322 1491">
    <p class='ocr_par' dir='ltr' id='par_1_58' title="bbox 1763 1418 3322 1491">
     <span class='ocr_line' id='line_1_58' title="bbox 1763 1418 3322 1491; baseline -0.001 -16"><span class='ocrx_word' id='word_1_416' title='bbox 1763 1421 1866 1475; x_wconf 89' lang='lat' dir='ltr'><strong>duo</strong></span> <span class='ocrx_word' id='word_1_417' title='bbox 1888 1421 2059 1490; x_wconf 83' lang='lat' dir='ltr'><strong>angeli</strong></span> <span class='ocrx_word' id='word_1_418' title='bbox 2103 1418 2527 1484; x_wconf 88' lang='lat' dir='ltr'><strong>comitabantur,</strong></span> <span class='ocrx_word' id='word_1_419' title='bbox 2553 1434 2688 1490; x_wconf 89' lang='lat' dir='ltr'><strong>quos</strong></span> <span class='ocrx_word' id='word_1_420' title='bbox 2737 1420 2975 1490; x_wconf 85' lang='lat' dir='ltr'><strong>plerique</strong></span> <span class='ocrx_word' id='word_1_421' title='bbox 3020 1420 3235 1491; x_wconf 74' lang='lat' dir='ltr'><strong>Moysen</strong></span> <span class='ocrx_word' id='word_1_422' title='bbox 3268 1431 3322 1473; x_wconf 83' lang='lat' dir='ltr'><strong>et</strong></span> 
     </span>
    </p>
   </div>
   <div class='ocr_carea' id='block_1_59' title="bbox 1767 1511 3321 1582">
    <p class='ocr_par' dir='ltr' id='par_1_59' title="bbox 1767 1511 3321 1582">
     <span class='ocr_line' id='line_1_59' title="bbox 1767 1511 3321 1582; baseline -0.002 -15"><span class='ocrx_word' id='word_1_423' title='bbox 1767 1514 1932 1568; x_wconf 81' lang='lat' dir='ltr'><strong>Etiam</strong></span> <span class='ocrx_word' id='word_1_424' title='bbox 1983 1522 2392 1581; x_wconf 79' lang='lat' dir='ltr'><strong>putantzunum</strong></span> <span class='ocrx_word' id='word_1_425' title='bbox 2443 1527 2538 1580; x_wconf 91' lang='lat' dir='ltr'><strong>per</strong></span> <span class='ocrx_word' id='word_1_426' title='bbox 2579 1511 2748 1582; x_wconf 83' lang='lat' dir='ltr'><strong>legem</strong></span> <span class='ocrx_word' id='word_1_427' title='bbox 2797 1511 3078 1567; x_wconf 82' lang='lat' dir='ltr'><strong>adventum</strong></span> <span class='ocrx_word' id='word_1_428' title='bbox 3113 1511 3321 1566; x_wconf 88' lang='lat' dir='ltr'><strong>Domini</strong></span> 
     </span>
    </p>
   </div>
   <div class='ocr_carea' id='block_1_60' title="bbox 1767 1600 3324 1672">
    <p class='ocr_par' dir='ltr' id='par_1_60' title="bbox 1767 1600 3324 1672">
     <span class='ocr_line' id='line_1_60' title="bbox 1767 1600 3324 1672; baseline 0 -17"><span class='ocrx_word' id='word_1_429' title='bbox 1767 1603 2141 1672; x_wconf 64' lang='lat' dir='ltr'><strong>praedicnntem</strong></span> <span class='ocrx_word' id='word_1_430' title='bbox 2165 1643 2180 1670; x_wconf 89' lang='lat'><strong>,</strong></span> <span class='ocrx_word' id='word_1_431' title='bbox 2213 1601 2373 1655; x_wconf 88' lang='lat' dir='ltr'><strong>alittm</strong></span> <span class='ocrx_word' id='word_1_432' title='bbox 2403 1601 2454 1655; x_wconf 91' lang='lat' dir='ltr'><strong>in</strong></span> <span class='ocrx_word' id='word_1_433' title='bbox 2483 1601 2588 1655; x_wconf 84' lang='lat' dir='ltr'><strong>ﬁne</strong></span> <span class='ocrx_word' id='word_1_434' title='bbox 2616 1600 2838 1667; x_wconf 90' lang='lat' dir='ltr'><strong>mundi,</strong></span> <span class='ocrx_word' id='word_1_435' title='bbox 2867 1611 3147 1670; x_wconf 87' lang='lat' dir='ltr'><strong>antequam</strong></span> <span class='ocrx_word' id='word_1_436' title='bbox 3171 1602 3324 1655; x_wconf 86' lang='lat' dir='ltr'><strong>Chri-</strong></span> 
     </span>
    </p>
   </div>
   <div class='ocr_carea' id='block_1_61' title="bbox 1766 1691 3327 1762">
    <p class='ocr_par' dir='ltr' id='par_1_61' title="bbox 1766 1691 3327 1762">
     <span class='ocr_line' id='line_1_61' title="bbox 1766 1691 3327 1762; baseline 0.001 -16"><span class='ocrx_word' id='word_1_437' title='bbox 1766 1703 1880 1748; x_wconf 88' lang='lat' dir='ltr'><strong>stus</strong></span> <span class='ocrx_word' id='word_1_438' title='bbox 1906 1693 2102 1756; x_wconf 89' lang='lat' dir='ltr'><strong>veniat,</strong></span> <span class='ocrx_word' id='word_1_439' title='bbox 2128 1701 2428 1746; x_wconf 86' lang='lat' dir='ltr'><strong>venturum.</strong></span> <span class='ocrx_word' id='word_1_440' title='bbox 2457 1691 2692 1762; x_wconf 87' lang='lat' dir='ltr'><strong>Denique</strong></span> <span class='ocrx_word' id='word_1_441' title='bbox 2720 1701 2772 1746; x_wconf 89' lang='lat' dir='ltr'><strong>et</strong></span> <span class='ocrx_word' id='word_1_442' title='bbox 2799 1691 2850 1745; x_wconf 91' lang='lat' dir='ltr'><strong>in</strong></span> <span class='ocrx_word' id='word_1_443' title='bbox 2883 1703 3062 1749; x_wconf 89' lang='lat' dir='ltr'><strong>ntonte</strong></span> <span class='ocrx_word' id='word_1_444' title='bbox 3085 1708 3204 1747; x_wconf 88' lang='lat' dir='ltr'><strong>cum</strong></span> <span class='ocrx_word' id='word_1_445' title='bbox 3235 1694 3327 1747; x_wconf 90' lang='lat' dir='ltr'><strong>illo</strong></span> 
     </span>
    </p>
   </div>
   <div class='ocr_carea' id='block_1_62' title="bbox 1766 1783 3325 1852">
    <p class='ocr_par' dir='ltr' id='par_1_62' title="bbox 1766 1783 3325 1852">
     <span class='ocr_line' id='line_1_62' title="bbox 1766 1783 3325 1852; baseline 0.001 -15"><span class='ocrx_word' id='word_1_446' title='bbox 1766 1783 1865 1840; x_wconf 83' lang='lat' dir='ltr'><strong>visi</strong></span> <span class='ocrx_word' id='word_1_447' title='bbox 1893 1795 2035 1839; x_wconf 86' lang='lat' dir='ltr'><strong>sunt.</strong></span> <span class='ocrx_word' id='word_1_448' title='bbox 2065 1783 2215 1852; x_wconf 86' lang='lat' dir='ltr'><strong>Quod</strong></span> <span class='ocrx_word' id='word_1_449' title='bbox 2245 1794 2420 1838; x_wconf 89' lang='lat' dir='ltr'><strong>autem</strong></span> <span class='ocrx_word' id='word_1_450' title='bbox 2451 1793 2557 1838; x_wconf 88' lang='lat' dir='ltr'><strong>tres</strong></span> <span class='ocrx_word' id='word_1_451' title='bbox 2589 1786 2730 1839; x_wconf 89' lang='lat' dir='ltr'><strong>viros</strong></span> <span class='ocrx_word' id='word_1_452' title='bbox 2782 1783 2987 1848; x_wconf 84' lang='lat' dir='ltr'><strong>videns.</strong></span> <span class='ocrx_word' id='word_1_453' title='bbox 3034 1801 3197 1840; x_wconf 89' lang='lat' dir='ltr'><strong>unum</strong></span> <span class='ocrx_word' id='word_1_454' title='bbox 3228 1788 3293 1838; x_wconf 89' lang='lat' dir='ltr'><strong>ad</strong></span> <span class='ocrx_word' id='word_1_455' title='bbox 3313 1819 3325 1827; x_wconf 83' lang='lat'><strong>-</strong></span> 
     </span>
    </p>
   </div>
   <div class='ocr_carea' id='block_1_63' title="bbox 1767 1874 3324 1946">
    <p class='ocr_par' dir='ltr' id='par_1_63' title="bbox 1767 1874 3324 1946">
     <span class='ocr_line' id='line_1_63' title="bbox 1767 1874 3324 1946; baseline 0 -17"><span class='ocrx_word' id='word_1_456' title='bbox 1767 1876 1956 1939; x_wconf 87' lang='lat' dir='ltr'><strong>oravit,</strong></span> <span class='ocrx_word' id='word_1_457' title='bbox 1979 1876 2257 1930; x_wconf 78' lang='lat' dir='ltr'><strong>Deminutu</strong></span> <span class='ocrx_word' id='word_1_458' title='bbox 2273 1874 2600 1930; x_wconf 89' lang='lat' dir='ltr'><strong>Salvatorem</strong></span> <span class='ocrx_word' id='word_1_459' title='bbox 2625 1875 2906 1946; x_wconf 87' lang='lat' dir='ltr'><strong>signiﬁcat.</strong></span> <span class='ocrx_word' id='word_1_460' title='bbox 2923 1878 3072 1945; x_wconf 76' lang='lat' dir='ltr'><strong>cujus</strong></span> <span class='ocrx_word' id='word_1_461' title='bbox 3101 1879 3324 1932; x_wconf 88' lang='lat' dir='ltr'><strong>adventu</strong></span> 
     </span>
    </p>
   </div>
   <div class='ocr_carea' id='block_1_64' title="bbox 1766 1964 3325 2034">
    <p class='ocr_par' dir='ltr' id='par_1_64' title="bbox 1766 1964 3325 2034">
     <span class='ocr_line' id='line_1_64' title="bbox 1766 1964 3325 2034; baseline 0.001 -15"><span class='ocrx_word' id='word_1_462' title='bbox 1766 1967 2098 2034; x_wconf 63' lang='lat' dir='ltr'><strong>praestolatus</strong></span> <span class='ocrx_word' id='word_1_463' title='bbox 2128 1974 2266 2019; x_wconf 85' lang='lat' dir='ltr'><strong>erat.</strong></span> <span class='ocrx_word' id='word_1_464' title='bbox 2304 1964 2453 2020; x_wconf 88' lang='lat' dir='ltr'><strong>Unde</strong></span> <span class='ocrx_word' id='word_1_465' title='bbox 2485 1965 2734 2018; x_wconf 87' lang='lat' dir='ltr'><strong>Dominus</strong></span> <span class='ocrx_word' id='word_1_466' title='bbox 2762 1966 2888 2020; x_wconf 91' lang='lat' dir='ltr'><strong>dicit</strong></span> <span class='ocrx_word' id='word_1_467' title='bbox 2914 1981 2929 2018; x_wconf 90' lang='lat'><strong>:</strong></span> <span class='ocrx_word' id='word_1_468' title='bbox 2954 1965 3207 2019; x_wconf 80' lang='lat' dir='ltr'><strong>Abraham</strong></span> <span class='ocrx_word' id='word_1_469' title='bbox 3233 1982 3325 2020; x_wconf 75' lang='lat' dir='ltr'><strong>ea:-</strong></span> 
     </span>
    </p>
   </div>
   <div class='ocr_carea' id='block_1_65' title="bbox 1765 2054 3322 2125">
    <p class='ocr_par' dir='ltr' id='par_1_65' title="bbox 1765 2054 3322 2125">
     <span class='ocr_line' id='line_1_65' title="bbox 1765 2054 3322 2125; baseline 0.004 -19"><span class='ocrx_word' id='word_1_470' title='bbox 1765 2054 1969 2108; x_wconf 74' lang='lat' dir='ltr'><strong>sultavit</strong></span> <span class='ocrx_word' id='word_1_471' title='bbox 1986 2055 2154 2109; x_wconf 75' lang='lat' dir='ltr'><strong>uidere</strong></span> <span class='ocrx_word' id='word_1_472' title='bbox 2173 2056 2306 2107; x_wconf 83' lang='lat' dir='ltr'><strong>diem</strong></span> <span class='ocrx_word' id='word_1_473' title='bbox 2330 2065 2575 2118; x_wconf 81' lang='lat' dir='ltr'><strong>meum,et</strong></span> <span class='ocrx_word' id='word_1_474' title='bbox 2595 2055 2739 2118; x_wconf 82' lang='lat' dir='ltr'><strong>uidit,</strong></span> <span class='ocrx_word' id='word_1_475' title='bbox 2765 2064 2810 2108; x_wconf 83' lang='lat' dir='ltr'><strong>et</strong></span> <span class='ocrx_word' id='word_1_476' title='bbox 2831 2058 3033 2125; x_wconf 73' lang='lat' dir='ltr'><strong>gavisus</strong></span> <span class='ocrx_word' id='word_1_477' title='bbox 3057 2067 3150 2110; x_wconf 81' lang='lat' dir='ltr'><strong>est.</strong></span> <span class='ocrx_word' id='word_1_478' title='bbox 3173 2058 3322 2112; x_wconf 81' lang='lat' dir='ltr'><strong>Tunc</strong></span> 
     </span>
    </p>
   </div>
   <div class='ocr_carea' id='block_1_66' title="bbox 1767 2141 3326 2214">
    <p class='ocr_par' dir='ltr' id='par_1_66' title="bbox 1767 2141 3326 2214">
     <span class='ocr_line' id='line_1_66' title="bbox 1767 2141 3326 2214; baseline 0.002 -18"><span class='ocrx_word' id='word_1_479' title='bbox 1767 2145 1906 2196; x_wconf 86' lang='lat' dir='ltr'><strong>enim</strong></span> <span class='ocrx_word' id='word_1_480' title='bbox 1953 2145 2266 2211; x_wconf 82' lang='lat' dir='ltr'><strong>mysterium</strong></span> <span class='ocrx_word' id='word_1_481' title='bbox 2315 2141 2546 2195; x_wconf 80' lang='lat' dir='ltr'><strong>futurum</strong></span> <span class='ocrx_word' id='word_1_482' title='bbox 2596 2143 2832 2210; x_wconf 80' lang='lat' dir='ltr'><strong>aspexit,</strong></span> <span class='ocrx_word' id='word_1_483' title='bbox 2880 2142 3020 2197; x_wconf 90' lang='lat' dir='ltr'><strong>unde</strong></span> <span class='ocrx_word' id='word_1_484' title='bbox 3063 2152 3117 2198; x_wconf 91' lang='lat' dir='ltr'><strong>et</strong></span> <span class='ocrx_word' id='word_1_485' title='bbox 3163 2143 3326 2214; x_wconf 87' lang='lat' dir='ltr'><strong>pedes</strong></span> 
     </span>
    </p>
   </div>
   <div class='ocr_carea' id='block_1_67' title="bbox 1768 2233 3324 2304">
    <p class='ocr_par' dir='ltr' id='par_1_67' title="bbox 1768 2233 3324 2304">
     <span class='ocr_line' id='line_1_67' title="bbox 1768 2233 3324 2304; baseline 0.002 -16"><span class='ocrx_word' id='word_1_486' title='bbox 1768 2234 1978 2288; x_wconf 86' lang='lat' dir='ltr'><strong>illorum</strong></span> <span class='ocrx_word' id='word_1_487' title='bbox 2005 2233 2148 2294; x_wconf 86' lang='lat' dir='ltr'><strong>lavit,</strong></span> <span class='ocrx_word' id='word_1_488' title='bbox 2178 2242 2232 2287; x_wconf 92' lang='lat' dir='ltr'><strong>ut</strong></span> <span class='ocrx_word' id='word_1_489' title='bbox 2265 2233 2316 2287; x_wconf 93' lang='lat' dir='ltr'><strong>in</strong></span> <span class='ocrx_word' id='word_1_490' title='bbox 2335 2243 2584 2288; x_wconf 81' lang='lat' dir='ltr'><strong>extremo</strong></span> <span class='ocrx_word' id='word_1_491' title='bbox 2614 2244 2855 2301; x_wconf 89' lang='lat' dir='ltr'><strong>tempore</strong></span> <span class='ocrx_word' id='word_1_492' title='bbox 2889 2235 3051 2289; x_wconf 84' lang='lat' dir='ltr'><strong>lavari</strong></span> <span class='ocrx_word' id='word_1_493' title='bbox 3084 2237 3324 2304; x_wconf 89' lang='lat' dir='ltr'><strong>puriﬁca-</strong></span> 
     </span>
    </p>
   </div>
   <div class='ocr_carea' id='block_1_68' title="bbox 1771 2318 3321 2392">
    <p class='ocr_par' dir='ltr' id='par_1_68' title="bbox 1771 2318 3321 2392">
     <span class='ocr_line' id='line_1_68' title="bbox 1771 2318 3321 2392; baseline -0.001 -17"><span class='ocrx_word' id='word_1_494' title='bbox 1771 2318 1912 2376; x_wconf 82' lang='lat' dir='ltr'><strong>tione</strong></span> <span class='ocrx_word' id='word_1_495' title='bbox 1951 2328 2288 2376; x_wconf 86' lang='lat' dir='ltr'><strong>monstraret.</strong></span> <span class='ocrx_word' id='word_1_496' title='bbox 2338 2321 2508 2383; x_wconf 82' lang='lat' dir='ltr'><strong>Pedes</strong></span> <span class='ocrx_word' id='word_1_497' title='bbox 2548 2321 2691 2375; x_wconf 88' lang='lat' dir='ltr'><strong>enim</strong></span> <span class='ocrx_word' id='word_1_498' title='bbox 2735 2331 2970 2375; x_wconf 87' lang='lat' dir='ltr'><strong>extrema</strong></span> <span class='ocrx_word' id='word_1_499' title='bbox 3004 2322 3321 2392; x_wconf 84' lang='lat' dir='ltr'><strong>signiﬁcant.</strong></span> 
     </span>
    </p>
   </div>
   <div class='ocr_carea' id='block_1_69' title="bbox 1772 2413 3328 2483">
    <p class='ocr_par' dir='ltr' id='par_1_69' title="bbox 1772 2413 3328 2483">
     <span class='ocr_line' id='line_1_69' title="bbox 1772 2413 3328 2483; baseline 0.001 -16"><span class='ocrx_word' id='word_1_500' title='bbox 1772 2413 1839 2467; x_wconf 82' lang='lat' dir='ltr'><strong>Et</strong></span> <span class='ocrx_word' id='word_1_501' title='bbox 1865 2416 1915 2467; x_wconf 87' lang='lat' dir='ltr'><strong>iu</strong></span> <span class='ocrx_word' id='word_1_502' title='bbox 1942 2413 2221 2467; x_wconf 75' lang='lat' dir='ltr'><strong>conuiuium</strong></span> <span class='ocrx_word' id='word_1_503' title='bbox 2263 2413 2478 2466; x_wconf 79' lang='lat' dir='ltr'><strong>vitulum</strong></span> <span class='ocrx_word' id='word_1_504' title='bbox 2524 2415 2828 2482; x_wconf 69' lang='lat' dir='ltr'><strong>praeparavit</strong></span> <span class='ocrx_word' id='word_1_505' title='bbox 2873 2413 3180 2483; x_wconf 81' lang='lat' dir='ltr'><strong>saginatum.</strong></span> <span class='ocrx_word' id='word_1_506' title='bbox 3225 2413 3328 2469; x_wconf 88' lang='lat' dir='ltr'><strong>Iste</strong></span> 
     </span>
    </p>
   </div>
   <div class='ocr_carea' id='block_1_70' title="bbox 1772 2502 3326 2573">
    <p class='ocr_par' dir='ltr' id='par_1_70' title="bbox 1772 2502 3326 2573">
     <span class='ocr_line' id='line_1_70' title="bbox 1772 2502 3326 2573; baseline -0.001 -15"><span class='ocrx_word' id='word_1_507' title='bbox 1772 2514 1946 2558; x_wconf 91' lang='lat' dir='ltr'><strong>autem</strong></span> <span class='ocrx_word' id='word_1_508' title='bbox 1995 2504 2188 2558; x_wconf 87' lang='lat' dir='ltr'><strong>vitulus</strong></span> <span class='ocrx_word' id='word_1_509' title='bbox 2233 2503 2525 2573; x_wconf 85' lang='lat' dir='ltr'><strong>saginatus,</strong></span> <span class='ocrx_word' id='word_1_510' title='bbox 2557 2502 2764 2558; x_wconf 90' lang='lat' dir='ltr'><strong>Domini</strong></span> <span class='ocrx_word' id='word_1_511' title='bbox 2816 2503 2942 2558; x_wconf 81' lang='lat' dir='ltr'><strong>Jesu</strong></span> <span class='ocrx_word' id='word_1_512' title='bbox 2987 2516 3182 2571; x_wconf 89' lang='lat' dir='ltr'><strong>corpus</strong></span> <span class='ocrx_word' id='word_1_513' title='bbox 3221 2513 3326 2559; x_wconf 91' lang='lat' dir='ltr'><strong>cst.</strong></span> 
     </span>
    </p>
   </div>
   <div class='ocr_carea' id='block_1_71' title="bbox 1775 2592 3326 2665">
    <p class='ocr_par' dir='ltr' id='par_1_71' title="bbox 1775 2592 3326 2665">
     <span class='ocr_line' id='line_1_71' title="bbox 1775 2592 3326 2665; baseline -0.002 -18"><span class='ocrx_word' id='word_1_514' title='bbox 1775 2593 1892 2663; x_wconf 90' lang='lat' dir='ltr'><strong>Ipse</strong></span> <span class='ocrx_word' id='word_1_515' title='bbox 1921 2593 2111 2649; x_wconf 78' lang='lat' dir='ltr'><strong>vi.ulus</strong></span> <span class='ocrx_word' id='word_1_516' title='bbox 2154 2608 2250 2662; x_wconf 90' lang='lat' dir='ltr'><strong>pro</strong></span> <span class='ocrx_word' id='word_1_517' title='bbox 2297 2592 2552 2648; x_wconf 88' lang='lat' dir='ltr'><strong>redeunte</strong></span> <span class='ocrx_word' id='word_1_518' title='bbox 2597 2593 2702 2648; x_wconf 87' lang='lat' dir='ltr'><strong>lilio</strong></span> <span class='ocrx_word' id='word_1_519' title='bbox 2746 2593 3024 2648; x_wconf 87' lang='lat' dir='ltr'><strong>occiditur.</strong></span> <span class='ocrx_word' id='word_1_520' title='bbox 3075 2595 3326 2665; x_wconf 77' lang='lat' dir='ltr'><strong>Butyruni</strong></span> 
     </span>
    </p>
   </div>
   <div class='ocr_carea' id='block_1_72' title="bbox 1777 2684 3329 2755">
    <p class='ocr_par' dir='ltr' id='par_1_72' title="bbox 1777 2684 3329 2755">
     <span class='ocr_line' id='line_1_72' title="bbox 1777 2684 3329 2755; baseline 0.001 -17"><span class='ocrx_word' id='word_1_521' title='bbox 1777 2685 2173 2755; x_wconf 85' lang='lat' dir='ltr'><strong>pinguissimum</strong></span> <span class='ocrx_word' id='word_1_522' title='bbox 2219 2684 2628 2754; x_wconf 87' lang='lat' dir='ltr'><strong>Evangeliorum</strong></span> <span class='ocrx_word' id='word_1_523' title='bbox 2677 2694 2757 2740; x_wconf 89' lang='lat' dir='ltr'><strong>est</strong></span> <span class='ocrx_word' id='word_1_524' title='bbox 2799 2684 3195 2740; x_wconf 83' lang='lat' dir='ltr'><strong>documentum.</strong></span> <span class='ocrx_word' id='word_1_525' title='bbox 3227 2684 3329 2740; x_wconf 85' lang='lat' dir='ltr'><strong>Lac</strong></span> 
     </span>
    </p>
   </div>
   <div class='ocr_carea' id='block_1_73' title="bbox 1775 2763 3329 2846">
    <p class='ocr_par' dir='ltr' id='par_1_73' title="bbox 1775 2763 3329 2846">
     <span class='ocr_line' id='line_1_73' title="bbox 1775 2763 3329 2846; baseline 0.001 -19"><span class='ocrx_word' id='word_1_526' title='bbox 1775 2763 1990 2842; x_wconf 79' lang='lat' dir='ltr'><strong>quippe,</strong></span> <span class='ocrx_word' id='word_1_527' title='bbox 2011 2774 2160 2843; x_wconf 84' lang='lat' dir='ltr'><strong>juxta</strong></span> <span class='ocrx_word' id='word_1_528' title='bbox 2189 2776 2522 2843; x_wconf 89' lang='lat' dir='ltr'><strong>Apostolum,</strong></span> <span class='ocrx_word' id='word_1_529' title='bbox 2543 2774 2729 2844; x_wconf 69' lang='lat' dir='ltr'><strong>priscae</strong></span> <span class='ocrx_word' id='word_1_530' title='bbox 2750 2774 2877 2842; x_wconf 88' lang='lat' dir='ltr'><strong>legis</strong></span> <span class='ocrx_word' id='word_1_531' title='bbox 2907 2776 3062 2830; x_wconf 84' lang='lat' dir='ltr'><strong>habet</strong></span> <span class='ocrx_word' id='word_1_532' title='bbox 3089 2775 3329 2846; x_wconf 85' lang='lat' dir='ltr'><strong>ﬁguram.</strong></span> 
     </span>
    </p>
   </div>
   <div class='ocr_carea' id='block_1_74' title="bbox 1784 2864 3333 2934">
    <p class='ocr_par' dir='ltr' id='par_1_74' title="bbox 1784 2864 3333 2934">
     <span class='ocr_line' id='line_1_74' title="bbox 1784 2864 3333 2934; baseline 0.003 -17"><span class='ocrx_word' id='word_1_533' title='bbox 1784 2864 2014 2917; x_wconf 80' lang='lat' dir='ltr'><strong>Vitulum</strong></span> <span class='ocrx_word' id='word_1_534' title='bbox 2040 2874 2207 2918; x_wconf 76' lang='lat' dir='ltr'><strong>autem</strong></span> <span class='ocrx_word' id='word_1_535' title='bbox 2228 2880 2343 2918; x_wconf 81' lang='lat' dir='ltr'><strong>cum</strong></span> <span class='ocrx_word' id='word_1_536' title='bbox 2362 2866 2490 2919; x_wconf 78' lang='lat' dir='ltr'><strong>lacte</strong></span> <span class='ocrx_word' id='word_1_537' title='bbox 2518 2872 2564 2919; x_wconf 84' lang='lat' dir='ltr'><strong>et</strong></span> <span class='ocrx_word' id='word_1_538' title='bbox 2597 2864 2777 2934; x_wconf 80' lang='lat' dir='ltr'><strong>butyro</strong></span> <span class='ocrx_word' id='word_1_539' title='bbox 2801 2864 3058 2919; x_wconf 80' lang='lat' dir='ltr'><strong>Abraham</strong></span> <span class='ocrx_word' id='word_1_540' title='bbox 3083 2866 3333 2921; x_wconf 77' lang='lat' dir='ltr'><strong>edendum</strong></span> 
     </span>
    </p>
   </div>
   <div class='ocr_carea' id='block_1_75' title="bbox 1777 2957 3337 3031">
    <p class='ocr_par' dir='ltr' id='par_1_75' title="bbox 1777 2957 3337 3031">
     <span class='ocr_line' id='line_1_75' title="bbox 1777 2957 3337 3031; baseline 0.002 -20"><span class='ocrx_word' id='word_1_541' title='bbox 1777 2957 2031 3027; x_wconf 79' lang='lat' dir='ltr'><strong>apposuit,</strong></span> <span class='ocrx_word' id='word_1_542' title='bbox 2066 2958 2186 3027; x_wconf 91' lang='lat' dir='ltr'><strong>quia</strong></span> <span class='ocrx_word' id='word_1_543' title='bbox 2228 2971 2331 3010; x_wconf 81' lang='lat' dir='ltr'><strong>nec</strong></span> <span class='ocrx_word' id='word_1_544' title='bbox 2362 2971 2561 3025; x_wconf 88' lang='lat' dir='ltr'><strong>corpus</strong></span> <span class='ocrx_word' id='word_1_545' title='bbox 2601 2957 2805 3011; x_wconf 91' lang='lat' dir='ltr'><strong>Domini</strong></span> <span class='ocrx_word' id='word_1_546' title='bbox 2853 2959 2966 3014; x_wconf 85' lang='lat' dir='ltr'><strong>sine</strong></span> <span class='ocrx_word' id='word_1_547' title='bbox 3007 2959 3141 3015; x_wconf 88' lang='lat' dir='ltr'><strong>lacte</strong></span> <span class='ocrx_word' id='word_1_548' title='bbox 3185 2961 3337 3031; x_wconf 86' lang='lat' dir='ltr'><strong>legis,</strong></span> 
     </span>
    </p>
   </div>
   <div class='ocr_carea' id='block_1_76' title="bbox 1778 3046 3334 3118">
    <p class='ocr_par' dir='ltr' id='par_1_76' title="bbox 1778 3046 3334 3118">
     <span class='ocr_line' id='line_1_76' title="bbox 1778 3046 3334 3118; baseline 0.002 -16"><span class='ocrx_word' id='word_1_549' title='bbox 1778 3047 1895 3102; x_wconf 85' lang='lat' dir='ltr'><strong>sine</strong></span> <span class='ocrx_word' id='word_1_550' title='bbox 1926 3048 2116 3116; x_wconf 86' lang='lat' dir='ltr'><strong>butyro</strong></span> <span class='ocrx_word' id='word_1_551' title='bbox 2156 3046 2427 3118; x_wconf 82' lang='lat' dir='ltr'><strong>Evangelii</strong></span> <span class='ocrx_word' id='word_1_552' title='bbox 2471 3063 2590 3103; x_wconf 89' lang='lat' dir='ltr'><strong>esse</strong></span> <span class='ocrx_word' id='word_1_553' title='bbox 2635 3059 2830 3116; x_wconf 85' lang='lat' dir='ltr'><strong>potest.</strong></span> <span class='ocrx_word' id='word_1_554' title='bbox 2861 3049 2981 3103; x_wconf 86' lang='lat' dir='ltr'><strong>Tria</strong></span> <span class='ocrx_word' id='word_1_555' title='bbox 3011 3060 3187 3106; x_wconf 77' lang='lat' dir='ltr'><strong>autem</strong></span> <span class='ocrx_word' id='word_1_556' title='bbox 3223 3064 3334 3107; x_wconf 87' lang='lat' dir='ltr'><strong>sata</strong></span> 
     </span>
    </p>
   </div>
   <div class='ocr_carea' id='block_1_77' title="bbox 1709 3136 3337 3231">
    <p class='ocr_par' dir='ltr' id='par_1_77' title="bbox 1709 3136 3337 3231">
     <span class='ocr_line' id='line_1_77' title="bbox 1709 3136 3337 3231; baseline 0.002 -38"><span class='ocrx_word' id='word_1_557' title='bbox 1709 3168 1756 3231; x_wconf 67' lang='grc' dir='ltr'>ο</span> <span class='ocrx_word' id='word_1_558' title='bbox 1785 3148 1892 3193; x_wconf 92' lang='lat' dir='ltr'><strong>tres</strong></span> <span class='ocrx_word' id='word_1_559' title='bbox 1921 3137 2058 3192; x_wconf 89' lang='lat' dir='ltr'><strong>ﬁlios</strong></span> <span class='ocrx_word' id='word_1_560' title='bbox 2088 3136 2198 3192; x_wconf 86' lang='lat' dir='ltr'><strong>Noe</strong></span> <span class='ocrx_word' id='word_1_561' title='bbox 2226 3136 2542 3206; x_wconf 88' lang='lat' dir='ltr'><strong>signiﬁcant.</strong></span> <span class='ocrx_word' id='word_1_562' title='bbox 2596 3137 2668 3192; x_wconf 80' lang='lat' dir='ltr'><strong>Ex</strong></span> <span class='ocrx_word' id='word_1_563' title='bbox 2717 3139 2906 3206; x_wconf 88' lang='lat' dir='ltr'><strong>quibus</strong></span> <span class='ocrx_word' id='word_1_564' title='bbox 2950 3140 3219 3195; x_wconf 79' lang='lat' dir='ltr'><strong>hominum</strong></span> <span class='ocrx_word' id='word_1_565' title='bbox 3247 3154 3337 3211; x_wconf 82' lang='lat' dir='ltr'><strong>ge-</strong></span> 
     </span>
    </p>
   </div>
   <div class='ocr_carea' id='block_1_78' title="bbox 1787 3227 3334 3297">
    <p class='ocr_par' dir='ltr' id='par_1_78' title="bbox 1787 3227 3334 3297">
     <span class='ocr_line' id='line_1_78' title="bbox 1787 3227 3334 3297; baseline 0.002 -15"><span class='ocrx_word' id='word_1_566' title='bbox 1787 3243 1887 3282; x_wconf 92' lang='lat' dir='ltr'><strong>nus</strong></span> <span class='ocrx_word' id='word_1_567' title='bbox 1934 3238 2108 3282; x_wconf 91' lang='lat' dir='ltr'><strong>ortum</strong></span> <span class='ocrx_word' id='word_1_568' title='bbox 2136 3236 2254 3292; x_wconf 89' lang='lat' dir='ltr'><strong>est,</strong></span> <span class='ocrx_word' id='word_1_569' title='bbox 2284 3227 2370 3297; x_wconf 88' lang='lat' dir='ltr'><strong>qui</strong></span> <span class='ocrx_word' id='word_1_570' title='bbox 2415 3228 2606 3282; x_wconf 69' lang='lat' dir='ltr'><strong>divinae</strong></span> <span class='ocrx_word' id='word_1_571' title='bbox 2653 3228 2893 3282; x_wconf 84' lang='lat' dir='ltr'><strong>Trinitati</strong></span> <span class='ocrx_word' id='word_1_572' title='bbox 2941 3231 3240 3296; x_wconf 87' lang='lat' dir='ltr'><strong>credentes,</strong></span> <span class='ocrx_word' id='word_1_573' title='bbox 3272 3247 3334 3285; x_wconf 85' lang='lat' dir='ltr'><strong>ex</strong></span> 
     </span>
    </p>
   </div>
   <div class='ocr_carea' id='block_1_79' title="bbox 1785 3317 3335 3387">
    <p class='ocr_par' dir='ltr' id='par_1_79' title="bbox 1785 3317 3335 3387">
     <span class='ocr_line' id='line_1_79' title="bbox 1785 3317 3335 3387; baseline -0.001 -16"><span class='ocrx_word' id='word_1_574' title='bbox 1785 3331 1919 3386; x_wconf 87' lang='lat' dir='ltr'><strong>aqua</strong></span> <span class='ocrx_word' id='word_1_575' title='bbox 1949 3317 2283 3386; x_wconf 89' lang='lat' dir='ltr'><strong>baptismatis</strong></span> <span class='ocrx_word' id='word_1_576' title='bbox 2312 3333 2404 3386; x_wconf 90' lang='lat' dir='ltr'><strong>per</strong></span> <span class='ocrx_word' id='word_1_577' title='bbox 2435 3317 2751 3383; x_wconf 81' lang='lat' dir='ltr'><strong>Ecclesiam,</strong></span> <span class='ocrx_word' id='word_1_578' title='bbox 2790 3318 2936 3386; x_wconf 88' lang='lat' dir='ltr'><strong>cujus</strong></span> <span class='ocrx_word' id='word_1_579' title='bbox 2985 3319 3154 3387; x_wconf 83' lang='lat' dir='ltr'><strong>imago</strong></span> <span class='ocrx_word' id='word_1_580' title='bbox 3182 3320 3335 3374; x_wconf 84' lang='lat' dir='ltr'><strong>Sarra</strong></span> 
     </span>
    </p>
   </div>
   <div class='ocr_carea' id='block_1_80' title="bbox 1787 3405 3334 3474">
    <p class='ocr_par' dir='ltr' id='par_1_80' title="bbox 1787 3405 3334 3474">
     <span class='ocr_line' id='line_1_80' title="bbox 1787 3405 3334 3474; baseline -0.001 -16"><span class='ocrx_word' id='word_1_581' title='bbox 1787 3405 1904 3470; x_wconf 84' lang='lat' dir='ltr'><strong>iuit,</strong></span> <span class='ocrx_word' id='word_1_582' title='bbox 1937 3406 2315 3474; x_wconf 87' lang='lat' dir='ltr'><strong>conspergendi</strong></span> <span class='ocrx_word' id='word_1_583' title='bbox 2347 3415 2546 3471; x_wconf 91' lang='lat' dir='ltr'><strong>essent,</strong></span> <span class='ocrx_word' id='word_1_584' title='bbox 2580 3416 2632 3458; x_wconf 91' lang='lat' dir='ltr'><strong>et</strong></span> <span class='ocrx_word' id='word_1_585' title='bbox 2661 3407 2713 3458; x_wconf 86' lang='lat' dir='ltr'><strong>in</strong></span> <span class='ocrx_word' id='word_1_586' title='bbox 2740 3421 2899 3458; x_wconf 89' lang='lat' dir='ltr'><strong>unum</strong></span> <span class='ocrx_word' id='word_1_587' title='bbox 2931 3421 3116 3472; x_wconf 88' lang='lat' dir='ltr'><strong>panetn</strong></span> <span class='ocrx_word' id='word_1_588' title='bbox 3145 3421 3334 3474; x_wconf 85' lang='lat' dir='ltr'><strong>corpo-</strong></span> 
     </span>
    </p>
   </div>
   <div class='ocr_carea' id='block_1_81' title="bbox 1785 3492 3336 3563">
    <p class='ocr_par' dir='ltr' id='par_1_81' title="bbox 1785 3492 3336 3563">
     <span class='ocr_line' id='line_1_81' title="bbox 1785 3492 3336 3563; baseline 0 -14"><span class='ocrx_word' id='word_1_589' title='bbox 1785 3495 1860 3549; x_wconf 91' lang='lat' dir='ltr'><strong>ris</strong></span> <span class='ocrx_word' id='word_1_590' title='bbox 1890 3494 2098 3548; x_wconf 87' lang='lat' dir='ltr'><strong>Domini</strong></span> <span class='ocrx_word' id='word_1_591' title='bbox 2149 3492 2436 3562; x_wconf 87' lang='lat' dir='ltr'><strong>redigendi.</strong></span> <span class='ocrx_word' id='word_1_592' title='bbox 2485 3492 2870 3547; x_wconf 89' lang='lat' dir='ltr'><strong>Subcineritios</strong></span> <span class='ocrx_word' id='word_1_593' title='bbox 2911 3506 3110 3561; x_wconf 88' lang='lat' dir='ltr'><strong>autem,</strong></span> <span class='ocrx_word' id='word_1_594' title='bbox 3138 3505 3197 3549; x_wconf 92' lang='lat' dir='ltr'><strong>ut</strong></span> <span class='ocrx_word' id='word_1_595' title='bbox 3242 3511 3336 3563; x_wconf 76' lang='lat' dir='ltr'><strong>per</strong></span> 
     </span>
    </p>
   </div>
   <div class='ocr_carea' id='block_1_82' title="bbox 1787 3580 3380 3655">
    <p class='ocr_par' dir='ltr' id='par_1_82' title="bbox 1787 3580 3380 3655">
     <span class='ocr_line' id='line_1_82' title="bbox 1787 3580 3380 3655; baseline 0.001 -16"><span class='ocrx_word' id='word_1_596' title='bbox 1787 3586 2151 3655; x_wconf 71' lang='lat' dir='ltr'><strong>pmuiteutiam</strong></span> <span class='ocrx_word' id='word_1_597' title='bbox 2176 3585 2564 3654; x_wconf 63' lang='lat' dir='ltr'><strong>praeteritorum</strong></span> <span class='ocrx_word' id='word_1_598' title='bbox 2587 3585 2896 3640; x_wconf 87' lang='lat' dir='ltr'><strong>delictorum</strong></span> <span class='ocrx_word' id='word_1_599' title='bbox 2921 3585 3148 3655; x_wconf 88' lang='lat' dir='ltr'><strong>Spiritus</strong></span> <span class='ocrx_word' id='word_1_600' title='bbox 3168 3589 3336 3642; x_wconf 90' lang='lat' dir='ltr'><strong>sancti</strong></span> <span class='ocrx_word' id='word_1_601' title='bbox 3377 3580 3380 3584; x_wconf 78' lang='grc'><strong>’</strong></span> 
     </span>
    </p>
   </div>
   <div class='ocr_carea' id='block_1_83' title="bbox 1788 3672 3342 3744">
    <p class='ocr_par' dir='ltr' id='par_1_83' title="bbox 1788 3672 3342 3744">
     <span class='ocr_line' id='line_1_83' title="bbox 1788 3672 3342 3744; baseline 0.003 -18"><span class='ocrx_word' id='word_1_602' title='bbox 1788 3689 1978 3744; x_wconf 89' lang='lat' dir='ltr'><strong>vapore</strong></span> <span class='ocrx_word' id='word_1_603' title='bbox 2007 3672 2231 3737; x_wconf 89' lang='lat' dir='ltr'><strong>decocti,</strong></span> <span class='ocrx_word' id='word_1_604' title='bbox 2258 3688 2375 3728; x_wconf 89' lang='lat' dir='ltr'><strong>esca</strong></span> <span class='ocrx_word' id='word_1_605' title='bbox 2400 3673 2726 3743; x_wconf 89' lang='lat' dir='ltr'><strong>beneplacita</strong></span> <span class='ocrx_word' id='word_1_606' title='bbox 2757 3673 2867 3730; x_wconf 88' lang='lat' dir='ltr'><strong>Deo</strong></span> <span class='ocrx_word' id='word_1_607' title='bbox 2895 3675 3210 3730; x_wconf 81' lang='lat' dir='ltr'><strong>efﬁciamur.</strong></span> <span class='ocrx_word' id='word_1_608' title='bbox 3232 3676 3342 3731; x_wconf 88' lang='lat' dir='ltr'><strong>Sub</strong></span> 
     </span>
    </p>
   </div>
   <div class='ocr_carea' id='block_1_84' title="bbox 1787 3763 3345 3832">
    <p class='ocr_par' dir='ltr' id='par_1_84' title="bbox 1787 3763 3345 3832">
     <span class='ocr_line' id='line_1_84' title="bbox 1787 3763 3345 3832; baseline 0.001 -15"><span class='ocrx_word' id='word_1_609' title='bbox 1787 3766 1976 3818; x_wconf 87' lang='lat' dir='ltr'><strong>arbore</strong></span> <span class='ocrx_word' id='word_1_610' title='bbox 2021 3764 2226 3818; x_wconf 88' lang='lat' dir='ltr'><strong>sedisse</strong></span> <span class='ocrx_word' id='word_1_611' title='bbox 2268 3765 2387 3818; x_wconf 85' lang='lat' dir='ltr'><strong>illos</strong></span> <span class='ocrx_word' id='word_1_612' title='bbox 2434 3763 2593 3828; x_wconf 87' lang='lat' dir='ltr'><strong>dicit,</strong></span> <span class='ocrx_word' id='word_1_613' title='bbox 2625 3766 2884 3832; x_wconf 72' lang='lat' dir='ltr'><strong>passionis</strong></span> <span class='ocrx_word' id='word_1_614' title='bbox 2927 3766 3205 3820; x_wconf 74' lang='lat' dir='ltr'><strong>dominica:</strong></span> <span class='ocrx_word' id='word_1_615' title='bbox 3248 3767 3345 3819; x_wconf 84' lang='lat' dir='ltr'><strong>luit</strong></span> 
     </span>
    </p>
   </div>
   <div class='ocr_carea' id='block_1_85' title="bbox 1789 3853 3341 3927">
    <p class='ocr_par' dir='ltr' id='par_1_85' title="bbox 1789 3853 3341 3927">
     <span class='ocr_line' id='line_1_85' title="bbox 1789 3853 3341 3927; baseline 0 -15"><span class='ocrx_word' id='word_1_616' title='bbox 1789 3853 2015 3924; x_wconf 84' lang='lat' dir='ltr'><strong>signum,</strong></span> <span class='ocrx_word' id='word_1_617' title='bbox 2034 3854 2183 3924; x_wconf 84' lang='lat' dir='ltr'><strong>cujus</strong></span> <span class='ocrx_word' id='word_1_618' title='bbox 2211 3854 2310 3923; x_wconf 78' lang='lat' dir='ltr'><strong>ipsi</strong></span> <span class='ocrx_word' id='word_1_619' title='bbox 2342 3865 2463 3908; x_wconf 90' lang='lat' dir='ltr'><strong>sunt</strong></span> <span class='ocrx_word' id='word_1_620' title='bbox 2492 3854 2882 3923; x_wconf 68' lang='lat' dir='ltr'><strong>prmdicatores.</strong></span> <span class='ocrx_word' id='word_1_621' title='bbox 2927 3855 3102 3911; x_wconf 86' lang='lat' dir='ltr'><strong>Potest</strong></span> <span class='ocrx_word' id='word_1_622' title='bbox 3131 3872 3341 3927; x_wconf 89' lang='lat' dir='ltr'><strong>quoque</strong></span> 
     </span>
    </p>
   </div>
   <div class='ocr_carea' id='block_1_86' title="bbox 1792 3944 3344 4016">
    <p class='ocr_par' dir='ltr' id='par_1_86' title="bbox 1792 3944 3344 4016">
     <span class='ocr_line' id='line_1_86' title="bbox 1792 3944 3344 4016; baseline 0.003 -17"><span class='ocrx_word' id='word_1_623' title='bbox 1792 3945 2009 4016; x_wconf 89' lang='lat' dir='ltr'><strong>intelligi</strong></span> <span class='ocrx_word' id='word_1_624' title='bbox 2050 3946 2317 4000; x_wconf 79' lang='lat' dir='ltr'><strong>Abraham</strong></span> <span class='ocrx_word' id='word_1_625' title='bbox 2349 3944 2621 4000; x_wconf 89' lang='lat' dir='ltr'><strong>rationalis</strong></span> <span class='ocrx_word' id='word_1_626' title='bbox 2651 3961 2769 4001; x_wconf 90' lang='lat' dir='ltr'><strong>esse</strong></span> <span class='ocrx_word' id='word_1_627' title='bbox 2796 3961 2981 4002; x_wconf 87' lang='lat' dir='ltr'><strong>sensus</strong></span> <span class='ocrx_word' id='word_1_628' title='bbox 3010 3946 3062 4001; x_wconf 92' lang='lat' dir='ltr'><strong>in</strong></span> <span class='ocrx_word' id='word_1_629' title='bbox 3091 3948 3302 4003; x_wconf 88' lang='lat' dir='ltr'><strong>homine</strong></span> <span class='ocrx_word' id='word_1_630' title='bbox 3329 3967 3344 4015; x_wconf 92' lang='lat'><strong>;</strong></span> 
     </span>
    </p>
   </div>
   <div class='ocr_carea' id='block_1_87' title="bbox 1791 4034 3343 4108">
    <p class='ocr_par' dir='ltr' id='par_1_87' title="bbox 1791 4034 3343 4108">
     <span class='ocr_line' id='line_1_87' title="bbox 1791 4034 3343 4108; baseline -0.001 -14"><span class='ocrx_word' id='word_1_631' title='bbox 1791 4040 1945 4094; x_wconf 85' lang='lat' dir='ltr'><strong>Sarra</strong></span> <span class='ocrx_word' id='word_1_632' title='bbox 1977 4047 2148 4092; x_wconf 88' lang='lat' dir='ltr'><strong>autem</strong></span> <span class='ocrx_word' id='word_1_633' title='bbox 2175 4050 2298 4090; x_wconf 90' lang='lat' dir='ltr'><strong>caro</strong></span> <span class='ocrx_word' id='word_1_634' title='bbox 2329 4034 2568 4103; x_wconf 87' lang='lat' dir='ltr'><strong>intelligi.</strong></span> <span class='ocrx_word' id='word_1_635' title='bbox 2596 4034 2727 4090; x_wconf 87' lang='lat' dir='ltr'><strong>Cum</strong></span> <span class='ocrx_word' id='word_1_636' title='bbox 2759 4037 2898 4090; x_wconf 92' lang='lat' dir='ltr'><strong>enim</strong></span> <span class='ocrx_word' id='word_1_637' title='bbox 2943 4039 3099 4092; x_wconf 90' lang='lat' dir='ltr'><strong>ambo</strong></span> <span class='ocrx_word' id='word_1_638' title='bbox 3126 4053 3343 4108; x_wconf 58' lang='lat' dir='ltr'><strong>recepeo</strong></span> 
     </span>
    </p>
   </div>
   <div class='ocr_carea' id='block_1_88' title="bbox 1793 4119 3342 4193">
    <p class='ocr_par' dir='ltr' id='par_1_88' title="bbox 1793 4119 3342 4193">
     <span class='ocr_line' id='line_1_88' title="bbox 1793 4119 3342 4193; baseline 0.001 -11"><span class='ocrx_word' id='word_1_639' title='bbox 1793 4135 1916 4182; x_wconf 90' lang='lat' dir='ltr'><strong>runt</strong></span> <span class='ocrx_word' id='word_1_640' title='bbox 1956 4128 2139 4187; x_wconf 89' lang='lat' dir='ltr'><strong>Deum,</strong></span> <span class='ocrx_word' id='word_1_641' title='bbox 2174 4134 2382 4193; x_wconf 89' lang='lat' dir='ltr'><strong>portant</strong></span> <span class='ocrx_word' id='word_1_642' title='bbox 2421 4127 2560 4178; x_wconf 89' lang='lat' dir='ltr'><strong>enim</strong></span> <span class='ocrx_word' id='word_1_643' title='bbox 2593 4119 2791 4191; x_wconf 62' lang='lat' dir='ltr'><strong>pascua&#39;</strong></span> <span class='ocrx_word' id='word_1_644' title='bbox 2813 4125 3017 4180; x_wconf 86' lang='lat' dir='ltr'><strong>diversa</strong></span> <span class='ocrx_word' id='word_1_645' title='bbox 3065 4129 3342 4183; x_wconf 91' lang='lat' dir='ltr'><strong>virtutum.</strong></span> 
     </span>
    </p>
   </div>
   <div class='ocr_carea' id='block_1_89' title="bbox 1795 4212 3346 4275">
    <p class='ocr_par' dir='ltr' id='par_1_89' title="bbox 1795 4212 3346 4275">
     <span class='ocr_line' id='line_1_89' title="bbox 1795 4212 3346 4275; baseline -0.001 -3"><span class='ocrx_word' id='word_1_646' title='bbox 1795 4216 2026 4272; x_wconf 77' lang='lat' dir='ltr'><strong>Mambre</strong></span> <span class='ocrx_word' id='word_1_647' title='bbox 2053 4223 2251 4275; x_wconf 88' lang='lat' dir='ltr'><strong>autem,</strong></span> <span class='ocrx_word' id='word_1_648' title='bbox 2289 4214 2389 4267; x_wconf 90' lang='lat' dir='ltr'><strong>hoc</strong></span> <span class='ocrx_word' id='word_1_649' title='bbox 2414 4223 2492 4266; x_wconf 87' lang='lat' dir='ltr'><strong>est</strong></span> <span class='ocrx_word' id='word_1_650' title='bbox 2523 4212 2751 4266; x_wconf 84' lang='lat' dir='ltr'><strong>Hebron.</strong></span> <span class='ocrx_word' id='word_1_651' title='bbox 2793 4214 3022 4269; x_wconf 86' lang='lat' dir='ltr'><strong>Mambre</strong></span> <span class='ocrx_word' id='word_1_652' title='bbox 3049 4226 3223 4270; x_wconf 86' lang='lat' dir='ltr'><strong>autem</strong></span> <span class='ocrx_word' id='word_1_653' title='bbox 3252 4233 3346 4271; x_wconf 80' lang='lat' dir='ltr'><strong>vo—</strong></span> 
     </span>
    </p>
   </div>
   <div class='ocr_carea' id='block_1_90' title="bbox 1797 4301 3346 4363">
    <p class='ocr_par' dir='ltr' id='par_1_90' title="bbox 1797 4301 3346 4363">
     <span class='ocr_line' id='line_1_90' title="bbox 1797 4301 3346 4363; baseline -0.002 -1"><span class='ocrx_word' id='word_1_654' title='bbox 1797 4310 2011 4363; x_wconf 89' lang='lat' dir='ltr'><strong>cabatur</strong></span> <span class='ocrx_word' id='word_1_655' title='bbox 2040 4316 2173 4359; x_wconf 87' lang='lat' dir='ltr'><strong>unus</strong></span> <span class='ocrx_word' id='word_1_656' title='bbox 2199 4303 2490 4356; x_wconf 89' lang='lat' dir='ltr'><strong>amicorum</strong></span> <span class='ocrx_word' id='word_1_657' title='bbox 2530 4302 2816 4359; x_wconf 82' lang='lat' dir='ltr'><strong>Abraham.</strong></span> <span class='ocrx_word' id='word_1_658' title='bbox 2872 4301 2931 4356; x_wconf 94' lang='lat' dir='ltr'><strong>lIi</strong></span> <span class='ocrx_word' id='word_1_659' title='bbox 2963 4311 3136 4358; x_wconf 88' lang='lat' dir='ltr'><strong>autem</strong></span> <span class='ocrx_word' id='word_1_660' title='bbox 3164 4305 3346 4360; x_wconf 91' lang='lat' dir='ltr'><strong>dicunt</strong></span> 
     </span>
    </p>
   </div>
   <div class='ocr_carea' id='block_1_91' title="bbox 1801 4395 3347 4470">
    <p class='ocr_par' dir='ltr' id='par_1_91' title="bbox 1801 4395 3347 4470">
     <span class='ocr_line' id='line_1_91' title="bbox 1801 4395 3347 4470; baseline -0.003 -16"><span class='ocrx_word' id='word_1_661' title='bbox 1801 4416 1890 4470; x_wconf 87' lang='lat' dir='ltr'><strong>per</strong></span> <span class='ocrx_word' id='word_1_662' title='bbox 1918 4402 2057 4452; x_wconf 86' lang='lat' dir='ltr'><strong>hanc</strong></span> <span class='ocrx_word' id='word_1_663' title='bbox 2078 4397 2266 4450; x_wconf 87' lang='lat' dir='ltr'><strong>vallem</strong></span> <span class='ocrx_word' id='word_1_664' title='bbox 2311 4395 2653 4449; x_wconf 85' lang='lat' dir='ltr'><strong>humilitatem</strong></span> <span class='ocrx_word' id='word_1_665' title='bbox 2683 4395 2905 4448; x_wconf 90' lang='lat' dir='ltr'><strong>ostendi.</strong></span> <span class='ocrx_word' id='word_1_666' title='bbox 2954 4395 3050 4448; x_wconf 81' lang='lat' dir='ltr'><strong>Per</strong></span> <span class='ocrx_word' id='word_1_667' title='bbox 3078 4398 3347 4450; x_wconf 89' lang='lat' dir='ltr'><strong>humilita-</strong></span> 
     </span>
    </p>
   </div>
   <div class='ocr_carea' id='block_1_92' title="bbox 117 4481 3347 4561">
    <p class='ocr_par' dir='ltr' id='par_1_92' title="bbox 117 4481 3347 4561">
     <span class='ocr_line' id='line_1_92' title="bbox 117 4481 3347 4561; baseline -0.001 -21"><span class='ocrx_word' id='word_1_668' title='bbox 117 4490 228 4542; x_wconf 82' lang='lat' dir='ltr'><strong>bus</strong></span> <span class='ocrx_word' id='word_1_669' title='bbox 277 4495 511 4540; x_wconf 84' lang='lat' dir='ltr'><strong>stercora</strong></span> <span class='ocrx_word' id='word_1_670' title='bbox 557 4493 610 4538; x_wconf 91' lang='lat' dir='ltr'><strong>ct</strong></span> <span class='ocrx_word' id='word_1_671' title='bbox 637 4483 932 4553; x_wconf 68' lang='lat' dir='ltr'><strong>quisquilia&quot;:</strong></span> <span class='ocrx_word' id='word_1_672' title='bbox 972 4481 1131 4545; x_wconf 84' lang='lat' dir='ltr'><strong>ﬁunt;</strong></span> <span class='ocrx_word' id='word_1_673' title='bbox 1161 4495 1266 4534; x_wconf 93' lang='lat' dir='ltr'><strong>non</strong></span> <span class='ocrx_word' id='word_1_674' title='bbox 1312 4482 1362 4533; x_wconf 93' lang='lat' dir='ltr'><strong>in</strong></span> <span class='ocrx_word' id='word_1_675' title='bbox 1393 4483 1689 4550; x_wconf 88' lang='lat' dir='ltr'><strong>superiore,</strong></span> <span class='ocrx_word' id='word_1_676' title='bbox 1723 4504 1772 4561; x_wconf 76' lang='grc' dir='ltr'><strong>ο</strong></span> <span class='ocrx_word' id='word_1_677' title='bbox 1803 4503 1905 4544; x_wconf 61' lang='lat' dir='ltr'><strong>rem</strong></span> <span class='ocrx_word' id='word_1_678' title='bbox 1948 4487 2085 4542; x_wconf 86' lang='lat' dir='ltr'><strong>enim</strong></span> <span class='ocrx_word' id='word_1_679' title='bbox 2131 4486 2380 4539; x_wconf 87' lang='lat' dir='ltr'><strong>Dominus</strong></span> <span class='ocrx_word' id='word_1_680' title='bbox 2425 4486 2489 4538; x_wconf 90' lang='lat' dir='ltr'><strong>ad</strong></span> <span class='ocrx_word' id='word_1_681' title='bbox 2535 4499 2961 4554; x_wconf 89' lang='lat' dir='ltr'><strong>unumquemque</strong></span> <span class='ocrx_word' id='word_1_682' title='bbox 3021 4485 3181 4538; x_wconf 84' lang='lat' dir='ltr'><strong>venit.</strong></span> <span class='ocrx_word' id='word_1_683' title='bbox 3245 4485 3347 4540; x_wconf 85' lang='lat' dir='ltr'><strong>Per</strong></span> 
     </span>
    </p>
   </div>
   <div class='ocr_carea' id='block_1_93' title="bbox 115 4574 1695 4650">
    <p class='ocr_par' dir='ltr' id='par_1_93' title="bbox 115 4574 1695 4650">
     <span class='ocr_line' id='line_1_93' title="bbox 115 4574 1695 4650; baseline -0.004 -17"><span class='ocrx_word' id='word_1_684' title='bbox 115 4595 297 4650; x_wconf 82' lang='lat' dir='ltr'><strong>quem</strong></span> <span class='ocrx_word' id='word_1_685' title='bbox 326 4578 514 4632; x_wconf 64' lang='lat' dir='ltr'><strong>calum</strong></span> <span class='ocrx_word' id='word_1_686' title='bbox 546 4587 598 4630; x_wconf 90' lang='lat' dir='ltr'><strong>et</strong></span> <span class='ocrx_word' id='word_1_687' title='bbox 627 4577 855 4629; x_wconf 89' lang='lat' dir='ltr'><strong>animam</strong></span> <span class='ocrx_word' id='word_1_688' title='bbox 883 4574 1228 4644; x_wconf 87' lang='lat' dir='ltr'><strong>signiticat,in</strong></span> <span class='ocrx_word' id='word_1_689' title='bbox 1259 4575 1449 4640; x_wconf 86' lang='lat' dir='ltr'><strong>quibus</strong></span> <span class='ocrx_word' id='word_1_690' title='bbox 1479 4590 1580 4628; x_wconf 93' lang='lat' dir='ltr'><strong>non</strong></span> <span class='ocrx_word' id='word_1_691' title='bbox 1613 4583 1695 4629; x_wconf 87' lang='lat' dir='ltr'><strong>est</strong></span> 
     </span>
    </p>
   </div>
   <div class='ocr_carea' id='block_1_94' title="bbox 118 4664 1697 4738">
    <p class='ocr_par' dir='ltr' id='par_1_94' title="bbox 118 4664 1697 4738">
     <span class='ocr_line' id='line_1_94' title="bbox 118 4664 1697 4738; baseline -0.001 -17"><span class='ocrx_word' id='word_1_692' title='bbox 118 4669 358 4732; x_wconf 86' lang='lat' dir='ltr'><strong>malum,</strong></span> <span class='ocrx_word' id='word_1_693' title='bbox 392 4664 484 4718; x_wconf 86' lang='lat' dir='ltr'><strong>sed</strong></span> <span class='ocrx_word' id='word_1_694' title='bbox 513 4679 674 4738; x_wconf 84' lang='lat' dir='ltr'><strong>omne</strong></span> <span class='ocrx_word' id='word_1_695' title='bbox 699 4665 910 4718; x_wconf 89' lang='lat' dir='ltr'><strong>bonum.</strong></span> <span class='ocrx_word' id='word_1_696' title='bbox 962 4665 1082 4717; x_wconf 68' lang='lat' dir='ltr'><strong>llaec</strong></span> <span class='ocrx_word' id='word_1_697' title='bbox 1121 4673 1294 4716; x_wconf 83' lang='lat' dir='ltr'><strong>autem</strong></span> <span class='ocrx_word' id='word_1_698' title='bbox 1342 4665 1428 4718; x_wconf 91' lang='lat' dir='ltr'><strong>lex</strong></span> <span class='ocrx_word' id='word_1_699' title='bbox 1471 4666 1697 4720; x_wconf 68' lang='lat' dir='ltr'><strong>Abrahae</strong></span> 
     </span>
    </p>
   </div>
   <div class='ocr_carea' id='block_1_95' title="bbox 117 4754 1699 4823">
    <p class='ocr_par' dir='ltr' id='par_1_95' title="bbox 117 4754 1699 4823">
     <span class='ocr_line' id='line_1_95' title="bbox 117 4754 1699 4823; baseline -0.004 -7"><span class='ocrx_word' id='word_1_700' title='bbox 117 4776 237 4816; x_wconf 84' lang='lat' dir='ltr'><strong>non</strong></span> <span class='ocrx_word' id='word_1_701' title='bbox 273 4758 588 4820; x_wconf 85' lang='lat' dir='ltr'><strong>donaretur,</strong></span> <span class='ocrx_word' id='word_1_702' title='bbox 617 4755 661 4808; x_wconf 91' lang='lat' dir='ltr'><strong>si</strong></span> <span class='ocrx_word' id='word_1_703' title='bbox 705 4756 871 4808; x_wconf 87' lang='lat' dir='ltr'><strong>Adam</strong></span> <span class='ocrx_word' id='word_1_704' title='bbox 914 4754 1232 4808; x_wconf 88' lang='lat' dir='ltr'><strong>custodisset</strong></span> <span class='ocrx_word' id='word_1_705' title='bbox 1279 4755 1446 4823; x_wconf 87' lang='lat' dir='ltr'><strong>legem</strong></span> <span class='ocrx_word' id='word_1_706' title='bbox 1477 4756 1575 4810; x_wconf 89' lang='lat' dir='ltr'><strong>sibi</strong></span> <span class='ocrx_word' id='word_1_707' title='bbox 1604 4757 1699 4810; x_wconf 85' lang='lat' dir='ltr'><strong>da-</strong></span> 
     </span>
    </p>
   </div>
   <div class='ocr_carea' id='block_1_96' title="bbox 117 4840 1723 4913">
    <p class='ocr_par' dir='ltr' id='par_1_96' title="bbox 117 4840 1723 4913">
     <span class='ocr_line' id='line_1_96' title="bbox 117 4840 1723 4913; baseline -0.004 -7"><span class='ocrx_word' id='word_1_708' title='bbox 117 4864 263 4906; x_wconf 84' lang='lat' dir='ltr'><strong>tam.</strong></span> <span class='ocrx_word' id='word_1_709' title='bbox 303 4847 437 4903; x_wconf 81' lang='lat' dir='ltr'><strong>Tres</strong></span> <span class='ocrx_word' id='word_1_710' title='bbox 467 4856 642 4901; x_wconf 90' lang='lat' dir='ltr'><strong>autem</strong></span> <span class='ocrx_word' id='word_1_711' title='bbox 673 4845 983 4900; x_wconf 74' lang='lat' dir='ltr'><strong>diﬁ‘erentia:</strong></span> <span class='ocrx_word' id='word_1_712' title='bbox 1036 4845 1174 4899; x_wconf 90' lang='lat' dir='ltr'><strong>inter</strong></span> <span class='ocrx_word' id='word_1_713' title='bbox 1221 4846 1365 4913; x_wconf 85' lang='lat' dir='ltr'><strong>ipsos</strong></span> <span class='ocrx_word' id='word_1_714' title='bbox 1405 4847 1618 4902; x_wconf 70' lang='lat' dir='ltr'><strong>ludas-os</strong></span> <span class='ocrx_word' id='word_1_715' title='bbox 1648 4840 1723 4900; x_wconf 74' lang='lat' dir='ltr'><strong>eiL</strong></span> 
     </span>
    </p>
   </div>
   <div class='ocr_carea' id='block_1_97' title="bbox 115 4936 1707 5013">
    <p class='ocr_par' dir='ltr' id='par_1_97' title="bbox 115 4936 1707 5013">
     <span class='ocr_line' id='line_1_97' title="bbox 115 4936 1707 5013; baseline -0.004 -17"><span class='ocrx_word' id='word_1_716' title='bbox 115 4951 330 5010; x_wconf 80' lang='lat' dir='ltr'><strong>gentes</strong></span> <span class='ocrx_word' id='word_1_717' title='bbox 357 4940 601 4994; x_wconf 81' lang='lat' dir='ltr'><strong>dicuntur</strong></span> <span class='ocrx_word' id='word_1_718' title='bbox 622 4979 637 5003; x_wconf 93' lang='lat'><strong>,</strong></span> <span class='ocrx_word' id='word_1_719' title='bbox 667 4937 718 4991; x_wconf 92' lang='lat' dir='ltr'><strong>id</strong></span> <span class='ocrx_word' id='word_1_720' title='bbox 749 4946 851 5002; x_wconf 91' lang='lat' dir='ltr'><strong>est,</strong></span> <span class='ocrx_word' id='word_1_721' title='bbox 883 4937 986 5002; x_wconf 82' lang='lat' dir='ltr'><strong>lex,</strong></span> <span class='ocrx_word' id='word_1_722' title='bbox 1017 4945 1070 4990; x_wconf 91' lang='lat' dir='ltr'><strong>ct</strong></span> <span class='ocrx_word' id='word_1_723' title='bbox 1099 4936 1414 5001; x_wconf 86' lang='lat' dir='ltr'><strong>oblationes,</strong></span> <span class='ocrx_word' id='word_1_724' title='bbox 1440 4947 1494 4990; x_wconf 91' lang='lat' dir='ltr'><strong>et</strong></span> <span class='ocrx_word' id='word_1_725' title='bbox 1535 4937 1707 5013; x_wconf 23' lang='lat' dir='ltr'><strong>vesti-1</strong></span> 
     </span>
    </p>
   </div>
   <div class='ocr_carea' id='block_1_98' title="bbox 118 5027 1700 5102">
    <p class='ocr_par' dir='ltr' id='par_1_98' title="bbox 118 5027 1700 5102">
     <span class='ocr_line' id='line_1_98' title="bbox 118 5027 1700 5102; baseline -0.001 -17"><span class='ocrx_word' id='word_1_726' title='bbox 118 5043 359 5085; x_wconf 67' lang='lat' dir='ltr'><strong>rnatum~</strong></span> <span class='ocrx_word' id='word_1_727' title='bbox 391 5033 535 5087; x_wconf 88' lang='lat' dir='ltr'><strong>Isaac</strong></span> <span class='ocrx_word' id='word_1_728' title='bbox 579 5043 754 5085; x_wconf 81' lang='lat' dir='ltr'><strong>autem</strong></span> <span class='ocrx_word' id='word_1_729' title='bbox 783 5045 896 5102; x_wconf 67' lang='lat' dir='ltr'><strong>.pcr</strong></span> <span class='ocrx_word' id='word_1_730' title='bbox 937 5031 1202 5083; x_wconf 85' lang='lat' dir='ltr'><strong>Abraham</strong></span> <span class='ocrx_word' id='word_1_731' title='bbox 1249 5027 1616 5084; x_wconf 86' lang='lat' dir='ltr'><strong>centenarium</strong></span> <span class='ocrx_word' id='word_1_732' title='bbox 1645 5039 1700 5084; x_wconf 93' lang='lat' dir='ltr'><strong>et</strong></span> 
     </span>
    </p>
   </div>
   <div class='ocr_carea' id='block_1_99' title="bbox 117 5116 1702 5190">
    <p class='ocr_par' dir='ltr' id='par_1_99' title="bbox 117 5116 1702 5190">
     <span class='ocr_line' id='line_1_99' title="bbox 117 5116 1702 5190; baseline -0.002 -14"><span class='ocrx_word' id='word_1_733' title='bbox 117 5124 362 5189; x_wconf 68' lang='lat' dir='ltr'><strong>Sanam</strong></span> <span class='ocrx_word' id='word_1_734' title='bbox 419 5122 829 5190; x_wconf 89' lang='lat' dir='ltr'><strong>nonagenariam</strong></span> <span class='ocrx_word' id='word_1_735' title='bbox 889 5129 1077 5183; x_wconf 84' lang='lat' dir='ltr'><strong>ortus,</strong></span> <span class='ocrx_word' id='word_1_736' title='bbox 1125 5116 1388 5172; x_wconf 86' lang='lat' dir='ltr'><strong>Christum</strong></span> <span class='ocrx_word' id='word_1_737' title='bbox 1438 5119 1702 5187; x_wconf 87' lang='lat' dir='ltr'><strong>signiﬁcat</strong></span> 
     </span>
    </p>
   </div>
   <div class='ocr_carea' id='block_1_100' title="bbox 121 5208 1703 5280">
    <p class='ocr_par' dir='ltr' id='par_1_100' title="bbox 121 5208 1703 5280">
     <span class='ocr_line' id='line_1_100' title="bbox 121 5208 1703 5280; baseline -0.003 -12"><span class='ocrx_word' id='word_1_738' title='bbox 121 5212 474 5268; x_wconf 81' lang='lat' dir='ltr'><strong>nasciturum</strong></span> <span class='ocrx_word' id='word_1_739' title='bbox 527 5211 1051 5280; x_wconf 37' lang='lat' dir='ltr'><strong>inter&#39;centesimani</strong></span> <span class='ocrx_word' id='word_1_740' title='bbox 1102 5208 1499 5274; x_wconf 78' lang='lat' dir='ltr'><strong>perfectionem,</strong></span> <span class='ocrx_word' id='word_1_741' title='bbox 1523 5219 1578 5262; x_wconf 91' lang='lat' dir='ltr'><strong>et</strong></span> <span class='ocrx_word' id='word_1_742' title='bbox 1606 5225 1703 5264; x_wconf 85' lang='lat' dir='ltr'><strong>no-</strong></span> 
     </span>
    </p>
   </div>
   <div class='ocr_carea' id='block_1_101' title="bbox 124 5298 1700 5372">
    <p class='ocr_par' dir='ltr' id='par_1_101' title="bbox 124 5298 1700 5372">
     <span class='ocr_line' id='line_1_101' title="bbox 124 5298 1700 5372; baseline -0.001 -16"><span class='ocrx_word' id='word_1_743' title='bbox 124 5318 256 5357; x_wconf 83' lang='lat' dir='ltr'><strong>vem</strong></span> <span class='ocrx_word' id='word_1_744' title='bbox 293 5298 506 5353; x_wconf 88' lang='lat' dir='ltr'><strong>ordines</strong></span> <span class='ocrx_word' id='word_1_745' title='bbox 545 5303 873 5372; x_wconf 87' lang='lat' dir='ltr'><strong>angelorum.</strong></span> <span class='ocrx_word' id='word_1_746' title='bbox 919 5302 985 5354; x_wconf 83' lang='lat' dir='ltr'><strong>Et</strong></span> <span class='ocrx_word' id='word_1_747' title='bbox 1012 5301 1146 5353; x_wconf 89' lang='lat' dir='ltr'><strong>sicut</strong></span> <span class='ocrx_word' id='word_1_748' title='bbox 1179 5300 1321 5354; x_wconf 76' lang='lat' dir='ltr'><strong>Isaac</strong></span> <span class='ocrx_word' id='word_1_749' title='bbox 1349 5315 1442 5367; x_wconf 92' lang='lat' dir='ltr'><strong>per</strong></span> <span class='ocrx_word' id='word_1_750' title='bbox 1471 5302 1700 5369; x_wconf 89' lang='lat' dir='ltr'><strong>prophe-</strong></span> 
     </span>
    </p>
   </div>
   <div class='ocr_carea' id='block_1_102' title="bbox 125 5387 1702 5461">
    <p class='ocr_par' dir='ltr' id='par_1_102' title="bbox 125 5387 1702 5461">
     <span class='ocr_line' id='line_1_102' title="bbox 125 5387 1702 5461; baseline -0.002 -12"><span class='ocrx_word' id='word_1_751' title='bbox 125 5397 270 5450; x_wconf 84' lang='lat' dir='ltr'><strong>tiam</strong></span> <span class='ocrx_word' id='word_1_752' title='bbox 310 5387 561 5452; x_wconf 87' lang='lat' dir='ltr'><strong>nascitur,</strong></span> <span class='ocrx_word' id='word_1_753' title='bbox 586 5392 666 5444; x_wconf 87' lang='lat' dir='ltr'><strong>sic</strong></span> <span class='ocrx_word' id='word_1_754' title='bbox 684 5401 738 5446; x_wconf 83' lang='lat' dir='ltr'><strong>et</strong></span> <span class='ocrx_word' id='word_1_755' title='bbox 765 5394 1008 5447; x_wconf 85' lang='lat' dir='ltr'><strong>Christus</strong></span> <span class='ocrx_word' id='word_1_756' title='bbox 1033 5406 1123 5461; x_wconf 84' lang='lat' dir='ltr'><strong>per</strong></span> <span class='ocrx_word' id='word_1_757' title='bbox 1151 5391 1476 5458; x_wconf 82' lang='lat' dir='ltr'><strong>patriarchas</strong></span> <span class='ocrx_word' id='word_1_758' title='bbox 1505 5403 1558 5446; x_wconf 92' lang='lat' dir='ltr'><strong>et</strong></span> <span class='ocrx_word' id='word_1_759' title='bbox 1585 5409 1702 5461; x_wconf 91' lang='lat' dir='ltr'><strong>pro-</strong></span> 
     </span>
    </p>
   </div>
   <div class='ocr_carea' id='block_1_103' title="bbox 126 5479 1702 5556">
    <p class='ocr_par' dir='ltr' id='par_1_103' title="bbox 126 5479 1702 5556">
     <span class='ocr_line' id='line_1_103' title="bbox 126 5479 1702 5556; baseline -0.001 -18"><span class='ocrx_word' id='word_1_760' title='bbox 126 5489 337 5556; x_wconf 74' lang='lat' dir='ltr'><strong>phetas</strong></span> <span class='ocrx_word' id='word_1_761' title='bbox 387 5479 747 5547; x_wconf 80' lang='lat' dir='ltr'><strong>prophetatur.</strong></span> <span class='ocrx_word' id='word_1_762' title='bbox 799 5483 947 5550; x_wconf 80' lang='lat' dir='ltr'><strong>Quod</strong></span> <span class='ocrx_word' id='word_1_763' title='bbox 998 5493 1170 5536; x_wconf 85' lang='lat' dir='ltr'><strong>autem</strong></span> <span class='ocrx_word' id='word_1_764' title='bbox 1219 5481 1368 5548; x_wconf 61' lang='lat' dir='ltr'><strong>dicit,</strong></span> <span class='ocrx_word' id='word_1_765' title='bbox 1422 5481 1702 5537; x_wconf 77' lang='lat' dir='ltr'><strong>Duodecim</strong></span> 
     </span>
    </p>
   </div>
   <div class='ocr_carea' id='block_1_104' title="bbox 125 5567 1703 5643">
    <p class='ocr_par' dir='ltr' id='par_1_104' title="bbox 125 5567 1703 5643">
     <span class='ocr_line' id='line_1_104' title="bbox 125 5567 1703 5643; baseline -0.003 -12"><span class='ocrx_word' id='word_1_766' title='bbox 125 5580 306 5631; x_wconf 68' lang='lat' dir='ltr'><strong>duca</strong></span> <span class='ocrx_word' id='word_1_767' title='bbox 328 5571 600 5643; x_wconf 79' lang='lat' dir='ltr'><strong>generabit,</strong></span> <span class='ocrx_word' id='word_1_768' title='bbox 616 5579 720 5624; x_wconf 87' lang='lat' dir='ltr'><strong>tam</strong></span> <span class='ocrx_word' id='word_1_769' title='bbox 737 5571 1079 5628; x_wconf 72' lang='lat' dir='ltr'><strong>historialitcr</strong></span> <span class='ocrx_word' id='word_1_770' title='bbox 1105 5567 1526 5641; x_wconf 85' lang='lat' dir='ltr'><strong>potestiutelligi,</strong></span> <span class='ocrx_word' id='word_1_771' title='bbox 1545 5588 1703 5641; x_wconf 89' lang='lat' dir='ltr'><strong>quam</strong></span> 
     </span>
    </p>
   </div>
   <div class='ocr_carea' id='block_1_105' title="bbox 122 5661 1706 5738">
    <p class='ocr_par' dir='ltr' id='par_1_105' title="bbox 122 5661 1706 5738">
     <span class='ocr_line' id='line_1_105' title="bbox 122 5661 1706 5738; baseline -0.009 -14"><span class='ocrx_word' id='word_1_772' title='bbox 122 5662 517 5738; x_wconf 85' lang='lat' dir='ltr'><strong>spiritualiter,</strong></span> <span class='ocrx_word' id='word_1_773' title='bbox 565 5661 846 5715; x_wconf 88' lang='lat' dir='ltr'><strong>duodecim</strong></span> <span class='ocrx_word' id='word_1_774' title='bbox 895 5664 1160 5731; x_wconf 87' lang='lat' dir='ltr'><strong>apostolos</strong></span> <span class='ocrx_word' id='word_1_775' title='bbox 1208 5671 1444 5728; x_wconf 86' lang='lat' dir='ltr'><strong>tempore</strong></span> <span class='ocrx_word' id='word_1_776' title='bbox 1472 5661 1626 5738; x_wconf 88' lang='lat' dir='ltr'><strong>isto,</strong></span> <span class='ocrx_word' id='word_1_777' title='bbox 1654 5663 1706 5718; x_wconf 77' lang='lat' dir='ltr'><strong>id</strong></span> 
     </span>
    </p>
   </div>
   <div class='ocr_carea' id='block_1_106' title="bbox 128 5737 1699 5827">
    <p class='ocr_par' dir='ltr' id='par_1_106' title="bbox 128 5737 1699 5827">
     <span class='ocr_line' id='line_1_106' title="bbox 128 5737 1699 5827; baseline -0.001 -15"><span class='ocrx_word' id='word_1_778' title='bbox 128 5737 248 5825; x_wconf 71' lang='lat' dir='ltr'><strong>est,</strong></span> <span class='ocrx_word' id='word_1_779' title='bbox 285 5757 406 5827; x_wconf 83' lang='lat' dir='ltr'><strong>lege</strong></span> <span class='ocrx_word' id='word_1_780' title='bbox 435 5757 655 5820; x_wconf 73' lang='lat' dir='ltr'><strong>litterae;</strong></span> <span class='ocrx_word' id='word_1_781' title='bbox 689 5757 738 5809; x_wconf 93' lang='lat' dir='ltr'><strong>in</strong></span> <span class='ocrx_word' id='word_1_782' title='bbox 766 5769 906 5808; x_wconf 87' lang='lat' dir='ltr'><strong>anno</strong></span> <span class='ocrx_word' id='word_1_783' title='bbox 931 5756 1130 5826; x_wconf 84' lang='lat' dir='ltr'><strong>altero,</strong></span> <span class='ocrx_word' id='word_1_784' title='bbox 1170 5755 1268 5812; x_wconf 88' lang='lat' dir='ltr'><strong>hoc</strong></span> <span class='ocrx_word' id='word_1_785' title='bbox 1304 5762 1387 5810; x_wconf 79' lang='lat' dir='ltr'><strong>est</strong></span> <span class='ocrx_word' id='word_1_786' title='bbox 1447 5737 1501 5808; x_wconf 77' lang='lat' dir='ltr'><strong>in</strong></span> <span class='ocrx_word' id='word_1_787' title='bbox 1538 5769 1699 5813; x_wconf 81' lang='lat' dir='ltr'><strong>novo.</strong></span> 
     </span>
    </p>
   </div>
   <div class='ocr_carea' id='block_1_107' title="bbox 1795 4573 3346 4644">
    <p class='ocr_par' dir='ltr' id='par_1_107' title="bbox 1795 4573 3346 4644">
     <span class='ocr_line' id='line_1_107' title="bbox 1795 4573 3346 4644; baseline -0.005 -9"><span class='ocrx_word' id='word_1_788' title='bbox 1795 4584 1984 4635; x_wconf 87' lang='lat' dir='ltr'><strong>ostium</strong></span> <span class='ocrx_word' id='word_1_789' title='bbox 2018 4591 2143 4631; x_wconf 86' lang='lat' dir='ltr'><strong>vero</strong></span> <span class='ocrx_word' id='word_1_790' title='bbox 2173 4577 2352 4644; x_wconf 89' lang='lat' dir='ltr'><strong>ﬁdem,</strong></span> <span class='ocrx_word' id='word_1_791' title='bbox 2383 4584 2436 4630; x_wconf 88' lang='lat' dir='ltr'><strong>et</strong></span> <span class='ocrx_word' id='word_1_792' title='bbox 2456 4575 2713 4629; x_wconf 81' lang='lat' dir='ltr'><strong>fervorem</strong></span> <span class='ocrx_word' id='word_1_793' title='bbox 2758 4575 2899 4638; x_wconf 83' lang='lat' dir='ltr'><strong>diei,</strong></span> <span class='ocrx_word' id='word_1_794' title='bbox 2933 4573 3161 4628; x_wconf 83' lang='lat' dir='ltr'><strong>calorem</strong></span> <span class='ocrx_word' id='word_1_795' title='bbox 3203 4574 3346 4629; x_wconf 88' lang='lat' dir='ltr'><strong>ﬁdei.</strong></span> 
     </span>
    </p>
   </div>
   <div class='ocr_carea' id='block_1_108' title="bbox 1798 4669 3350 4737">
    <p class='ocr_par' dir='ltr' id='par_1_108' title="bbox 1798 4669 3350 4737">
     <span class='ocr_line' id='line_1_108' title="bbox 1798 4669 3350 4737; baseline -0.005 -9"><span class='ocrx_word' id='word_1_796' title='bbox 1798 4675 1865 4728; x_wconf 88' lang='lat' dir='ltr'><strong>Et</strong></span> <span class='ocrx_word' id='word_1_797' title='bbox 1894 4682 1999 4726; x_wconf 87' lang='lat' dir='ltr'><strong>tres</strong></span> <span class='ocrx_word' id='word_1_798' title='bbox 2032 4672 2194 4735; x_wconf 89' lang='lat' dir='ltr'><strong>viros,</strong></span> <span class='ocrx_word' id='word_1_799' title='bbox 2227 4678 2333 4725; x_wconf 87' lang='lat' dir='ltr'><strong>tres</strong></span> <span class='ocrx_word' id='word_1_800' title='bbox 2359 4669 2520 4737; x_wconf 83' lang='lat' dir='ltr'><strong>leges.</strong></span> <span class='ocrx_word' id='word_1_801' title='bbox 2567 4669 2623 4724; x_wconf 92' lang='lat' dir='ltr'><strong>In</strong></span> <span class='ocrx_word' id='word_1_802' title='bbox 2650 4682 2869 4735; x_wconf 89' lang='lat' dir='ltr'><strong>quarum</strong></span> <span class='ocrx_word' id='word_1_803' title='bbox 2901 4678 3074 4720; x_wconf 90' lang='lat' dir='ltr'><strong>tamen</strong></span> <span class='ocrx_word' id='word_1_804' title='bbox 3106 4681 3208 4720; x_wconf 90' lang='lat' dir='ltr'><strong>una</strong></span> <span class='ocrx_word' id='word_1_805' title='bbox 3237 4683 3350 4720; x_wconf 87' lang='lat' dir='ltr'><strong>ma-</strong></span> 
     </span>
    </p>
   </div>
   <div class='ocr_carea' id='block_1_109' title="bbox 1801 4755 3344 4827">
    <p class='ocr_par' dir='ltr' id='par_1_109' title="bbox 1801 4755 3344 4827">
     <span class='ocr_line' id='line_1_109' title="bbox 1801 4755 3344 4827; baseline -0.008 -7"><span class='ocrx_word' id='word_1_806' title='bbox 1801 4766 1938 4820; x_wconf 77' lang='lat' dir='ltr'><strong>xime</strong></span> <span class='ocrx_word' id='word_1_807' title='bbox 1982 4762 2254 4815; x_wconf 92' lang='lat' dir='ltr'><strong>Dominum</strong></span> <span class='ocrx_word' id='word_1_808' title='bbox 2299 4759 2484 4812; x_wconf 87' lang='lat' dir='ltr'><strong>adorat</strong></span> <span class='ocrx_word' id='word_1_809' title='bbox 2527 4759 2747 4827; x_wconf 81' lang='lat' dir='ltr'><strong>populus</strong></span> <span class='ocrx_word' id='word_1_810' title='bbox 2786 4755 3136 4810; x_wconf 86' lang='lat' dir='ltr'><strong>Christianus.</strong></span> <span class='ocrx_word' id='word_1_811' title='bbox 3167 4755 3344 4810; x_wconf 84' lang='lat' dir='ltr'><strong>Histo-</strong></span> 
     </span>
    </p>
   </div>
   <div class='ocr_carea' id='block_1_110' title="bbox 1801 4843 3344 4918">
    <p class='ocr_par' dir='ltr' id='par_1_110' title="bbox 1801 4843 3344 4918">
     <span class='ocr_line' id='line_1_110' title="bbox 1801 4843 3344 4918; baseline -0.007 -9"><span class='ocrx_word' id='word_1_812' title='bbox 1801 4857 1994 4909; x_wconf 77' lang='lat' dir='ltr'><strong>rialiter</strong></span> <span class='ocrx_word' id='word_1_813' title='bbox 2043 4861 2216 4905; x_wconf 89' lang='lat' dir='ltr'><strong>autem</strong></span> <span class='ocrx_word' id='word_1_814' title='bbox 2251 4849 2626 4918; x_wconf 78' lang='lat' dir='ltr'><strong>perfectionem</strong></span> <span class='ocrx_word' id='word_1_815' title='bbox 2675 4847 2902 4902; x_wconf 64' lang='lat' dir='ltr'><strong>Abrahae</strong></span> <span class='ocrx_word' id='word_1_816' title='bbox 2929 4843 3178 4909; x_wconf 85' lang='lat' dir='ltr'><strong>ostendit,</strong></span> <span class='ocrx_word' id='word_1_817' title='bbox 3205 4847 3344 4913; x_wconf 90' lang='lat' dir='ltr'><strong>quod</strong></span> 
     </span>
    </p>
   </div>
   <div class='ocr_carea' id='block_1_111' title="bbox 1799 4931 3351 4999">
    <p class='ocr_par' dir='ltr' id='par_1_111' title="bbox 1799 4931 3351 4999">
     <span class='ocr_line' id='line_1_111' title="bbox 1799 4931 3351 4999; baseline -0.008 0"><span class='ocrx_word' id='word_1_818' title='bbox 1799 4946 1864 4999; x_wconf 88' lang='lat' dir='ltr'><strong>ad</strong></span> <span class='ocrx_word' id='word_1_819' title='bbox 1901 4947 2043 4999; x_wconf 88' lang='lat' dir='ltr'><strong>illum</strong></span> <span class='ocrx_word' id='word_1_820' title='bbox 2076 4951 2183 4994; x_wconf 88' lang='lat' dir='ltr'><strong>tres</strong></span> <span class='ocrx_word' id='word_1_821' title='bbox 2221 4940 2314 4992; x_wconf 89' lang='lat' dir='ltr'><strong>viri</strong></span> <span class='ocrx_word' id='word_1_822' title='bbox 2348 4939 2399 4991; x_wconf 94' lang='lat' dir='ltr'><strong>in</strong></span> <span class='ocrx_word' id='word_1_823' title='bbox 2440 4938 2646 4990; x_wconf 68' lang='lat' dir='ltr'><strong>fervore</strong></span> <span class='ocrx_word' id='word_1_824' title='bbox 2674 4936 2780 4990; x_wconf 88' lang='lat' dir='ltr'><strong>diei</strong></span> <span class='ocrx_word' id='word_1_825' title='bbox 2829 4943 3101 4989; x_wconf 76' lang='lat' dir='ltr'><strong>venerunt.</strong></span> <span class='ocrx_word' id='word_1_826' title='bbox 3149 4931 3351 4987; x_wconf 90' lang='lat' dir='ltr'><strong>Idcirco</strong></span> 
     </span>
    </p>
   </div>
   <div class='ocr_carea' id='block_1_112' title="bbox 1802 5022 3349 5103">
    <p class='ocr_par' dir='ltr' id='par_1_112' title="bbox 1802 5022 3349 5103">
     <span class='ocr_line' id='line_1_112' title="bbox 1802 5022 3349 5103; baseline -0.009 -13"><span class='ocrx_word' id='word_1_827' title='bbox 1802 5037 1942 5090; x_wconf 91' lang='lat' dir='ltr'><strong>enim</strong></span> <span class='ocrx_word' id='word_1_828' title='bbox 1966 5033 2264 5103; x_wconf 89' lang='lat' dir='ltr'><strong>specialiter</strong></span> <span class='ocrx_word' id='word_1_829' title='bbox 2297 5030 2546 5095; x_wconf 87' lang='lat' dir='ltr'><strong>Dominus</strong></span> <span class='ocrx_word' id='word_1_830' title='bbox 2573 5028 2637 5082; x_wconf 88' lang='lat' dir='ltr'><strong>ad</strong></span> <span class='ocrx_word' id='word_1_831' title='bbox 2666 5027 2809 5080; x_wconf 91' lang='lat' dir='ltr'><strong>illum</strong></span> <span class='ocrx_word' id='word_1_832' title='bbox 2839 5027 2998 5091; x_wconf 84' lang='lat' dir='ltr'><strong>venit,</strong></span> <span class='ocrx_word' id='word_1_833' title='bbox 3025 5023 3144 5094; x_wconf 90' lang='lat' dir='ltr'><strong>quia</strong></span> <span class='ocrx_word' id='word_1_834' title='bbox 3191 5022 3349 5076; x_wconf 89' lang='lat' dir='ltr'><strong>homo</strong></span> 
     </span>
    </p>
   </div>
   <div class='ocr_carea' id='block_1_113' title="bbox 1805 5112 3354 5183">
    <p class='ocr_par' dir='ltr' id='par_1_113' title="bbox 1805 5112 3354 5183">
     <span class='ocr_line' id='line_1_113' title="bbox 1805 5112 3354 5183; baseline -0.01 -3"><span class='ocrx_word' id='word_1_835' title='bbox 1805 5136 1926 5180; x_wconf 93' lang='lat' dir='ltr'><strong>tunc</strong></span> <span class='ocrx_word' id='word_1_836' title='bbox 1957 5126 2060 5179; x_wconf 75' lang='lat' dir='ltr'><strong>non</strong></span> <span class='ocrx_word' id='word_1_837' title='bbox 2092 5123 2185 5175; x_wconf 84' lang='lat' dir='ltr'><strong>iuit</strong></span> <span class='ocrx_word' id='word_1_838' title='bbox 2214 5121 2400 5174; x_wconf 88' lang='lat' dir='ltr'><strong>melior</strong></span> <span class='ocrx_word' id='word_1_839' title='bbox 2438 5119 2528 5171; x_wconf 93' lang='lat' dir='ltr'><strong>illo</strong></span> <span class='ocrx_word' id='word_1_840' title='bbox 2549 5157 2564 5183; x_wconf 96' lang='lat'><strong>,</strong></span> <span class='ocrx_word' id='word_1_841' title='bbox 2591 5126 2648 5171; x_wconf 92' lang='lat' dir='ltr'><strong>ut</strong></span> <span class='ocrx_word' id='word_1_842' title='bbox 2672 5117 2988 5171; x_wconf 91' lang='lat' dir='ltr'><strong>indicaretur</strong></span> <span class='ocrx_word' id='word_1_843' title='bbox 3018 5117 3064 5167; x_wconf 91' lang='lat' dir='ltr'><strong>ei</strong></span> <span class='ocrx_word' id='word_1_844' title='bbox 3089 5112 3155 5167; x_wconf 89' lang='lat' dir='ltr'><strong>de</strong></span> <span class='ocrx_word' id='word_1_845' title='bbox 3182 5112 3354 5165; x_wconf 89' lang='lat' dir='ltr'><strong>vindi-</strong></span> 
     </span>
    </p>
   </div>
   <div class='ocr_carea' id='block_1_114' title="bbox 1803 5203 3349 5282">
    <p class='ocr_par' dir='ltr' id='par_1_114' title="bbox 1803 5203 3349 5282">
     <span class='ocr_line' id='line_1_114' title="bbox 1803 5203 3349 5282; baseline -0.009 -11"><span class='ocrx_word' id='word_1_846' title='bbox 1803 5227 1885 5271; x_wconf 92' lang='lat' dir='ltr'><strong>cta</strong></span> <span class='ocrx_word' id='word_1_847' title='bbox 1907 5217 2204 5275; x_wconf 82' lang='lat' dir='ltr'><strong>civitatum,</strong></span> <span class='ocrx_word' id='word_1_848' title='bbox 2228 5218 2282 5263; x_wconf 92' lang='lat' dir='ltr'><strong>et</strong></span> <span class='ocrx_word' id='word_1_849' title='bbox 2307 5209 2447 5279; x_wconf 88' lang='lat' dir='ltr'><strong>quod</strong></span> <span class='ocrx_word' id='word_1_850' title='bbox 2472 5208 2644 5264; x_wconf 67' lang='lat' dir='ltr'><strong>Sarrae</strong></span> <span class='ocrx_word' id='word_1_851' title='bbox 2670 5207 2805 5260; x_wconf 88' lang='lat' dir='ltr'><strong>ﬁlius</strong></span> <span class='ocrx_word' id='word_1_852' title='bbox 2827 5213 2987 5260; x_wconf 88' lang='lat' dir='ltr'><strong>esset.</strong></span> <span class='ocrx_word' id='word_1_853' title='bbox 3014 5203 3147 5256; x_wconf 70' lang='lat' dir='ltr'><strong>Lozh</strong></span> <span class='ocrx_word' id='word_1_854' title='bbox 3174 5213 3349 5282; x_wconf 84' lang='lat' dir='ltr'><strong>autem</strong></span> 
     </span>
    </p>
   </div>
   <div class='ocr_carea' id='block_1_115' title="bbox 1805 5293 3355 5371">
    <p class='ocr_par' dir='ltr' id='par_1_115' title="bbox 1805 5293 3355 5371">
     <span class='ocr_line' id='line_1_115' title="bbox 1805 5293 3355 5371; baseline -0.012 -11"><span class='ocrx_word' id='word_1_855' title='bbox 1805 5309 1855 5360; x_wconf 91' lang='lat' dir='ltr'><strong>in</strong></span> <span class='ocrx_word' id='word_1_856' title='bbox 1885 5306 1985 5359; x_wconf 92' lang='lat' dir='ltr'><strong>hoc</strong></span> <span class='ocrx_word' id='word_1_857' title='bbox 2013 5298 2365 5371; x_wconf 84' lang='lat' dir='ltr'><strong>imperfectior</strong></span> <span class='ocrx_word' id='word_1_858' title='bbox 2398 5299 2628 5352; x_wconf 89' lang='lat' dir='ltr'><strong>cernitur</strong></span> <span class='ocrx_word' id='word_1_859' title='bbox 2655 5335 2669 5358; x_wconf 93' lang='lat'><strong>,</strong></span> <span class='ocrx_word' id='word_1_860' title='bbox 2700 5294 2834 5362; x_wconf 92' lang='lat' dir='ltr'><strong>quod</strong></span> <span class='ocrx_word' id='word_1_861' title='bbox 2865 5294 2927 5347; x_wconf 91' lang='lat' dir='ltr'><strong>ad</strong></span> <span class='ocrx_word' id='word_1_862' title='bbox 2961 5294 3107 5346; x_wconf 90' lang='lat' dir='ltr'><strong>illum</strong></span> <span class='ocrx_word' id='word_1_863' title='bbox 3146 5293 3270 5356; x_wconf 79' lang='lat' dir='ltr'><strong>duo,</strong></span> <span class='ocrx_word' id='word_1_864' title='bbox 3297 5301 3355 5343; x_wconf 89' lang='lat' dir='ltr'><strong>et</strong></span> 
     </span>
    </p>
   </div>
   <div class='ocr_carea' id='block_1_116' title="bbox 1807 5381 3358 5462">
    <p class='ocr_par' dir='ltr' id='par_1_116' title="bbox 1807 5381 3358 5462">
     <span class='ocr_line' id='line_1_116' title="bbox 1807 5381 3358 5462; baseline -0.01 -13"><span class='ocrx_word' id='word_1_865' title='bbox 1807 5397 1872 5450; x_wconf 79' lang='lat' dir='ltr'><strong>ad</strong></span> <span class='ocrx_word' id='word_1_866' title='bbox 1904 5388 2447 5462; x_wconf 84' lang='lat' dir='ltr'><strong>vesperumveniunt.</strong></span> <span class='ocrx_word' id='word_1_867' title='bbox 2477 5387 2575 5441; x_wconf 87' lang='lat' dir='ltr'><strong>Per</strong></span> <span class='ocrx_word' id='word_1_868' title='bbox 2600 5387 2696 5439; x_wconf 88' lang='lat' dir='ltr'><strong>tria</strong></span> <span class='ocrx_word' id='word_1_869' title='bbox 2727 5396 2856 5448; x_wconf 91' lang='lat' dir='ltr'><strong>sata,</strong></span> <span class='ocrx_word' id='word_1_870' title='bbox 2887 5398 3028 5450; x_wconf 88' lang='lat' dir='ltr'><strong>spes,</strong></span> <span class='ocrx_word' id='word_1_871' title='bbox 3062 5381 3212 5444; x_wconf 87' lang='lat' dir='ltr'><strong>ﬁdes,</strong></span> <span class='ocrx_word' id='word_1_872' title='bbox 3236 5382 3358 5435; x_wconf 77' lang='lat' dir='ltr'><strong>clla-</strong></span> 
     </span>
    </p>
   </div>
   <div class='ocr_carea' id='block_1_117' title="bbox 1803 5474 3355 5545">
    <p class='ocr_par' dir='ltr' id='par_1_117' title="bbox 1803 5474 3355 5545">
     <span class='ocr_line' id='line_1_117' title="bbox 1803 5474 3355 5545; baseline -0.008 -6"><span class='ocrx_word' id='word_1_873' title='bbox 1803 5489 1930 5540; x_wconf 86' lang='lat' dir='ltr'><strong>ritas</strong></span> <span class='ocrx_word' id='word_1_874' title='bbox 1981 5478 2551 5537; x_wconf 86' lang='lat' dir='ltr'><strong>demoustrantnr:vel</strong></span> <span class='ocrx_word' id='word_1_875' title='bbox 2598 5477 2874 5545; x_wconf 84' lang='lat' dir='ltr'><strong>cogitatio,</strong></span> <span class='ocrx_word' id='word_1_876' title='bbox 2915 5485 2969 5528; x_wconf 90' lang='lat' dir='ltr'><strong>et</strong></span> <span class='ocrx_word' id='word_1_877' title='bbox 3017 5474 3230 5528; x_wconf 87' lang='lat' dir='ltr'><strong>verbum</strong></span> <span class='ocrx_word' id='word_1_878' title='bbox 3260 5514 3273 5537; x_wconf 97' lang='lat'><strong>,</strong></span> <span class='ocrx_word' id='word_1_879' title='bbox 3300 5488 3355 5527; x_wconf 91' lang='lat' dir='ltr'><strong>et</strong></span> 
     </span>
    </p>
   </div>
   <div class='ocr_carea' id='block_1_118' title="bbox 1806 5566 3354 5642">
    <p class='ocr_par' dir='ltr' id='par_1_118' title="bbox 1806 5566 3354 5642">
     <span class='ocr_line' id='line_1_118' title="bbox 1806 5566 3354 5642; baseline -0.007 -14"><span class='ocrx_word' id='word_1_880' title='bbox 1806 5588 1955 5642; x_wconf 87' lang='lat' dir='ltr'><strong>opus,</strong></span> <span class='ocrx_word' id='word_1_881' title='bbox 1974 5585 2088 5641; x_wconf 74' lang='lat' dir='ltr'><strong>qum</strong></span> <span class='ocrx_word' id='word_1_882' title='bbox 2112 5571 2518 5624; x_wconf 85' lang='lat' dir='ltr'><strong>commiscentor</strong></span> <span class='ocrx_word' id='word_1_883' title='bbox 2541 5568 2591 5620; x_wconf 92' lang='lat' dir='ltr'><strong>in</strong></span> <span class='ocrx_word' id='word_1_884' title='bbox 2626 5567 2744 5621; x_wconf 86' lang='lat' dir='ltr'><strong>ﬁde.</strong></span> <span class='ocrx_word' id='word_1_885' title='bbox 2776 5566 3156 5622; x_wconf 86' lang='lat' dir='ltr'><strong>Subcineritios</strong></span> <span class='ocrx_word' id='word_1_886' title='bbox 3183 5566 3354 5620; x_wconf 82' lang='lat' dir='ltr'><strong>humi-</strong></span> 
     </span>
    </p>
   </div>
   <div class='ocr_carea' id='block_1_119' title="bbox 1807 5656 3356 5727">
    <p class='ocr_par' dir='ltr' id='par_1_119' title="bbox 1807 5656 3356 5727">
     <span class='ocr_line' id='line_1_119' title="bbox 1807 5656 3356 5727; baseline -0.005 -11"><span class='ocrx_word' id='word_1_887' title='bbox 1807 5663 2004 5727; x_wconf 84' lang='lat' dir='ltr'><strong>litatem</strong></span> <span class='ocrx_word' id='word_1_888' title='bbox 2052 5659 2300 5714; x_wconf 87' lang='lat' dir='ltr'><strong>ostendit.</strong></span> <span class='ocrx_word' id='word_1_889' title='bbox 2349 5656 2448 5711; x_wconf 85' lang='lat' dir='ltr'><strong>Per</strong></span> <span class='ocrx_word' id='word_1_890' title='bbox 2493 5672 2742 5725; x_wconf 86' lang='lat' dir='ltr'><strong>puerum,</strong></span> <span class='ocrx_word' id='word_1_891' title='bbox 2788 5658 2936 5726; x_wconf 87' lang='lat' dir='ltr'><strong>cujus</strong></span> <span class='ocrx_word' id='word_1_892' title='bbox 2983 5657 3119 5712; x_wconf 75' lang='lat' dir='ltr'><strong>ﬁlius</strong></span> <span class='ocrx_word' id='word_1_893' title='bbox 3161 5657 3356 5716; x_wconf 90' lang='lat' dir='ltr'><strong>datur.</strong></span> 
     </span>
    </p>
   </div>
   <div class='ocr_carea' id='block_1_120' title="bbox 1812 5750 3356 5828">
    <p class='ocr_par' dir='ltr' id='par_1_120' title="bbox 1812 5750 3356 5828">
     <span class='ocr_line' id='line_1_120' title="bbox 1812 5750 3356 5828; baseline -0.008 -16"><span class='ocrx_word' id='word_1_894' title='bbox 1812 5757 2030 5828; x_wconf 87' lang='lat' dir='ltr'><strong>populus</strong></span> <span class='ocrx_word' id='word_1_895' title='bbox 2049 5755 2345 5810; x_wconf 65' lang='lat' dir='ltr'><strong>indaturum</strong></span> <span class='ocrx_word' id='word_1_896' title='bbox 2369 5750 2702 5822; x_wconf 86' lang='lat' dir='ltr'><strong>signiﬁcatur.</strong></span> <span class='ocrx_word' id='word_1_897' title='bbox 2741 5751 2801 5805; x_wconf 67' lang='lat' dir='ltr'><strong>lit</strong></span> <span class='ocrx_word' id='word_1_898' title='bbox 2821 5753 2951 5806; x_wconf 78' lang='lat' dir='ltr'><strong>coxit</strong></span> <span class='ocrx_word' id='word_1_899' title='bbox 2981 5751 3146 5817; x_wconf 78' lang='lat' dir='ltr'><strong>illum,</strong></span> <span class='ocrx_word' id='word_1_900' title='bbox 3176 5750 3223 5802; x_wconf 89' lang='lat' dir='ltr'><strong>id</strong></span> <span class='ocrx_word' id='word_1_901' title='bbox 3250 5757 3356 5810; x_wconf 85' lang='lat' dir='ltr'><strong>est,</strong></span> 
     </span>
    </p>
   </div>
  </div>
