3872 6262
531 398 634 454 23:)

1017 395 1215 451 ιιευι
1257 393 1697 451 νεωειιλθιιιιε
1721 372 2251 476 pronuntiatis;
2277 396 2341 452 il.
2394 425 2452 440 —
2489 397 2868 455 exussum
2906 400 3225 458 GENUINA.

3598 372 3600 374 ν
3629 397 3728 464 ito

533 513 796 567 Christum
829 507 879 564 in
926 511 1184 578 passione.
1209 509 1355 582 Tulit
1380 525 1606 580 quoque,
1640 511 1689 563 id
1719 519 1819 574 est,
1851 508 2071 581 populus
2101 513 2150 572 Δ
2177 517 2321 564 sunt.
2350 510 2466 564 Alio
2489 526 2697 580 quoque
2725 526 2886 566 sensu
2926 513 3024 568 Lot
3071 514 3332 583 signiﬁcat
3380 518 3550 585 legero
3584 535 3598 570 :
3636 536 3731 573 nec

537 603 815 672 pcrl’eCtus.
831 601 1178 666 Qttetendom
1201 612 1278 653 est
1297 607 1474 654 autem
1496 601 1758 669 quomodo
1783 600 2076 655 tomedisse

537 695 776 748 dicuntur
805 709 818 744 :
843 692 979 759 quod
1008 691 1093 745 alii
1124 691 1200 745 sic
1228 690 1519 759 intelligunt
1564 691 1702 760 quod
1733 690 2073 746 ltistoriallter

537 783 981 838 manducaverunt
1025 781 1148 836 dum
1197 796 1416 849 corpora
1465 780 1805 850 acceperunt.
1855 781 1939 835 vel
1991 782 2079 834 ille

534 875 681 929 cibus
729 873 1044 940 pauperibus
1091 873 1178 927 Dei
1231 881 1488 938 potestate
1533 873 1736 926 oblatus
1780 886 1881 940 est.
1927 871 2075 926 Circa

535 973 726 1032 tempus
747 961 841 1016 hoc
863 963 1086 1014 neniam:
1102 976 1202 1013 non
1227 961 1291 1013 de
1309 960 1626 1029 temporibus
1648 959 1746 1014 hoc
1757 959 2074 1026 signiﬁcans,

533 1055 622 1107 sed
652 1052 950 1120 aqualitate
968 1053 1222 1105 adventus
1242 1051 1343 1115 sui,
1367 1052 1576 1119 quando
1602 1066 1693 1119 per
1722 1051 1912 1105 Filium
1947 1065 2070 1117 pro-

534 1133 748 1198 missum
781 1143 1069 1196 nasciturus
1097 1151 1206 1194 erat
1230 1140 1396 1195 ﬁdelis
1424 1141 1662 1208 populus.
1695 1141 1804 1207 Ipsa
1834 1147 1917 1193 est
1938 1141 2075 1192 enim

531 1221 687 1290 Sarra
728 1235 918 1288 sterilis
942 1273 957 1300 ,
987 1234 1069 1288 cui
1099 1232 1290 1286 dicitur
1318 1250 1330 1284 :
1356 1230 1571 1295 Lwtare,
1596 1232 1798 1295 sterilis,
1831 1245 1944 1299 qua:
1980 1245 2078 1283 non

530 1326 690 1394 poris.
746 1324 901 1376 Risus
949 1331 1121 1375 autem
1170 1322 1343 1376 Sarra:
1390 1337 1490 1373 non
1541 1330 1622 1374 est
1662 1320 1952 1383 dubitatio.
1983 1319 2074 1374 sed

538 1412 828 1477 prophetia,
878 1411 990 1465 sive
1043 1410 1180 1478 quod
1235 1410 1370 1461 risus
1415 1418 1493 1463 est
1540 1407 1742 1463 lutttrus
1793 1408 2077 1462 incredulis

528 1491 775 1563 Christo,
802 1499 913 1552 sive
958 1498 1093 1566 quod
1125 1513 1306 1550 omnes
1355 1496 1597 1551 inimicos
1640 1512 1765 1550 suos
1792 1497 1843 1550 in
1878 1496 2090 1566 judicia-

532 1598 670 1640 csset
701 1587 918 1640 risurus.
935 1584 1082 1642 Unde
1103 1593 1158 1638 et
1178 1585 1322 1641 Isaac
1345 1587 1482 1639 risus
1505 1587 1896 1655 interpretatur.
1919 1586 2066 1652 Quod

531 1685 703 1729 autctn
751 1676 895 1741 dicit,
927 1674 1049 1728 Νοη
1096 1692 1296 1744 possunt
1335 1678 1520 1747 celare,
1548 1677 1626 1732 sic
1675 1669 2072 1745 intelligendum

533 1767 674 1832 quasi
699 1766 933 1828 dixisset,
969 1766 1118 1819 Nolo.
1152 1765 1405 1834 Quodque
1431 1767 1589 1831 dicit,
1631 1765 1745 1818 Vita
1783 1767 2071 1826 comitante,

2183 596 2523 668 incongruum
2553 601 2692 669 quod
2721 601 2947 657 femineo
2968 619 3161 671 genere
3181 608 3317 674 apud
3349 620 3445 661 nos
3493 610 3580 662 lex
3641 610 3719 665 de

2179 684 2423 752 clinatur,
2454 676 2584 742 cuin
2629 690 2678 742 in
2725 689 2910 745 Greco
2955 695 3245 748 masculum
3292 710 3460 765 genus
3519 711 3722 752 servet.

2184 774 2328 829 Uxor
2351 787 2526 831 autem
2555 778 2730 847 hujus,
2767 782 2852 834 ille
2881 784 3124 849 pepulus,
3155 786 3241 850 qui
3285 786 3353 839 de
3380 785 3623 858 Egypt!)
3671 790 3727 844 li.

2179 861 2410 929 beralus,
2438 874 2493 918 et
2518 866 2584 918 de
2615 873 2985 936 persecutione
3015 872 3328 946 Pharaonis,
3359 883 3622 944 tauquam
3659 879 3725 932 de

2180 955 2468 1009 Sodomitis
2513 957 2739 1025 ignibus.
2794 973 3001 1014 rursum
3055 965 3296 1018 carnales
3321 965 3455 1019 ollas
3503 966 3730 1036 ,Ἐπιξιὶ

2177 1045 2412 1111 cupiens,
2446 1055 2586 1099 retro
2616 1048 2865 1114 respexit,
2896 1051 3087 1104 cecidit
3111 1054 3159 1104 in
3210 1055 3440 1107 deserto.
3498 1056 3570 1108 lbi
3605 1072 3731 1124 ergo

2180 1130 2261 1186 lex
2290 1136 2510 1200 primum
2545 1138 2815 1205 populum,
2871 1147 3118 1207 tanquam
3161 1153 3304 1194 reer
3352 1143 3728 1204 respicientem

2177 1238 2395 1279 uxorem
2423 1227 2632 1296 reliquit
2653 1242 2714 1281 ac
2742 1228 2987 1298 perdidit.
3015 1228 3144 1283 Inde
3168 1233 3364 1284 veniens
3391 1232 3648 1287 habitavit
3678 1237 3726 1286 in

2176 1309 2357 1382 Segor,
2383 1311 2451 1366 de
2476 1328 2574 1381 qua
2602 1314 2744 1374 dicit.
2777 1314 2866 1367 Est
2894 1333 3071 1382 parva,
3119 1327 3164 1370 et
3193 1321 3474 1372 abscondor
3517 1323 3572 1373 in
3614 1323 3728 1374 illa.

2174 1399 2363 1454 Tribus
2383 1414 2558 1456 autem
2588 1404 2762 1456 causis
2807 1405 2996 1459 dicitur
3045 1405 3144 1458 Lot
3191 1409 3332 1462 nolle
3385 1409 3437 1461 in
3490 1419 3725 1464 montem

2173 1492 2503 1545 ascendere:
2537 1492 2902 1558 Itistorialiter,
2935 1495 2984 1548 id
3026 1503 3126 1560 est,
3161 1510 3267 1563 prs:
3309 1499 3501 1552 timore
3532 1499 3728 1553 bestia-

2176 1596 2290 1635 rum
2339 1591 2390 1636 et
2439 1594 2767 1650 serpentum,
2822 1586 2902 1638 vel
2955 1599 3047 1652 pro
3090 1589 3239 1656 plaga
3269 1602 3390 1657 quae
3414 1591 3619 1650 evenit.
3648 1593 3728 1646 vel

2183 1685 2276 1739 pro
2304 1671 2516 1727 civitate
2542 1673 2809 1728 salvanda.
2839 1674 3036 1728 Civitas
3058 1686 3235 1729 autem
3262 1691 3291 1728 a
3320 1683 3726 1735 conversatione

2183 1764 2463 1817 multorum
2493 1764 2702 1828 dicitur,
2737 1779 2831 1832 pro
2857 1767 3082 1836 eo’quod
3116 1767 3459 1835 plurimorum
3490 1771 3730 1824 conscis-

532 1831 676 1910 tnore
705 1856 930 1926 loquitur
961 1831 1206 1909 hominis.
1243 1831 1476 1924 visitque
1503 1857 1659 1933 Deus,
1683 1857 1873 1910 clamor
1902 1856 2069 1913 Sodo-
2108 1831 2155 1891 Β
2181 1860 2268 1922 cat
2290 1864 2343 1907 et
2366 1856 2417 1908 in
2444 1869 2605 1908 unum
2626 1831 2896 1910 contineat
2923 1831 3080 1910 vitas.
3112 1831 3172 1911 lli
3201 1867 3378 1913 autem
3406 1861 3498 1928 qui
3532 1860 3582 1913 in
3617 1864 3729 1928 lege

532 1961 750 2010 morum,
783 1945 841 2003 id.
863 1953 966 2011 est,
1001 1962 1094 2014 pro
1128 1945 1359 2016 nequitia
1387 1961 1593 2014 eorum,
1624 1947 1734 2002 sive
1760 1947 1970 2004 auditus
1994 1959 2077 2003 est

531 2039 598 2092 ab
627 2038 925 2099 hominibus
954 2047 1008 2093 ct
1031 2041 1251 2108 angelis.
1285 2039 1618 2106 Descendunt,
1650 2043 1700 2096 iri
1729 2053 1830 2110 est,
1864 2044 1930 2098 ad
1961 2043 2072 2096 vin-

529 2129 722 2183 dictam
748 2147 760 2182 :
782 2126 849 2184 Et
870 2131 1061 2194 uidebo,
1092 2129 1141 2183 id
1162 2140 1260 2196 est,
1291 2132 1342 2185 in
1386 2132 1760 2187 misericordia.
1792 2133 1916 2188 Post
1941 2133 2074 2189 hanc

534 2220 927 2285 promissionem
971 2221 1188 2273 vertitur
1231 2222 1281 2274 in
1327 2222 1558 2280 cinerem
1605 2223 1835 2290 Sodoma
1887 2234 1941 2279 et
1967 2224 2072 2278 Gu-

533 2307 763 2360 tnorrlta.
795 2306 897 2361 Sed
927 2308 1046 2376 quid
1086 2309 1504 2380 signiﬁcamnod
1530 2311 1656 2380 justi
1685 2328 1848 2382 usque
1869 2314 1937 2368 ad
1968 2315 2072 2368 de-
2118 2327 2121 2330 '

532 2412 670 2459 item,
700 2397 743 2450 si
773 2396 1133 2452 invenirentur
1167 2399 1216 2451 in
1247 2398 1484 2454 Sodomis
1505 2443 1520 2466 ,
1546 2402 1956 2455 dicit‘Doutinus
1986 2418 2075 2455 ur-

534 2484 650 2538 bem
703 2499 821 2540 esse
860 2487 1161 2541 salvantlant
1190 2489 1214 2542 τ
1240 2489 1752 2558 Quinquagenarinm
1798 2506 2072 2545 numerum

534 2583 747 2643 prepter
777 2578 1135 2644 panitentiam
1166 2580 1358 2645 posuit,
1405 2579 1451 2634 si
1482 2579 1620 2635 forte
1644 2592 2075 2637 converterentur

533 2672 589 2716 et
637 2664 980 2720 salvarentur.
1031 2666 1267 2721 Psalmus
1320 2669 1786 2740 qninquagesimus
1835 2672 2073 2740 psalmus

537 2755 852 2821 pmnbetttia:
897 2766 998 2810 est.
1032 2755 1206 2824 Usque
1241 2756 1304 2811 ad
1333 2758 1514 2830 decem
1544 2767 1718 2813 autem
1747 2774 1852 2813 non
1900 2762 2075 2830 perire

533 2845 796 2901 civitatem
814 2847 961 2911 dicit,
985 2849 1133 2916 quasi
1155 2848 1206 2901 in
1231 2849 1461 2917 quolibet
1477 2849 1658 2910 decem
1683 2860 2071 2919 praceptorum

534 2938 771 2991 custodia
796 2938 987 2991 Clll'iau
1036 2952 1220 2992 nomen
1267 2932 1564 2992 inveniatur
1586 2980 1600 3005 ,
1633 2941 1730 2995 iste
1763 2956 1868 2996 non
1898 2943 2070 3011 periit.

537 3027 762 3082 Denario
785 3043 990 3097 quoque
1020 3043 1237 3082 nurnero
1263 3043 1468 3083 crucem
1499 3029 1692 3084 Citriin
1721 3031 2069 3087 demonstrat.

2175 1953 2591 2009 convertantur,
2665 1959 2879 2011 parvam
2953 1943 3149 2001 habent
3212 1953 3683 2004 conversationem
3711 1992 3726 2011 ,

2177 2031 2411 2101 qnandiu
2440 2034 2726 2086 secundum
2759 2033 2990 2088 litteram
3019 2033 3321 2104 intelligunt
3360 2037 3555 2103 legem.
3588 2037 3726 2089 Nibil

2175 2121 2368 2188 grande
2391 2132 2472 2176 est
2500 2121 2714 2176 sabbata
2742 2131 2797 2176 et
2819 2125 3142 2190 neomeoias,
3171 2135 3222 2178 et
3249 2128 3726 2181 circumcisionesn

2173 2211 2370 2273 carnis,
2418 2219 2472 2264 et
2521 2210 2722 2279 reliqua
2772 2203 3052 2266 carnaliter
3089 2213 3398 2268 observare.
3444 2215 3503 2270 Si
3553 2226 3726 2270 autem

2175 2299 2517 2366 spiritualiter
2531 2300 2650 2370 quis
2672 2301 2913 2369 coeperit,
2943 2303 3042 2355 illa:
3056 2303 3427 2368 observantia,
3440 2318 3563 2373 quae
3579 2315 3729 2358 erant

2175 2389 2461 2443 carnaliter
2488 2403 2683 2457 parvas,
2715 2400 2874 2444 erunt
2921 2404 3139 2459 magnai.
3194 2391 3434 2444 Ascendit
3482 2403 3596 2460 post
3636 2396 3726 2444 Irae

2176 2477 2227 2529 in
2249 2486 2484 2542 montem,
2517 2485 2564 2531 et
2593 2477 2833 2531 habitavit
2856 2477 2932 2551 libi
2972 2478 3022 2530 in
3066 2477 3328 2545 spelunca,
3376 2480 3486 2548 ipse
3530 2491 3578 2533 et
3613 2481 3727 2533 duo:

2177 2564 2300 2631 ﬁlia:
2320 2566 2472 2620 illius.
2501 2563 2565 2618 Et
2587 2566 2669 2620 lex
2696 2565 2990 2620 ascendisse
3011 2567 3235 2634 putanda
3261 2576 3365 2632 est,
3400 2583 3466 2622 eo
3492 2569 3634 2635 quod
3658 2569 3724 2622 ibi

2179 2668 2270 2718 per
2304 2653 2553 2721 templum
2594 2640 2623 2706 a
2652 2653 2938 2708 Salomone
2967 2666 3326 2707 censtructnm
3377 2658 3602 2710 accessit
3629 2671 3723 2709 or-

2178 2751 2351 2795 natus.
2384 2744 2514 2794 Cum
2548 2740 2680 2795 facta
2708 2752 2787 2796 est
2828 2743 3017 2794 domus
3043 2743 3320 2808 oratiOnis,
3371 2746 3498 2799 mali
3551 2754 3721 2799 autern

2178 2831 2412 2886 iecerunt
2439 2833 2583 2886 illam
2614 2833 2915 2901 speluncam
2942 2834 3228 2887 talionum.
3278 2834 3552 2889 llabitarit
3599 2851 3722 2903 ergo

2178 2922 2282 2978 Lot
2312 2927 2362 2976 in
2392 2915 2668 2993 spelunca,
2701 2934 2756 2979 et
2783 2927 2899 2978 dua:
2947 2925 3066 2978 ﬁliae
3097 2925 3258 2990 illius,
3286 2940 3420 2995 quas
3449 2938 3720 2995 propterea

2175 3013 2423 3066 descnliit
2461 3014 2662 3073 dicens.
2697 3013 2865 3067 Ullam
2893 3021 2938 3067 et
2966 3015 3166 3066 Olibom
3192 3017 3317 3066 duas
3345 3031 3549 3068 sorores
3574 3033 3677 3069 esse
3703 3031 3720 3067 :

533 3115 662 3171 Nam
694 3127 745 3172 et
769 3121 902 3188 quod
927 3119 1152 3186 quinque
1178 3118 1410 3173 civitates
1424 3121 1758 3190 conﬂagratae
1778 3132 1921 3185 sunt,
1948 3123 2070 3176 illud

2180 3101 2389 3168 quidam
2447 3103 2612 3154 Ullam
2662 3102 2974 3167 Samariam,
3029 3101 3233 3156 Olibam
3284 3102 3465 3158 autbm
3513 3106 3720 3173 quidam

538 3208 796 3275 signiﬁcat
836 3208 971 3276 quod
1018 3215 1202 3261 omnes
1229 3210 1315 3276 qui
1347 3212 1571 3277 quinque
1616 3225 1803 3265 sensus
1845 3217 2079 3280 corporis

541 3295 811 3350 libidinose
849 3298 1213 3355 tractaverit”.
1245 3298 1294 3350 in
1321 3296 1519 3364 judicio
1547 3280 1914 3356 concremandi
1934 3311 2075 3358 sunt.

1107 3430 1325 3484 CAPUT
1367 3429 1499 3482 SEX.

611 3546 723 3611 Ipse
764 3553 936 3595 autem
971 3543 1084 3604 Lot,
1129 3544 1215 3610 qui
1263 3557 1326 3596 ex
1355 3541 1444 3595 illo
1472 3544 1712 3597 incendio
1743 3528 1928 3599 meruit
1954 3560 2079 3599 eva-

546 3634 692 3697 dere,
723 3633 978 3700 signiﬁcat
1006 3635 1242 3698 sanctos,
1274 3635 1360 3699 qni
1393 3636 1526 3688 inter
1556 3635 1757 3704 iniquos
1786 3647 1942 3705 atque
1979 3638 2071 3691 itu-

553 3726 664 3791 pios
711 3732 944 3792 gemunt,
997 3738 1215 3791 quorum
1265 3722 1419 3777 factis
1461 3739 1563 3777 non
1589 3729 1942 3790 consentiunt,
1970 3738 2024 3783 et
2051 3743 2081 3783 a

545 3814 736 3882 quibus
777 3813 828 3867 in
885 3813 986 3867 ﬁne
1042 3812 1219 3866 mundi
1278 3813 1657 3867 liberabuntur.
1716 3812 1873 3880 Uxor.
1907 3825 2081 3870 autem

541 3903 639 3957 Lot
696 3904 898 3957 iilorutn
944 3917 1109 3970 genus
1157 3903 1396 3971 ﬁguravit
1424 3902 1533 3970 qui,
1581 3917 1672 3972 per
1709 3906 1932 3973 gratiam
1989 3904 2078 3959 Dei

544 3993 737 4057 vocati,
773 3992 1060 4058 respiciunt
1083 4001 1242 4044 retro.
1273 3992 1354 4056 Qu
1378 3991 1424 4043 id
1470 3992 1521 4044 in
1565 3992 1646 4045 sal
1697 4006 1946 4046 conversa
1977 3999 2077 4056 est,

534 4081 834 4149 exemplum
882 4087 1054 4149 portat
1100 4079 1166 4132 ad
1203 4079 1591 4134 condimentum
1637 4079 1883 4143 ﬁdelium,
1934 4080 2069 4134 unde

540 4173 627 4226 alii
657 4171 925 4226 salicutnr.
957 4169 1107 4230 Unde
1133 4171 1376 4226 Dominus
1411 4170 1566 4224 dicit:
1591 4169 1885 4225 Mementote
1908 4174 2080 4225 uxoris

545 4262 662 4326 Lat,
710 4262 968 4332 ardentem
1009 4260 1242 4328 fugiemis
1285 4260 1579 4316 Sodomam.
1630 4258 1789 4329 Segor
1829 4261 1978 4324 venit,
2031 4271 2073 4312 et

546 4363 858 4416 nequaquam
908 4347 973 4400 ad
1017 4358 1254 4400 montana
1282 4349 1542 4400 ascendit:
1569 4349 1826 4416 signiﬁcat
1854 4348 1966 4400 illos
1991 4349 2077 4414 qui

2180 3189 2439 3244 Jndteam.
2474 3189 2527 3242 In
2560 3190 2691 3244 duas
2717 3205 2843 3258 ergo
2873 3201 3047 3260 partes
3077 3191 3300 3260 populus
3342 3192 3570 3257 divisus,
3597 3191 3721 3246 duas

2187 3277 2308 3331 fecit
2337 3277 2474 3333 ﬁlias
2499 3278 2647 3348 legis.
2684 3277 2800 3334 Istae
2848 3280 3110 3334 carnalem
3159 3281 3376 3350 cupiunt
3422 3285 3720 3352 progeniem

2184 3383 2492 3438 prapagare,
2523 3380 2574 3423 et
2603 3369 2745 3424 vires
2765 3370 2910 3438 regni
2947 3371 3217 3425 terrestris
3245 3385 3532 3426 numerosa
3554 3379 3719 3439 poste.

2182 3459 2333 3510 ritate
2361 3458 2583 3522 munire,
2606 3458 2870 3524 sopientes
2915 3468 3137 3526 patrem,
3166 3468 3220 3513 et
3244 3452 3493 3513 somnum
3525 3462 3597 3513 illi
3643 3460 3722 3514 ia-

2180 3548 2434 3603 duceotes
2466 3565 2479 3598 :
2512 3547 2562 3600 id
2590 3556 2692 3608 est,
2724 3554 2959 3615 tegentes
2984 3556 3040 3602 et
3082 3547 3430 3603 observantes
3452 3548 3592 3605 illius
3614 3549 3720 3617 spiv

2183 3636 2440 3690 r‘tualiter
2461 3650 2675 3689 sensum
2705 3633 2876 3689 Solum
2909 3651 2972 3690 es
2996 3636 3088 3689 illo
3114 3636 3290 3689 (aruis
3321 3636 3721 3706 intelligentiam

2183 3729 2439 3782 tribuunt.
2469 3729 2597 3782 lude
2626 3739 2918 3797 genuerunt
2947 3727 3076 3782 tales
3105 3729 3261 3791 ﬁlios,
3283 3742 3418 3798 quos
3446 3743 3551 3784 nec
3571 3741 3724 3797 agno-

2181 3831 2332 3871 scere
2369 3827 2520 3883 pater
2559 3806 2948 3886 potest.'Segor
2967 3828 3146 3872 autem
3199 3833 3265 3872 ex
3306 3817 3396 3871 illo
3425 3819 3568 3886 quod
3597 3817 3722 3871 dixit

2184 3903 2299 3967 Lnt,
2332 3903 2578 3972 Nunquid
2601 3921 2702 3957 non
2743 3915 2815 3957 est
2862 3920 3038 3973 parua,
3069 3904 3378 3969 ets'alnobor
3403 3905 3456 3954 in
3499 3902 3618 3966 illa,
3645 3904 3723 3953 in.

2184 4000 2500 4060 terpretotur
2527 4007 2704 4060 parva.
2755 3992 2836 4046 Ab
2871 3992 3133 4058 aliquibus
3177 3989 3430 4057 queritur
3455 4004 3627 4058 quare
3654 3989 3720 4040 dc

2182 4081 2320 4136 t'mlo
2341 4080 2566 4135 vindicta
2587 4079 2774 4132 datur?
2790 4077 2922 4145 Quia
2944 4093 3128 4148 magna
3150 4077 3241 4131 iuit
3270 4077 3474 4132 illorum
3507 4076 3720 4136 malitia,

2158 4171 2384 4226 'idcirco
2410 4173 2565 4226 datur
2611 4172 2834 4224 vindicta
2869 4189 2880 4224 :
2930 4178 3081 4222 extra
3123 4166 3560 4221 consuetudinem
3605 4165 3720 4216 data

2183 4275 2280 4325 cst,
2311 4264 2428 4331 quia
2457 4274 2601 4316 extra
2632 4249 3065 4337 consuetudinem
3099 4264 3464 4325 peccaverunt.
3519 4253 3721 4308 Idcirco

2182 4350 2501 4415 sulphureos
2523 4349 2657 4417 ignis
2683 4362 2842 4416 super
2880 4347 3001 4401 illos
3047 4345 3210 4413 venit,
3257 4347 3379 4414 quia
3431 4343 3576 4396 alius
3623 4354 3721 4392 non

548 4437 724 4490 illicita
746 4436 923 4488 carnis
948 4433 1204 4487 desideria
1225 4435 1509 4497 declinant,
1536 4435 1628 4487 sed
1652 4443 1822 4489 tamen
1845 4443 2081 4487 content-
2116 4453 2160 4510 ο
2191 4439 2409 4492 habetur
2437 4439 2569 4508 ignis
2600 4439 2650 4492 in
2682 4452 2785 4505 quo
2833 4439 3055 4506 putredo
3105 4436 3194 4488 sit.
3244 4435 3445 4516 Etenim
3502 4432 3722 4500 sulphur

547 4526 792 4593 plationis
841 4521 1041 4592 apicem
1094 4522 1269 4577 subire
1321 4531 1605 4591 nequeunt.
1657 4523 1765 4577 Hoc
1805 4534 1903 4589 cst,
1940 4523 2078 4592 quod

543 4626 706 4670 exivit
748 4617 838 4669 Lot
892 4615 958 4668 de
982 4613 1246 4679 Sodomis,
1272 4614 1335 4666 ad
1363 4621 1604 4666 montana
1627 4621 1799 4668 tamen
1831 4629 1932 4668 non
1963 4631 2080 4683 per-

552 4719 708 4770 venit,
758 4707 880 4774 quia
917 4702 1231 4757 damnabilis
1272 4703 1486 4772 quidem
1535 4707 1639 4757 vita
1678 4703 2076 4772 derelinquitur,

547 4798 640 4850 sed
671 4797 928 4847 celsitudo
956 4795 1328 4859 speculatiouis
1352 4795 1611 4848 subtiliter
1633 4810 1736 4846 non
1764 4797 2082 4848 continetur.

547 4887 799 4954 Quodque
827 4884 1082 4952 sequitur,
1112 4883 1354 4948 Nunquid
1385 4901 1485 4936 non
1513 4886 1716 4951 modica,
1749 4896 1845 4949 es:,
1874 4896 1922 4939 et
1967 4870 2082 4936 vivit

549 4977 719 5027 animo
742 4989 876 5037 mea,
906 4974 1161 5040 signiﬁcat
1181 4987 1301 5041 quia
1332 4975 1450 5027 talis
1506 4977 1630 5036 vita,
1661 4987 1757 5028 nec
1784 4974 2084 5051 mendicu-

554 5070 625 5120 iis
654 5081 716 5120 ex
750 5073 855 5119 tota
885 5062 1131 5125 discreta,
1166 5077 1260 5115 nec
1287 5063 1474 5129 gaudio
1499 5062 1682 5117 salutis
1711 5073 1922 5124 aeterna:
1951 5061 2081 5113 alie-

553 5173 638 5210 na.
670 5157 822 5210 Aliud
855 5166 1026 5209 autem
1075 5166 1211 5204 nunc
1241 5151 1338 5206 Lot
1384 5151 1660 5220 signiﬁcat,
1706 5153 1844 5205 aliud
1871 5151 2081 5220 quando

550 5247 760 5301 inerunt
787 5248 904 5299 ﬁlia.-
931 5233 1070 5297 illius
1092 5256 1208 5294 cum
1239 5259 1327 5294 co.
1373 5241 1518 5294 'l‘unc
1545 5245 1683 5294 enim
1715 5243 1879 5310 legem
1925 5241 2083 5309 signi-
2124 5307 2131 5314 ν

554 5338 691 5400 iicat,
724 5351 880 5403 quant
914 5338 1049 5387 tn..le
1082 5334 1430 5399 ittlelligeotes
1456 5330 1682 5396 quidam,
1708 5348 1766 5383 se
1796 5330 2080 5392 inebriattt,

557 5433 749 5495 rituque
779 5428 1045 5492 illegititne
1074 5427 1289 5484 utendo,
1320 5423 1641 5474 inﬁdelitatis
1671 5436 1827 5488 opera
1852 5422 2080 5490 pariunt.

553 5511 692 5566 Bona
719 5525 788 5565 est
827 5517 977 5573 enim,
1009 5514 1176 5578 inquit
1205 5511 1503 5578 Apostolus,
1536 5509 1634 5572 lex,
1663 5510 1707 5562 si
1735 5511 1844 5575 quis
1869 5509 2084 5578 legitime

553 5612 738 5655 utatur.
768 5603 990 5669 Dumque
1021 5601 1138 5652 lilia:
1158 5601 1316 5666 illius,
1345 5599 1544 5654 scribas
1569 5607 1619 5654 ct
1641 5602 1945 5668 pltarisatos,
1973 5611 2079 5652 ma-

553 5696 601 5746 le
624 5699 932 5757 generantes
966 5690 1199 5744 caritates
1231 5689 1366 5743 ﬁlios
1397 5689 1463 5743 de
1487 5693 1622 5760 lege,
1642 5691 1937 5761 signiﬁcare
1962 5704 2080 5758 pos-

2185 4532 2318 4601 ignis
2350 4542 2431 4587 est
2460 4528 2682 4599 alicujus
2712 4528 2860 4598 ligni,
2891 4527 3041 4594 cujus
3070 4537 3251 4579 natura
3282 4526 3441 4592 partis
3466 4521 3724 4589 ardescit,

2179 4611 2234 4674 et
2254 4621 2323 4674 ob
2363 4620 2494 4674 hanc
2523 4607 2916 4672 similitudinem
2943 4614 3104 4670 etiam
3133 4614 3258 4668 hinc
3305 4613 3434 4683 ignis
3476 4613 3722 4683 sulphur.

2185 4711 2294 4764 Duo
2322 4720 2495 4764 autem
2523 4708 2673 4776 iges
2691 4707 2742 4760 in
2782 4704 2880 4760 hoc
2921 4705 3300 4773 signiﬁcantur,
3348 4704 3468 4772 quia
3530 4707 3722 4773 pecea-

2184 4810 2293 4855 tum
2342 4799 2578 4851 naturale
2629 4795 2865 4850 iecerunt
2919 4802 2974 4848 ct
3018 4792 3334 4847 innaturale.
3380 4791 3494 4844 Duo
3541 4799 3723 4844 autem

2185 4885 2382 4956 angeli.
2411 4885 2500 4954 qui
2547 4883 2826 4948 vindicant,
2854 4883 3074 4937 duarum
3121 4881 3293 4951 legum
3322 4886 3502 4947 typo.
3551 4885 3730 4930 tenent

2185 4976 2504 5044 puniet-tium
2534 4986 2593 5027 se
2623 4986 2726 5027 non
2754 4972 3053 5043 implentes.
3108 4969 3209 5021 Lat
3259 4966 3314 5019 ist
3363 4965 3463 5019 huc
3507 4977 3730 5033 peccato

2183 5066 2320 5128 quod
2365 5064 2623 5133 peccavit,
2675 5060 2991 5116 excusabilis
3009 5048 3229 5117 dicitur.
3252 5055 3377 5108 dum
3410 5054 3729 5110 munit.

2160 5151 2608 5227 ’Etescusabilis,
2655 5151 2780 5205 dum
2811 5162 2987 5200 vinum
3036 5159 3202 5214 usque
3227 5145 3280 5198 iu
3330 5136 3468 5199 bene
3512 5146 3733 5200 nam

2183 5242 2404 5297 biberat.
2434 5243 2525 5296 Sic
2567 5249 2620 5294 et
2651 5239 2771 5293 lilia:
2815 5237 2954 5290 illius
3000 5233 3350 5297 excusabiles,
3387 5234 3524 5316 dun
3575 5248 3732 5290 causa

2183 5331 2464 5384 crcationis
2494 5328 2750 5383 fecerunt.
2781 5326 2846 5379 Et
2875 5322 3261 5380 inexcusabiles
3285 5333 3429 5386 sunt.
3470 5326 3609 5379 dum
3639 5323 3732 5378 Se-

2185 5435 2279 5488 gor
2323 5435 2524 5484 sanant,
2578 5430 2631 5474 ct
2679 5416 2927 5472 mttntlom
2975 5429 3078 5468 non
3128 5414 3394 5482 perditum
3443 5415 3734 5478 vids-ruat,

2187 5519 2399 5577 prapter
2429 5509 2558 5562 duas
2587 5508 2832 5562 civitates
2857 5513 3074 5559 tantum.

2256 5596 2747 5666 Sloralitcrquoqoe
2797 5595 2894 5648 l.0t
2947 5593 3208 5663 signiﬁcat
3245 5589 3574 5654 rationalem
3619 5604 3746 5644 seir-

2173 5703 2322 5762 sunt,
2363 5689 2639 5744 emiriiem
2675 5688 2928 5745 animum.
2958 5690 3121 5743 Uxor
3147 5686 3290 5752 eius,
3317 5697 3443 5759 qua:
3469 5689 3621 5739 retro
3662 5697 3741 5762 roe-
