3872 6262
249 373 345 427 ΞΗ

1018 366 1080 421 IN
1119 363 1664 436 PENTATEUCHUM
1702 358 2183 418 COIIENTARZI.
2225 385 2292 400 --
2329 357 2625 415 CENESIS.

3287 335 3402 417 si:

245 485 424 554 spicit,
460 481 728 536 carnalem
777 478 1214 549 concupiscentiis
1254 477 1504 530 deditam.
1539 475 1772 529 Observa
1805 479 1848 533 Α
1876 467 2356 543 lstnqet,nit:Ejice
2375 468 2609 522 ancillast
2629 479 2677 524 et
2694 470 2857 537 ﬁliani
2875 470 3028 523 iuius.
3055 470 3400 536 Qua-rcmlutn

248 583 456 637 autem,
501 585 569 626 ne
615 571 751 625 forte
774 585 895 624 cum
923 569 1170 638 eﬁ‘ugeris
1197 567 1455 619 ﬂammant
1483 562 1692 628 mundi,
1723 572 1778 617 et

249 661 488 716 incendia
514 660 689 715 carnis
732 659 988 722 evaseris,
1014 657 1171 712 etiam
1223 670 1342 710 eum
1389 667 1546 722 parva
1590 651 1775 720 Segor,

246 751 337 817 qui
365 759 448 806 est
471 749 675 804 medius
723 747 935 817 quidam
982 749 1038 803 e't
1072 745 1240 800 civilis
1271 743 1556 812 proiectus,
1596 755 1779 809 supcr-

245 854 462 914 gressus
501 840 681 904 fueris,
714 847 768 894 et
793 837 858 892 ad
886 834 1502 897 scientie'altitudinem,
1531 833 1676 887 velut
1711 831 1777 885 ad

249 939 485 984 montem
529 928 850 984 ascenderis.
893 927 1206 982 lnsidiantur
1247 924 1337 979 tibi
1364 923 1481 978 duze
1507 921 1627 977 ﬁlia
1655 930 1778 985 tua.

247 1034 367 1087 qua:
399 1027 450 1073 te
487 1026 792 1086 sequuntur.
823 1015 1029 1070 Etcum
1058 1011 1293 1068 ascendit
1329 1010 1396 1065 ad
1442 1019 1699 1077 montem,
1725 1008 1778 1064 id

246 1116 356 1175 est,
376 1107 695 1175 superbiam,
723 1105 890 1174 major
914 1119 1084 1169 soror,
1097 1113 1150 1159 et
1168 1117 1298 1156 vana
1318 1101 1483 1170 gloria
1509 1115 1527 1155 :
1556 1114 1671 1169 quat
1698 1097 1778 1153 ld-

247 1201 392 1253 circo
420 1199 539 1252 ﬁliae
582 1198 825 1251 dicuntur
869 1194 987 1264 quia
1036 1209 1140 1248 non
1186 1191 1529 1256 extrinsecus,
1572 1189 1664 1244 sed
1699 1187 1780 1250 de

250 1288 402 1342 nobis
429 1287 689 1348 oriuntur,
720 1287 774 1340 in
798 1286 1044 1353 spelunca
1071 1281 1303 1353 pectoris
1324 1279 1638 1336 insidiantur
1683 1290 1780 1332 no-

249 1375 352 1439 bis,
385 1383 442 1428 t
479 1373 546 1428 de
573 1371 724 1427 nobis
763 1370 1165 1438 dormientibus,
1193 1383 1363 1437 neque
1390 1366 1775 1434 sentientibus,

245 1475 502 1528 generare
532 1459 730 1529 possint
759 1459 894 1514 ﬁlios
921 1471 1110 1513 sensus
1136 1459 1315 1524 utique
1343 1465 1397 1511 et
1419 1463 1568 1509 actus
1595 1467 1778 1522 repro-

249 1552 366 1603 bos.
399 1547 461 1601 Et
487 1549 710 1604 escendit
738 1547 832 1602 Lot
872 1547 936 1601 de
973 1546 1152 1616 δεεστ,
1183 1544 1378 1600 studit
1415 1544 1468 1597 in
1497 1552 1684 1610 tuente,
1717 1542 1781 1596 ti-

247 1638 372 1688 muit
392 1636 522 1688 enim
545 1636 719 1690 sedere
744 1636 796 1689 in
825 1633 1006 1704 Seqor.
1033 1634 1296 1700 Quaeritur
1325 1648 1339 1686 :
1389 1629 1517 1685 Cum
1542 1630 1778 1706 primum

247 1728 481 1794 praetulit
517 1727 686 1797 Segor
713 1727 848 1795 fugat
875 1726 1092 1791 montis,
1121 1740 1216 1781 cur
1245 1739 1384 1780 nunc
1410 1723 1478 1780 de
1519 1724 1684 1793 Segor
1714 1723 1778 1776 ad

1871 573 1953 616 est
1980 577 2074 616 cur
2110 569 2262 614 antea
2290 561 2446 615 Sarra
2473 561 2635 614 voluit
2663 561 2905 612 maritum
2931 559 3202 627 suscipere
3232 560 3394 613 illium

1871 651 1940 705 de
1964 651 2262 714 ancillaret
2293 665 2432 704 nunc
2460 664 2579 704 cum
2608 658 2774 704 matre
2796 649 2940 717 iubet
2967 649 3158 717 expelli
3204 650 3402 724 dumo?

1873 739 1988 794 Non
2011 740 2125 794 aelo
2151 738 2275 793 fecit
2300 753 2542 802 accensa,
2564 739 2656 792 sed
2677 740 2928 808 mysterio
2949 741 3241 809 compulsa.
3265 745 3402 807 Agar

1873 838 2071 894 autem,
2103 829 2154 883 id
2177 835 2281 896 est,
2301 828 2593 898 Synagoga,
2620 828 2672 882 in
2712 812 3015 883 servitutem
3039 829 3219 896 genuit
3263 831 3402 897 prio-

1875 933 1984 975 rctn
2011 918 2255 987 populum
2279 934 2293 970 :
2315 916 2495 979 Sarra,
2525 915 2580 971 id
2605 925 2704 983 est,
2739 916 2990 980 Ecclesia,
3024 918 3076 969 in
3108 917 3401 972 libertatem

1875 1007 2054 1075 genuit
2077 1005 2326 1075 populum
2357 988 2734 1058 Christianum.
2764 1003 2934 1059 Panes
2959 1013 3135 1058 autent
3187 1005 3285 1058 hoc
3325 1006 3406 1058 inv

1875 1094 2200 1159 dicaverunt,
2223 1093 2360 1163 quod
2399 1101 2551 1149 vetus
2577 1092 2927 1158 sacerdotium
2961 1107 3122 1160 panos
3163 1093 3402 1160 pronosi-

1878 1184 2034 1238 tionis
2053 1191 2285 1252 portaret
2303 1195 2499 1236 secum.
2527 1182 2654 1236 Uter
2699 1195 2824 1234 vero
2871 1195 3021 1248 aquae
3047 1179 3273 1244 deiecit;
3319 1179 3406 1249 ju-

1875 1271 1999 1327 dicii
2042 1272 2333 1342 puriﬁcatio
2381 1271 2634 1340 signatur.
2685 1267 2962 1324 Del‘ectura
3007 1271 3121 1324 sive
3165 1270 3406 1323 doctrina

1877 1375 2060 1416 eorum
2091 1360 2320 1415 carnalis
2349 1360 2399 1413 in
2432 1359 2567 1427 pelle
2595 1368 2824 1424 mortua,
2851 1358 2900 1412 id
2922 1365 3024 1422 est.
3051 1358 3102 1412 in
3131 1371 3288 1412 carne
3317 1373 3405 1409 ve-

1878 1447 2002 1506 teris
2031 1450 2275 1505 hominis.
2328 1450 2475 1518 Quod
2529 1464 2653 1504 vero
2695 1457 2811 1504 erat
2859 1451 2997 1518 Agar
3039 1451 3091 1504 in
3126 1449 3406 1504 solitudine

1877 1547 1998 1597 cum
2024 1541 2130 1595 ﬁlio
2149 1555 2268 1607 suo,
2298 1540 2559 1610 signiﬁcat
2585 1540 2908 1611 Synagogan:
2937 1555 3056 1595 cum
3083 1540 3272 1610 populo
3309 1555 3406 1594 suo

1877 1633 2144 1700 expulsam
2171 1631 2241 1688 de
2281 1643 2418 1686 terra
2446 1645 2540 1695 sua
2568 1632 2682 1686 sine
2707 1633 3020 1695 sacerdotio,
3067 1640 3122 1684 et
3143 1691 3145 1693 1
3163 1623 3408 1686 sacerdo-

1879 1721 2005 1778 tium
2029 1735 2228 1786 emre,
2258 1729 2310 1776 et
2343 1722 2479 1776 viam
2529 1735 2647 1791 quae
2694 1720 2932 1776 Christus
2985 1729 3087 1783 est,
3144 1721 3402 1791 ignorare.

246 1824 480 1869 montem
513 1815 698 1885 migret
733 1814 967 1885 (tradunt
1009 1815 1148 1871 enim
1196 1815 1398 1869 llebriei
1447 1812 1586 1883 quod
1615 1813 1779 1884 ὅρασιν
1811 1801 1849 1857 Β
1877 1809 2025 1877 Quod
2048 1809 2182 1865 ﬁlius
2211 1810 2294 1864 siti
2320 1809 2564 1879 deperiit,
2617 1811 2876 1880 signiﬁcat
2920 1811 3163 1879 pupulum
3210 1811 3402 1863 nullam

247 1906 550 1974 frequenter
578 1914 878 1960 terrmmotn
898 1919 1151 1960 concussa
1175 1904 1292 1972 sit)?
1317 1904 1440 1958 Bele
1467 1913 1642 1959 autem
1674 1904 1778 1972 pri-

248 2011 396 2050 mum
449 2005 502 2048 et
549 1993 716 2049 Salisa
765 2002 1059 2062 nuncupata
1109 1993 1206 2059 sit;
1255 1993 1588 2062 timueritqne
1645 1993 1782 2058 Lot,’

242 2087 436 2142 dicens
465 2104 479 2140 :
509 2086 561 2140 Si
586 2100 706 2141 cum
737 2093 874 2140 terra
899 2085 1056 2140 urbes
1081 2095 1300 2148 starent,
1350 2083 1462 2153 ipsa
1491 2099 1632 2152 saepe
1657 2083 1779 2137 sub-

244 2189 405 2230 versa
432 2182 774 2245 est,qnanto
817 2176 982 2242 magis
1034 2188 1172 2228 nunc
1220 2173 1273 2228 in
1321 2161 1587 2228 communi
1631 2173 1778 2226 ruina

244 2278 353 2317 non
378 2265 565 2331 poterit
590 2264 844 2318 liberari?
874 2262 1177 2330 Vocavitqu
1219 2277 1396 2316 nomen
1443 2261 1584 2316 iuius
1606 2259 1777 2325 Moab,

245 2352 300 2405 id
327 2361 427 2417 est,
459 2366 521 2406 ea
552 2361 718 2419 patre.
764 2351 935 2406 Mittor
975 2365 1141 2405 autent
1186 2353 1357 2424 genuit
1381 2352 1561 2419 Amen,
1599 2349 1649 2404 id
1678 2361 1779 2413 est,

248 2429 389 2496 ﬁlius
417 2441 586 2512 populi
613 2443 736 2497 mei.

819 2528 1041 2585 CAPUT
1078 2529 1192 2584 XX.
1392 2587 1397 2593 .

325 2618 464 2672 Dixit
503 2631 667 2676 autem
696 2621 948 2677 Abraham
980 2621 1196 2676 Samnis
1221 2636 1443 2674 sororem
1465 2634 1606 2673 strain
1634 2635 1740 2674 esse
1763 2634 1784 2673 :

246 2722 429 2763 certus
455 2710 522 2764 de
543 2711 688 2775 'Deo,
715 2712 853 2780 quod
881 2712 1063 2768 violari
1095 2712 1238 2767 illum
1267 2727 1372 2766 non
1402 2712 1620 2775 sineret,
1650 2711 1785 2765 sicut

255 2798 483 2866 primum
509 2813 536 2850 a
565 2799 854 2854 Pharaone.
887 2793 1046 2855 Sarra
1093 2810 1267 2854 autem
1315 2800 1541 2854 Ecclesia
1587 2800 1639 2852 in
1689 2799 1785 2852 hac

256 2886 698 2955 peregrinatione,
734 2897 890 2956 atque
937 2888 1073 2942 inter
1116 2888 1434 2955 alienigenas
1483 2886 1642 2955 pollui
1681 2899 1784 2938 non

250 2975 465 3040 sinitur,
499 2986 551 3030 ut
580 2977 648 3032 sit
674 2977 787 3031 viro
810 2991 906 3032 suo
933 2978 1048 3031 sine
1075 2977 1276 3031 macula
1297 2987 1345 3031 et
1368 2991 1514 3046 ruga.
1542 2975 1598 3029 In
1623 2975 1784 3044 gloria

251 3063 448 3133 quippe
476 3064 666 3119 Christi
695 3074 840 3121 recte
887 3066 1016 3119 vivit
1053 3066 1306 3128 Ecclesia,
1357 3073 1414 3118 ut
1461 3062 1786 3134 pulchritudo

1879 1897 2074 1977 habere
2099 1901 2420 1967 spiritualem
2453 1900 2883 1969 puriﬁcationem.
2912 1901 3059 1969 Quod
3082 1915 3204 1955 vero
3234 1901 3392 1953 ﬁlium

1876 1991 1976 2043 sub
1994 1989 2204 2043 arbore‘
2220 1989 2461 2057 proiecit,
2486 2001 2537 2044 et
2561 1989 2638 2044 sic
2665 1989 3052 2044 demnnstrante’
3072 1989 3256 2058 angelo
3285 1990 3398 2042 l'ou-
3425 2053 3428 2056 Α

1878 2077 2202 2144 tem-aspicit,
2220 2078 2477 2147 signiﬁcat
2493 2079 2742 2154 quosdam
2767 2093 2830 2132 cs
2865 2079 2954 2132 illo
2979 2078 3170 2147 populo
3191 2077 3256 2132 ad
3279 2091 3402 2132 nm-

1877 2169 2020 2223 hraut
2065 2167 2186 2238 ligni
2235 2169 2404 2224 erucis
2462 2169 2716 2239 refugiunt
2764 2171 3055 2240 petituros,
3095 2171 3402 2237 visurosqtte

1879 2258 2071 2315 laniem
2093 2276 2241 2330 aqua:
2273 2261 2405 2314 viva:
2434 2262 2880 2322 rcseratisoculis.
2906 2262 2957 2316 id
2989 2271 3090 2326 est,
3111 2260 3396 2316 Christum.

1878 2349 2104 2420 Angelus
2133 2351 2229 2404 iste
2257 2349 2539 2404 similitudo
2564 2357 2647 2406 est
2670 2351 2816 2417 Elite,
2851 2367 2943 2419 per
2956 2366 3124 2421 quem
3168 2352 3268 2406 iste
3286 2366 3400 2406 crn-

1878 2437 2082 2493 diturus
2097 2448 2198 2494 est.
2232 2440 2379 2507 Quod
2405 2449 2579 2495 autem
2601 2439 2806 2506 dicitur,
2833 2439 3043 2496 Faciam
3064 2438 3208 2510 illam
3223 2441 3276 2494 in
3291 2455 3409 2512 gsn-

1880 2538 1977 2582 tent
2026 2546 2300 2599 magnam,-
2357 2531 2494 2598 quod
2533 2528 2777 2599 copiosus
2831 2532 3053 2601 populus
3102 2531 3400 2586 Iudaeorum

1879 2627 2016 2672 esset
2045 2626 2350 2687 regnaturus
2382 2620 2675 2687 inmundo,
2699 2622 2811 2676 sive
2856 2620 2995 2691 quod
3045 2621 3277 2675 cmleslis
3324 2636 3406 2675 re-

1882 2706 1968 2775 gni
1998 2706 2214 2775 gloriam
2241 2693 2568 2762 consecuturi
2596 2717 2795 2773 essent,
2825 2710 2912 2777 qui
2938 2724 3003 2763 ex
3031 2710 3135 2762 illis
3161 2709 3406 2763 credide.

1883 2805 2020 2850 runt.
2052 2797 2199 2863 Quod
2228 2807 2400 2853 autem
2424 2799 2549 2852 dicit
2575 2797 2835 2866 angelum,
2861 2808 2914 2854 et
2933 2809 3110 2867 postea
3140 2800 3278 2852 illum
3303 2801 3401 2850 do-

1883 2887 2080 2939 minum
2109 2896 2302 2941 vocat:
2353 2887 2522 2942 ﬁlium.
2546 2887 2690 2941 illum
2739 2887 2896 2941 fuisse
2939 2888 3254 2942 credendum
3301 2898 3400 2953 est,

1880 2977 1966 3045 qui
2001 2991 2094 3044 per
2120 2977 2286 3046 legem
2313 2986 2367 3032 et
2398 2980 2677 3046 prophetas
2702 2994 2911 3048 semper
2934 2982 3140 3046 locutus
3168 2991 3278 3041 est;
3311 2983 3400 3050 qui

1871 3055 2039 3118 etiam
2065 3074 2144 3119 est
2173 3065 2388 3135 angelus
2439 3068 2608 3137 magni
2659 3067 2881 3122 consilii.
2928 3069 3184 3124 Bersabee
3225 3081 3408 3138 puteus

251 3129 399 3220 ejus:
419 3152 586 3206 honor
629 3155 693 3207 sit
738 3155 852 3209 viro
899 3155 1039 3209 illius
1059 3195 1072 3217 ,
1103 3155 1238 3209 sicut
1274 3129 1535 3210 Abraham
1565 3162 1784 3223 propter
1807 3129 1855 3190 ο
1884 3154 2138 3222 septimus
2169 3129 2564 3224 interpretatur:
2584 3156 2695 3211 sive
2725 3167 2912 3227 puteus
2937 3129 3268 3214 duramenti:
3297 3161 3408 3212 sive

257 3238 470 3292 Sarratn
498 3239 892 3296 bonorabatur:
936 3244 1019 3297 cui
1071 3258 1220 3312 reges
1265 3259 1479 3299 munera
1522 3242 1782 3306 oﬁeruut,

251 3325 404 3409 sicut
430 3329 738 3397 Abimelech
771 3330 977 3405 obtulit.
1006 3331 1071 3386 Et
1099 3336 1288 3386 mirum
1314 3332 1450 3398 quod
1494 3333 1656 3387 amari
1690 3348 1781 3398 po-

248 3415 369 3482 tttit,
390 3417 448 3471 ‘ct
474 3419 654 3474 violari
685 3435 789 3475 non
818 3422 1000 3488 potuit.
1028 3421 1230 3477 Etenim
1262 3420 1500 3476 Ecclesia
1554 3420 1782 3475 Domino

246 3503 379 3560 Iesu
408 3506 460 3560 in
491 3508 696 3562 occulto
730 3523 882 3574 uxor,
929 3509 983 3563 in
1021 3521 1226 3566 secreto
1263 3510 1453 3578 quippe
1492 3508 1782 3578 spirituali,

247 3593 425 3648 anima
470 3594 694 3649 humana
744 3598 829 3652 vel
871 3597 1100 3652 Ecclesia
1131 3598 1352 3653 inhaeret
1379 3599 1544 3652 verbo
1586 3597 1696 3661 Dei,
1730 3605 1787 3650 ut

250 3683 364 3740 sint
387 3685 493 3739 duo
521 3685 574 3739 in
600 3700 760 3742 carne
797 3702 919 3741 una.
946 3687 1094 3753 Quod
1120 3697 1292 3742 autem
1323 3697 1450 3741 tunc
1487 3686 1539 3740 in
1571 3686 1784 3742 Abimu-

257 3777 376 3831 lech
403 3777 545 3845 prius
575 3784 628 3831 et
656 3778 916 3846 posterius
941 3778 1216 3847 ﬁguratum
1242 3786 1344 3843 est,
1369 3779 1468 3831 hoc
1496 3776 1549 3831 in
1576 3785 1788 3831 terreno

251 3884 439 3938 regno,
478 3867 622 3937 cujus
672 3877 850 3938 typum
897 3867 1030 3937 gerit
1053 3866 1380 3930 Abimelech.
1420 3867 1474 3921 in
1531 3866 1788 3936 prioribus

247 3965 311 4011 et
343 3958 715 4022 posterioribus
767 3957 976 4028 regibus
1001 3959 1336 4025 adimpletum
1365 3967 1480 4022 est;
1529 3959 1615 4026 qui
1647 3958 1788 4024 prius

252 4049 539 4104 Ecclesiam
582 4059 975 4118 persequentes,
995 4052 1240 4118 illamque
1277 4049 1470 4102 violare
1493 4048 1785 4127 cupientes,

251 4154 362 4194 non
384 4149 552 4193 tamen
578 4139 774 4202 valent,
806 4149 856 4193 et
886 4141 960 4194 sic
990 4149 1165 4207 postea
1197 4141 1599 4192 honoraverunt.
1630 4137 1790 4201 soror

250 4226 434 4282 autem
460 4226 653 4281 ChriSti
677 4226 932 4291 Ecclesia,
965 4244 1067 4280 non
1096 4229 1162 4282 de
1188 4238 1356 4281 matre
1390 4243 1404 4280 :
1434 4242 1534 4280 non
1561 4225 1701 4280 enim
1724 4226 1790 4280 de

257 4317 870 4385 terrena'generatione,
920 4315 1020 4367 sed
1075 4318 1142 4367 de
1191 4315 1397 4370 cmlesti
1450 4315 1790 4385 generatione

1884 3244 2019 3312 quod
2042 3256 2243 3315 septem
2261 3261 2423 3317 agnas
2441 3254 2700 3316 acceperit
2718 3249 3019 3303 Abimeleclt
3036 3252 3102 3303 ab
3125 3252 3405 3313 .thrahaut,
3427 3317 3430 3321 ῗ

1883 3339 1994 3391 sive
2018 3335 2154 3404 quod
2176 3336 2480 3406 iuraverunt
2516 3339 2583 3392 ibi
2624 3347 2852 3404 pactum.
2884 3338 3050 3392 Sabee
3086 3340 3244 3402 (οηίιιι,
3298 3339 3407 3392 sive

1879 3425 2250 3492 juramentnm,
2280 3426 2395 3479 sive
2416 3436 2615 3494 septem
2641 3426 2694 3481 in
2724 3427 2944 3494 Hebraeo
2969 3417 3247 3497 signiﬁcat.
3297 3430 3400 3482 No-

1889 3513 2101 3566 tandum
2131 3521 2304 3567 antem
2335 3515 2470 3581 quod
2500 3515 2639 3570 Isaac
2661 3504 2858 3568 nonad
2880 3530 3126 3585 quercum
3153 3514 3405 3584 Humbre,

1883 3601 1973 3655 scd
2002 3602 2053 3654 in
2091 3601 2303 3656 Geraris
2330 3612 2481 3658 natus
2509 3606 2598 3666 sit,
2641 3605 2726 3658 ubi
2755 3613 2809 3659 et
2835 3605 3091 3659 Bersabee
3123 3595 3286 3674 usque
3315 3609 3411 3659 ho-

1885 3693 1970 3747 die
1996 3693 2243 3761 Oppidum
2265 3705 2365 3749 cst.
2394 3695 2555 3764 llujus
2585 3697 2658 3747 rei
2691 3695 2837 3750 testis
2865 3703 2946 3750 est
2977 3693 3266 3762 Scriptura,
3296 3711 3409 3764 qna-

1885 3786 2050 3839 dicit:
2085 3774 2352 3841 Habitavit
2389 3787 2654 3840 Abraham
2711 3786 2763 3840 in
2811 3796 2951 3843 terra
2998 3788 3407 3844 Pltilistittornm.

1888 3875 2000 3929 Alii
2017 3876 2196 3931 dicunt
2224 3879 2439 3946 ﬁguram
2463 3877 2656 3932 Christi
2687 3877 2874 3942 teneri,
2923 3878 3010 3931 ubi
3031 3878 3220 3933 dicitur
3245 3898 3256 3931 :
3294 3878 3411 3934 Non

1888 3965 2058 4017 videbo
2085 3965 2372 4020 morientem
2399 3982 2630 4035 puerum.
2659 3967 2721 4019 Et
2741 3966 2792 4019 in
2823 3966 2921 4020 hoc
2939 3965 3256 4034 signiﬁcatur
3277 3969 3414 4036 quod

1887 4052 2052 4106 ιιιόωί
2089 4052 2344 4108 Gentibus
2367 4056 2627 4108 Christum
2657 4053 2979 4108 tradiderunt
3022 4055 3085 4108 ad
3110 4058 3417 4125 cruciﬁgen-

1887 4139 2029 4206 dum,
2058 4149 2110 4194 et
2139 4155 2240 4193 non
2274 4142 2369 4207 ipsi
2401 4142 2544 4193 illum
2569 4135 2963 4195 cruciﬁa‘crunt.
2998 4142 3060 4194 Et
3107 4143 3245 4212 quod
3287 4144 3412 4198 dici-

1889 4228 2002 4291 tur,
2019 4227 2154 4310 Quid
2175 4229 2304 4298 agis,
2337 4228 2504 4298 Agar?
2526 4240 2577 4282 et
2604 4229 2678 4282 sic
2701 4229 2992 4297 intelligunt
3011 4231 3158 4298 quasi
3185 4231 3413 4286 diceret:

1888 4318 2020 4385 Quid
2067 4318 2176 4387 agis
2223 4320 2272 4371 in
2330 4321 2438 4386 lege
2483 4319 2706 4372 litterati
2736 4319 2798 4372 Et
2821 4320 2868 4372 in
2903 4320 2984 4373 his
3010 4318 3252 4373 omnibus
3283 4325 3418 4389 Agar

248 4405 466 4460 Christo
492 4407 908 4469 commendatur,
955 4406 1240 4459 secundum
1286 4422 1440 4472 quam
1497 4408 1787 4473 generatio.
1821 4394 1871 4473 ς
1894 4417 2088 4472 partem
2127 4404 2354 4459 ostendit
2403 4405 2628 4460 lideliunt
2678 4405 3007 4469 Jndmorunt.
3060 4409 3144 4461 cui
3193 4409 3416 4471 dicitur,

252 4510 378 4547 item
411 4494 706 4560 spirituales
745 4467 946 4550 sumus.
997 4495 1173 4561 Neque
1223 4467 1355 4547 hanc
1398 4467 1787 4562 generationem
1821 4467 2074 4562 DSurge,
2107 4495 2154 4546 id
2185 4506 2283 4558 est,
2310 4497 2359 4547 in
2409 4494 2541 4556 ﬁde;
2591 4493 2655 4545 Et
2693 4496 2829 4556 tolle,
2877 4497 2924 4547 id
2970 4467 3070 4560 est,
3094 4512 3225 4565 opus
3275 4467 3415 4561 ﬁdei.

251 4585 328 4636 de
352 4581 620 4652 Synagoga
649 4593 818 4638 matre
839 4584 1034 4638 Christi
1064 4585 1347 4643 secundum
1378 4596 1614 4648 carnem,
1641 4583 1733 4634 sed
1760 4597 1790 4636 a

219 4664 237 4669 ’
258 4671 377 4726 Deo
394 4681 539 4739 patre
566 4674 882 4739 accepimus.
911 4673 1071 4741 Cujus
1095 4675 1161 4727 sit
1202 4674 1374 4726 autem
1418 4686 1566 4738 uxor,
1618 4674 1791 4726 occul-

260 4769 439 4811 tatur:
470 4756 619 4826 cujus
646 4758 717 4810 sit
741 4771 913 4822 soror,
966 4774 1066 4813 non
1114 4770 1346 4825 tacetur;
1376 4759 1496 4828 quia
1533 4760 1791 4824 occultum

253 4863 342 4905 eet
370 4858 423 4908 et
448 4847 663 4904 difﬁcile
687 4847 751 4902 ad
782 4847 1177 4917 intelligendum
1203 4854 1469 4921 quomodo
1500 4851 1662 4904 verbo
1693 4849 1782 4902 Dei

252 4937 432 4992 anima
461 4941 683 4992 humana
704 4937 999 5002 copuletur.
1029 4936 1176 5001 Quod
1214 4955 1339 4993 vero
1373 4941 1574 4995 occulta
1604 4952 1791 5005 cogna-

256 5027 403 5081 tione
421 5027 610 5082 l’ratr’es
651 5027 840 5081 Christi
870 5038 992 5079 sunt
1024 5025 1211 5090 sancti,
1255 5028 1470 5082 eﬁusius
1508 5043 1572 5084 ex
1602 5026 1791 5082 Christi

255 5114 434 5169 verbis
454 5115 506 5168 in
538 5115 816 5184 Evangelio
831 5125 997 5184 patet.

693 5277 701 5284 ,
827 5213 1047 5268 CAPUT
1082 5211 1220 5266 XXI.

340 5298 630 5364 Pergrande
676 5300 974 5353 convivium
1020 5300 1156 5368 quod
1185 5297 1310 5352 fecit
1338 5301 1598 5353 Abraham
1631 5302 1681 5354 in
1710 5299 1796 5355 die

261 5386 628 5442 ablactationis
680 5386 844 5450 lsaac,
897 5386 1407 5450 conviviumChriSti
1440 5387 1488 5438 in
1537 5401 1671 5441 novo
1712 5389 1796 5441 die

263 5475 610 5549 perfectionis
635 5474 809 5542 pepuli
839 5475 1122 5529 Christiani
1153 5478 1422 5543 ﬁguratur.
1454 5476 1796 5550 Ablactabatt:

261 5578 358 5620 tur
377 5576 546 5619 autem
578 5562 721 5632 pueri
746 5563 950 5616 illorum
979 5568 1161 5632 quinto
1182 5579 1338 5626 anno,
1369 5565 1470 5627 vel,
1496 5570 1554 5616 ut
1575 5564 1684 5628 alii,
1713 5578 1797 5617 se-

255 5656 441 5711 cundo
468 5669 621 5709 anno.
655 5653 775 5707 Cum
791 5653 989 5706 vidisset
1017 5653 1176 5708 Sarra
1207 5653 1355 5708 Isaac
1386 5649 1635 5706 ludentem
1681 5670 1794 5705 cum

1893 4584 2039 4650 Quod
2075 4592 2248 4635 autem
2279 4584 2466 4635 dicitur
2495 4592 2657 4634 tenere
2680 4599 2879 4634 manum
2901 4586 3058 4647 illius,
3088 4591 3415 4652 ctiOperatio.

1895 4685 2010 4724 nem
2041 4669 2282 4723 Εοωθεὶλιε
2327 4669 2572 4722 ostendit.
2618 4669 2920 4736 Aperttilque
2956 4674 3126 4738 oculos
3175 4675 3334 4738 illius,
3366 4676 3414 4729 id

1894 4769 1994 4827 est,
2023 4774 2204 4817 sensus
2222 4763 2276 4811 itt
2299 4759 2418 4814 ﬁde.
2442 4759 2559 4812 Uter
2578 4771 2744 4812 autem
2768 4763 3019 4828 impletus,
3051 4775 3193 4817 vetus
3221 4766 3299 4818 lex
3330 4768 3422 4818 int-

1895 4851 2028 4918 pleta
2088 4863 2244 4910 sensu
2289 4849 2583 4915 spirituali,
2641 4853 2726 4918 qui
2770 4852 2923 4903 datur
2991 4853 3168 4909 bibere
3227 4859 3419 4924 populo

1892 4938 2202 4993 Christiano.
2236 4937 2380 5002 Quod
2411 4953 2584 4992 autem
2639 4940 2828 4994 lsmacl
2873 4941 3169 5010 sagittarius
3207 4945 3415 5010 dicitur,

1895 5044 1994 5080 non
2025 5028 2306 5096 inccngrne
2339 5027 2528 5094 popqu
2553 5027 2771 5083 Judaico
2799 5033 3062 5096 convenit,
3089 5034 3118 5085 Ι.
3140 5047 3187 5086 ,c
3225 5042 3305 5085 est
3328 5034 3416 5101 ju-

1801 5171 1809 5179 ,
1892 5118 2116 5184 gnlando
2148 5116 2342 5169 hostias
2373 5116 2526 5184 legis.
2562 5119 2632 5172 De
2661 5119 2901 5172 convivio
2930 5131 3099 5174 autem
3126 5122 3262 5188 quod
3302 5124 3418 5175 it-cit

1898 5207 2156 5261 Abraham
2183 5207 2303 5259 alibi
2345 5207 2552 5260 dic-tur.
2584 5208 2664 5260 Fit
2714 5220 2883 5263 autem
2929 5210 3220 5264 contivium
3246 5250 3260 5274 ,
3304 5227 3418 5264 cum

1901 5297 2031 5350 lacte
2058 5294 2332 5362 depellitur
2361 5295 2521 5364 Isaac,
2552 5309 2602 5350 et
2631 5299 2684 5349 ﬁt
2720 5298 2900 5350 laetitia
2934 5313 3113 5365 magna
3148 5299 3280 5364 patri
3329 5316 3422 5351 ex-

1898 5386 2058 5438 celso.
2089 5385 2302 5438 Summo
2347 5395 2515 5437 autem
2546 5386 2742 5438 duetori
2773 5385 2838 5438 de
2876 5387 2966 5444 liis
3009 5389 3096 5455 qui
3134 5387 3240 5454 jam
3292 5389 3424 5441 lacte

1898 5493 2002 5538 non
2053 5475 2323 5541 indigent,
2372 5478 2463 5528 sed
2495 5477 2626 5529 ‘cibo
2656 5475 2803 5540 fortir
2824 5477 2912 5544 qui
2944 5492 3035 5545 pro
3081 5478 3424 5545 possibilitatn

1899 5565 2133 5619 sumendi
2164 5563 2472 5616 exercitatos
2503 5563 2694 5619 habent
2734 5579 2941 5627 sensus.
2982 5577 3034 5618 et
3060 5566 3421 5619 discretionem

1903 5657 2021 5708 boni
2053 5669 2111 5708 ac
2145 5654 2285 5706 mali.
2319 5653 2485 5721 Super
2511 5654 2611 5708 illis
2643 5664 2813 5709 autem
2843 5654 3132 5708 convivium
3187 5672 3285 5705 mm
3329 5669 3418 5719 pn-
