3872 6262
500 362 606 420 243
997 358 1202 417 [ΚΕΜΕ
1246 357 1694 416 VENERABILIS
1732 317 2011 412 Ol’EIlUll
2054 351 2231 410 PARS
2270 355 2334 412 ll.
2367 387 2434 400 —
2476 358 2858 420 EXEGETICA
2897 360 3220 421 GENCINA.

518 481 643 534 test,
677 474 742 524 tte
772 471 959 538 quibus
987 469 1114 522 dicit
1158 467 1442 536 Apostolus
1470 485 1483 520 :
1529 468 1634 520 Lac
1689 464 1806 518 dedi
1846 463 1980 516 uobis
2018 461 2071 513 in
2101 459 2145 518 A
2178 464 2299 530 pulo
2323 481 2414 534 per
2436 468 2764 535 patriarchas
2785 480 2839 526 et
2861 474 3145 541 proph..'.as
3169 473 3559 543 prophetante.
3601 475 3758 530 [ῐηιίς
3838 485 3839 488 ‘

415 623 424 628 η
507 576 695 613 rscam.
728 558 874 624 Quod
905 569 1076 612 autem
1105 558 1249 623 dicit,
1282 555 1560 625 Indignata
1585 566 1657 609 est
1713 556 1893 618 Sarra,
1946 569 2060 605 cunt
2163 562 2217 606 et
2243 552 2351 609 illic
2379 553 2598 610 dicitur:
2624 557 2801 612 Redde
2822 560 2927 613 viro
2949 578 3040 615 sua
3065 578 3295 624 uxorem,
3322 564 3452 628 quia
3485 568 3758 630 propheta

490 653 713 704 uidisset
743 649 932 704 lstttael
969 650 1224 704 ludentem
1253 663 1367 702 cum
1394 646 1580 712 Isaac;
1610 645 1869 715 sigu'licat
1914 645 2061 712 quasi
2113 638 2119 643 ’
2164 654 2257 708 est,
2278 655 2324 699 et
2341 647 2502 700 orabit
2515 665 2609 716 pro
2633 658 2700 715 te,
2727 659 2774 704 et
2803 651 2951 706 viues.
2977 651 3159 706 Postea
3190 651 3371 707 intulit
3398 670 3411 706 ε
3443 653 3655 709 Ora-tte
3675 672 3758 706 er:-

511 760 655 804 caro.
706 743 857 814 cujus
886 758 1165 812 personam
1216 744 1350 810 gerit
1407 740 1612 803 lsmael,
1665 756 1679 774 τ
1713 737 1869 803 urjttti
1915 737 2062 791 blan-
2165 744 2260 789 tem
2309 737 2586 807 Abraham,
2635 742 2832 795 sanavit
2883 741 3019 796 Deus
3065 742 3375 810 Abimeleclt,
3424 753 3486 800 et
3514 747 3756 815 reliqua.

496 837 708 901 diatur,
742 836 828 901 qui
861 844 941 889 est
970 832 1136 887 Isaac.
1195 831 1304 885 Etsi
1337 831 1389 884 itt
1440 829 1680 884 delectat
1707 828 1879 882 .ztibtts
1907 827 2068 880 liceat
2722 829 2947 887 CAPUT
2980 831 3143 886 XXII.

516 923 817 992 hujusmodi
852 923 1006 976 ludus
1035 922 1212 975 carnis
1248 934 1369 974 cum
1407 907 1618 986 spiritu,
1640 918 1854 974 Suram
1889 926 2064 969 tamen
2241 918 2462 974 Tentavit
2495 920 2628 976 Deus
2650 921 2926 976 Abraham.
2953 923 3047 977 llic
3071 932 3465 977 commemorat
3497 924 3654 979 Deus
3691 925 3754 976 ﬂ-

513 1015 741 1082 masitue
788 1027 906 1080 qua:
952 1020 1037 1065 est
1092 1010 1258 1064 virtus
1303 1008 1538 1064 offendit.
1593 1008 1705 1062 Duo
1751 1015 1927 1060 autem
1976 1003 2066 1058 ﬁlii

2209 1029 2297 1067 um
2325 1015 2721 1081 cltarissimum,
2752 1025 2809 1070 ut
2836 1024 3026 1085 augeat
3055 1017 3258 1084 pondus
3288 1017 3661 1077 tentationis;
3694 1026 3754 1069 et

519 1105 807 1169 Abraham,
839 1118 974 1157 unus
997 1103 1063 1158 de
1087 1103 1297 1167 ancilla,
1330 1110 1384 1156 et
1420 1102 1552 1156 alter
1585 1100 1653 1154 de
1678 1099 1837 1154 libera
1865 1115 1878 1150 ε
1931 1105 2072 1150 uter-
2169 1103 2362 1158 dicitur
2384 1104 2456 1158 illi
2489 1114 2544 1158 ιιι
2572 1105 2730 1161 vadat
2776 1105 2828 1160 in
2857 1113 3051 1160 lenam
3083 1105 3300 1160 visionis
3328 1147 3343 1172 ν
3381 1115 3442 1159 ut
3473 1105 3612 1160 dum
3639 1118 3757 1158 am-

518 1211 622 1263 ψιυ
692 1203 866 1248 tamen
924 1193 1064 1247 miu‘s
1133 1193 1432 1255 Abraham,
1489 1190 1617 1245 licet
1678 1203 1781 1244 non
1853 1195 2073 1255 uterque
2169 1194 2336 1260 bulat,
2368 1196 2600 1262 dumque
2630 1197 2730 1251 iter
2757 1198 2881 1266 agit,
2909 1196 3316 1265 cogitationibus
3368 1197 3749 1265 discerpatur.

530 1285 684 1340 liber.
724 1285 1019 1353 .Prupb-tca
1076 1286 1164 1354 qui
1221 1284 1288 1338 dc
1345 1284 1536 1338 ancilla
1588 1271 1845 1345 nascitur,
1903 1280 2071 1334 heres
2174 1280 2412 1337 Pervenit
2436 1285 2503 1336 ad
2556 1285 2719 1340 locum
2748 1287 2831 1341 die
2859 1287 3025 1350 tertia,
3055 1296 3110 1339 ut
3138 1286 3189 1341 itt
3217 1287 3364 1340 omni
3397 1289 3507 1341 Itrzc
3561 1290 3754 1356 spatio

523 1375 733 1441 quidem
764 1390 864 1428 nou
891 1376 945 1427 ﬁt
972 1389 1090 1429 cum
1121 1374 1226 1428 lilio
1255 1374 1432 1429 libera:
1476 1373 1720 1441 accipere
1765 1370 2072 1440 prou'issio-
2176 1384 2279 1428 tam
2313 1375 2519 1444 prolixo
2548 1377 2840 1432 intueretur
2865 1377 3053 1433 ﬁlium.
3102 1377 3256 1433 Pater
3282 1393 3408 1433 cum
3435 1378 3536 1431 illo
3563 1379 3752 1432 cibum

523 1481 669 1520 nem.
701 1465 1050 1533 Spiritualiter
1074 1477 1202 1534 ergo
1221 1479 1407 1520 omnes
1433 1465 1524 1532 qui
1556 1478 1646 1530 per
1675 1462 1830 1516 ﬁdem
1859 1461 2076 1516 veniunt
2173 1471 2430 1526 sumeret,
2477 1479 2607 1531 puer
2634 1464 2843 1521 cibaret
2865 1467 2917 1520 iu
2947 1467 3151 1536 gremio
3175 1465 3338 1535 patris
3370 1507 3385 1530 ,
3418 1475 3479 1519 ut
3514 1468 3756 1521 tentatio

522 1558 585 1610 ad
615 1555 933 1622 agnitionem
965 1555 1079 1623 Dei,
1111 1561 1332 1623 possunt
1362 1554 1455 1608 lilii
1504 1553 1772 1609 Abraham
1813 1550 1940 1605 dici.
1970 1549 2073 1605 Sed
2171 1553 2226 1607 in
2270 1553 2516 1609 omnibus
2559 1556 2944 1612 cumularetur.
2981 1557 3132 1624 Quod
3190 1565 3370 1611 autem
3423 1557 3690 1624 sequitur
3725 1573 3738 1608 :

525 1649 578 1700 in
611 1645 692 1699 bis
721 1653 841 1699 sunt
869 1644 954 1698 alii
982 1644 1070 1714 qui
1102 1658 1197 1713 pro
1246 1645 1509 1698 cbaritate
1558 1644 1801 1705 veniunt,
1844 1641 1928 1694 alti
1982 1654 2076 1708 pro
2176 1641 2456 1714 Postquam
2483 1641 2884 1711 adoraverinttts,
2912 1657 3214 1700 revertemur
3237 1647 3307 1698 ad
3335 1661 3443 1700 ros.
3472 1645 3574 1699 Dic
3598 1644 3752 1708 mihi,

526 1749 671 1792 metu
703 1735 861 1791 futuri
887 1734 1092 1804 iudicii,
1122 1735 1312 1788 dicitur
1342 1752 1354 1786 :
1386 1735 1485 1798 Qui
1515 1733 1673 1796 timet,
1699 1747 1797 1784 non
1845 1739 1916 1784 est
1962 1746 2074 1797 per.
2114 1797 2152 1806 __
2183 1737 2444 1791 Abraham
2477 1754 2490 1790 :
2517 1750 2638 1791 vera
2665 1726 2811 1791 dicis
2838 1736 2905 1791 ad
2932 1752 3127 1806 pueros
3149 1777 3165 1802 ,
3197 1737 3333 1806 quod
3357 1739 3563 1790 adores
3591 1744 3650 1790 et
3676 1750 3757 1789 rc-

526 1830 686 1893 !ectus
708 1828 764 1880 iu
787 1797 1034 1880 charitate
1057 1797 1086 1877 τ’
1119 1824 1204 1877 sed
1234 1825 1457 1893 perfecta
1496 1820 1702 1875 dilectio
1747 1821 1884 1889 foras
1929 1820 2080 1872 mittit
2114 1797 2156 1854 Β
2182 1827 2306 1879 deas
2324 1839 2443 1880 cum
2475 1825 2778 1889 infante,“
2797 1797 2969 1880 fallis-7
2997 1826 3053 1880 Si
3084 1797 3264 1880 verum
3287 1825 3443 1889 dicis,
3481 1838 3748 1894 Wo

527 1921 774 1973 timorem.
807 1917 882 1971 De
911 1915 1214 1970 Altitttclet‘h
1246 1928 1454 1984 quoque
1499 1927 1622 1983 rege
1656 1911 2080 1971 Philistinnruut,
2183 1915 2314 1969 lacis
2351 1930 2472 1971 eum
2507 1916 2897 1984 holocaustum,
2921 1915 3016 1971 sed
3047 1913 3183 1970 fallis
3211 1932 3226 1968 :
3279 1923 3491 1968 tantum
3526 1913 3758 1982 patriar-

530 2009 804 2065 morah’ter
838 2022 1113 2077 possumus
1136 2006 1430 2074 intelligere
1451 2003 1589 2073 quod
1619 2002 1830 2058 Sarram
1858 1999 2084 2054 voluerit
2179 2007 2330 2059 cltam
2375 2020 2477 2060 non
2507 2005 2660 2060 decet
2698 2005 2900 2060 fallere.
2930 2005 3066 2072 Quid
3097 2019 3223 2075 ergo
3244 2003 3412 2058 animi
3437 2004 3497 2056 itt
3527 2013 3582 2056 te
3604 2001 3748 2055 dicat

531 2102 776 2172 accipere
802 2114 1039 2166 uxorem,
1071 2107 1124 2153 et
1149 2097 1415 2166 quomodo
1442 2093 1707 2150 Abraham
1741 2093 1882 2147 illam
1932 2105 2082 2143 surn-

2203 2096 2268 2150 tic
2292 2096 2508 2150 sermo?
2534 2095 2752 2161 Verum,
2781 2096 2974 2164 inquit,
3009 2094 3148 2158 dico,
3177 2103 3231 2148 et
3255 2092 3431 2147 oﬁ‘ero
3462 2093 3757 2147 holocaus-

529 2205 642 2245 rom
669 2204 789 2246 esse
809 2188 1041 2253 dixerit;
1075 2189 1158 2244 vel
1183 2189 1322 2257 quod
1364 2186 1752 2258 compescuerit
1771 2184 1921 2239 .Deus
1960 2180 2084 2237 Abi-
2184 2194 2290 2238 tum
2332 2199 2572 2253 puerum.
2603 2184 2804 2240 Idcirco
2825 2185 2965 2239 enim
2990 2195 3043 2239 et
3073 2183 3206 2252 ligna
3237 2192 3392 2251 porto
3425 2191 3761 2245 mecum,et

533 2279 735 2334 melech
770 2290 983 2349 praptcr
1009 2279 1172 2334 illam.
1219 2279 1349 2334 Puto
1373 2292 1500 2348 ergo
1540 2278 1679 2347 quod
1725 2276 1906 2339 Sarra,
1947 2273 2084 2342 quod
2182 2290 2301 2330 cum
2326 2277 2440 2344 ipso
2464 2290 2625 2343 puero
2651 2275 2810 2330 redeo
2835 2275 2900 2328 ad
2953 2289 3070 2329 vos.
3102 2274 3274 2328 Credo
3317 2275 3464 2327 enim
3522 2288 3675 2338 vere,
3706 2285 3760 2326 et

531 2373 911 2439 interpretatur
964 2371 1238 2441 princeps,
1283 2371 1542 2440 signiﬁcat
1600 2370 1849 2424 virtutem
1899 2365 2082 2419 animi.
2187 2363 2317 2420 ﬁdes
2337 2379 2454 2419 mea
2489 2372 2570 2419 est
2601 2366 2736 2429 hac,
2763 2364 2900 2434 quod
2937 2363 3047 2418 Deo
3098 2363 3449 2431 omnipotenti
3494 2364 3748 2431 possibile

3641 365 3839 420 est:

535 2463 659 2519 liae
680 2477 806 2534 ergo
835 2464 1000 2519 vlt-tus
1026 2448 1306 2532 conjuncta
1332 2467 1418 2516 est
1441 2462 1554 2514 viro
1575 2457 1822 2527 sapienti.
1849 2455 2085 2524 Denique

535 2557 789 2612 Dominus
807 2557 974 2612 dicit:
1007 2558 1328 2624 Quaecunque
1358 2557 1540 2611 dixerit
1595 2554 1704 2619 tibi,
1755 2553 1879 2606 audi
1919 2567 2088 2605 vocem

536 2645 676 2700 illius
720 2648 774 2700 in
801 2647 1030 2700 omnibus
1051 2648 1106 2705 itt
1128 2649 1307 2718 quibus
1335 2647 1604 2703 consilium
1627 2646 1816 2701 dederit
1844 2645 1944 2700 illi.
1971 2645 2084 2699 Non

539 2738 651 2791 vult
676 2751 803 2806 ergo
826 2737 1094 2792 Abraham
1116 2739 1359 2792 virtutem
1387 2753 1603 2793 uxorem
1645 2752 1795 2792 suam
1824 2737 1948 2790 dici.
1987 2737 2090 2790 Do-

547 2841 645 2882 nec
673 2826 813 2880 enim
841 2826 1005 2879 virtus
1027 2840 1144 2879 cum
1169 2825 1285 2880 aliis
1317 2830 1747 2894 participarenon
1782 2836 1970 2896 potest,
1995 2840 2092 2881 nec

543 2935 677 2974 uxor
698 2918 950 2986 appellari
999 2918 1155 2972 valet.
1199 2917 1331 2971 Cum
1359 2932 1486 2972 vero
1511 2919 1574 2971 ad
1617 2917 1903 2986 perlectum
1932 2933 2094 2973 vene-

548 3010 750 3072 rimus,
778 3016 832 3059 ut
876 3007 1040 3060 simus
1066 3006 1241 3061 idonei
1290 3015 1346 3060 et
1393 3007 1524 3060 alios
1573 3007 1786 3071 docere,
1827 3008 1936 3076 jam
1985 3023 2091 3062 non

2185 2467 2268 2512 est
2297 2457 2445 2512 illum
2475 2471 2504 2511 a
2537 2457 2758 2511 mortuis
2809 2457 3150 2511 resuscitare.
3197 2455 3438 2524 Denique
3464 2457 3600 2522 quid
3631 2456 3758 2509 dixit

2190 2547 2444 2602 Dominus
2499 2547 2563 2601 ad
2596 2547 2831 2617 Moysen,
2887 2542 3008 2600 cum
3036 2545 3267 2600 venisset
3295 2544 3360 2596 ad
3418 2560 3549 2599 eum
3585 2545 3755 2599 locuta

2186 2653 2343 2708 quem
2373 2636 2756 2691 demonstravit
2778 2636 2851 2690 illi
2898 2635 3035 2690 Deus
3067 2651 3082 2689 :
3117 2633 3270 2690 Solve
3298 2635 3646 2690 calciamenta
3673 2654 3756 2705 pe-

2187 2731 2309 2784 dum
2335 2738 2538 2782 tuorum
2563 2766 2579 2793 ,
2609 2727 2730 2797 quia
2777 2727 2918 2780 locus
2947 2727 3000 2779 in
3028 2741 3127 2796 quo
3154 2736 3256 2780 stas
3283 2736 3493 2780 sanctas
3520 2733 3626 2780 est.
3680 2727 3753 2780 Atl

2191 2820 2458 2874 Abraham
2490 2831 2617 2871 vero
2646 2815 2776 2870 nihil
2805 2816 2994 2869 horum
3016 2815 3214 2870 dictum
3240 2824 3340 2878 est,
3360 2829 3458 2869 nec
3486 2815 3662 2868 etiam
3694 2815 3752 2866 ad

2193 2910 2339 2964 Isaac
2387 2909 2556 2963 lilium
2580 2908 2714 2976 ejus.
2749 2906 3020 2962 Fortassis
3045 2907 3186 2960 enim
3218 2905 3443 2974 Moyses,
3501 2908 3745 2974 quamvis

2193 3015 2440 3069 magnum
2471 3001 2643 3053 lumen
2669 2998 2936 3063 Ecclesiae,
2964 3002 3031 3051 de
3049 2995 3279 3066 Egyptn
3304 2996 3549 3059 veniens,
3575 2995 3713 3047 hahu
3737 3007 3755 3046 t

544 3095 794 3151 virtutem
836 3107 893 3150 ut
947 3111 1166 3150 uxorem
1212 3095 1348 3152 intra
1395 3098 1652 3166 gremium
1682 3098 2089 3162 concludamus,
2122 3131 2167 3191 Ο
2196 3090 2366 3158 aliqua
2391 3089 2724 3143 mortalitatis
2739 3089 2942 3143 vincula
2961 3089 3178 3156 pedibus
3201 3087 3310 3141 suis
3345 3087 3564 3141 innexa.
3595 3090 3756 3166 Abra-

544 3185 638 3240 scd
669 3194 726 3240 ut
763 3198 998 3240 sororem
1049 3187 1205 3240 etiam
1251 3185 1372 3240 aliis
1417 3186 1714 3241 volentibus
1761 3189 2090 3252 copulemus.

546 3274 696 3331 Unde
715 3276 964 3344 scriptum
985 3284 1066 3329 est
1089 3292 1102 3330 :
1136 3273 1228 3328 Dic
1249 3276 1546 3353 sapientiam
1565 3291 1787 3330 sororem
1812 3289 1946 3330 tuam
1967 3292 2092 3331 esse.

472 3427 476 3431 ⁴
545 3365 840 3420 Secundum
865 3364 964 3420 hoc
985 3366 1428 3442 igitur’Ahrahum
1453 3366 1663 3422 Sarram
1686 3381 1925 3422 sororem
1948 3383 2096 3423 suam

553 3467 676 3508 esse
695 3455 923 3509 dicebat.
947 3454 1125 3510 Voluit
1144 3471 1270 3525 ergo
1287 3466 1341 3512 et
1358 3457 1560 3512 Pharao
1576 3458 1858 3528 aliquando
1881 3460 2094 3513 Sarram

554 3543 771 3606 habere,
821 3557 923 3595 uou
950 3543 1003 3596 in
1030 3545 1187 3598 corde
1215 3546 1409 3601 tuuudo
1428 3566 1444 3610 ;
1466 3556 1521 3601 et
1551 3549 1712 3601 virtus
1740 3548 1948 3604 nonnisi
1978 3565 2096 3603 cum

555 3629 734 3684 cordis
763 3629 1015 3683 munditia
1049 3640 1222 3697 potest
1249 3636 1551 3687 convenire.
1587 3635 1764 3704 Longe
1802 3647 1977 3690 autem
2026 3639 2100 3692 ait

556 3718 865 3774 Abimeleclt
897 3719 995 3772 iste
1042 3734 1196 3787 quam
1257 3719 1483 3786 Pharao,
1534 3721 1672 3775 unde
1717 3723 1923 3778 videtur
1971 3705 2099 3780 mihi

551 3811 690 3881 quod
723 3809 1029 3866 Abimelech
1057 3811 1156 3866 iste
1189 3809 1411 3866 formam
1442 3819 1619 3866 teneat
1655 3812 2011 3868 studiosorum
2051 3825 2101 3869 et

554 3902 870 3971 sapientium
901 3901 1101 3966 mundi,
1141 3901 1229 3970 qui
1263 3899 1614 3970 pbilowpbite
1643 3918 1859 3973 operam
1893 3905 2101 3970 dantes,

558 4005 731 4046 tamen
763 4006 864 4045 non
890 3992 1188 4062 intelligunt
1209 3993 1444 4063 regulam
1489 3992 1698 4070 pietatis
1719 4005 1780 4061 pt
1806 3995 2098 4064 attingant:

555 4091 834 4139 senserunt
875 4093 1045 4138 tamen
1077 4084 1240 4139 Deum
1280 4095 1332 4140 et
1359 4100 1534 4154 regem
1563 4087 1819 4152 omnium,
1851 4084 1934 4141 isti
1978 4101 2105 4158 ergo

555 4185 805 4245 quantum
848 4177 913 4230 ad
940 4178 1191 4231 moralem
1238 4175 1626 4244 philos0phiam
1680 4187 1903 4247 spectat,
1945 4178 2104 4234 etiam

559 4267 833 4336 puriﬁcato
878 4267 1037 4326 corde
1065 4283 1278 4335 operam
1311 4268 1522 4324 dedisse
1551 4264 1982 4337 comprobantur,
2011 4270 2103 4325 sed

559 4356 695 4410 hanc
722 4371 826 4409 non
851 4355 1089 4424 permisit
1115 4357 1251 4409 Deus
1299 4357 1419 4410 illos
1457 4360 1782 4427 contingere.
1815 4360 1937 4412 Haec
1966 4363 2105 4414 enim

2199 3180 2318 3233 ham
2352 3194 2482 3234 vero
2501 3188 2555 3234 et
2585 3178 2728 3232 Isaac
2768 3179 2900 3232 nihil
2940 3172 3126 3232 horum
3172 3177 3483 3231 habuerunt.
3543 3177 3754 3232 Amavit

2198 3271 2461 3328 Abraham
2497 3269 2638 3322 Isaac
2669 3268 2833 3322 ﬁlium
2861 3282 3036 3332 suum,
3061 3341 3064 3344 q
3094 3267 3183 3322 sed
3212 3265 3380 3321 amori
3407 3269 3592 3321 carnis
3623 3281 3750 3335 pre-

2202 3361 2318 3414 tttlit
2337 3375 2571 3415 amorem
2619 3360 2732 3417 Dei.
2763 3359 2886 3413 Haec
2916 3358 3160 3413 historice
3187 3357 3450 3414 diximus:
3504 3368 3753 3413 estet-um

2200 3439 2487 3509 secundum
2513 3466 2728 3506 sensum
2755 3451 2996 3521 superius
3018 3450 3296 3520 explanata
3320 3459 3463 3504 sunt.
3512 3449 3754 3505 Secundo

2199 3555 2372 3600 autem
2403 3541 2730 3599 heuedicitur
2778 3541 3066 3607 Abraham,
3109 3556 3202 3610 per
3241 3540 3379 3609 quod
3411 3539 3756 3609 signiﬁcatur,

2201 3637 2321 3706 quia
2345 3633 2483 3690 sicut
2507 3644 2654 3704 pater
2678 3643 2760 3689 est
2778 3633 3216 3698 circumcisionis,
3235 3632 3309 3686 sic
3335 3641 3400 3685 et
3416 3631 3742 3685 credentium

2168 3752 2175 3758 -
2201 3725 2266 3782 ex
2292 3728 2536 3796 gentibus
2548 3734 2693 3794 pater
2711 3733 2810 3780 est.
2830 3724 3094 3780 Moraliter
3110 3725 3318 3792 quoque
3329 3720 3403 3776 sic
3417 3731 3599 3790 potest
3618 3721 3757 3773 inte!-

2205 3815 2314 3884 ligi,
2344 3817 2468 3881 qu'a
2494 3816 2689 3868 idcirco
2717 3823 2935 3868 renovat
2982 3812 3124 3867 Deus
3145 3811 3528 3881 promissiuoes
3553 3823 3684 3864 suas
3709 3818 3754 3861 ut

2205 3907 2446 3960 ostendat
2473 3903 2721 3974 tibi,quia
2752 3904 2915 3973 debes
2942 3913 2996 3955 et
3020 3912 3076 3954 tu
3092 3901 3368 3956 renovari.
3387 3899 3604 3958 Primus
3625 3902 3753 3954 enim

2209 3999 2366 4051 homo
2387 3996 2453 4050 de
2475 4005 2613 4049 terra
2647 4001 2907 4055 terrenus,
2925 3990 3191 4045 secundus
3220 3987 3382 4042 homo
3403 3989 3473 4042 de
3491 3989 3640 4044 calo
3660 4003 3756 4043 ete-

2210 4086 2380 4142 lestis.
2411 4083 2525 4138 Non
2559 4091 2830 4149 permanet
2852 4080 2941 4135 ille
2968 4081 3019 4134 in
3050 4067 3430 4142 veteribus,'ne
3453 4088 3507 4133 et
3529 4085 3592 4132 tu
3621 4091 3754 4131 vetus

2212 4183 2373 4234 homo
2401 4174 2755 4245 perntanseris
2787 4162 2805 4238 ﬁ;
2861 4172 2929 4226 de
2955 4171 3091 4226 caelo
3122 4171 3221 4225 huc
3245 4170 3495 4240 loquitur,
3525 4179 3592 4224 ut
3631 4179 3689 4224 et
3709 4181 3750 4223 tu

2210 4269 2487 4337 imaginem
2510 4263 2744 4320 co-lestis
2765 4263 2998 4333 accipias
3031 4279 3042 4314 :
3076 4261 3198 4330 quid
3232 4261 3323 4314 tibi
3351 4260 3594 4327 prodest,
3625 4257 3669 4314 si
3697 4259 3750 4312 de

2211 4358 2349 4412 coelo
2380 4357 2491 4411 haec
2520 4355 2773 4421 loquitur,
2819 4361 2875 4408 et
2933 4363 2987 4407 tu
3009 4352 3075 4406 tle
3105 4361 3242 4406 terra
3262 4351 3444 4405 audias
3471 4349 3494 4402 2
3545 4347 3620 4403 Et
3644 4347 3758 4413 olet

505 4473 509 4475 λ
557 4450 723 4517 gratia
771 4460 1010 4522 ttonqper
1052 4447 1341 4509 Abraham,
1381 4448 1475 4502 sed
1520 4462 1612 4517 per
1666 4447 1931 4502 Christum
1976 4451 2106 4504 tradi
2142 4469 2195 4530 υ
2219 4450 2364 4533 illum
2389 4463 2541 4516 supra
2568 4446 3004 4499 unummontium.
3031 4443 3217 4498 Dicunt
3249 4441 3455 4497 Hebraei
3484 4456 3611 4496 esse
3637 4442 3758 4495 hunc

557 4540 799 4606 gentibus
829 4539 1130 4608 parabatur.
1161 4538 1325 4593 Sanat
1377 4547 1555 4594 autem
1600 4539 1740 4594 Deus
1782 4540 2108 4608 Abimelech,

560 4638 616 4682 et
647 4645 865 4684 uxorem
896 4629 1054 4694 illius,
1089 4637 1145 4684 et
1169 4630 1411 4694 ancillas,
1443 4640 1576 4697 quas
1618 4632 1859 4699 putamus
1891 4641 2111 4684 naturu-

567 4707 668 4771 lem
701 4719 1110 4785 philosOphiatu,
1135 4719 1340 4775 diversa
1362 4731 1414 4775 et
1438 4723 1579 4774 varia
1606 4723 1955 4781 sectatiouutn
1969 4735 2114 4774 com-

561 4823 758 4863 menta.
785 4808 986 4862 Interea
1017 4811 1281 4864 Abraham
1314 4811 1570 4876 impartiri
1595 4816 1741 4881 cupit
1763 4812 1958 4867 donum
1991 4827 2109 4866 cum

562 4898 805 4966 gentibus
827 4895 1018 4950 divina:
1045 4899 1273 4962 virtutis,
1322 4901 1414 4953 sed
1448 4903 1679 4957 nondum
1712 4895 1795 4959 est
1833 4913 2042 4968 tempus
2083 4918 2112 4953 a

564 4990 739 5059 priure
764 4988 955 5057 populo
983 4991 1206 5043 transire
1231 4991 1296 5043 ad
1333 5001 1535 5059 gentes,
1583 4997 1802 5062 gratiam
1852 4995 1961 5047 Dei.
2020 4996 2115 5049 Se-

565 5080 790 5144 cundum
817 5080 954 5131 hunc
981 5092 1108 5146 ergo
1132 5078 1392 5145 allegoriae
1413 5080 1646 5150 sensum,
1675 5084 1899 5149 Pharao,
1921 5083 2011 5152 qui
2041 5086 2116 5136 iu-

567 5182 880 5241 terpretatur
904 5173 1306 5237 exterminatur,
1335 5173 1570 5240 Sarram,
1605 5180 1654 5232 id
1698 5189 1801 5241 est,
1844 5169 2136 5242 virtutem,-

567 5263 802 5332 accipere
830 5277 934 5317 non
963 5262 1146 5329 potuit.
1189 5263 1360 5318 Manet
1389 5279 1515 5331 ergo
1546 5267 1678 5333 apud
1710 5268 1972 5324 Abraham
2002 5267 2118 5320 vir-

569 5364 670 5417 tus,
703 5361 881 5416 manet
907 5355 956 5406 iu
990 5353 1411 5415 circutucisimte,
1456 5354 1624 5410 donec
1671 5366 1876 5425 tempus
1923 5357 2153 5424 veniat,’

516 5483 522 5490 .
571 5451 627 5493 ttt
652 5443 703 5493 in
732 5441 941 5493 Christo
969 5441 1092 5495 Jesu
1119 5445 1343 5509 perlecta
1379 5444 1545 5496 virtus
1572 5443 1637 5496 ad
1671 5444 1961 5499 Ecclesiam
1984 5460 2114 5515 gen-

2218 4531 2448 4592 mOatem
2479 4537 2530 4589 itt
2583 4552 2688 4604 quo
2717 4545 2901 4603 postea
2934 4534 3188 4601 templum
3237 4531 3508 4587 conditum
3537 4541 3651 4599 est,
3673 4532 3755 4585 but:

2212 4629 2364 4683 estin
2400 4639 2582 4683 monte
2611 4628 2798 4692 Moris,
2831 4627 2881 4680 iu
2907 4617 3128 4696 quo'est
3152 4623 3313 4681 aurea
3342 4639 3474 4680 urna
3518 4623 3757 4682 detrusti.

2215 4718 2280 4772 Et
2306 4718 2444 4771 abies
2469 4719 2523 4770 in
2543 4718 2711 4771 locum
2735 4719 2817 4772 die
2834 4720 3000 4777 tertia.
3030 4716 3327 4772 Notandum
3356 4713 3495 4782 quod
3514 4712 3588 4768 de
3609 4710 3758 4766 ϐεη-
3838 4741 3839 4782 ,

2218 4808 2293 4860 ris
2323 4819 2491 4875 usque
2512 4805 2575 4858 ad
2602 4815 2836 4859 montem
2862 4807 3024 4863 Moris
3057 4807 3154 4860 iter
3175 4813 3259 4859 est
3289 4805 3445 4858 trium
3473 4800 3703 4862 dierum.
3723 4811 3761 4853 et

2214 4904 2600 4965 consequenter
2623 4896 2730 4948 illic
2749 4894 2958 4948 dicatur
2974 4895 3061 4948 die
3081 4904 3148 4947 tet
3165 4895 3236 4948 tia
3261 4891 3588 4958 pervenisse.
3605 4891 3760 4958 Quan-
3838 4891 3839 4965 ξ

2215 4984 2285 5039 do
2312 4995 2488 5038 autem
2515 4983 2773 5038 Abraham
2792 4982 3263 5036 immulavitﬁlium
3293 4995 3474 5045 suum,
3493 4993 3759 5048 perarmato

2219 5075 2397 5128 habuit
2420 5073 2513 5128 Dei
2544 5073 2732 5127 Patris.
2779 5072 2878 5125 Per
2910 5072 3009 5125 hoc
3035 5071 3172 5136 quod
3195 5070 3249 5123 itt
3299 5068 3575 5126 senectute
3600 5070 3759 5140 genuit

2219 5167 2368 5220 illum
2400 5165 2688 5228 Abraham,
2733 5162 2985 5231 ﬁguratur
3010 5161 3147 5231 quod
3181 5177 3314 5231 pene
3363 5163 3414 5217 iu
3470 5161 3576 5217 ﬁne
3596 5157 3758 5217 mattdi

2217 5255 2461 5310 Christus
2471 5263 2611 5309 esset
2621 5255 2949 5315 ,nasciturus.
2965 5253 3076 5307 Non
3092 5253 3230 5307 t-nitu
3252 5251 3663 5317 senescimus,
3686 5250 3759 5302 sed

2221 5345 2362 5399 illius
2395 5355 2782 5406 sacramentum
2809 5346 2963 5415 longe
2977 5361 3136 5400 unum
3156 5353 3290 5400 erat.
3316 5346 3383 5401 Et
3409 5351 3627 5399 senecta
3650 5340 3759 5396 Sar-

2223 5451 2293 5489 rtc
2322 5434 2647 5504 signiﬁcatur
2674 5437 2813 5507 quod
2834 5439 2889 5490 in
2921 5436 3021 5491 ﬁue
3051 5444 3348 5506 temporum
3382 5449 3448 5488 ex
3471 5432 3754 5502 plebem-

561 5527 987 5611 ,tiutntrattsiret.
1031 5530 1178 5582 Tunc
1223 5533 1407 5583 doutus
1458 5533 1763 5588 Abimelech
1816 5543 1870 5588 et
1913 5535 2103 5590 ancilla

2221 5534 2423 5578 clarum
2450 5537 2754 5582 nasceretur
2768 5527 3010 5583 C-hristus
3039 5527 3363 5581 animarum.
3385 5522 3654 5578 Fertilitas
3679 5537 3759 5574 au-

543 5609 712 5674 ‘illius
738 5616 944 5683 pariunt
975 5616 1220 5670 Ecclesia;
1253 5620 1406 5673 ﬁlios.
1451 5621 1562 5676 Hoc
1599 5633 1681 5676 est
1719 5625 1857 5677 enim
1913 5633 2121 5692 tempus
2224 5627 2326 5671 tem
2357 5615 2502 5670 illius
2529 5618 2736 5672 intimat
2763 5621 2899 5686 quod
2932 5618 3211 5674 infecunda
3239 5614 3343 5668 l'uit
3375 5609 3618 5667 Ecclesia
3637 5615 3758 5664 mel-

579 5722 682 5776 quo
703 5704 893 5761 sterilis
907 5705 1081 5772 par'iit,
1100 5716 1149 5761 et
1174 5707 1271 5761 hoc
1301 5711 1898 5782 omntoAbraham,ltuc
1912 5725 2013 5780 εει,
2035 5727 2119 5782 po-
2227 5709 2290 5762 lis
2321 5705 2651 5775 temporibus
2678 5752 2691 5777 ,
2724 5711 2814 5764 sed
2867 5725 3008 5764 nunc
3037 5710 3137 5764 sub
3177 5710 3344 5776 gratis
3377 5701 3573 5759 multos
3625 5704 3762 5760 labet
