3872 6262
131 355 242 410 215

138 467 257 517 vita:
289 460 443 516 ﬁlios.
493 459 657 513 Aliter
687 458 940 512 sterilitas
969 457 1138 512 Same
1177 457 1436 525 signiﬁcat
1464 455 1604 524 quod
1634 458 1684 506 iu
1717 457 1765 515 Α

139 557 242 607 hoc.
271 553 466 606 mundo
487 565 607 606 sero
638 550 756 604 facti
782 565 984 612 sumus,
1009 558 1062 603 et
1113 550 1162 600 in
1191 547 1405 599 Christo
1431 557 1679 612 tanquam

137 648 191 696 in
228 645 367 696 Isaac
395 655 579 695 omnes
601 641 705 694 nati
733 652 933 693 sumus.
955 639 1082 704 Qua:
1105 637 1236 702 patri
1268 638 1318 688 in
1346 637 1452 690 ﬁne
1479 646 1683 700 tempo-

136 749 256 787 rum
307 733 536 786 Ecclesia
569 731 796 784 mirabili
825 732 987 796 gratia
1041 729 1156 792 Dei,
1203 744 1304 781 non
1355 728 1580 781 naturali
1611 727 1686 780 fe-

133 825 404 876 cunditate
453 823 762 891 procreavit.
811 821 955 874 Sicut
1002 831 1176 872 autem
1212 821 1474 872 Abraham
1505 834 1668 871 unum

137 914 304 965 liliuut
357 927 508 966 suum
553 912 762 976 obtulit,
791 921 844 964 et
873 912 1007 962 sicut
1040 910 1180 962 Isaac
1230 911 1339 973 ipse
1391 909 1492 960 sibi
1549 907 1684 974 ligna

137 1002 469 1068 portavit,it.-i
499 999 742 1052 Christus
768 1001 817 1051 in
849 999 1078 1052 humeris
1098 997 1542 1064 'purlaVIilignum
1574 1011 1691 1049 cru-

137 1095 243 1149 eis.
275 1094 382 1146 Duo
429 1103 602 1145 autem
635 1090 774 1145 servi
832 1090 904 1142 illi
937 1105 1039 1143 non
1091 1088 1335 1156 perducti
1395 1087 1461 1140 ad
1517 1088 1688 1139 locum

136 1182 404 1243 sacriﬁcii,
429 1181 640 1237 Judteos
687 1181 983 1247 signiﬁcant
1013 1179 1206 1231 divisos
1233 1178 1283 1230 in
1308 1176 1442 1230 duas
1476 1170 1681 1243 plebes,

137 1273 424 1328 Salomone
463 1282 732 1340 peccante,
756 1270 873 1338 quia
903 1267 1180 1322 carnaliter
1209 1268 1504 1321 servientes
1560 1265 1688 1332 legi,

143 1378 251 1416 non
268 1362 636 1416 intellexerunt
653 1361 951 1429 passionem
972 1358 1190 1412 Christi.
1213 1358 1404 1412 Asinus
1419 1366 1594 1412 autem
1611 1357 1696 1410 ille

139 1461 228 1505 est
254 1451 519 1505 insensata
535 1448 754 1504 stultitia
779 1447 1100 1507 Judteorum.
1121 1461 1221 1513 qua
1244 1445 1488 1514 portabat
1516 1459 1693 1498 sacra-

142 1550 344 1606 menta,
377 1553 473 1593 nec
517 1536 848 1605 iutelligebat
873 1552 989 1605 quae
1030 1535 1288 1604 gestabat.
1319 1534 1576 1603 Quodque
1605 1547 1695 1587 se-

140 1631 340 1696 quitur,
377 1627 665 1694 Exspectate
695 1627 775 1677 hic
817 1641 930 1679 cum
962 1627 1107 1679 asino
1140 1666 1154 1689 ,
1184 1633 1238 1678 et
1269 1625 1494 1692 reliqua.
1529 1624 1685 1676 Post-

143 1733 302 1786 quam
331 1716 466 1769 enim
495 1714 763 1780 plenitudo
783 1715 1017 1783 gentium
1050 1714 1342 1770 intraverit.
1375 1722 1497 1764 tunc
1527 1708 1700 1763 onmis

940 349 1002 403 ΙΝ
1043 346 1594 404 PENTATEUCIIUM
1637 344 2120 400 COMMENTARII.
2163 376 2230 389 -—
2268 347 2572 404 GENESIS.

3234 346 3343 410 245

2341 461 2559 518 CAPUT
2591 463 2752 532 χχιιι

1861 546 1926 599 Et
1948 548 2172 602 abierunt
2203 548 2480 615 Bersabee,
2505 552 2554 606 id
2585 562 2687 618 est,
2708 553 2772 606 ad
2797 553 3110 620 baptismum
3138 574 3152 609 :
3183 567 3230 610 et
3251 557 3342 610 Ite-

1793 638 1958 690 bitarit
1983 640 2050 690 ibi
2079 682 2093 703 ,
2128 641 2176 695 id
2208 650 2306 702 est,
2342 643 2390 695 in
2415 642 2646 697 Ecclesia
2673 662 2684 696 :
2717 643 2904 698 deinde
2933 646 3151 699 moritur
3176 648 3332 701 Sarra

1792 729 2078 781 centesimo
2099 731 2349 798 vigesimo
2369 747 2508 785 anno
2527 734 2641 787 vita:
2667 748 2793 788 suae.
2809 734 2911 788 Sed
2941 735 3068 802 quid
3091 737 3190 788 sibi
3224 738 3338 788 vult

1793 819 1929 884 quod
1954 820 2002 872 in
2035 821 2273 885 sepulcro
2324 822 2514 890 duplici
2542 825 2791 890 sepelitur
2819 826 2842 878 ?
2883 827 2978 878 nisi
3009 828 3124 892 quia
3158 826 3334 878 anima

1794 923 1910 976 qua:
1941 912 2161 962 moritttr
2191 912 2406 974 liiUlttl-t,
2440 924 2494 966 ut
2525 915 2629 968 Deo
2659 917 2832 976 vivat,
2862 917 3119 984 geminata
3153 919 3335 985 requie

1796 1000 2097 1065 suscipitur,
2124 1001 2170 1052 id
2195 1011 2295 1066 est,
2329 1002 2377 1054 in
2397 1007 2601 1057 actione
2625 1004 2742 1058 boui
2765 1005 2941 1072 operis
2954 1019 3003 1058 et
3031 1007 3080 1058 in
3108 1019 3342 1060 contem-

1798 1089 2023 1154 platione
2056 1090 2359 1144 Divinitatis.
2409 1092 2621 1158 Sepulta
2649 1105 2720 1146 est
2746 1105 2913 1148 autem
2937 1098 2988 1148 in
3018 1097 3214 1148 civitate
3239 1098 3339 1149 Ar-

1797 1179 1997 1242 bete,‘id
2021 1191 2122 1246 est,
2151 1191 2370 1249 quatuor
2396 1222 2411 1246 ,
2443 1185 2565 1250 quia
2597 1185 2664 1235 ibi
2698 1185 2983 1248 Abraham,
3007 1195 3059 1239 et
3110 1185 3272 1246 Isaac,
3294 1197 3349 1238 et

1798 1267 1977 1331 Jacob,
2025 1279 2079 1322 et
2103 1271 2210 1336 ipse
2240 1271 2404 1324 Adam
2457 1274 2696 1326 conditus
2749 1284 2848 1327 est.
2906 1275 3084 1328 Potest
3134 1290 3344 1344 quoque

1801 1355 1952 1409 Sarra
2015 1358 2254 1410 virtutem
2284 1359 2441 1412 animi
2488 1360 2803 1426 signiﬁcare,
2837 1377 2950 1430 quae
2979 1363 3203 1430 sapienti
3235 1365 3348 1416 viro

1801 1445 1941 1496 velut
1965 1461 2095 1498 uxor
2121 1448 2471 1515 coniungitur.
2493 1449 2747 1501 Dormitio
2777 1465 2901 1503 vero
2929 1452 3098 1505 Sam:
3128 1453 3343 1507 virtutis

1801 1545 1879 1589 est
1902 1538 2282 1590 consummatio
2311 1545 2468 1604 atque
2517 1538 2790 1606 perfectio.
2823 1540 2920 1606 Qui
2946 1558 3070 1595 vero
3097 1557 3346 1596 consum-

1804 1634 1956 1678 mata:
2002 1625 2201 1680 virtutis
2227 1638 2327 1692 e5t,
2385 1643 2593 1694 semper
2635 1645 2855 1685 necesse
2875 1640 2959 1685 est
3002 1633 3140 1685 utin
3172 1633 3346 1702 aliqua

1806 1713 2102 1769 eruditione
2131 1726 2388 1770 versetur.
2419 1717 2484 1770 Et
2513 1717 2630 1771 ideo
2650 1719 2946 1774 dormiente
2975 1719 3152 1784 Sarra,
3185 1723 3351 1774 Abra-

147 1780 310 1862 Israel
341 1809 518 1861 salvus
544 1807 666 1861 erit.
699 1780 978 1876 Postquam
1007 1820 1141 1866 vero,
1167 1804 1356 1872 inquit,
1407 1802 1699 1854 adoraveri-
1737 1780 1778 1836 Β
1808 1803 1928 1854 ham
1954 1804 2106 1857 aliam
2135 1804 2285 1859 duxit
2313 1822 2549 1860 morem.
2604 1806 2828 1860 Cetlmra
2845 1816 3020 1865 autem
3051 1811 3336 1878 thymiama

142 1914 280 1961 mus,
310 1911 370 1948 ac
397 1897 438 1949 si
460 1895 653 1949 dixerit
682 1911 694 1948 :
725 1893 1007 1963 Postquam
1037 1895 1260 1947 adorare
1291 1893 1591 1955 fecerimus,
1616 1906 1700 1944 re-

148 1997 418 2040 vertemur
465 1986 530 2040 ad
576 1985 754 2038 Israel.
785 1983 1038 2037 Triduum
1066 1992 1242 2038 autem
1279 1981 1403 2034 illud
1431 1997 1536 2050 quo
1571 1996 1689 2048 per-

144 2084 362 2130 ventum
404 2083 485 2129 est
530 2073 594 2127 ad
645 2074 814 2127 locum
864 2072 1285 2134 immolationis,
1351 2082 1458 2124 tres
1516 2081 1699 2124 :etates

143 2164 329 2218 mundi
344 2162 642 2232 signiﬁcat:
681 2176 838 2216 unam
869 2173 1042 2216 autem
1064 2170 1184 2215 ante
1211 2160 1700 2230 legem,secu:.dam

143 2259 251 2313 sub
281 2258 414 2326 lege,
441 2257 648 2311 tertiam
672 2257 771 2310 sub
799 2257 988 2324 gratia.
1027 2255 1079 2307 In
1111 2269 1208 2324 qua
1243 2253 1392 2306 tertia
1421 2261 1576 2305 aetate
1610 2268 1695 2305 sa-

143 2357 476 2403 cramentum
514 2347 688 2400 crucis
719 2346 990 2412 impletum
1019 2354 1118 2398 est.
1154 2344 1295 2398 Isaac
1323 2344 1513 2412 ligatus
1546 2356 1704 2410 Super

144 2449 353 2494 struem
403 2440 662 2507 lignorum
695 2439 944 2506 ponitur:
991 2437 1229 2491 Christus
1283 2436 1585 2498 cruciﬁxus,
1616 2447 1702 2487 su-

140 2544 373 2596 spensus
396 2531 445 2582 itt
478 2529 618 2596 ligno
647 2528 988 2596 cruciﬁgitur.
1031 2527 1182 2593 Quod
1215 2536 1392 2580 autem
1428 2541 1524 2592 pro
1557 2524 1698 2577 Isaac

145 2618 453 2670 immolatus
481 2627 560 2671 est
580 2615 739 2680 aries,
783 2615 1037 2684 signiﬁcat
1065 2616 1202 2683 quod
1230 2616 1390 2668 illzesa
1419 2616 1695 2668 divinitate

145 2717 415 2769 manente,
445 2707 730 2760 secundum
753 2721 963 2760 carnem
980 2706 1260 2760 cruciﬁxus
1285 2716 1384 2770 est,
1416 2707 1526 2760 sive
1557 2704 1696 2773 quod

146 2796 292 2848 idem
321 2795 560 2848 Christus
587 2795 722 2849 ﬁlius
749 2806 900 2849 natus
925 2806 1025 2849 est.
1060 2798 1210 2850 Aries
1257 2796 1558 2849 immolatus
1585 2810 1704 2848 cor-

149 2886 327 2938 uubus
357 2884 612 2939 haerebat.
638 2884 775 2939 Crux
801 2889 941 2940 enim
972 2901 1165 2939 cornua
1187 2886 1364 2950 habet,
1397 2885 1534 2939 unde
1565 2885 1698 2938 scri-

156 2983 307 3040 ptum
333 2987 412 3029 est
444 2991 460 3031 :
506 2975 706 3030 Cornua
754 2987 868 3029 sunt
903 2977 953 3029 in
985 2978 1214 3030 manibus
1242 2977 1400 3032 illius.
1429 2978 1704 3030 Cornubus

142 3064 296 3117 enim
323 3066 460 3119 aries
496 3066 721 3128 haereus,
747 3067 1060 3121 crucifixum
1097 3068 1375 3121 Dominum
1425 3066 1700 3134 signiﬁcat.
1735 3107 1781 3169 Ο

152 3157 388 3230 Vespere
409 3168 582 3212 autem
608 3160 829 3214 crimina
867 3161 1091 3214 humana
1122 3172 1264 3215 sunt.
1317 3163 1492 3232 Spinis
1516 3173 1701 3228 autem,

149 3249 342 3316 inquit,
375 3259 690 3314 peccatorum
717 3251 1042 3304 circumdedit
1084 3269 1162 3304 me
1201 3269 1282 3320 po;
1305 3254 1419 3307 ulus
1446 3253 1547 3306 hic.
1602 3254 1703 3306 Alii

143 3345 330 3391 autem
363 3339 500 3392 hunc
547 3341 768 3395 arietem
799 3345 1070 3396 coruubus
1098 3344 1408 3411 obligatum,
1457 3345 1704 3398 eumdem

147 3426 420 3479 Christum
446 3439 745 3494 senserunt,
767 3441 1046 3498 antequam
1073 3432 1454 3497 immolaretur,
1478 3433 1644 3499 spinis
1672 3447 1698 3484 a

146 3513 353 3566 Iudaeis
379 3525 710 3568 coronatum.
744 3517 962 3570 Peracto
996 3519 1150 3586 igitur
1170 3519 1450 3581 sacriﬁcio,
1472 3520 1606 3572 Deus
1631 3519 1704 3570 ait

148 3603 377 3655 Abrahae
406 3622 416 3655 :
435 3602 498 3656 1η
521 3606 706 3658 semine
726 3613 811 3658 tuo
830 3607 1178 3658 benedicentur
1201 3623 1366 3659 omnes
1381 3617 1570 3676 gentes.
1591 3607 1698 3662 lloc

146 3697 203 3745 iu
245 3694 446 3760 psalmo
472 3694 724 3758 scriptum
750 3705 829 3748 est
861 3714 873 3747 :
931 3696 1294 3750 convertantur
1325 3699 1391 3749 ad
1422 3697 1699 3750 Dominum

144 3785 396 3835 universa
410 3783 536 3850 lines
564 3792 729 3837 terra.
1095 3793 1105 3797 ‘

230 3874 527 3946 Vocavitque
568 3894 746 3930 nomen
792 3878 886 3933 loci
919 3879 1054 3934 illius
1084 3897 1102 3935 :
1137 3881 1378 3933 Dominus
1412 3883 1560 3959 videt,
1616 3897 1708 3949 pro

144 3980 214 4019 eo
246 3967 384 4038 quod
414 3968 577 4022 videri
603 3983 660 4021 se
685 3969 933 4022 Dominus
961 3969 1101 4035 fecit,
1128 3972 1304 4040 utique
1331 3987 1423 4041 per
1454 3974 1700 4024 incarna-

147 4056 378 4109 tionem.
409 4055 508 4110 Alii
535 4055 716 4108 dicunt
738 4071 829 4124 per
854 4057 1048 4125 ignem,
1075 4061 1372 4122 passionem
1401 4075 1414 4124 ;
1479 4075 1572 4126 per
1600 4061 1705 4125 gla-

145 4146 318 4209 dium,
350 4144 648 4200 Judmornm
695 4146 872 4199 odium
930 4147 1232 4215 signiﬁcari.
1281 4148 1345 4203 Et
1375 4148 1427 4200 in
1468 4162 1531 4201 eo
1562 4147 1701 4214 quod

147 4236 464 4301 lsaacdixit,
492 4235 644 4288 Pater
667 4237 732 4287 mi
751 4251 768 4288 :
786 4236 1050 4289 Christum
1068 4236 1388 4304 prteﬁgurari
1410 4237 1699 4299 dicentem,

150 4320 229 4375 Pu
239 4335 311 4376 ter
331 4325 398 4376 nti
437 4325 478 4375 si
502 4323 734 4390 possibile
749 4332 844 4384 est,
868 4331 1088 4374 transeat
1101 4339 1133 4374 α
1155 4339 1232 4376 me
1251 4325 1385 4375 calix
1407 4325 1517 4377 iste.
1536 4324 1702 4376 Mora-

1803 1891 2031 1947 oil'erens
2061 1895 2455 1964 interpretatur.
2488 1896 2585 1950 Per
2615 1897 2861 1950 exercitia
2892 1898 3031 1952 enim
3061 1900 3340 1960 virtutum,

1803 1981 1993 2036 Christi
2021 1983 2188 2038 bonus
2240 1984 2370 2038 odor
2395 1985 2638 2040 elticitur.
2696 1987 2994 2040 Secundum
3048 1987 3181 2040 hanc
3226 2002 3352 2054 ergo

1804 2071 2061 2124 rationem
2093 2081 2168 2127 tot
2198 2072 2460 2127 videberis
2490 2088 2677 2127 uxores
2707 2075 2997 2141 accepisse,
3022 2085 3151 2142 quot
3177 2075 3348 2128 virtu-

1805 2158 1942 2213 tibus
1967 2161 2150 2227 polles.
2177 2160 2436 2228 Spelunca
2465 2163 2653 2232 duplex
2686 2164 2895 2227 dicitur,
2919 2164 2969 2217 id
2995 2172 3098 2229 est,
3127 2166 3230 2219 duo
3251 2179 3347 2218 se-

1807 2249 2001 2316 pulcra,
2023 2259 2080 2304 ut
2099 2251 2202 2305 alio
2223 2252 2328 2306 inte
2359 2266 2509 2307 cessu
2537 2270 2549 2316 ;
2574 2252 2759 2321 duplex
2784 2263 2865 2309 est
2895 2255 3160 2323 spelunca,
3188 2255 3350 2321 signi-

1807 2341 1923 2390 lieat
1952 2340 2082 2392 duas
2113 2342 2251 2408 leges
2277 2342 2567 2398 intercessu
2589 2343 2799 2399 litterae.
2830 2347 2969 2412 Ager
2995 2359 3190 2409 au:em,
3219 2345 3339 2399 lati-

1807 2428 2037 2482 tudinem
2070 2430 2277 2498 Scriptu
2287 2447 2376 2486 rte.

2361 2522 2583 2579 CAPUT
2623 2524 2804 2578 XXIV.
2836 2525 2842 2528 ’

1872 2605 2006 2670 Q.:id
2034 2617 2208 2662 autem
2239 2609 2334 2663 sibi
2365 2614 2484 2666 velit
2525 2615 2662 2680 quod
2696 2615 2959 2668 Abraham
3007 2630 3036 2669 a
3067 2631 3221 2672 servo
3250 2631 3348 2670 suo

1807 2699 2074 2760 postulans
2091 2701 2430 2768 jurejurando
2461 2706 2615 2758 ﬁdem
2653 2725 2663 2757 :
2694 2705 2848 2770 Pone,
2903 2708 3086 2773 inquit,
3150 2725 3354 2761 manum

1803 2793 1940 2836 tuam
1987 2788 2075 2839 sub
2101 2791 2286 2854 femore
2339 2807 2446 2845 meo
2472 2832 2484 2854 ,
2517 2804 2562 2845 et
2605 2795 2784 2862 adjuro
2831 2806 2876 2846 te
2905 2811 2991 2863 per
3017 2795 3176 2848 Deunt
3200 2797 3354 2849 rteli.’

1803 2873 1936 2939 Quid
1969 2877 2079 2930 vult
2108 2877 2246 2932 Deus
2276 2881 2394 2933 caeli
2421 2884 2482 2933 ad
2509 2885 2675 2934 iunior
2698 2885 2942 2949 Abrahae,
2965 2885 3136 2939 nisiut
3160 2903 3353 2955 cogno-

1777 2977 1979 3019 -scatur
2004 2981 2388 3023 sacramentum
2420 2971 2441 3022 ?
2467 2987 2556 3038 per
2589 2974 2760 3027 tentur
2787 2973 2927 3028 enim
2955 2992 3118 3043 genus
3163 2977 3351 3030 intelli-

1809 3055 1963 3122 gitur.
1994 3057 2128 3126 Ergo
2159 3059 2268 3112 hate
2299 3059 2391 3113 fuit
2413 3060 2496 3113 illa
2524 3062 2834 3130 coniuratio,
2867 3064 2917 3118 in
2945 3081 3046 3134 qua
3097 3069 3353 3133 signiﬁca-

1811 3143 1962 3198 batur
1986 3147 2051 3200 de
2071 3161 2260 3215 genere
2287 3161 2562 3204 venturum
2587 3151 2851 3208 Christum
2877 3157 2926 3209 in
2951 3171 3127 3210 carne.
3154 3160 3347 3212 Servus

1807 3243 1982 3287 autem
2014 3235 2113 3290 iste
2139 3239 2338 3304 senior,
2372 3239 2650 3310 imaginem
2676 3243 2802 3310 legis
2835 3245 3026 3305 habet,
3057 3261 3152 3310 per
3198 3262 3351 3311 quztttt

1808 3325 2040 3380 Ecclesia
2071 3343 2259 3395 sponsa
2301 3331 2509 3383 Christo
2541 3333 2961 3398 despondcbatur
2995 3352 3006 3384 :
3038 3350 3150 3402 qum
3173 3346 3346 3388 tzuneu

1809 3427 2024 3482 propter
2051 3420 2410 3484 antiquitatem
2434 3421 2609 3473 senior
2629 3432 2973 3489 nuncupatur.
3013 3424 3142 3475 Abiit
3181 3425 3350 3494 itaque

1808 3507 1858 3555 in
1911 3504 2361 3573 MesOpotuntiam,
2416 3512 2645 3576 stetitque
2690 3514 2842 3581 juxta
2869 3515 3078 3583 fontem,
3132 3535 3356 3586 quaerens

1807 3609 2042 3661 sponsam
2068 3593 2273 3650 Domini
2299 3600 2379 3652 sui
2426 3601 2553 3666 ﬁlio.
2586 3603 2673 3655 Sic
2694 3612 2749 3656 et
2778 3605 2884 3668 lex,
2911 3622 3025 3673 qua:
3057 3617 3170 3674 post
3201 3609 3352 3662 ﬁdem

1808 3687 2023 3739 venitad
2047 3686 2244 3743 fontem
2272 3687 2615 3758 baptismatis,
2642 3696 2803 3763 ibique
2827 3714 2998 3762 orans,
3028 3702 3240 3752 occurrit
3275 3703 3351 3754 illi

1808 3779 1944 3847 virgo
1975 3779 2214 3843 Rebecca,
2246 3781 2294 3834 id
2327 3793 2425 3846 est,
2459 3785 2708 3838 Ecclesia.
2745 3786 2880 3839 Vidit
2907 3805 3137 3856 puerum,
3172 3791 3220 3844 id
3249 3803 3353 3858 εει,

1808 3883 2099 3921 Sermonem
2131 3871 2510 3938 propheticum.
2543 3875 2612 3927 Se
2637 3877 2881 3941 inclinat,
2932 3879 2978 3930 id
3006 3889 3103 3938 est,
3133 3879 3356 3944 suscipit

1811 3957 1985 4010 ﬁdem.
2019 3963 2356 4026 Ut'uauteuta,
2408 3962 2614 4014 inaures
2645 3975 2696 4014 et
2722 3966 2979 4022 annilius,
3011 3966 3158 4030 quasi
3194 3965 3347 4017 intel-

1810 4047 1997 4096 lectum
2019 4055 2072 4098 et
2101 4061 2251 4112 opus.
2277 4048 2461 4116 Sicque
2501 4061 2664 4100 secuta
2693 4068 2903 4119 patrum
2931 4055 3062 4104 t-enit
3083 4055 3150 4104 ad
3181 4051 3344 4116 Isaac,

1805 4135 1854 4188 id
1883 4143 1984 4199 est,
2010 4147 2184 4188 secuta
2217 4138 2449 4192 Ecclesia
2467 4141 2677 4193 verbum
2710 4145 3088 4210 propheticum,
3119 4146 3258 4199 venit
3280 4148 3344 4198 ad

1805 4222 2096 4290 Christum,
2148 4242 2263 4294 qua:
2305 4229 2504 4283 camelo
2553 4231 2796 4286 ducitur:
2831 4234 2950 4300 quia
3001 4252 3027 4285 ει
3061 4237 3349 4304 gentilitate

1806 4316 1855 4366 in
1891 4318 2137 4370 tortuosis
2188 4319 2490 4389 vitiosisque
2538 4325 3022 4379 conversationibus
3066 4327 3348 4380 invenitur.

147 4401 274 4468 liter
302 4424 475 4466 autem
507 4413 769 4465 Abraham
828 4427 1252 4481 unumquemque
1271 4415 1471 4482 justum
1501 4417 1695 4486 signiﬁ-

1809 4405 1934 4468 Qure
1960 4403 2107 4459 Isaac
2143 4409 2246 4460 visa
2275 4410 2547 4473 descendit,
2577 4413 2697 4479 quia
2721 4420 2928 4482 Cognito
2954 4415 3192 4478 Domino,
3223 4432 3349 4482 geu-

144 4513 257 4558 cat.
293 4504 363 4558 De
389 4513 540 4556 nocte
565 4511 886 4570 sin-gentem,
920 4501 986 4554 de
1005 4502 1337 4559 inlidelitate.
1365 4504 1698 4561 Sternentem

144 4592 380 4654 asinum,
411 4592 460 4644 id
489 4601 595 4653 est,
624 4605 813 4658 corpus
835 4607 987 4648 suum
1010 4594 1130 4660 legi.
1161 4594 1273 4648 Duo
1319 4610 1444 4649 vero
1465 4598 1701 4662 juvenes,

142 4683 283 4736 duas
311 4681 455 4746 leges
477 4682 724 4733 ostendit.
759 4681 900 4736 Isaac
927 4698 1051 4736 vero
1080 4683 1237 4746 ﬁlius,
1272 4699 1486 4738 sensum
1516 4687 1692 4754 perfe-

79 4797 92 4801 ’
143 4782 319 4825 ctum.
347 4769 505 4837 Ligna
529 4783 654 4823 vero
683 4785 797 4839 qua:
824 4772 1195 4838 conciduntur,
1225 4789 1384 4840 opera
1428 4776 1657 4842 perlecta
1688 4793 1702 4840 ;

142 4873 198 4914 et
233 4861 380 4914 locus
411 4861 696 4913 Eccleslam
726 4861 1005 4929 signiﬁcat.
1029 4863 1282 4933 Quodque
1310 4866 1436 4920 dicit
1462 4884 1474 4918 :
1500 4865 1700 4934 Exspe-

141 4955 282 4998 ctate
309 4947 388 4998 Itic
417 4963 530 5000 cum
555 4949 720 5010 asino,
752 4950 829 5002 sic
857 4951 1245 5019 intelligendum
1275 4964 1354 5006 est
1376 4956 1520 5018 quasi
1549 4955 1697 5010 dice-

145 5047 254 5096 ret,
285 5051 492 5090 carnem
520 5042 863 5110 constringite
894 5059 1020 5110 :ego
1049 5054 1096 5096 et
1122 5061 1263 5113 puer,
1301 5046 1348 5098 id
1379 5056 1479 5112 est,
1516 5062 1701 5103 sensus

143 5123 310 5176 il'itts.

219 5211 364 5263 Dicit
399 5209 545 5264 Isaac
584 5218 832 5282 patrisuo
858 5235 876 5272 :
903 5218 998 5272 Ubi
1038 5230 1108 5273 est
1133 5222 1354 5282 victima,
1400 5227 1577 5290 pa'er?
1602 5225 1702 5280 νει-

144 5305 253 5356 hoc
283 5316 467 5354 sensus
502 5302 689 5357 timere
712 5307 986 5372 passiones
1016 5319 1068 5363 et
1112 5319 1368 5363 tormenta
1417 5313 1696 5381 sigmﬁcat.

141 5394 299 5460 Quod
328 5401 496 5446 autem
512 5393 634 5446 dicit
653 5395 754 5459 bis,
783 5399 1058 5464 Abraham,
1080 5401 1358 5469 Abraham,
1389 5419 1485 5457 vos
1512 5405 1698 5472 objur-

139 5483 319 5553 gantis
339 5491 438 5536 est.
468 5483 717 5551 Quodque
739 5484 888 5550 dicit,
914 5488 1218 5542 Benedicant
1244 5493 1353 5554 tibi,
1376 5506 1422 5545 et
1446 5495 1696 5563 multipli-

141 5578 272 5632 cabo
297 5593 458 5630 semen
488 5586 648 5638 tuum,
679 5588 979 5634 sanctorum
1029 5582 1331 5648 centuplum
1360 5584 1409 5637 in
1443 5588 1690 5652 przesenti

133 5666 421 5736 signiﬁcat,
449 5678 500 5724 et
523 5669 1005 5738 multiplicationem
1033 5671 1085 5726 in
1118 5671 1290 5728 futuro
1316 5678 1677 5741 praimiorum.

1808 4497 2006 4551 tilitatis
2035 4500 2152 4552 vitia
2178 4501 2432 4564 deseruit;
2477 4517 2594 4569 quae
2617 4509 2885 4557 recordata
2934 4510 3085 4571 pallio
3117 4507 3342 4568 velatur.

1805 4587 1924 4654 quia
1954 4602 2075 4639 caro
2098 4599 2279 4640 nostra
2309 4589 2372 4642 de
2399 4605 2580 4642 errore
2609 4592 2796 4656 prioris
2842 4596 2958 4646 vita:
2987 4597 3213 4649 euuluttd
3241 4607 3345 4650 tur.

1807 4659 2058 4730 Inclinato
2088 4686 2253 4730 autem
2270 4681 2367 4742 die,
2390 4681 2640 4748 ingressus
2664 4692 2734 4734 est
2763 4680 2910 4736 Isaac
2938 4685 2987 4736 in
3002 4703 3200 4756 agrum,
3228 4691 3346 4758 quia

1807 4770 1857 4822 in
1882 4777 2117 4823 extremo
2148 4769 2298 4835 hujus
2329 4770 2502 4823 mundi
2541 4780 2776 4839 tempore
2832 4776 3048 4829 veniens
3077 4779 3343 4840 Christus,

1806 4861 1951 4925 quasi
1984 4860 2033 4911 iu
2064 4873 2242 4927 agrum
2271 4859 2408 4912 foras
2433 4861 2614 4928 exivit,
2661 4863 2780 4931 quia
2809 4879 2925 4917 cum
2957 4869 3023 4919 sit
3049 4867 3341 4929 invisibilis,

1805 4951 2060 5003 visibilem
2107 4964 2164 5002 sc
2196 4950 2441 5005 Ecclesia:
2470 4955 2712 5019 prmbull.
2747 4954 2948 5009 Invenit
3000 4967 3171 5009 autem
3200 4959 3341 5010 illtttu

1805 5040 2035 5093 Ecclesia
2053 5040 2114 5091 ad
2131 5050 2337 5106 puteum
2363 5040 2610 5107 Visiouis,
2632 5044 2682 5097 id
2708 5057 2807 5110 cst,
2835 5052 2885 5097 in
2910 5047 3343 5113 contemplatione

1804 5129 2036 5182 veritatis
2059 5170 2073 5193 ,
2105 5129 2215 5183 sive
2237 5133 2383 5199 juxta
2418 5133 2678 5186 lavacrum
2705 5149 2851 5203 aqua:
2883 5134 2965 5187 ubi
3021 5136 3340 5201 puriﬁcetur.

1806 5220 1994 5286 Sicque
2024 5219 2144 5271 inde
2176 5219 2294 5273 hinc
2317 5223 2591 5288 copuletur
2613 5239 2932 5289 spouSusuo,
2965 5225 3239 5280 adhaerens
3262 5227 3340 5282 illi

1799 5309 1987 5375 gloria,
2030 5312 2321 5365 a-ternitate
2378 5321 2433 5365 et
2461 5329 2640 5382 regno.
2678 5315 2878 5367 llebrzei
2909 5316 3089 5369 dicunt
3117 5321 3253 5386 quod
3289 5322 3340 5376 itt

1801 5400 2217 5454 sanctiﬁCatiOnc
2239 5404 2486 5467 Abrahae,
2513 5409 2608 5457 hoc
2631 5418 2731 5470 est,
2763 5408 2812 5461 in
2832 5410 3230 5468 circumcisione
3257 5417 3342 5482 jlto

1799 5495 2010 5554 raverit;
2061 5506 2154 5546 nos
2180 5504 2351 5548 autem
2382 5495 2604 5551 dicimus
2638 5500 2844 5568 jurasse
2890 5504 3033 5558 illum
3063 5507 3112 5558 in
3145 5523 3343 5563 semine

1801 5583 2043 5648 Abralm,
2081 5583 2182 5637 hoc
2210 5594 2290 5637 est
2347 5587 2396 5638 iu
2425 5587 2804 5663 Cbristo._Alii
2835 5607 3008 5648 autern
3043 5598 3213 5651 dicunt
3250 5616 3338 5666 per

1797 5674 2048 5728 nutticctn
2081 5675 2329 5732 Rebecca:
2385 5679 2712 5750 disciplinam
2762 5686 2988 5754 Spiritus
3019 5692 3182 5742 sancti
3213 5693 3334 5756 Μω-
