3872 6262
492 398 595 452 ξιτ

977 400 1176 457 neme
1218 403 1655 476 VENERABILIS
1691 401 1966 461 orenuu
2001 400 2175 459 PARS
2214 403 2274 460 tt.
2307 434 2375 447 -
2411 393 2796 471 essemus
2833 415 3148 472 GENUINA.

3567 419 3681 474 248

499 511 631 576 rari;
671 526 761 579 per
792 512 949 564 tilium
978 528 1095 566 cum
1122 514 1206 568 illa
1228 517 1556 594 existenteut,
1579 519 1908 587 Synagogam
1931 516 2019 568 .lu-
2049 511 2097 570 Α
2127 515 2295 570 minor
2333 520 2634 577 caleaneum
2666 525 2848 591 teuuil,
2878 528 2997 595 quia
3054 529 3271 596 mystice
3294 530 3473 582 minor
3506 545 3679 597 popa-

497 599 724 652 tlmorum
752 617 766 666 ;
793 616 882 667 per
908 611 1104 670 potum,
1135 605 1423 660 doctrinam
1449 623 1464 671 ;
1516 621 1609 672 per
1633 609 1887 672 camelos,
1919 621 2030 674 pte-

496 688 739 752 uitentes,
766 687 854 757 qui
885 700 1100 745 utuntur
1126 692 1308 747 decem
1341 695 1510 746 verbis
1533 695 1680 760 legis.
1727 693 1919 747 Cecidit
1945 709 2030 747 vas

492 792 641 845 super
661 779 852 845 ulnam,
878 778 930 832 id
959 789 1055 844 est,
1078 781 1128 834 in
1149 781 1438 837 humilitate
1455 795 1787 849 permanens,
1803 784 1933 837 duas
1955 782 2028 835 le-

489 882 581 937 ges
603 870 848 922 ostendit.
884 869 1113 947 Armillae
1139 879 1312 925 autem
1341 868 1545 940 pondus
1571 873 1753 927 decem
1779 871 2027 925 siclorum

493 959 523 1010 ἢ
543 960 798 1026 ιὺυθτυηι,
831 960 879 1014 id
910 971 1010 1025 est,
1037 961 1218 1015 decem
1245 961 1399 1016 verba
1421 962 1568 1031 legis.
1619 962 1813 1016 Domus
1856 961 2028 1015 Sarrze

495 1050 545 1102 in
574 1065 728 1117 quam
759 1050 923 1103 exivit
962 1062 1075 1117 post
1104 1059 1348 1116 mortem,
1379 1052 1565 1105 domus
1593 1060 1674 1105 cst
1715 1051 2024 1119 Synagogte,
2067 1090 2070 1094 ι

489 1137 554 1189 ad
585 1151 738 1205 quam
765 1135 1002 1193 Ecclesia
1041 1141 1273 1206 geut'um
1301 1139 1366 1192 ad
1409 1139 1720 1193 credendum
1753 1149 1866 1208 pust
1894 1139 2025 1210 Syn-

487 1238 702 1292 agogam
717 1226 874 1280 venit.
902 1226 1119 1280 Deduxit
1135 1225 1548 1281 lsaucﬂcbeccam
1562 1227 1612 1279 in
1625 1228 2021 1292 tabernaculum,

493 1314 552 1368 ill
574 1323 676 1379 est,
697 1313 934 1369 Christus
959 1316 1090 1370 Ercl-
1111 1317 1241 1370 siam
1265 1316 1393 1371 Novi
1421 1317 1741 1371 Testamenti
1764 1317 1815 1370 in
1844 1315 2022 1380 Eccle-

485 1404 617 1459 siam
642 1405 1021 1474 apostolorum.
1048 1406 1220 1469 Palca,
1262 1405 1314 1460 id
1341 1414 1443 1470 est,
1487 1405 1663 1459 multa:
1693 1405 1898 1470 species
1925 1409 2023 1460 do-

484 1497 665 1551 ctrina
693 1496 920 1565 Spiritus
947 1497 1131 1558 sancti,
1155 1511 1271 1564 qute
1288 1497 1660 1565 pmnitentibus
1682 1496 1892 1551 dantur.
1920 1498 2023 1552 Ma-

457 1595 564 1639 ter
589 1583 858 1648 Rebeccm,
890 1585 1152 1654 gentilitas
1185 1584 1521 1653 intelligitur;
1578 1594 1724 1657 pater
1750 1585 1891 1640 illius
1919 1586 2018 1640 Ba-

482 1674 608 1737 tuel,
640 1673 892 1727 diabolus.

1043 1760 1264 1818 csrur
1297 1760 1456 1835 xxv.

551 1853 661 1906 Non
689 1865 770 1907 est
809 1853 1167 1908 arbitrantium
1195 1855 1264 1909 ob
1311 1855 1744 1910 incontinentiam
1803 1855 2042 1911 duxisse-

482 1944 739 1998 Abraham
781 1945 1083 2010 Cetlturam,
1115 1949 1344 2006 maxime
1370 1965 1489 2006 cum
1521 1959 1661 2006 esset
1688 1950 2014 2021 grandaevus,

481 2042 570 2086 aut
592 2044 802 2101 propter
828 2037 1142 2091 creationem
1174 2039 1418 2105 liliormn,
1443 2039 1566 2095 dum
1597 2055 1690 2106 per
1723 2041 1862 2093 lsaac
1885 2054 2005 2108 pro.

483 2124 695 2176 missum
741 2134 820 2177 est
848 2124 915 2177 illi
937 2141 1117 2180 semen
1147 2137 1203 2181 ut
1223 2128 1390 2183 stellze
1418 2130 1556 2185 oceli.
1589 2128 1691 2184 Sed
1723 2129 1858 2182 sicut
1881 2128 2019 2196 Agar

482 2221 535 2265 ct
552 2213 734 2267 istuael
764 2218 1000 2269 carnales
1035 2216 1237 2272 Veteris
1260 2219 1606 2284 Testamenti,
1635 2220 1714 2274 sic
1742 2231 1794 2274 et
1819 2218 2020 2274 Celhu-

483 2319 536 2357 ra
565 2314 617 2357 et
645 2305 732 2358 lilii
787 2307 902 2374 ejus
926 2308 1223 2377 significant
1249 2311 1542 2379 hmreticos,
1597 2314 1683 2382 qui
1714 2329 1772 2368 se
1823 2314 2015 2368 existi-

481 2403 624 2447 maut
653 2397 914 2462 pertinere
953 2399 1016 2452 ad
1044 2399 1242 2455 Novum
1271 2402 1684 2460 Testamentum.
1713 2404 1816 2458 Sed
1860 2407 2019 2458 utrm-

482 2499 580 2547 que
630 2487 934 2541 concubina:
979 2489 1241 2545 dicuntur.
1292 2491 1378 2545 Sic
1398 2494 1537 2546 enim
1578 2493 1814 2546 dicitur:
1853 2492 2018 2548 Filius

479 2576 866 2630 concubinarum
895 2578 1105 2648 largitus
1125 2591 1198 2635 est
1220 2598 1444 2634 munera.
1485 2583 1603 2637 Sola
1627 2583 1785 2644 Sarra
1806 2598 2016 2649 semper

483 2680 611 2717 uxor
629 2677 855 2720 vocatur.
883 2668 996 2722 Una
1015 2680 1086 2725 est
1110 2672 1261 2732 enim,
1295 2673 1480 2741 inquit,
1502 2673 1734 2727 columba
1763 2690 1889 2728 mea.
1915 2673 2017 2729 Ce-

481 2751 631 2807 thura
665 2756 1032 2826 interpretatur
1056 2748 1294 2826 copulata
1325 2771 1415 2816 aut
1442 2763 1596 2826 victa,
1622 2779 1777 2832 quant
1801 2764 1868 2818 ob
1888 2779 2013 2819 cau-

482 2857 591 2896 sam
647 2845 982 2913 suspicantur
1008 2847 1211 2902 Hebrati
1264 2850 1502 2905 eamdem
1533 2865 1653 2905 esse
1683 2854 1843 2921 Agar.
1870 2867 2009 2920 quae,

478 2931 632 2984 Sarra
666 2943 886 2998 mortua,
929 2934 996 2989 de
1039 2936 1324 2990 concubina
1377 2939 1643 2992 transierit
1690 2939 1741 2991 in
1775 2955 2010 2994 uxorem.

480 3019 543 3073 l-It
590 3020 792 3074 videtur
841 3021 948 3091 jam
980 3023 1199 3094 depositi
1233 3024 1458 3080 Abraltte
1487 3029 1731 3082 esctt~ari
1760 3038 1908 3092 tetas,
1943 3044 2008 3084 ne

2046 1822 2094 1882 B

2129 600 2210 656 lus
2231 604 2480 673 majorem
2509 612 2792 677 superavit.
2819 612 2950 667 Nam
2973 615 3110 684 quod
3140 616 3251 684 ipse
3282 611 3420 670 Esau
3466 619 3676 682 primo-

2126 694 2298 760 genita
2320 707 2530 764 propter
2556 713 2730 755 escam
2753 695 2901 757 fratri
2930 705 3285 774 venumdedit,
3336 720 3402 760 ac
3429 718 3679 774 postmo-

2125 780 2247 834 dum
2276 784 2438 851 prima
2460 786 2820 845 benedictione
2841 793 3096 861 promissa
3118 794 3374 861 privatus,
3399 798 3672 864 signiﬁcat

2126 866 2370 932 eumdem
2394 869 2640 942 populum
2658 879 2743 945 qui
2775 879 3148 949 primogenitae
3171 898 3203 938 a
3231 883 3338 938 Deo
3361 886 3678 938 nominatus

2125 971 2225 1026 est,
2254 973 2465 1030 prepter
2485 969 2763 1031 praesentis
2790 971 2966 1023 mundi
3017 971 3182 1034 lucra.
3207 987 3312 1026 non
3353 958 3532 1028 solum
3565 975 3678 1042 prio

2126 1058 2293 1102 matus
2320 1052 2399 1106 sui
2449 1053 2699 1111 honorem
2729 1058 2992 1123 amisisse,
3021 1076 3201 1115 verum
3246 1063 3405 1118 etiam
3436 1072 3496 1117 et
3525 1066 3675 1133 regni

2124 1139 2354 1194 caelestis
2383 1154 2731 1210 praeparatum
2766 1149 3035 1210 premium
3064 1149 3283 1216 adipisci
3315 1167 3421 1205 non
3447 1137 3673 1207 meruit.

2126 1225 2273 1315 ilnde
2295 1228 2369 1282 iiii
2390 1229 2579 1285 dicitur
2605 1249 2620 1285 :
2655 1232 3003 1315 Trmtgferetur
3029 1246 3210 1294 asotm
3232 1256 3441 1311 regum
3469 1246 3673 1298 mandi.

2125 1313 2478 1386 Primogeuita
2529 1329 2704 1376 autem
2763 1313 2870 1392 ipsa
2915 1330 3080 1381 vestis
3126 1338 3241 1382 erat
3292 1331 3674 1395 sacerdotalis,

2122 1420 2220 1472 qua
2267 1405 2666 1478 majores-natu,
2696 1427 2816 1468 cum
2848 1413 3213 1473 benedictione
3261 1420 3424 1484 patris
3474 1419 3670 1484 induti,

2121 1493 2262 1548 velut
2291 1497 2563 1564 pontllices
2620 1498 2856 1555 victimas
2897 1500 3207 1558 offerebant.
3255 1503 3364 1558 lloc
3390 1504 3538 1559 dono
3565 1517 3674 1561 ter-

2122 1584 2232 1637 reni
2258 1586 2451 1639 amoris
2468 1585 2727 1642 desiderio
2745 1599 3025 1644 caruerunt
3046 1590 3145 1644 Jud
3162 1590 3213 1644 ri
3239 1605 3357 1645 cum
3379 1591 3549 1659 gloria
3583 1608 3673 1648 re-

2118 1671 2204 1740 gni
2233 1670 2413 1727 futuri.
2443 1674 2592 1741 Quod
2621 1685 2796 1731 autem
2824 1674 2957 1730 Esau
2980 1678 3056 1731 vir
3081 1694 3267 1748 gnam
3295 1680 3520 1733 venandi
3543 1680 3672 1735 dici-

2122 1771 2222 1829 tur,
2252 1774 2299 1820 et
2319 1765 2467 1819 homo
2487 1768 2732 1837 agricola,
2773 1769 3019 1838 populum
3047 1769 3349 1823 inda-orum
3376 1769 3666 1838 signiﬁcat,

2121 1855 2209 1922 qui
2230 1842 2445 1909 venator
2473 1855 2663 1911 dicitur
2692 1869 2906 1927 propter
2939 1858 3267 1913 venationem
3293 1899 3309 1925 ,
3333 1868 3390 1913 et
3412 1859 3668 1927 agricola.

2120 1944 2242 1999 dum
2271 1959 2366 2013 pro
2387 1946 2537 2000 bonis
2563 1956 2716 2003 terra:
2741 1949 2850 2002 Deo
2874 1957 3075 2002 tantum
3099 1948 3336 2003 servivit.
3354 1947 3521 2002 Iacob
3549 1965 3669 2003 rara

2118 2037 2334 2104 simplex
2363 2078 2379 2103 ,
2413 2037 2463 2092 id
2487 2047 2587 2102 est.
2620 2040 2839 2108 populus
2876 2038 3127 2108 gentium,
3156 2041 3240 2099 cui
3286 2055 3416 2094 crux
3461 2041 3662 2092 Christi

2120 2140 2222 2181 non
2251 2135 2520 2196 reputatur
2546 2131 2600 2182 in
2625 2130 2973 2194 tabernaculis,
2994 2129 3043 2182 id
3069 2140 3174 2194 est,
3203 2129 3461 2183 Ecclesia.
3485 2129 3666 2194 Quod-

2117 2231 2218 2284 que
2246 2215 2461 2281 dicitur,
2483 2215 2632 2270 Isaae
2649 2218 2834 2272 amavit
2865 2217 3017 2275 Esau.
3046 2233 3104 2269 eo
3125 2217 3260 2284 quod
3289 2217 3352 2270 de
3377 2211 3662 2270 “nationi.

2117 2305 2207 2358 bus
2231 2303 2366 2358 illius
2396 2315 2686 2380 uesceretur,
2738 2307 2980 2373 populum
3006 2306 3262 2374 siguilicat
3282 2305 3608 2368 ludentum.
3633 2322 3664 2360 a

2119 2393 2225 2447 Deo
2243 2393 2399 2448 Patre
2418 2402 2669 2455 amatum,
2717 2394 2923 2461 quando
2951 2395 3116 2449 bonus
3149 2393 3222 2446 lui
3241 2403 3263 2448 t
3283 2395 3335 2448 in
3390 2394 3508 2462 lege
3535 2404 3589 2448 et
3610 2394 3664 2448 ia

2116 2482 2484 2539 oblationibus.
2513 2469 2676 2538 Iacob
2709 2496 2900 2539 autem
2930 2486 3158 2540 vendens
3187 2485 3540 2555 pulmentum,
3565 2498 3666 2551 pe-

2117 2571 2574 2641 puluursignilicat
2600 2571 3036 2636 Christianorum,
3071 2573 3389 2627 vendentem
3433 2571 3666 2626 inﬁdeli-

2117 2671 2274 2714 tatem
2297 2669 2352 2715 et
2372 2661 2654 2715 vanitatem
2681 2670 2898 2729 propter
2926 2660 3414 2730 cmleste'regnum,
3440 2671 3501 2715 et
3529 2674 3658 2714 cen-

2115 2749 2311 2818 tuplum
2338 2748 2389 2802 in
2419 2748 2661 2816 praesenti
2689 2750 2920 2813 comedit,
2953 2749 3002 2802 id
3031 2759 3131 2814 est,
3153 2763 3411 2816 corpore;
3437 2750 3581 2814 bibit,
3612 2749 3661 2803 id

2115 2845 2217 2903 est,
2246 2835 2458 2902 anima;
2488 2835 2630 2902 abiit,
2653 2835 2701 2890 id
2731 2847 2831 2901 est,
2861 2852 2889 2888 a
2919 2837 3046 2891 facie
3071 2837 3286 2891 Christi.

2650 2925 2874 2989 CAPUT
2910 2927 3096 2989 XXVI.

2191 3016 2319 3070 Orta
2346 3009 2526 3069 deliine
2545 3023 2681 3083 [sine
2692 3008 2843 3082 super
2870 3025 3079 3080 terrent,
3102 3015 3226 3068 abiit
3263 3010 3418 3068 Isaae
3441 3016 3518 3066 ad
3540 3013 3660 3068 Abi-

477 3121 639 3162 senex
668 3118 782 3177 post
803 3121 1027 3166 mortem
1052 3113 1228 3168 uxoris
1257 3117 1443 3170 vetula:
1472 3117 1621 3169 novis
1637 3127 1886 3186 arguatur
1913 3133 2009 3172 nu-

2115 3107 2298 3160 meleclt
2327 3121 2495 3178 regem
2526 3105 2911 3159 Palestinorum
2933 3107 2984 3158 irt
3013 3104 3223 3163 Gaure.
3259 3104 3436 3173 Ibique
3457 3103 3660 3160 Rebec-

476 3200 594 3260 plils
625 3200 887 3256 lascivisse
918 3219 932 3254 :
964 3218 1058 3257 nos
1078 3203 1217 3272 quod
1247 3205 1502 3262 incertum
1520 3215 1603 3262 est
1626 3207 2009 3274 relinquentes,

483 3289 581 3343 hoc
617 3289 853 3343 dicemus
897 3293 1032 3360 quod
1062 3292 1128 3346 de
1162 3293 1384 3348 Cethura
1416 3294 1522 3348 nati
1575 3305 1699 3349 sunt
1728 3295 1820 3350 lilii
1848 3296 2017 3352 Abra-

480 3369 792 3433 hattthedit
819 3397 934 3451 ergo
958 3382 1209 3435 Abraham
1229 3392 1409 3437 structa
1436 3400 1548 3451 qua:
1576 3383 1833 3454 posidebat
1861 3383 2017 3440 Isaae

474 3468 579 3530 lilio
606 3485 699 3522 suo
718 3487 738 3534 ;
759 3471 883 3538 ﬁliis
909 3483 1071 3526 autem
1093 3474 1483 3528 concubinarum
1507 3473 1716 3543 largitus
1745 3485 1818 3529 est
1841 3491 2014 3528 mune-

471 3577 548 3625 ra,
569 3571 617 3614 et
633 3565 876 3630 separavit
902 3563 1019 3616 illos
1047 3563 1110 3616 ab
1128 3563 1276 3617 lsaac
1294 3566 1404 3634 ﬁlio
1431 3582 1540 3620 sun.
1559 3566 1691 3631 Quid
1725 3567 1823 3620 hoc
1852 3567 2013 3635 signi-

480 3648 599 3704 ticet
628 3650 932 3716 notandum,
959 3653 1077 3720 quia
1109 3652 1300 3706 dantur
1323 3655 1570 3708 nonnulla
1599 3670 1813 3710 munera
1839 3658 2008 3710 luere;

476 3737 722 3804 ticorum,
749 3739 798 3794 id
826 3747 928 3805 est,
949 3739 1265 3805 carnalibus,
1280 3741 1370 3794 sed
1387 3755 1487 3795 non
1509 3743 1816 3810 perveniunt
1846 3743 1908 3796 ad
1927 3759 2008 3798 re-

479 3841 637 3894 gnum
666 3829 1000 3894 promissum,
1033 3843 1128 3883 nec
1159 3826 1416 3894 hairrctici,
1441 3844 1536 3883 nec
1578 3828 1744 3884 Judaei
1773 3847 1787 3892 ;
1820 3839 2009 3898 prtrter

477 3917 619 3969 lsaac
671 3916 807 3969 enim
837 3918 1007 3972 nullus
1037 3920 1328 3984 esthaeres,
1377 3920 1491 3987 quia
1526 3935 1628 3971 nou
1677 3918 1769 3972 lilii
1813 3921 2006 3983 carnis,

472 4007 564 4062 sed
607 4008 696 4060 lilii
741 4009 1096 4074 promissionis
1141 4008 1456 4074 deputantur
1482 4011 1532 4061 iu
1585 4010 1806 4064 semine.
1858 4009 2005 4076 Quod

466 4109 640 4151 autem
667 4095 914 4151 Rebecca:
935 4097 1145 4153 dicitur:
1175 4097 1304 4152 Dure
1317 4107 1481 4169 gentes
1506 4101 1556 4152 iu
1585 4109 1730 4153 utero
1759 4104 1843 4153 tuo
1865 4110 2003 4166 sunt,

467 4195 516 4240 et
541 4188 641 4239 duo
665 4185 840 4254 populi
859 4188 908 4238 in
937 4185 1021 4239 tuo
1057 4197 1228 4240 ventre
1249 4187 1563 4250 dividuntur,
1594 4186 1880 4256 ﬁguraliter
1927 4186 2004 4240 l'ao

468 4286 610 4329 ctum
632 4275 784 4329 etiam
817 4276 1009 4329 Judtcis
1032 4289 1132 4329 non
1164 4277 1496 4330 credentibus
1525 4285 1703 4330 notum
1726 4322 1728 4324 τ
1753 4285 1852 4341 est,
1875 4292 2004 4345 qua-

467 4367 584 4421 liter
607 4367 826 4435 populus
852 4365 1097 4420 Ecclesiae
1126 4368 1370 4433 populum
1404 4370 1693 4436 Synagogtc
1717 4371 2002 4433 superavit,

2111 3211 2224 3251 cam
2251 3209 2408 3252 causa
2433 3195 2634 3251 timoris
2672 3197 2817 3267 lingit
2836 3209 3072 3250 sororem
3097 3212 3111 3259 ;
3143 3208 3298 3264 quam
3323 3211 3420 3254 rex
3447 3196 3649 3250 alieni-

2111 3299 2242 3354 gena
2270 3284 2544 3354 coniugem
2567 3283 2709 3338 lsaac
2739 3292 2861 3338 tunc
2905 3299 3025 3340 esse
3051 3283 3320 3354 cognovit,
3347 3284 3566 3354 quando
3594 3283 3702 3354 ii;

2112 3376 2214 3429 lum
2243 3389 2364 3429 cum
2391 3389 2449 3429 ea
2469 3373 2732 3429 ludentem
2754 3373 2900 3427 vidit.
2925 3371 3064 3440 Quid
3088 3373 3188 3426 sibi
3212 3372 3376 3427 vellet
3396 3372 3448 3426 in
3479 3385 3655 3451 saera-

2112 3474 2286 3516 tnento
2312 3461 2505 3517 Christi
2565 3471 2619 3517 et
2640 3455 2885 3529 Ecclesia:
2927 3460 3067 3529 quod
3123 3467 3302 3514 tantus
3349 3460 3650 3527 patriarcha

2109 3565 2228 3604 cum
2257 3551 2475 3619 conjuge
2501 3549 2704 3606 luderet
2726 3549 2750 3602 τ
2776 3528 3192 3619 ϐοᾶιυςίυωῳιά
3215 3547 3340 3601 illud
3361 3547 3651 3616 cognitum,

2108 3639 2236 3692 vidit
2257 3638 2488 3707 proiecto
2507 3637 2746 3708 quisque,
2777 3649 2844 3691 ne
2870 3634 3006 3716 aliud
3025 3635 3271 3700 errando,
3323 3634 3378 3688 in
3408 3633 3650 3690 Ecclesia

2109 3739 2308 3799 peccet,
2340 3730 2431 3785 sed
2462 3738 2724 3790 secretum
2753 3728 2850 3782 viri
2877 3727 3013 3782 illius
3045 3728 3095 3781 in
3135 3725 3424 3795 Scripturis
3446 3727 3653 3781 sanctis

2107 3820 2384 3886 diligenter
2414 3799 2694 3873 intuealur.
2750 3815 2818 3871 Et
2854 3817 3054 3871 invenit
3077 3811 3224 3870 illum
3248 3816 3334 3886 qui
3369 3816 3420 3868 in
3477 3813 3649 3868 forma

2111 3908 2199 3962 Dei
2240 3891 2469 3976 umqualis
2496 3914 2581 3960 est
2619 3907 2777 3972 Patri,
2815 3905 3079 3972 paulisper
3130 3902 3482 3957 abscondisse
3507 3917 3572 3956 se
3598 3901 3649 3953 in

2108 3995 2327 4050 formam
2354 3997 2512 4063 servi,
2542 4003 2598 4048 ut
2617 3993 2754 4062 illius
2781 3992 3335 4059 capax'esse'humana
3367 3982 3650 4044 inﬁrmitas

2107 4096 2299 4155 posset,
2320 4086 2408 4157 qui
2434 4086 2586 4141 modo
2610 4082 2816 4154 coniugi
2839 4097 3123 4151 congruum
3151 4081 3251 4137 iter
3269 4089 3496 4150 aptaret.
3512 4081 3650 4150 Quid

2107 4176 2245 4230 enim
2268 4176 2574 4240 absurdum,
2602 4176 2708 4228 imo
2732 4173 2853 4241 quid
2913 4187 3015 4226 non
3041 4172 3419 4226 convenienter
3441 4170 3650 4224 futuro-

2110 4281 2226 4319 rum
2255 4262 2660 4333 pronontiatioui
2684 4245 3136 4318 accommodatum
3153 4261 3176 4312 ?
3193 4260 3248 4316 Si
3268 4259 3527 4330 propheta
3555 4257 3649 4314 Dei

2103 4353 2277 4420 aliquo
2301 4352 2457 4406 modo
2511 4351 2654 4416 lusit,
2683 4352 2892 4406 carnale
2933 4361 3031 4416 est,
3081 4359 3136 4403 ut
3162 4351 3306 4404 illum
3333 4359 3552 4416 caperet
3575 4347 3647 4402 al-

467 4465 520 4510 et
548 4423 810 4523 qtiomodu
855 4455 1078 4524 populus
1118 4423 1416 4508 .ludreorum
1443 4423 1870 4522 major‘tempore
1893 4423 2002 4525 ser.
2030 4441 2273 4513 pisctus
2300 4440 2481 4509 uxoris
2506 4458 2519 4492 :
2545 4455 2662 4494 cum
2688 4439 2860 4509 ipsum
2894 4439 3118 4493 Verbum
3173 4436 3270 4491 Dei
3298 4451 3425 4491 caro
3447 4423 3647 4490 factum

467 4546 593 4600 vivit
614 4544 802 4599 minori
831 4546 1023 4612 pupulo
1068 4542 1504 4604 Chrisﬁanorum.
1543 4545 1604 4599 Et
1631 4545 1682 4598 in
1715 4546 1861 4599 nobis
1883 4561 2005 4613 quo-

466 4653 568 4702 que
594 4636 709 4689 dum
739 4626 922 4705 gentes
947 4645 1001 4687 et
1046 4635 1148 4688 duo
1191 4635 1365 4703 populi
1395 4644 1537 4701 sunt,
1567 4635 1814 4688 virtutum
1845 4646 2003 4701 atque

464 4725 708 4778 vitiorum
741 4742 756 4789 ;
806 4726 894 4778 sed
929 4723 1026 4777 iste
1065 4725 1234 4775 minor
1261 4733 1361 4786 est,
1421 4723 1508 4779 ille
1541 4723 1728 4790 major.
1783 4725 2002 4792 Semper
2071 4753 2076 4762 ι

462 4813 603 4868 ειιίἰιι
627 4815 746 4866 vitia
765 4809 1120 4866 numerosiora
1144 4821 1266 4864 sunt
1295 4814 1588 4867 virtutibus.
1622 4811 1725 4867 Sed
1756 4822 1926 4866 tamen
1948 4822 2004 4867 et

462 4906 515 4956 in
539 4903 687 4956 nobis
709 4919 801 4969 per
823 4907 1038 4969 gratiam
1072 4901 1159 4954 Dei
1190 4900 1412 4968 populus
1455 4902 1620 4966 major
1646 4902 1856 4954 servivit
1902 4903 2001 4955 mi-

471 4996 606 5047 nori.
634 4990 802 5045 Servit
831 4993 968 5044 enim
997 5005 1119 5044 caro
1145 4990 1370 5056 Spiritui,
1399 4997 1452 5044 et
1474 4989 1594 5042 vilia
1624 4990 1920 5044 virtutibus.
1945 4990 1999 5044 Si

466 5086 607 5137 enim
659 5080 785 5132 tales
815 5094 994 5132 sumus
1016 5080 1186 5147 qualis
1239 5079 1492 5140 Rebecca,
1540 5091 1590 5131 et
1618 5094 1913 5132 mereamur
1937 5077 2004 5130 de

467 5172 630 5235 lsaac,
660 5169 707 5222 id
737 5175 837 5232 est,
867 5167 933 5220 de
981 5167 1140 5219 verbo
1163 5166 1253 5219 Dei
1298 5165 1592 5235 concipere,
1645 5167 1832 5220 cedi-nt
1881 5166 2000 5217 vitia

463 5261 758 5313 virtutibus.
791 5256 1042 5310 Processit
1071 5264 1238 5306 autem
1266 5254 1404 5306 Esau
1433 5257 1641 5318 primus.
1669 5256 1836 5322 raras,
1859 5267 1906 5307 et
1927 5267 2001 5308 to-

464 5361 544 5402 tus
572 5358 809 5416 tauquam
839 5346 983 5414 pellis
1007 5345 1244 5397 hirsutus.
1279 5340 1471 5393 Deinde
1495 5344 1642 5395 exiuit
1673 5336 1832 5410 frater
1863 5343 2000 5396 illius

466 5440 645 5503 Jacob,
667 5449 713 5492 et
740 5455 916 5491 manus
946 5439 1161 5506 implexa
1199 5445 1301 5487 erat
1329 5434 1560 5486 calcanee
1590 5434 1746 5487 Esau.
1779 5435 1884 5490 Sed
1909 5449 2000 5486 cur

462 5534 550 5586 ille
578 5541 715 5584 totus
740 5530 882 5579 rufus
910 5539 962 5579 et
987 5527 1256 5592 hispidus?
1290 5525 1420 5576 Vere
1447 5524 1567 5589 quia
1598 5526 1829 5590 populus
1858 5523 1999 5591 prior

469 5637 516 5671 et
543 5617 909 5684 prophetarum
937 5623 989 5667 et
1016 5613 1210 5665 Citriin
1262 5627 1447 5665 cruore
1480 5614 1703 5676 pollutus
1732 5613 1794 5665 sit
1821 5628 1850 5664 a
1879 5625 1998 5678 pec-

465 5720 602 5774 (ait),
629 5704 865 5773 nequitia:
887 5703 1058 5756 existit
1077 5701 1314 5768 squalore
1328 5698 1688 5754 circumdatus.
1708 5702 1863 5773 Cujus
1881 5699 1995 5753 ideo

2101 4539 2184 4584 est
2211 4538 2267 4583 ut
2293 4528 2554 4584 habitaret
2583 4529 2634 4582 in
2663 4528 2832 4583 nobis.

2175 4616 2296 4670 Post
2317 4619 2409 4669 hoc
2440 4615 2589 4669 lsaac
2635 4628 2892 4684 aggressus
2913 4620 2984 4663 est
3006 4625 3158 4676 opus,
3200 4620 3247 4664 et
3273 4612 3418 4680 accpit
3467 4612 3649 4678 {odere

2101 4716 2291 4776 puteos,
2323 4720 2447 4774 quos
2483 4704 2717 4770 {oderunt
2745 4699 2886 4767 pueri
2914 4699 3074 4766 patris
3101 4700 3180 4752 sui
3222 4700 3476 4752 Attrahit-
3507 4717 3530 4762 ;
3555 4700 3644 4753 sd

2100 4796 2366 4847 invidentes
2418 4795 2471 4846 ri
2491 4792 2770 4855 Palastini,
2815 4790 3324 4855 obstruxeruntillos,
3373 4792 3648 4855 implexus

2102 4883 2271 4936 humo.
2296 4883 2421 4948 Quis
2449 4891 2531 4936 est
2556 4880 2674 4946 iste,
2724 4879 2821 4935 nisi
2852 4880 3092 4936 Salvator
3123 4878 3344 4934 uester?
3395 4877 3485 4945 qui
3515 4878 3647 4932 dum

2099 4979 2367 5034 de~ceudit
2390 4978 2440 5030 iu
2470 4978 2622 5030 istum
2647 4985 2932 5030 torrentem
2955 4973 3176 5037 Gerara,
3205 4972 3374 5038 primo
3397 4973 3640 5037 omnium

2100 5069 2213 5122 illos
2241 5077 2424 5138 puteos
2445 5058 2804 5131 fodere'catpit
2829 5077 2960 5129 quos
2983 5059 3229 5114 foderunt
3274 5059 3419 5126 pueri
3469 5060 3642 5126 patris

2100 5158 2178 5209 sui
2213 5156 2436 5224 Moyses,
2473 5154 2659 5216 David,
2681 5154 2954 5215 Salomon,
2984 5159 3036 5203 et
3067 5149 3356 5216 prophetat,
3395 5162 3533 5218 quos
3554 5160 3645 5202 la-

2102 5261 2221 5298 men
2255 5255 2458 5300 terrena
2485 5253 2536 5297 et
2564 5244 2774 5297 sordida
2805 5230 3025 5308 replevit
3043 5238 3412 5307 intelligentia,
3438 5249 3495 5293 et
3522 5240 3643 5293 illo-

2102 5351 2213 5388 rum
2244 5349 2304 5387 os
2327 5349 2448 5400 cum
2472 5347 2692 5401 purgare
2716 5331 2872 5385 vellet
2915 5328 3080 5388 lsaac.
3106 5337 3164 5380 ut
3195 5324 3499 5396 ostenderet
3517 5328 3640 5394 quia

2099 5441 2423 5493 quascunque
2449 5425 2529 5477 lex
2577 5432 2629 5478 et
2652 5418 3206 5490 prophetredixernnt,
3238 5419 3305 5472 de
3346 5432 3463 5486 Ipso
3487 5417 3644 5494 diae-

2099 5526 2234 5569 runt.
2269 5512 2437 5566 Rt'mti
2464 5522 2702 5565 suntcum
2726 5525 2782 5562 eo
2802 5506 3080 5573 Philistini,
3104 5508 3156 5561 id
3173 5513 3273 5569 est,
3299 5503 3490 5563 Judci,
3509 5503 3644 5557 alie-

2100 5609 2150 5661 ui
2177 5622 2204 5658 a
2237 5619 2394 5672 regno
2427 5604 2532 5657 Dei.
2565 5602 2711 5656 Fodit
2739 5613 2861 5665 ergo
2887 5596 3048 5661 lsaac,
3069 5595 3173 5650 i‘mo
3205 5587 3534 5666 puer-(lsaac
3558 5607 3643 5645 uo-
3681 5663 3686 5674 .

2099 5714 2214 5752 vum
2250 5707 2478 5765 puteum.
2515 5691 2660 5746 Pueri
2718 5692 2852 5742 lsaac
2883 5699 3028 5753 sunt,
3077 5687 3375 5747 Manimos,
3407 5683 3638 5744 blattas,
