3872 6262
225 377 333 432 ξω
1025 372 1088 428 ΙΝ
1129 367 1673 428 Ρειηητευῦιιυιι
1709 363 2190 423 οοωιεατλιιιι.
2220 393 2291 407 -
2327 363 2612 421 οεκεειε
2865 370 2868 372 ⁷
3201 388 3203 390 ·
3296 367 3400 422 230

229 488 416 554 Lucas,
440 486 686 550 Joannes,
711 482 990 552 ca-terlque
1034 483 1277 548 apostoli,
1304 481 1392 551 qui
1422 494 1608 534 omnes
1631 477 1760 532 Novi

1882 469 2350 542 'intlspiritunlibus
2389 471 2671 544 mystetiis,
2697 480 2754 528 et
2782 473 3023 542 baptismi
3052 477 3395 545 CiCNIIIi‘IrOI'.

225 573 545 632 Testamemi
594 583 803 640 puteum
832 570 1093 633 iuuerunt,
1121 581 1176 625 et
1223 569 1536 624 invenerunt
1564 567 1760 621 fontem
1861 566 2121 634 ceperint,
2149 564 2402 633 promittit
2428 578 2487 619 se
2509 563 2644 618 Deus
2682 561 2786 618 illis
2811 564 2987 618 omnia
3013 566 3184 622 debita
3217 566 3400 623 dimis-

227 677 377 726 aqttze
403 660 640 715 salientis
657 660 708 712 in
731 658 891 712 vitam
919 669 1191 714 cternam.
1214 657 1317 713 Sed
1347 671 1443 724 pro
1472 657 1556 709 his
1582 655 1760 708 adhuc
1862 669 2062 718 surum.
2087 655 2131 708 si
2162 653 2232 710 iiii
2257 654 2432 707 omia
2459 653 2746 709 dimittant.
2773 652 3001 722 Possunt
3027 653 3185 710 etiam
3209 654 3264 711 bi
3295 664 3408 714 tres

225 750 544 804 altercamur
562 747 639 801 illi
667 746 756 816 qni
787 759 992 800 terrena
1021 745 1300 814 aspiciunt,
1328 744 1522 812 quibus
1553 743 1762 798 dicitur:
1861 741 2156 812 signiﬁcare
2182 752 2290 795 tres
2314 754 2513 809 magos,
2541 739 2628 806 qui
2665 753 2728 793 es
2757 738 2986 794 Orientis
3028 742 3262 808 partibus
3313 756 3401 797 ve-

227 837 477 902 anuiturt
497 836 731 905 indignos
753 834 1122 902 aosjudicastis
1142 835 1322 904 gratio
1349 834 1465 898 Dei,
1484 833 1671 887 ibimus
1696 833 1764 887 od
1863 843 2055 889 nerunt
2082 832 2147 887 ad
2177 831 2376 895 Jesum,
2408 831 2598 888 eruditi
2630 831 2953 886 institutione
2981 832 3256 902 majorum.
3413 858 3443 868 ν

224 938 419 992 gentes.
1042 920 1044 922 ’
1935 926 2232 996 Dimisitque
2290 925 2406 978 illos
2445 922 2594 996 Isaac
2639 923 2846 993 μόρια
2915 927 2969 976 tu
3024 922 3189 977 locum
3230 940 3399 979 suam.

298 1012 422 1066 Post
449 1013 556 1065 hcc
595 1013 795 1066 tertium
821 1020 1026 1080 puteum
1064 1013 1194 1082 [odit
1221 1009 1390 1078 Isaae,
1421 1021 1472 1066 et
1495 1011 1767 1082 appellarit
1864 992 2160 1072 Secundum
2194 1014 2325 1068 alios
2352 992 2614 1082 siguilicat
2636 992 2774 1081 quod
2802 1014 2926 1070 alibi
2955 1013 3147 1069 dicitur
3174 1031 3189 1067 :
3220 1011 3397 1071 Ultus-

193 1175 198 1182 _
223 1105 373 1158 illum
405 1103 660 1168 Latitado,
689 1103 862 1158 dicens
883 1118 904 1157 :
935 1102 1090 1158 Natu:
1116 1105 1345 1156 dilatauit
1382 1117 1472 1156 nos
1496 1101 1762 1156 Dominus.
1865 1105 2083 1174 quisque
2124 1103 2176 1157 in
2212 1104 2302 1157 illo
2331 1106 2380 1156 in
2409 1117 2512 1169 quo
2541 1110 2756 1157 vocatus
2781 1113 2893 1168 est,
2923 1114 3250 1171 permaneat.
3297 1104 3402 1175 Αρο

229 1192 366 1248 Vere
391 1193 638 1247 dilatatus
660 1201 741 1247 est
762 1191 926 1258 Isaac,
953 1202 1006 1248 et
1035 1193 1270 1262 implevit
1313 1207 1521 1246 omnem
1563 1201 1766 1247 terram
1863 1194 2161 1265 patuitque
2209 1193 2589 1265 abaadmtticut,
2649 1191 2700 1246 id
2750 1200 2860 1257 est,
2917 1201 3138 1261 quatuor
3189 1193 3401 1247 ﬂumina

225 1280 447 1337 κίοιιιίι
467 1280 758 1345 Trinitatis,
815 1281 940 1336 etin
970 1289 1080 1336 toto
1108 1280 1236 1335 orbe
1260 1267 1511 1335 Ecclesia
1539 1273 1766 1333 latitudi-
1867 1264 2250 1352 apostolorum:

227 1385 352 1426 nem
379 1371 669 1436 collocavit.
695 1371 800 1426 Sed
829 1371 954 1439 quid
975 1379 1058 1426 est
1085 1371 1223 1438 quod
1255 1379 1440 1437 puteos
1468 1369 1766 1431 Abraham.

225 1473 362 1527 quos
387 1459 595 1529 aperuit
618 1458 786 1524 Isaac,
816 1459 892 1514 sic
923 1459 1151 1529 vocavit,
1178 1459 1313 1513 sicut
1337 1469 1390 1513 et
1418 1468 1567 1526 pater
1586 1457 1728 1512 illius
1745 1459 1770 1510 ἲ

2403 1369 2622 1426 CAPUT
2658 1367 2843 1425 xxvu
2907 1345 2938 1387 ε’

227 1549 356 1609 nisi.
376 1549 498 1616 quia
540 1547 744 1619 loyses
771 1548 907 1615 apud
961 1563 1057 1602 nos
1080 1547 1287 1616 Moyses
1339 1545 1642 1599 nominatus
1663 1554 1768 1610 est,

226 1649 284 1691 et
309 1639 563 1706 propheta
605 1638 961 1706 unusquisque
987 1651 1082 1690 suo
1107 1636 1352 1697 nominee
1379 1637 1504 1691 llce
1529 1637 1770 1699 mystice.

1936 1473 2076 1530 Esau
2099 1492 2214 1529 erro
2233 1477 2660 1548 quadragenuritts
2684 1465 2826 1532 duit
2851 1480 2978 1532 deus
3006 1494 3207 1544 usam,
3238 1478 3394 1547 signi-

1870 1567 2034 1620 llcans
2061 1566 2310 1633 populum
2339 1565 2727 1627 haereticorum,
2755 1567 2843 1636 qui
2882 1582 2942 1621 se
2962 1571 3115 1635 'putat
3155 1582 3248 1635 per
3267 1582 3401 1643 qua-

1871 1665 1990 1709 tuor
2017 1655 2210 1711 dncerc
2239 1656 2372 1711 duas
2397 1655 2663 1710 Ecclesias
2689 1657 3076 1722 hereticorum,
3108 1671 3228 1726 qua
3253 1658 3407 1712 ambo

228 1725 345 1797 εςο
369 1725 501 1780 Dm
521 1727 772 1780 Atr-km
794 1727 956 1797 ροηδε
981 1728 1074 1790 Μ.
1102 1741 1165 1782 ac
1189 1728 1234 1783 si
1254 1726 1457 1782 diceret
1486 1743 1502 1782 :
1527 1727 1656 1781 Dum
1680 1741 1774 1795 μ·
1800 1793 1844 1812 _
1871 1743 2142 1798 oifendunt
2185 1744 2411 1798 animam
2459 1743 2602 1799 isaac
2647 1753 2703 1799 et
2735 1745 3007 1812 Rebeccae,
3054 1746 3106 1800 id
3130 1725 3231 1810 est.
3254 1746 3406 1801 Chri-

228 1793 328 1868 tris
348 1814 418 1868 tui
445 1814 583 1869 Deus
606 1828 746 1879 sum,
771 1793 1068 1870 misericors
1087 1817 1308 1871 erotibi.
1342 1815 1582 1870 Estendr‘t
1609 1793 1770 1870 uerr-

1882 1841 2030 1898 stum,
2062 1833 2416 1902 Ecclesiasqne
2456 1835 2591 1901 eius.
2645 1834 2792 1900 Quod
2839 1845 3010 1888 autem
3053 1835 3182 1889 dicit
3226 1836 3438 1890 oculos

227 1905 489 1970 uacuum,
519 1904 570 1958 id
595 1915 695 1966 est.
739 1905 1024 1960 Ecclesiam
1059 1925 1074 1962 :
1115 1907 1444 1977 precepimus
1463 1907 1618 1961 senis
1641 1909 1767 1973 suis,

232 1993 288 2046 id
316 2002 418 2058 est,
445 1994 722 2060 apostolis,
753 1994 1056 2062 utfodcrcnt
1115 2004 1345 2060 pateant,
1369 1993 1420 2047 id
1442 2002 1540 2059 est,
1576 1978 1766 2049 doctti-

229 2100 353 2141 nam
380 2087 736 2155 apostolorum
765 2088 874 2143 suis
904 2087 1130 2158 propriis
1155 2087 1545 2156 scriptionibus.
1576 2088 1768 2144 Scien-

227 2177 358 2231 dum
386 2171 562 2233 eutem
601 2170 741 2248 quod
772 2178 1098 2243 Ahimelech,
1137 2193 1289 2241 quem
1312 2178 1554 2245 diximus,
1614 2173 1774 2248 signi-

231 2268 356 2323 σιω
383 2269 718 2337 philosophos
739 2281 793 2324 et
812 2270 1074 2324 stualiusos
1095 2284 1236 2334 esse;
1250 2269 1490 2338 quodque
1519 2283 1621 2323 non
1634 2284 1774 2324 sem-

231 2369 329 2424 per
356 2359 514 2412 hahet
561 2373 740 2426 pacem
779 2373 897 2415 cum
926 2359 1092 2423 lsaac,
1113 2360 1204 2413 sed
1237 2358 1772 2429 aliquandodissldet,

230 2447 518 2517 aliquando
550 2464 730 2518 pacem
761 2451 998 2520 requirit.
1027 2449 1133 2503 Nec
1155 2450 1294 2504 enim
1319 2450 1616 2518 philosophi
1639 2465 1776 2504 sem-

232 2551 330 2603 pcr
351 2552 467 2605 cum
493 2539 655 2594 verbo
683 2539 774 2592 Dei
803 2541 1161 2616 consentiunt,
1184 2555 1281 2594 nec
1297 2534 1509 2607 semper
1528 2537 1774 2592 contrarii

230 2636 357 2681 sunt
382 2629 630 2685 uni—Deo.
665 2630 808 2684 Multi
837 2633 976 2686 enim
1019 2630 1335 2699 philosophi,
1361 2631 1522 2684 Deum
1546 2643 1662 2684 esse
1689 2628 1776 2697 qui

231 2711 421 2770 cuncta
449 2717 665 2781 creavit,
698 2719 952 2773 scribunt.
982 2719 1222 2773 Nonnulli
1252 2720 1407 2774 etiam
1437 2718 1535 2772 hoc
1559 2717 1777 2772 addide-

233 2817 360 2864 runt
384 2809 520 2877 quod
552 2819 738 2863 cuncta
769 2809 904 2862 Deus
925 2823 1018 2877 per
1036 2811 1252 2863 verbum
1278 2823 1429 2863 suum
1461 2809 1660 2873 iecerit,
1688 2809 1768 2863 vel

231 2895 514 2960 creaverit,
545 2904 600 2951 et
627 2895 767 2964 quod
804 2910 932 2951 vero
953 2897 1170 2950 verbum
1202 2897 1293 2950 Dei
1320 2897 1384 2950 sit
1416 2895 1556 2964 quod
1589 2905 1774 2950 cuncta

234 2986 539 3040 moderatur
553 2995 606 3040 et
625 2985 901 3054 gubernat.
923 2984 978 3040 In
1010 2985 1108 3040 hoc
1127 3000 1244 3039 cum
1270 2985 1387 3055 lege
1414 2995 1465 3039 et
1495 2984 1778 3057 Evangelia
1814 3011 1816 3013 >

230 3075 590 3129 consentiunt.
637 3075 1048 3130 Dissident'vero
1102 3090 1131 3130 a
1184 3075 1354 3141 nobis,
1387 3089 1508 3129 cum
1555 3073 1770 3139 dicunt,
1801 3109 1848 3170 η
1877 3077 1972 3130 vit.
2020 3077 2183 3142 Isaac,
2237 3077 2448 3144 inquit,
2499 3081 2676 3143 portat
2725 3073 3004 3160 imaginem
3070 3073 3159 3127 Dei
3213 3073 3355 3126 Patri

233 3161 384 3215 Adeo
411 3165 681 3218 materiam
716 3173 1031 3220 maternam
1059 3178 1198 3220 esse.
1239 3179 1357 3218 cum
1389 3173 1582 3220 uolant
1611 3162 1772 3218 Deum
1883 3165 2122 3220 Rebecca
2172 3164 2450 3220 imaginem
2477 3161 2702 3220 Spiritus
2725 3164 2926 3220 sancti;
2959 3161 3093 3216 Esau
3127 3175 3252 3215 vero
3281 3163 3355 3220 pri

1930 3173 2122 3220 ebecca
2172 3173 2450 3232 imaginem
2477 3173 2702 3230 Spiritus
2725 3174 2926 3226 sancti;
2959 3173 3093 3216 uati
3127 3175 3252 3215 vero
3281 3173 3416 3229 prio-

233 3161 384 3215 Adeo
411 3165 681 3218 materiam
716 3173 1031 3226 maternam
1059 3178 1198 3230 esse,
1239 3179 1357 3218 cum
1389 3173 1582 3234 negant
1611 3162 1772 3218 Deum

233 3262 426 3304 curare
452 3250 712 3316 mortalia,
739 3251 830 3306 sed
862 3253 1236 3316 provilentiant
1283 3253 1428 3307 illius
1449 3267 1609 3320 supra
1631 3254 1778 3306 luna-

236 3339 480 3410 riavglnbl
499 3333 732 3411 spatium
750 3343 1004 3408 cohiberi,
1036 3358 1157 3397 cum
1188 3353 1461 3398 nascentes
1481 3345 1751 3398 stellarum

230 3431 482 3487 cursibus
505 3431 750 3502 pendent,
780 3448 897 3487 cum
925 3445 1229 3501 perpetuum
1255 3435 1394 3488 hunc
1422 3431 1672 3488 mundum
1701 3433 1780 3486 di-

225 3527 360 3572 cunt
386 3531 437 3572 et
466 3517 607 3574 nullo
635 3521 740 3575 lino
789 3522 1162 3577 claudendum.
1193 3523 1328 3578 Sunt
1351 3531 1405 3577 et
1431 3522 1531 3575 alia'
1555 3521 1780 3590 plurima

238 3607 301 3658 in
336 3607 523 3672 quibus
561 3609 820 3664 dissident
846 3622 900 3664 et
945 3610 1285 3665 concordant.
1345 3608 1463 3662 Fiat
1492 3611 1778 3680 conjurutio

232 3698 483 3750 internas
510 3685 559 3750 et
586 3707 650 3751 te.
675 3699 773 3762 Qui
798 3699 940 3752 enim
967 3701 1076 3753 vult
1102 3700 1354 3754 accedere
1381 3699 1445 3752 ad
1472 3700 1638 3769 legem
1665 3695 1782 3765 Dei,

242 3787 542 3841 necessario
565 3787 693 3842 dicit
720 3807 732 3841 :
759 3786 957 3852 Junci,
986 3799 1034 3842 ct
1086 3791 1244 3843 statui
1270 3791 1528 3845 custodire
1583 3789 1785 3862 judicio

244 3874 459 3940 iustine
506 3885 624 3930 tate.
652 3877 717 3930 Et
755 3892 850 3946 per
899 3880 1169 3944 sequentia
1199 3879 1355 3933 verba
1413 3877 1776 3932 remissionem

245 3975 585 4028 peccatorum
631 3966 879 4020 videntur
932 3956 1167 4034 poscere
1201 3979 1298 4035 pro
1324 3966 1534 4019 illorum
1581 3965 1785 4019 satisfa-

232 4052 432 4106 ctione.
479 4054 724 4122 Sequitur
768 4073 780 4108 :
830 4053 897 4108 Et
924 4057 1040 4122 fecit
1058 4055 1162 4109 illis
1177 4056 1477 4109 concipiant.
1505 4055 1602 4120 Qui
1639 4055 1780 4108 enim

238 4139 514 4194 ministrat
540 4141 775 4206 verbum,
806 4144 1129 4210 sapientibus
1156 4152 1210 4196 ct
1250 4142 1616 4212 insipientibus
1637 4142 1782 4197 debi-

247 4241 334 4281 tur
361 4238 459 4281 cst.

317 4317 440 4372 Cum
465 4319 709 4372 uenissent
742 4317 941 4372 Cereris
982 4328 1029 4372 et
1069 4320 1383 4384 Abimeieclt,
1418 4319 1696 4387 Ochosath,
1736 4331 1783 4377 et

1872 1922 2015 1976 Isaac
2059 1922 2333 1991 ca!igasse,
2363 1923 2618 1993 signiﬁcat
2664 1924 3020 1991 inspectionea
3042 1923 3253 1978 divinas
3294 1925 3407 1978 cul-

1871 2025 1963 2080 pas
2003 2019 2337 2077 peccatorum
2380 2027 2486 2065 non
2512 2011 2713 2066 videre.
2759 2005 3024 2065 Moraliter
3063 2009 3236 2065 autem
3267 2013 3408 2066 Isaac

1872 2098 2006 2167 apud
2033 2098 2253 2151 alienam
2283 2109 2489 2166 gentem
2520 2109 2707 2163 puteos
2731 2096 2923 2152 fodisse
2947 2085 3277 2163 describitur,
3300 2115 3404 2162 quo

1875 2187 2117 2242 videlicet
2143 2190 2386 2256 exemplo
2413 2188 2688 2253 discimus,
2722 2197 2779 2241 ut
2827 2189 2876 2242 in
2907 2189 3004 2241 hac
3032 2190 3408 2257 peregrinatio-

1875 2279 1954 2332 nis
2000 2292 2232 2333 :erumna
2282 2279 2458 2345 positi,
2508 2277 2881 2344 cogitationum
2932 2286 3224 2331 nostrarum
3288 2290 3408 2343 pro-

1877 2365 2030 2418 l'unda
2068 2375 2414 2434 penetretnus.
2449 2365 2512 2416 Et
2553 2379 2827 2430 quousque
2871 2358 3021 2416 nobis
3061 2379 3196 2416 verat
3241 2365 3409 2417 indul-

1873 2455 2062 2521 gentia:
2106 2466 2256 2521 aqua
2304 2452 2678 2520 respondeant,
2711 2466 3036 2521 nequaquam
3086 2462 3281 2504 nostra:
3329 2452 3410 2505 iu-

1876 2543 2172 2611 qttisitionis
2199 2558 2384 2598 manus
2427 2543 2493 2596 ad
2522 2543 2930 2597 exhauriendum
2999 2533 3174 2593 cordis
3219 2537 3408 2594 terram

1879 2641 2157 2701 turpescat.
2212 2632 2356 2698 Quos
2390 2643 2561 2687 tamen
2611 2630 2792 2696 puteos
2820 2629 3064 2697 Aliophili
3111 2627 3411 2682 insidiantes

1877 2723 2228 2790 repleverunt,
2274 2720 2393 2789 quia
2436 2719 2678 2774 nimirum
2724 2717 2976 2770 immundi
3023 2715 3260 2782 spiritus,
3292 2729 3410 2768 cum

1879 2826 1974 2864 nos
2013 2808 2248 2864 studiose
2290 2810 2468 2863 [odere
2514 2806 2860 2875 c0nspiciunt,
2894 2805 3123 2872 abjectas
3151 2804 3297 2856 nobis
3324 2816 3412 2857 eo-

1877 2902 2160 2968 gitationes
2211 2900 2555 2953 tentationum
2584 2899 2830 2964 dirigunt.
2877 2895 3125 2963 Sequitur
3165 2895 3276 2962 ipsa
3327 2894 3414 2948 bo-

1879 2987 2108 3042 nedictio
2148 2988 2198 3042 in
2227 2987 2388 3041 Jacob
2407 3025 2423 3049 ,
2453 3001 2605 3054 quam
2635 2985 2944 3052 Hippolytus
2974 2996 3171 3052 martyr
3199 2983 3415 3049 replica-

1877 3077 1972 3130 vit.
2020 3077 2183 3142 Isaac,
2237 3077 2448 3144 inquit,
2499 3081 2676 3143 portat
2725 3073 3004 3142 imaginem
3070 3073 3159 3127 Dei
3213 3072 3413 3138 Patris;

1885 3252 1959 3307 ris
2003 3253 2176 3321 p0puli
2205 3264 2258 3306 et
2295 3251 2495 3306 diaboli
2523 3267 2538 3318 ;
2567 3251 2736 3307 Jacob
2779 3251 3059 3318 imaginem
3090 3249 3336 3303 Ecclesia
3363 3263 3415 3303 et

1880 3342 2062 3396 sancti.
2104 3341 2204 3396 Per
2249 3340 2349 3396 hoc
2377 3339 2517 3410 quod
2562 3339 2794 3394 senuerit
2833 3337 3004 3402 Isaac,
3035 3337 3415 3390 consummatio

1885 3431 2061 3485 mundi
2089 3431 2401 3485 ostenditur.
2426 3429 2524 3483 Per
2550 3428 2648 3483 hoc
2669 3428 2807 3496 quod
2827 3427 2963 3480 oculi
2993 3426 3134 3480 Isaac
3160 3427 3415 3494 caligave-

1882 3521 2008 3584 rint,
2042 3520 2308 3590 signiﬁcat
2335 3521 2489 3574 tidem
2526 3518 2596 3573 de
2626 3517 2824 3573 mundo
2864 3517 3082 3584 perisse,
3111 3525 3165 3571 et
3213 3515 3417 3592 religio-

1883 3613 2158 3667 uislumen
2184 3613 2446 3680 abjectum
2476 3625 2614 3666 esse.
2643 3610 2790 3677 Quod
2832 3611 2969 3664 iilius
2995 3609 3160 3677 major
3184 3619 3414 3668 vocatur.

1882 3701 2120 3773 acceptio
2164 3701 2295 3772 legis
2325 3695 2724 3755 estJndzorutn
2749 3715 2764 3763 ;
2794 3699 2932 3766 quod
2981 3711 3128 3751 escas
3157 3697 3294 3748 illius
3336 3705 3415 3748 at-

1880 3806 1984 3862 que
2010 3802 2281 3859 capturam
2311 3790 2478 3857 diligit
2505 3796 2675 3856 pater,
2717 3787 2955 3840 homines
2997 3794 3118 3838 sunt
3144 3784 3210 3836 ab
3236 3795 3416 3838 err0°e

1879 3879 2091 3944 salvati,
2143 3893 2272 3945 quos
2323 3892 2417 3946 per
2465 3877 2754 3931 doctrinam
2795 3874 2965 3944 justus
3011 3874 3230 3941 quisque
3261 3885 3417 3924 vena-

1883 3980 1988 4023 tur.
2017 3968 2205 4024 Sermo
2231 3966 2297 4022 de
2345 3967 2752 4035 repromi-sione
2778 3974 2859 4019 est
2885 3964 3176 4018 benedictio
3218 3972 3271 4016 et
3297 3977 3417 4030 spes

1878 4058 2026 4124 regni
2047 4057 2221 4122 futuri,
2238 4058 2292 4111 in
2312 4072 2416 4123 quo
2434 4071 2552 4110 cum
2566 4057 2772 4108 Christo
2791 4057 2956 4109 sancti
2981 4056 3241 4122 regnaturi
3267 4064 3408 4105 sunt.

1880 4144 2114 4202 Rebecca
2143 4159 2328 4214 gerens
2351 4144 2576 4212 Spiritus
2619 4146 2782 4197 s:mcti
2809 4145 3046 4210 ﬁguram,
3079 4157 3196 4210 qua:
3243 4143 3408 4194 lutura

1879 4243 2092 4288 uovcrat
2124 4235 2176 4287 in
2203 4231 2435 4287 Christo.
2467 4235 2520 4286 ln
2545 4233 2706 4286 Jacnb
2734 4241 2908 4285 autem
2939 4231 3238 4286 meditatur.

1953 4328 2193 4397 Loquitur
2216 4329 2282 4380 ad
2301 4327 2461 4394 ﬁlium
2487 4343 2631 4379 suum
2652 4327 2905 4393 juniorem
2925 4325 3093 4379 :Vade
3112 4325 3177 4376 ad
3198 4339 3414 4392 gregem,

245 4409 449 4474 l'lricol,
470 4411 663 4463 locutus
679 4418 750 4462 est
766 4409 868 4462 illis
882 4407 1049 4462 Isaac.
1081 4409 1380 4474 Abimelech
1408 4398 1777 4476 interpretatur

1885 4429 1930 4472 et
1953 4418 2079 4486 a/fer
2107 4417 2228 4470 mihi
2262 4421 2388 4470 duos
2415 4417 2604 4470 hwdos.
2654 4416 2994 4481 Pratlgnrans
3021 4409 3266 4466 carneum
3295 4411 3413 4464 Sal-

239 4511 396 4552 meus
429 4513 545 4552 rex.
584 4498 850 4553 Ochoth
905 4499 1276 4566 interpretatur
1328 4506 1531 4551 tenens.
1580 4499 1777 4562 Phicol,

236 4603 308 4642 os
333 4587 583 4640 omnium.
607 4587 706 4652 Qui
737 4598 866 4649 tres,
886 4598 946 4642 ut
967 4603 1064 4654 ego
1093 4586 1340 4651 arbitror,
1366 4585 1579 4656 figuram
1607 4597 1782 4641 tenent

240 4677 406 4732 totius
433 4676 800 4744 philos0phim;
834 4677 953 4743 quia
983 4677 1118 4746 apud
1147 4675 1265 4736 illus
1292 4675 1344 4730 in
1372 4685 1480 4730 tres
1504 4685 1676 4743 partes
1702 4674 1781 4728 di-

235 4767 546 4837 viditur,giu
587 4765 840 4833 logicam,
882 4764 1174 4834 physicam,
1211 4764 1458 4832 ethicam,
1484 4765 1533 4817 id
1567 4775 1665 4829 est,
1697 4777 1811 4816 ra-“

240 4860 512 4921 tionalem,
545 4853 855 4917 naturalem,
885 4862 938 4906 et
967 4855 1239 4908 moralem.
1285 4855 1570 4910 Rationalis
1593 4853 1675 4906 illa
1700 4859 1782 4907 est

237 4963 364 5017 qua:
397 4950 557 5002 Deum
581 4947 786 5001 Patrem
830 4947 1062 4998 omnium
1111 4945 1410 5014 continetur,
1453 4957 1507 5002 ut
1549 4956 1630 5001 est
1657 4947 1781 5000 Abi-

243 5037 486 5101 rnelech;
516 5037 768 5091 naturalis
796 5035 882 5090 illa
904 5045 985 5091 est
1010 5049 1128 5104 qua
1154 5034 1254 5089 lixa
1287 5045 1390 5100 est,
1419 5047 1470 5092 et
1502 5045 1646 5091 tenet
1670 5035 1780 5090 uni-

243 5139 425 5190 versa,
456 5127 595 5179 velut
620 5135 819 5180 natura:
846 5127 1008 5194 ipsius
1036 5125 1209 5178 nitens
1233 5125 1448 5188 viribus,
1473 5139 1626 5192 quam
1653 5139 1779 5192 pro-

247 5215 449 5274 litetur,
479 5219 535 5264 ut
560 5205 640 5264 est
664 5212 951 5281 Ochozath,
981 5211 1070 5281 qui
1097 5210 1290 5264 dicitur
1318 5219 1522 5265 tenens.
1573 5210 1781 5264 Moralis

239 5309 333 5362 est
357 5317 470 5372 qua:
509 5303 560 5356 in
597 5316 690 5356 ore
729 5315 811 5356 est
846 5306 1103 5370 omnium,
1147 5311 1201 5355 ct
1239 5301 1302 5353 ad
1342 5315 1523 5354 omnes
1559 5303 1782 5369 pertittt'l.

243 5410 342 5456 per
386 5391 681 5446 convivium
757 5394 1097 5448 similitudine
1153 5402 1556 5460 praceptorum.
1626 5407 1778 5456 quam

239 5481 539 5551 designavit
585 5479 798 5542 Phicol,
850 5485 937 5546 qui
989 5492 1070 5536 est
1115 5497 1174 5534 os
1222 5479 1479 5534 omnium.
1534 5477 1612 5530 Illi
1655 5494 1780 5549 ergo

235 5587 429 5629 omnes
453 5564 674 5625 veniunt
697 5571 758 5622 ad
791 5567 961 5634 Isaac,
993 5573 1041 5626 id
1061 5583 1158 5636 est,
1191 5571 1255 5624 ad
1288 5559 1458 5637 legem
1480 5567 1589 5620 Dei.
1623 5569 1775 5637 Adju-

237 5671 362 5717 raut
390 5668 571 5715 mutuo
598 5668 713 5729 post
743 5652 1069 5726 convivium;
1120 5677 1237 5715 cum
1270 5661 1405 5714 enim
1438 5657 1616 5712 refecti
1662 5659 1776 5732 fue-

1881 4503 2076 4561 vatoris
2103 4509 2400 4568 adventum,
2431 4506 2484 4559 in
2523 4522 2626 4574 quo
2653 4506 2768 4558 illos
2805 4505 2884 4557 vcl
2917 4504 3139 4554 rnasime
3167 4501 3413 4555 liberaret

1880 4599 1965 4666 qui
2011 4596 2238 4663 peccatis
2267 4595 2582 4650 tenebantur
2608 4594 2838 4648 obnoxii.
2891 4591 3159 4660 Siquidem
3207 4589 3259 4643 in
3287 4591 3421 4644 uui-.

1883 4685 2050 4738 versis
2076 4684 2360 4752 Scripturis
2386 4683 2516 4736 haedi
2550 4698 2646 4747 pro
2675 4681 3034 4750 peccatoribus
3063 4679 3406 4744 accipiuntur.

1880 4773 2050 4839 Quare
2069 4783 2236 4824 autem
2252 4771 2384 4824 duos
2406 4770 2554 4838 jubet
2579 4771 2793 4826 aﬂcrri?
2818 4771 2946 4836 Quia
2966 4768 3186 4820 duorum
3214 4768 3413 4837 signiti-

1878 4871 2028 4914 eatur
2051 4861 2340 4926 assumptio
2370 4861 2698 4928 populorum,
2742 4874 2872 4927 quos
2901 4869 3108 4910 teneros
3137 4867 3189 4909 et
3219 4857 3405 4918 bonos,

1880 4950 2131 5004 docibiles
2178 4954 2232 5002 et
2276 4946 2620 5015 innocentes,
2685 4947 2888 5000 animas
2948 4946 3194 5000 ostendit.
3262 4944 3405 4998 Stola

1881 5037 2038 5100 Esau,
2089 5034 2216 5087 lides
2263 5045 2316 5087 et
2343 5035 2630 5104 Scriptum
2672 5034 3189 5094 llebracorum'sunt,
3219 5023 3409 5099 quibus

1881 5114 2208 5190 postmodum
2238 5121 2452 5178 indutus
2475 5135 2558 5178 est
2583 5125 2804 5194 populus
2832 5123 3085 5193 gentium.
3134 5119 3409 5187 Pcllesque

1882 5213 2021 5275 illius
2050 5211 2273 5264 brachiis
2318 5214 2653 5266 circumdatzc
2711 5223 2833 5266 sunt
2883 5217 3089 5280 peccata
3143 5208 3410 5276 utriusque

1881 5302 2060 5370 plebis,
2095 5313 2208 5365 qua:
2238 5299 2476 5366 Christus
2522 5301 2572 5353 in
2611 5299 2921 5352 extensione
2970 5310 3214 5350 manuum
3263 5294 3404 5349 cruci

1878 5404 2054 5444 secum
2103 5388 2297 5454 pariter
2337 5388 2522 5441 allixit.
2567 5387 2715 5450 Quod
2767 5387 2906 5440 Isaac
2949 5387 3133 5455 quatit
3159 5386 3224 5440 ab
3247 5386 3408 5440 Jacob

1877 5498 1972 5537 cur
2003 5491 2103 5532 tam
2123 5479 2240 5541 cito
2271 5481 2490 5542 veniret,
2516 5479 2748 5532 velocem
2795 5479 2846 5532 in
2877 5479 3160 5533 Ecclesiam
3191 5479 3409 5531 miratur

1877 5568 2194 5624 credentium
2224 5566 2411 5628 (idem;
2441 5567 2577 5634 quod
2608 5568 2711 5621 cibi
2735 5567 3069 5623 delcctabiles
3092 5565 3401 5627 offeruntur,

1880 5661 2040 5716 hostia
2085 5658 2191 5712 Deo
2229 5655 2477 5726 placens,
2528 5657 2669 5713 salus
2733 5669 2811 5714 est
2859 5667 3215 5726 peccatorum;
3267 5652 3401 5724 quod
