3872 6262
471 349 570 403 251

965 345 1162 400 ΒΕῡιΕ
1205 342 1646 401 ν..Νειιιιθιιιει
1684 339 1957 430 ορεῐιυιι
1998 342 2033 396 l’

2137 342 2172 400 Β
2209 344 2272 401 il.
2313 376 2380 389 —
2419 347 2806 430 EXCCETICA
2845 348 3166 408 CENUINA.

3584 353 3706 409 252

471 470 653 530 [natea
677 458 912 525 sequitur
938 457 1257 523 benedictio,
1283 466 1334 511 et
1360 457 1495 512 illius
1520 457 1684 512 odore
1707 429 2012 523 perfruitur,
2047 460 2092 512 Α
2121 454 2485 524 pinguedinem
2513 461 2849 530 pramiornm
2877 463 3173 516 ealestium
3204 472 3598 519 extraneorum
3639 467 3698 518 iu

473 561 715 604 virtutem
762 549 1164 602 resurrectionis
1213 557 1266 601 et
1313 562 1472 615 regna
1501 557 1680 616 aperta
1733 561 1862 600 voce
1902 562 2023 617 pro-

474 645 731 695 nuntiant.
778 639 978 695 Taliter
1007 654 1131 692 vero
1179 638 1509 692 benedicitur
1547 638 1718 691 :Ecce
1761 639 1886 690 odor
1928 637 2024 704 ﬁlii

477 731 592 796 mei,
634 729 760 782 sicut
800 731 922 782 odor
956 729 1067 798 agri
1108 729 1263 795 pleni.
1306 725 1506 783 Odores
1551 719 1782 780 nominis
1829 727 2027 783 Christi

479 821 611 872 sit-tit
659 835 784 888 ager
834 819 1084 872 mundum
1135 816 1374 884 implent,
1420 817 1570 885 cujus
1621 816 1916 870 benedictio
1957 816 2025 869 de

479 925 600 964 rore
653 910 796 974 cteli,
843 908 909 962 de
953 907 1230 960 verborum
1280 907 1448 972 pluvia
1497 907 1812 968 divinorum,
1861 915 1914 959 et
1959 905 2025 958 de

476 998 790 1066 pinguedine
822 1005 994 1057 terrae,
1022 995 1121 1050 huc
1148 1004 1229 1048 est
1253 996 1660 1066 congregatione
1692 996 2022 1062 populorum,

475 1086 811 1140 multitudine
853 1085 1252 1140 frumentorum.
1285 1087 1406 1139 [huc
1432 1086 1731 1150 multitudo,
1778 1086 2022 1156 quoniam

475 1176 672 1244 colligit
695 1176 761 1229 de
803 1186 1133 1230 sacramento
1172 1178 1411 1244 corporis
1439 1190 1488 1233 et
1519 1179 1788 1248 sanguinis
1817 1179 1918 1244 sui,
1950 1179 2025 1232 illi

478 1277 654 1322 autem
708 1271 940 1324 serviunt
1001 1286 1063 1324 ex
1110 1272 1365 1327 Gentibus
1427 1273 1491 1326 ad
1555 1274 1700 1328 illum
1759 1276 2020 1328 conversi.

480 1357 654 1426 Ipsum
697 1359 912 1412 adorant
961 1360 1126 1414 tribus
1157 1361 1329 1429 populi
1360 1377 1428 1415 ex
1471 1362 1871 1417 circumcisione
1910 1377 2027 1416 cre-

476 1446 686 1501 dentes.
761 1448 874 1515 irae
917 1459 998 1503 est
1029 1450 1279 1506 Dominus
1328 1451 1547 1507 fratrum
1596 1466 1854 1517 suorum,
1904 1453 2024 1518 quia

480 1535 616 1600 plebi
666 1535 966 1590 dominatur
1010 1537 1333 1592 Judazorum.
1385 1541 1558 1608 Ipsum
1607 1540 1903 1594 adorabunt
1931 1540 2023 1593 lilii

477 1627 661 1679 matris
688 1639 818 1693 sum,
865 1628 984 1696 quia
1014 1629 1124 1696 ipse
1152 1645 1212 1682 es
1245 1629 1328 1682 illa
1362 1631 1650 1684 secundum
1677 1645 1888 1684 carnem
1933 1644 2025 1682 na-

475 1723 561 1768 tus
585 1725 684 1768 est.
719 1714 894 1783 Ipsum
917 1720 1004 1784 qui
1029 1719 1362 1783 maledixerit,
1396 1721 1691 1774 maledictus
1714 1729 1786 1773 est
1806 1737 1824 1773 :
1865 1731 1909 1772 et
1940 1720 2026 1784 qui

477 1806 802 1870 bcnedixerit,
843 1808 1269 1864 benedictiOnibus
1313 1810 1602 1878 replebitur.
1645 1811 1773 1877 Quis
1824 1811 2024 1865 nesciat

474 1897 684 1952 .lndzeos
727 1898 938 1954 Christo
987 1900 1358 1954 maledicentes
1404 1915 1522 1956 esse
1581 1902 1922 1958 maledictos.
1971 1911 2026 1954 et

476 1988 722 2055 populum
753 1988 1170 2044 Christianorum
1199 1992 1409 2046 Christo
1455 1992 1852 2047 benedicentem
1903 2009 2025 2048 esse

477 2076 846 2130 benedictum!
871 2076 1006 2132 Ecce
1037 2079 1192 2133 alium
1224 2097 1316 2146 pro
1345 2083 1448 2134 alio
1477 2080 1814 2136 benedixisse
1859 2082 2022 2145 Isaac,

479 2165 692 2232 expavit
735 2174 786 2218 ιιι
830 2168 1096 2235 cognovit,
1150 2183 1248 2222 nec
1295 2178 1467 2222 tamen
1513 2169 1812 2239 indignatur
1860 2177 2026 2223 relato

475 2254 572 2306 sibi
601 2264 947 2318 sacramento,
983 2256 1074 2308 sed
1103 2257 1399 2323 coolirntat,
1423 2259 1636 2312 dicens:
1665 2259 1905 2313 Benedixi
1927 2260 2023 2321 il.'i,

477 2353 521 2395 et
544 2345 835 2398 benedictus
855 2345 968 2396 erit.
1012 2343 1138 2399 Haec
1165 2356 1246 2399 est
1293 2347 1590 2402 benedictio
1628 2361 1743 2414 mue
1790 2349 1909 2400 data
1949 2356 2029 2400 est

482 2431 669 2486 minori
693 2434 885 2502 populo
909 2433 1349 2490 Christianorum.
1382 2437 1485 2491 Sed
1521 2453 1620 2490 nec
1651 2446 1822 2490 tamen
1864 2440 2027 2505 majo-

479 2535 588 2574 rem
611 2522 771 2577 lilinm
800 2522 957 2577 fuisse
978 2524 1286 2592 despectum
1321 2528 1605 2590 putaudum
1632 2539 1729 2589 est,
1761 2528 1880 2596 quia
1911 2543 2028 2582 cum

479 2611 754 2665 intraverit
783 2613 1052 2679 plenitudo
1090 2615 1345 2685 gentium,
1391 2623 1514 2670 tunc
1538 2616 1708 2671 omnis
1740 2618 1896 2670 lsrael
1927 2618 2030 2669 sal-

485 2715 577 2754 vus
604 2705 724 2756 erit.
753 2703 916 2771 Cujus
940 2703 1320 2758 benedictionis
1355 2707 1628 2775 prophetia
1673 2707 1782 2760 haec
1813 2719 1930 2762 est:
1966 2706 2029 2760 In

479 2791 786 2860 pinguedine
822 2802 986 2858 terra,
1017 2803 1064 2848 et
1092 2795 1143 2847 in
1168 2811 1281 2848 rore
1330 2798 1460 2858 coeli,
1485 2798 1577 2850 erit
1605 2798 1880 2851 benedictio
1909 2807 2028 2851 tua:

484 2878 536 2930 in
569 2880 882 2947 pinguedine
910 2891 1065 2938 terra:
1095 2893 1150 2937 et
1185 2883 1532 2953 fecunditate,
1561 2887 1802 2942 videlicet
1829 2903 2027 2952 rerum,

479 2978 534 3022 et
563 2973 789 3035 potentia
820 2973 989 3040 regni,
1014 2991 1130 3043 qua
1170 2976 1220 3028 in
1253 2977 1341 3029 illo
1369 2979 1561 3046 pepulo
1591 2977 1720 3043 fu't;
1749 2989 1804 3034 et
1833 2982 1883 3032 in
1911 2995 2031 3034 rore

480 3059 622 3124 cwli,
665 3059 716 3113 id
757 3072 860 3125 est,
908 3061 960 3116 itt
982 3064 1204 3134 eloquiis
1230 3067 1438 3131 divinis,
1484 3067 1610 3136 ipsis
1648 3070 1788 3122 enim
1831 3072 2026 3124 credita
2057 3103 2104 3167 Ο

480 3160 604 3203 sunt
627 3151 834 3220 eloquia
867 3151 979 3206 Dei.

563 3241 704 3296 Vires
725 3243 918 3313 gladio.
965 3245 1095 3311 Quia
1128 3247 1368 3315 sanguini
1419 3249 1470 3302 in
1503 3248 1651 3302 initio
1682 3249 1905 3318 pupulus
1947 3251 2035 3304 illc

480 3329 710 3397 deditus,
759 3332 872 3387 bzec
919 3333 971 3388 in
1013 3335 1225 3391 Christo
1253 3337 1332 3390 vel
1380 3337 1432 3391 in
1463 3337 1731 3405 prOphetis
1778 3339 2031 3391 exercuit.

489 3418 658 3474 Fratri
698 3432 783 3476 tuo
811 3427 1016 3490 servies,
1048 3436 1102 3480 et
1148 3429 1369 3498 reliqua.
1416 3429 1688 3498 Siguilicat
1732 3429 1869 3498 quod
1918 3429 2038 3482 ldu-

485 3509 602 3560 ιιιτί
629 3513 870 3566 servituri
897 3526 1019 3568 sunt
1046 3516 1264 3584 Iudaeis,
1295 3531 1348 3574 et
1375 3529 1579 3589 tempus
1609 3536 1726 3576 esse
1757 3519 2034 3576 venturum

484 3597 696 3659 quando
725 3598 790 3651 de
816 3601 954 3653 collo
987 3603 1158 3669 iugum
1195 3605 1483 3672 ahjicerent
1524 3611 1812 3665 servitutis.
1863 3612 2034 3678 Spiri-

485 3680 696 3735 tualiter
722 3695 896 3739 autem
927 3685 1077 3742 fratri
1110 3702 1199 3743 tuo
1234 3692 1434 3746 servies
1461 3693 1674 3761 minori,
1704 3697 1905 3751 scilicet
1946 3713 2038 3764 po-

487 3771 607 3836 pqu
644 3773 964 3832 Christiano.
998 3773 1309 3850 Tempusque
1341 3784 1514 3849 veniet,
1543 3800 1659 3836 cum
1687 3788 1907 3838 excutias
1940 3787 2038 3853 ju-

484 3876 602 3928 gum
645 3862 804 3930 illius,
853 3881 905 3920 et
955 3869 1178 3937 reliqua.
1242 3870 1369 3924 Dum
1421 3888 1513 3941 per
1551 3875 1869 3942 agnitionem
1918 3874 2037 3928 lidei

485 3950 626 4006 illius
652 3953 715 4006 ad
739 3956 958 4023 gratiam
985 3957 1176 4012 Christi
1207 3975 1514 4028 c0uversus,
1543 3961 1880 4030 depositurus
1905 3976 2037 4016 onus

485 4046 636 4114 legis,
684 4050 892 4114 quando
933 4049 1042 4119 jam
1093 4069 1194 4107 non
1239 4069 1423 4108 servus
1467 4055 1641 4123 populi
1672 4053 1909 4116 minoris,
1945 4053 2038 4108 sed

486 4149 578 4198 per
605 4136 760 4190 fidem
795 4138 958 4194 frater
986 4141 1279 4197 vocaberis.
1332 4144 1490 4212 Igitur
1531 4145 1665 4198 Esau
1717 4153 1832 4211 post
1882 4142 2042 4198 bene-

484 4227 765 4282 dictionem
809 4233 991 4296 patris,
1039 4231 1250 4285 invidia:
1288 4233 1514 4286 stimulis
1537 4233 1853 4297 concitatus,
1895 4235 2040 4285 frau-

490 4315 733 4371 dulenter
761 4319 1045 4386 excogitat.
1066 4317 1174 4372 iloe
1198 4321 1446 4374 nimirum
1473 4331 1526 4376 et
1545 4312 1795 4374 ludaicns
1818 4319 2041 4387 populus

2125 545 2350 601 futurum
2385 549 2677 619 significat;
2707 561 2763 604 ut
2789 551 2996 617 dicitur,
3023 551 3185 606 Credo
3211 555 3386 608 uidere
3411 555 3546 609 bona
3569 555 3699 609 Do-

2122 636 2247 688 mini
2292 637 2342 688 in
2373 645 2504 690 terra
2541 639 2832 694 viventium.
2889 640 3224 696 Abundantia
3269 642 3548 707 frumenti,
3581 646 3701 698 vini

2122 735 2174 778 et
2205 724 2331 789 olei,
2368 725 2708 782 historialiter
2754 729 2970 798 respicit
2995 730 3061 783 ad
3105 731 3202 783 tria
3252 731 3367 785 loca
3399 733 3452 785 in
3493 732 3702 800 quibus

2124 813 2489 868 habitaverunt
2532 816 2622 869 lilii
2666 816 2841 870 Israel.
2914 818 3243 871 Abundantia
3285 818 3538 872 frumenti
3564 858 3582 880 ,
3641 820 3699 870 in

2126 914 2260 958 terra
2291 904 2553 969 Chanaan,
2595 906 2677 960 ubi
2720 908 2926 977 accepit
2955 909 3120 962 Jacob
3153 911 3586 964 benedictionem
3623 913 3700 963 ab

2128 992 2304 1058 Isaac;
2341 996 2446 1050 vini
2474 997 2525 1050 in
2549 996 2802 1067 Aigyptu,
2829 1000 2931 1053 olei
2987 1000 3036 1052 in
3062 1009 3199 1054 terra
3232 1002 3698 1068 repromissionis.

2126 1081 2248 1137 Sive
2278 1084 2390 1138 hate
2427 1087 2524 1138 tria
2565 1087 2812 1142 dicuntur
2838 1103 2930 1156 per
2969 1089 3340 1143 abundantiam
3393 1098 3555 1144 terra
3606 1106 3704 1143 reo

2127 1172 2513 1238 promissionis.
2545 1174 2716 1229 Aliter
2760 1176 3078 1230 abundantia
3125 1176 3370 1232 frumenti
3417 1180 3705 1249 signiﬁcat

2126 1260 2496 1314 abundantiam
2527 1263 2772 1317 frumenti
2805 1266 3001 1334 Joseph
3031 1267 3082 1320 in
3108 1266 3376 1336 Egypto;
3407 1269 3702 1323 abundan—

2128 1354 2197 1406 tia
2231 1352 2359 1417 vini,
2384 1355 2757 1408 abundantiam
2788 1371 2992 1409 manna:
3021 1359 3071 1410 in
3103 1373 3318 1422 eremo;
3358 1359 3698 1413 abundantia

2126 1445 2251 1506 olei,
2282 1444 2654 1499 abundantiam
2687 1457 2841 1501 terra:
2886 1449 3329 1516 repromissionis.
3387 1450 3493 1504 Per
3520 1453 3701 1504 abon-

2126 1533 2356 1588 dantiam
2401 1533 2670 1597 frumenti,
2720 1537 2823 1589 viui
2868 1547 2922 1590 et
2965 1537 3107 1604 olei,
3156 1549 3370 1607 optatur
3415 1550 3472 1592 ut
3499 1539 3702 1594 offerat

2129 1621 2363 1677 Ecclesia
2389 1623 2601 1678 Christo
2631 1626 3008 1680 abundantiam
3052 1628 3403 1695 perfectorum
3433 1643 3693 1696 operum.

2127 1722 2178 1766 et
2222 1713 2463 1768 mandata
2506 1716 2631 1768 dura
2672 1732 2732 1769 ac
2765 1717 2916 1778 levia,
2948 1719 3157 1786 quando
3203 1720 3542 1772 abundanter
3573 1723 3694 1770 hac

2128 1804 2364 1858 Christus
2391 1806 2532 1859 omni
2573 1817 2756 1861 sancto
2781 1804 2948 1877 optat.
2981 1809 3082 1862 Per
3108 1807 3455 1870 frumentum,
3502 1807 3694 1859 viuum

2127 1905 2179 1948 et
2221 1897 2416 1961 oleum,
2459 1897 2728 1964 cogitatio,
2759 1899 2974 1952 verbum
3022 1908 3076 1952 et
3114 1912 3247 1968 opus
3296 1899 3690 1966 significantur.

2128 1983 2472 2038 Frumentum
2504 1985 2646 2039 enim
2689 1986 2914 2051 crescit;
2965 1986 3140 2041 oleum
3171 1987 3385 2054 quando
3429 1988 3696 2053 liquorem

2130 2072 2347 2140 profert,
2378 2091 2480 2128 non
2510 2075 2702 2130 crescit
2736 2093 2748 2128 :
2793 2077 2871 2130 sic
2899 2087 2955 2131 et
2987 2076 3236 2146 cogitatio
3265 2079 3462 2129 crescit
3494 2078 3548 2128 in
3577 2091 3697 2128 ver-

2127 2163 2272 2226 bum,
2305 2171 2360 2217 et
2389 2167 2604 2218 verbum
2634 2165 2830 2220 crescit
2877 2166 2930 2219 in
2977 2179 3129 2232 Opus,
3163 2177 3296 2231 opus
3335 2172 3516 2216 autem
3564 2174 3692 2216 stat.

2126 2253 2212 2306 Sic
2241 2257 2416 2307 omnia
2447 2271 2566 2323 qua:
2615 2266 2906 2325 sequuntur
2925 2255 3089 2310 Jacob
3119 2256 3466 2310 historia-liter
3497 2270 3684 2309 eonve~

2129 2341 2296 2405 niunt,
2330 2351 2383 2396 et
2411 2344 2619 2398 Christo
2662 2359 2692 2397 ιι
2725 2346 2830 2399 Deo
2863 2346 3034 2408 Patre,
3066 2355 3122 2398 ιιι
3162 2344 3358 2413 populo
3389 2343 3699 2397 Christiano

2128 2443 2156 2480 a
2180 2429 2409 2491 Christo,
2442 2439 2496 2484 et
2525 2431 2806 2501 unicuique
2836 2443 3040 2492 sancto.
3072 2432 3204 2487 sicut
3232 2433 3483 2502 superius
3513 2432 3696 2498 expla-

2131 2525 2307 2570 natum
2335 2529 2438 2572 est.

2664 2609 2886 2665 CAPUT
2925 2609 3151 2664 XXVIII.

2197 2695 2355 2750 Iacob
2399 2712 2574 2752 autem
2617 2700 2818 2770 fugiens
2859 2703 3009 2756 dolo:-
3055 2702 3253 2766 fratris,
3296 2703 3487 2757 relicta
3535 2702 3694 2754 domo

2133 2791 2314 2857 patria,
2350 2792 2492 2843 vadit
2522 2792 2573 2844 in
2603 2792 2872 2860 regionem
2918 2795 3280 2864 longinquam,
3314 2803 3373 2848 ut
3418 2795 3689 2860 acciperet

2130 2881 2226 2934 sibi
2270 2896 2524 2946 uxorem;
2557 2890 2610 2936 et
2639 2881 2879 2940 Christus
2904 2885 3032 2938 abiit
3056 2884 3374 2954 ingentibus
3405 2898 3436 2936 a
3469 2884 3688 2951 popula.

2129 2972 2183 3023 ei
2231 2971 2393 3034 lullria
2446 2971 2624 3030 dumo.
2677 2971 2726 3024 id
2751 2985 2854 3038 est,
2898 2973 3210 3038 Jerusalem,
3253 2974 3528 3041 accipiens
3575 2973 3694 3022 inde

2131 3059 2228 3110 sibi
2263 3049 2597 3125 Ecclesiam,
2640 3064 2774 3114 sicut
2823 3063 3072 3131 scripuun
3103 3074 3226 3117 est:
3265 3062 3452 3116 Vocari
3495 3063 3693 3125 plebem

2136 3163 2314 3211 nteant,
2347 3163 2446 3201 non
2475 3150 2664 3214 plebi-nt
2697 3166 2880 3203 meam.
3073 3206 3081 3214 ,

2202 3233 2447 3305 Pergente
2474 3248 2637 3290 autem
2657 3237 2817 3292 Jacob
2845 3241 2898 3293 in
2920 3239 3352 3308 Mesopotamiam,
3387 3245 3584 3296 inuenit
3613 3246 3697 3294 le-

2133 3339 2245 3375 cnm
2270 3325 2357 3392 qui
2395 3334 2599 3378 vocatur
2620 3325 2793 3378 Bethel
2844 3338 2891 3381 et
2920 3329 3089 3397 posuit
3117 3332 3210 3381 sub
3253 3331 3419 3398 capite
3443 3333 3589 3383 illius
3619 3331 3694 3383 la-

2135 3417 2301 3485 pidem
2343 3433 2605 3484 magnum.
2652 3415 2717 3470 Et
2747 3418 2996 3471 dormiens
3036 3420 3156 3471 vidit
3187 3420 3379 3472 scalam
3423 3421 3696 3472 subnixum

2134 3511 2421 3562 inuitentem
2450 3509 2599 3573 creto,
2631 3519 2676 3560 et
2705 3511 2910 3580 angelos
2937 3510 3028 3563 Dei
3053 3513 3377 3564 ascendentes
3403 3521 3448 3564 et
3476 3512 3691 3564 descen-

2134 3601 2324 3654 dentes.
2374 3599 2554 3654 Betltel
2604 3602 2978 3669 interpretatur
3024 3603 3214 3656 domus
3258 3604 3388 3668 Dei,
3439 3619 3562 3672 qua
3611 3618 3692 3655 est

2135 3690 2377 3751 ecclesia,
2425 3689 2509 3743 ubi
2555 3689 2719 3743 Jacob
2763 3690 3029 3755 dormivit,
3077 3691 3176 3746 hoc
3211 3702 3328 3756 est,
3361 3693 3450 3747 ubi
3487 3691 3691 3745 Christi

2139 3779 2444 3845 pr:cdicatur
2471 3779 2668 3848 passio.
2699 3780 2925 3834 Somnus
2950 3781 3091 3834 enim
3113 3780 3276 3834 Jacob
3300 3782 3471 3848 passio
3490 3781 3694 3836 Christi

2138 3879 2236 3921 est.
2272 3869 2428 3934 Lapis
2473 3877 2648 3927 autem
2690 3870 2780 3923 ille
2821 3871 2887 3923 ad
2935 3880 3092 3936 caput
3137 3871 3300 3935 illius,
3351 3871 3697 3927 nihilominus

2138 3957 2412 4022 Christus;
2448 3958 2535 4025 qui
2579 3959 2710 4023 lapis
2737 3959 2853 4012 sine
2882 3961 3123 4013 manibus
3160 3963 3368 4016 excisus
3395 3963 3461 4018 de.
3486 3975 3694 4027 monte.

2140 4050 2304 4104 crevit
2355 4048 2406 4101 in
2439 4057 2671 4101 montem
2700 4063 2968 4116 magnum,
2999 4057 3054 4101 et
3083 4049 3320 4117 implevit
3343 4065 3557 4106 omnem
3591 4063 3696 4107 ter-

2142 4155 2273 4194 ram.
2301 4136 2449 4203 Quod
2475 4148 2649 4190 autem
2678 4149 2865 4190 unctus
2900 4148 3002 4200 est,
3039 4140 3158 4206 quis
3189 4141 3388 4192 nesciat
3418 4140 3695 4194 Christum

2140 4227 2206 4281 ab
2228 4226 2472 4279 unctione
2494 4224 2813 4290 nuncupari?
2839 4226 2921 4277 cui
2945 4223 3154 4289 dicitur,
3181 4227 3326 4278 unxit
3352 4237 3399 4278 te
3422 4226 3558 4279 Deus
3586 4239 3700 4280 tuus

2141 4317 2250 4368 oleo
2287 4315 2494 4369 laetitia.
2529 4313 2594 4366 Et
2629 4328 2719 4378 per
2741 4315 2935 4368 scalam
2966 4315 3308 4370 nihilominus
3335 4317 3583 4371 Christus
3616 4320 3698 4370 ia-

497 4403 547 4455 in
576 4404 789 4459 Christo
819 4407 1235 4475 pravmeditatus,
1268 4423 1370 4461 non
1416 4391 1584 4461 solum
1610 4409 1884 4460 Dominum
1914 4421 2034 4460 cru-
2072 4428 2119 4486 ι)
2145 4405 2409 4471 telligitur.
2435 4405 2521 4470 qui
2559 4402 2685 4455 dicit
2711 4418 2726 4456 :
2753 4401 2860 4473 Ege
2890 4421 3002 4457 sum
3031 4406 3114 4458 uia
3133 4446 3149 4472 ,
3178 4416 3224 4459 et
3253 4421 3402 4458 nemo
3425 4416 3591 4476 potest
3621 4424 3700 4458 ee-

485 4493 563 4546 cis
593 4495 823 4562 patibulo
853 4496 1087 4563 tradidit,
1111 4513 1290 4552 verum
1317 4497 1476 4552 etiam
1504 4496 1782 4552 credentes
1811 4496 1862 4549 in
1894 4497 2039 4550 illum

490 4597 656 4651 usque
681 4588 746 4641 ad
776 4588 1089 4652 eﬂusionem
1133 4590 1403 4658 sanguinis
1449 4596 1777 4656 persecutus.
1804 4586 1906 4640 Alii
1945 4601 2041 4642 au-

491 4680 600 4726 tem
640 4675 842 4742 dicunt,
869 4678 999 4732 Ecce
1039 4681 1164 4733 odor
1187 4681 1281 4748 ﬁlii
1310 4681 1429 4743 mei,
1461 4680 1707 4750 cOnjuugi
1738 4677 1932 4732 debere
1977 4679 2042 4730 ad

490 4763 662 4839 locum
691 4764 779 4818 ubi
809 4766 958 4833 dicit,
989 4768 1160 4824 Sensit
1188 4771 1596 4822 uestimentorum
1641 4767 1780 4818 illius
1806 4769 2045 4834 fragran-

491 4853 636 4917 tiam,
666 4862 720 4907 et
765 4856 986 4924 reliqua.
1034 4858 1156 4913 llarc
1183 4868 1357 4912 autem
1397 4859 1658 4913 sententia
1701 4865 1808 4911 tam
1839 4855 2047 4910 Christo

494 4957 659 5010 usque
705 4943 840 4997 adeo
887 4947 1094 5012 proprie
1141 4948 1409 5006 convenit.
1457 4964 1611 5014 quam
1657 4946 1850 5016 populo
1894 4945 2048 5000 Chri-

493 5033 691 5086 stiano.
731 5032 874 5086 Odor
902 5043 1076 5087 autem
1103 5034 1320 5098 Christi,
1347 5035 1582 5089 doctrina
1607 5036 1834 5104 Spiritus
1879 5034 2047 5088 sancti

494 5139 587 5191 per
620 5125 984 5195 Evangelium,
1014 5125 1126 5178 sive
1167 5124 1220 5177 in
1247 5125 1518 5194 apostolis,
1546 5135 1602 5179 ut
1622 5130 1745 5180 odor
1771 5125 1926 5178 bonus
1951 5124 2048 5178 Dei

491 5231 681 5278 sumus,
705 5225 760 5270 et
787 5214 1070 5286 unicuique
1095 5215 1298 5269 doctori
1329 5216 1379 5268 in
1410 5231 1504 5268 sua
1525 5216 1763 5271 doctrina
1785 5225 1838 5270 et
1863 5230 2043 5269 exem-

496 5306 600 5369 plo.
629 5306 751 5359 Haec
779 5308 954 5359 omnia
984 5322 1104 5375 qua:
1133 5314 1446 5372 sequuntur,
1481 5315 1584 5359 tam
1613 5306 1776 5360 Jacob
1805 5304 2049 5360 historia-

497 5394 614 5446 liter
641 5398 974 5459 conveniunt,
1022 5413 1176 5464 quam
1222 5399 1412 5465 populo
1462 5398 1786 5463 christiano;
1836 5397 2049 5466 quando

495 5493 669 5537 autent
698 5501 762 5539 ex
795 5502 1016 5552 persona
1046 5489 1259 5552 Christi,
1291 5492 1355 5543 ad
1388 5493 1634 5559 populum
1666 5490 2044 5546 Christianum.

496 5573 572 5633 De
593 5576 891 5643 pinguedine
921 5586 1088 5642 terra,
1115 5579 1167 5631 id
1197 5589 1299 5640 est,
1329 5583 1549 5648 populus
1576 5582 1650 5634 Ch
1687 5585 1792 5636 isti.
1825 5581 2047 5649 Quando

497 5677 622 5717 vero
667 5672 850 5717 sancto
897 5679 924 5717 a
951 5664 1159 5720 Cluisto
1207 5667 1395 5722 dicitur
1423 5671 1484 5722 de
1529 5671 1827 5740 pinguedine
1877 5682 2045 5734 ιιι-ια’,

2144 4492 2251 4544 nire
2276 4493 2341 4544 ad
2374 4490 2595 4554 Patrem,
2627 4493 2724 4544 nisi
2751 4509 2838 4558 per
2865 4509 2960 4549 me.
3015 4495 3224 4550 Erectio
3264 4506 3440 4552 autem
3487 4499 3698 4564 lapidis.

2145 4581 2459 4635 resurrectio
2485 4579 2703 4634 Christi.
2736 4582 2847 4635 Non
2877 4584 3162 4652 incongrue
3189 4595 3366 4642 autem
3391 4587 3543 4656 juxta
3575 4590 3702 4642 alie-

2145 4675 2376 4741 goricam
2409 4675 2915 4742 interpretationem,
2955 4689 3011 4731 ut
3041 4678 3199 4733 laeob
3231 4689 3286 4734 et
3314 4681 3447 4748 lapis
3473 4691 3528 4734 et
3559 4691 3701 4733 scala

2148 4776 2242 4828 pro
2284 4759 2509 4815 diversis
2563 4763 2738 4816 causis
2781 4763 3022 4820 Christus
3069 4765 3412 4834 intelligatur,
3462 4765 3604 4818 sicut
3652 4765 3702 4817 iu

2147 4852 2322 4905 multis
2365 4851 2495 4906 locis
2541 4851 2855 4908 invenimus.
2902 4855 3084 4924 Angeli
3130 4866 3309 4910 autem
3350 4857 3704 4912 ascendentes

2147 4951 2201 4996 et
2223 4943 2602 5000 descendentes
2631 4945 3001 5012 przediCatores
3028 4947 3194 5000 sancti
3225 4956 3367 5000 sunt.
3394 4948 3704 5004 Ascendnnt

2148 5037 2348 5104 utique,
2373 5049 2490 5089 cum
2530 5035 2595 5089 ad
2643 5035 3032 5103 intelligendam
3059 5033 3200 5088 illius
3229 5035 3705 5092 eminentissimam

2148 5125 2473 5181 divinitatem
2501 5129 2760 5182 excedunt
2784 5129 3080 5181 universam
3109 5137 3433 5194 creaturam,
3464 5141 3522 5183 ut
3552 5131 3704 5182 illum

2150 5215 2434 5282 inveniant,
2467 5229 2543 5284 ut,
2576 5218 2639 5272 In
2669 5219 2920 5290 principio
2967 5228 3075 5271 erat
3106 5217 3348 5284 Verbum,
3395 5230 3444 5275 et
3483 5220 3703 5273 ναι...

2149 5317 2253 5358 erat
2296 5309 2430 5372 apud
2457 5307 2640 5374 Deum,
2683 5319 2732 5362 et
2757 5309 2890 5362 Deus
2927 5319 3030 5361 erat
3066 5307 3302 5376 Verbum,
3352 5322 3398 5363 et
3427 5327 3513 5376 per
3533 5312 3704 5375 ipsum

2150 5397 2317 5446 omnia
2338 5396 2471 5464 facta
2497 5410 2631 5463 sunt,
2655 5411 2701 5450 et
2730 5399 2836 5450 sine
2863 5398 2973 5464 ipso
3000 5397 3188 5464 factum
3208 5411 3278 5451 est
3302 5400 3452 5451 nihil.
3482 5398 3711 5450 Descen-

2149 5483 2278 5538 dunt
2312 5499 2506 5552 autem,
2537 5497 2597 5541 ut
2624 5489 2769 5542 illum
2814 5487 3102 5550 inveniant,
3133 5498 3218 5550 ut,
3258 5486 3481 5540 Factum
3509 5499 3574 5536 es
3598 5499 3710 5534 ειιο

2149 5562 2290 5638 (iere,
2313 5579 2494 5643 (actum
2516 5577 2753 5646 sublege.
2788 5576 2877 5630 illa
2906 5577 3048 5630 scala
3077 5591 3106 5629 a
3135 5585 3277 5632 terra
3305 5589 3479 5643 usque
3501 5570 3571 5624 ad
3597 5584 3710 5626 ω·

2150 5666 2275 5732 lum,
2309 5666 2359 5722 id
2387 5676 2485 5736 est,
2507 5685 2535 5722 a
2567 5683 2725 5726 carne
2755 5682 2920 5738 usque
2970 5665 3034 5722 ad
3062 5666 3354 5732 Christum,
3385 5661 3514 5731 quia
3544 5659 3598 5715 in
3627 5661 3713 5714 ius

3757 622 3784 640 '
