3872 6262
175 358 291 416 258

967 359 1029 414 ΙΝ
1072 355 1621 415 PENTATEUCIIUM
1661 355 2140 418 COMIENTARII.
2181 391 2250 404 —
2288 359 2590 420 GENESIS.

3285 372 3388 426 254

177 473 428 530 carnales
495 473 857 544 proﬁcientia,
922 482 980 525 ut
1041 470 1377 524 ascendendo
1437 467 1740 538 spirituales
1770 467 1819 526 Α
1846 483 1969 521 vero
2017 469 2128 523 haec
2171 469 2429 537 signiﬁcat
2476 470 2540 522 ad
2569 468 2752 538 lacob,
2792 474 2930 540 quod
2996 476 3278 546 aliquando
3318 487 3384 536 ad

183 565 369 620 lluntl
391 563 457 618 ad
486 578 618 630 quos
649 563 783 617 lacte
822 560 1132 615 nutrien'dos
1180 558 1480 627 spirituales
1517 556 1740 610 descen-

180 656 344 720 dunt,
371 670 491 709 cum
534 657 638 710 illis
686 654 822 723 loqui
856 669 957 707 non
990 663 1231 719 possunt,
1258 651 1408 718 quasi
1457 647 1744 717 spirituali-

183 743 312 806 bus,
341 742 433 797 sed
463 744 612 812 quasi
639 741 935 796 carnalibus
962 757 973 792 :
999 741 1110 808 ipse
1137 748 1218 793 est
1246 753 1454 791 sursum
1487 738 1537 790 in
1569 735 1742 803 capite

183 849 312 899 suo,
342 833 456 904 ipse
479 837 722 889 deorsum
755 834 806 887 in
832 848 1052 900 corpore
1080 847 1194 898 suo,
1222 833 1358 902 quod
1381 843 1458 885 est
1487 829 1740 884 Ecclesia.

188 923 371 991 lpsum
417 940 542 993 ergo
584 924 779 976 scalam
827 924 1205 992 intelligimus,
1262 922 1383 992 quia
1432 936 1526 991 per
1572 921 1740 989 ipsum

181 1015 510 1077 ascenditur,
556 1021 612 1066 ut
657 1013 864 1068 excelsa
915 1013 1198 1081 intelligat;
1243 1021 1297 1066 et
1335 1014 1398 1066 ad
1445 1013 1612 1079 ipsum
1649 1009 1742 1064 deo

183 1103 478 1165 scenditur,
510 1110 566 1155 ut
605 1102 655 1154 in
695 1103 945 1156 membris
987 1102 1123 1156 illius
1155 1103 1400 1171 parvulus
1440 1100 1734 1162 nutriatur;

179 1203 243 1248 et
279 1206 372 1258 per
427 1193 598 1260 ipsum
651 1192 820 1247 solum
874 1205 932 1245 se
982 1191 1209 1259 erigunt,
1269 1200 1323 1244 ut
1379 1191 1521 1243 illum
1574 1187 1739 1241 subli-

181 1283 343 1335 miter
376 1290 724 1350 exspectent,
778 1295 868 1349 per
917 1280 1086 1348 ipsum
1137 1294 1196 1333 se
1235 1279 1390 1332 etiam
1442 1276 1738 1338 hmnilient,

183 1384 256 1424 ne
282 1369 424 1424 illum
457 1369 725 1424 humiliter
769 1383 830 1424 ac
859 1367 1217 1436 temporaliter
1245 1366 1538 1420 enuntient.
1588 1361 1736 1428 Quod

179 1467 364 1513 autem
393 1457 554 1513 Jacob
603 1457 652 1510 iu
685 1467 824 1513 terra
863 1459 1110 1513 Chanaan
1141 1471 1242 1510 neu
1271 1456 1400 1508 vidit
1445 1453 1596 1507 istam
1629 1452 1737 1516 spi-

180 1546 429 1602 ritualem
461 1548 753 1612 visiOnem,
783 1547 1041 1616 signiﬁcat
1069 1559 1494 1614 unumquemque
1525 1558 1628 1595 non
1659 1543 1737 1596 vi-

178 1636 316 1692 dere
345 1638 572 1693 visiones
600 1638 928 1707 spirituales,
972 1636 1068 1689 nisi
1095 1636 1305 1689 deserat
1333 1646 1542 1702 peccata
1572 1644 1622 1687 et
1653 1634 1735 1686 vi-

185 1725 294 1789 tia,
342 1740 406 1780 ac
447 1734 720 1794 postquam
769 1723 1101 1785 deseruerit,
1151 1723 1264 1776 sine
1307 1721 1466 1775 dubio
1519 1720 1731 1774 videbit.

1845 550 2038 612 terrain
2055 574 2202 612 suam
2227 563 2414 614 iterum
2443 561 2772 628 ascenderet,
2788 565 3027 631 quamvis
3050 583 3188 622 nunc
3212 571 3386 624 intris

1845 648 1978 701 Esau
2013 646 2424 716 indignatiooem
2449 660 2660 718 propter
2681 651 3094 706 benedictionem
3122 656 3245 709 dolo
3271 673 3386 711 ma-

1843 739 1935 792 tris
1956 739 2254 810 subreptam
2273 741 2496 810 lugiens,
2517 742 2566 794 in
2583 741 3002 811 Mesopotamiam
3015 745 3380 802 descenderet.

1845 829 2128 884 Descendit
2169 838 2344 884 autem
2372 830 2534 884 lacob
2581 831 2632 885 in
2660 832 3107 902 MeSOpotamiam,
3136 838 3253 903 quia
3282 838 3383 890 situ

1841 917 1942 971 loci
1974 917 2189 972 inferior
2217 929 2479 989 estquam
2514 932 2648 974 terra
2682 925 3060 991 promissionis.
3111 927 3258 990 Quod
3289 943 3381 980 au-

1847 1015 1951 1062 tem
1984 1008 2124 1070 Deus,
2149 1008 2351 1062 locutus
2379 1010 2544 1063 sitde
2573 1012 2734 1072 scala,
2765 1013 3022 1079 signiﬁcat
3069 1014 3381 1069 locutinttcttt

1842 1097 1936 1151 Dei
1961 1097 2028 1152 de
2056 1100 2163 1152 suis
2191 1099 2448 1166 mandatis
2478 1102 2541 1152 ad
2571 1101 2806 1154 homines

1908 1188 2115 1241 Terram
2144 1189 2197 1242 in
2217 1182 2316 1257 qua
2346 1191 2554 1253 dormis,
2590 1192 2676 1242 tibi
2708 1192 2836 1242 dabo
2865 1201 2909 1243 et
2944 1193 3116 1244 semini
3145 1203 3249 1247 tuo.
3279 1195 3387 1248 lloc

1842 1277 2184 1333 historialiter
2209 1279 2472 1346 impletur,
2504 1289 2558 1332 et
2587 1281 2932 1343 spiritualiter
2961 1291 3099 1335 terra
3132 1283 3384 1337 Ecclesia

1839 1367 2050 1420 Christo
2093 1368 2213 1421 data
2260 1379 2360 1429 est,
2406 1379 2461 1421 et
2505 1371 2692 1422 semini
2742 1370 2908 1433 illius,
2968 1371 3017 1423 id
3070 1381 3170 1436 est,
3198 1374 3386 1440 p0pulo

1838 1456 2153 1512 Christiano.
2203 1459 2459 1513 Occidens
2508 1469 2682 1513 autem
2733 1461 2784 1513 in
2839 1462 2938 1515 hoc
2986 1463 3102 1515 loco
3141 1477 3383 1517 occasum

1841 1547 2098 1602 bonitatis
2147 1550 2343 1603 mundo
2389 1549 2666 1618 signilirat,
2698 1553 2872 1604 oriens
2917 1552 3201 1606 bonitatem
3254 1553 3388 1606 lutu-

1840 1652 1973 1701 ram,
2001 1641 2288 1706 septentrio
2329 1638 2740 1693 confractionem
2789 1640 3090 1705 voluntatis,
3141 1641 3388 1694 meridies

1839 1728 2068 1783 calorem
2117 1730 2258 1783 ﬁdei.
2308 1731 2438 1796 Qua:
2482 1740 2601 1785 sunt
2650 1741 2826 1786 autem
2876 1745 3040 1800 porta:
3084 1734 3236 1795 caeli,
3288 1733 3386 1786 nisi

179 1788 736 1885 Quodque'post'snlis
765 1830 1010 1870 occasum
1043 1814 1174 1869 vidit
1199 1812 1362 1868 .lacoh
1393 1814 1543 1866 istam
1576 1813 1734 1866 visio-
1764 1788 1816 1851 Β
1843 1819 2083 1872 mandata
2103 1858 2118 1882 ,
2157 1820 2268 1875 sive
2310 1788 2532 1889 ;posto|i
2552 1861 2566 1886 ,
2617 1824 2703 1891 qui
2747 1788 2911 1890 porta:
2937 1823 3183 1876 dicuntur
3202 1788 3234 1874 ί
3265 1824 3384 1891 quia

181 1920 329 1970 nem,
371 1905 633 1974 signiﬁcat
676 1905 797 1975 quia
839 1915 956 1974 post
1002 1920 1244 1959 occasum
1297 1905 1542 1958 bonitatis
1587 1918 1737 1957 mun-

179 1995 336 2049 dialis
364 1995 502 2050 videt
528 1996 750 2066 quisque
795 2006 1009 2050 sanctus
1050 1993 1338 2063 spiritualia
1389 1995 1439 2045 in
1476 1993 1730 2047 Ecclesia.

178 2090 345 2145 .lacob
391 2100 564 2144 auten
609 2089 698 2158 qui
745 2087 863 2142 tulit
893 2087 1140 2156 lapidem,
1179 2085 1439 2154 signiﬁcat
1484 2084 1733 2153 p0pnlum

178 2180 563 2234 Christianum.
598 2175 821 2246 Lapides
862 2187 1036 2231 autem
1066 2176 1134 2229 de
1162 2174 1350 2244 quibus
1381 2183 1619 2244 portatur
1659 2175 1734 2228 la-

184 2269 291 2338 pis,
321 2270 370 2323 id
394 2279 492 2333 est,
527 2269 768 2323 Christus
788 2309 804 2333 ,
835 2267 1092 2338 signiﬁcat
1115 2265 1346 2327 Judmos,
1373 2266 1459 2334 qui
1491 2266 1736 2320 dicuntur

183 2359 398 2428 lapidei,
419 2371 628 2428 propter
643 2359 881 2412 duritiam
900 2356 1076 2412 cordis
1089 2370 1290 2410 eorum.
1307 2353 1545 2409 Christus
1560 2367 1732 2410 autem

181 2449 382 2506 dicitur
413 2450 544 2518 lapis
575 2458 788 2518 propter
815 2446 1109 2502 ﬁrmitatem
1141 2457 1192 2500 et
1222 2446 1584 2508 stabilitatem,
1614 2447 1736 2514 quia

184 2558 253 2596 ex
281 2540 732 2608 Judaiscarnem
773 2538 1075 2604 assumpsit.
1118 2537 1216 2604 Qui
1252 2536 1408 2590 etiam
1441 2538 1537 2590 sub
1563 2537 1735 2604 capite

183 2630 414 2698 ponitur,
446 2630 546 2690 hoc
583 2638 682 2694 est,
716 2627 816 2682 sub
857 2626 1151 2696 principatu
1200 2626 1375 2692 populi
1421 2626 1724 2679 Christiani.

182 2721 442 2776 Dormitio
485 2718 852 2774 autem-Jacob
901 2701 1140 2786 ejusdem
1169 2717 1344 2785 populi
1376 2716 1735 2769 mortiﬁcatio-

182 2826 307 2866 nem
357 2808 614 2877 signittrat
659 2823 756 2877 pro
799 2808 1034 2869 Christo,
1095 2805 1234 2859 vitiis
1277 2816 1329 2858 et
1379 2804 1731 2872 passionibus.

182 2900 334 2971 Quod
363 2909 540 2954 autem
569 2899 730 2954 Iacob
757 2914 859 2952 non
889 2899 1166 2952 dormierit
1194 2910 1360 2966 usque
1386 2896 1507 2950 dum
1535 2897 1734 2950 veniret

181 2993 248 3046 ad
275 2990 519 3061 lapidein,
551 2989 810 3059 signiﬁcat
840 2988 1084 3058 populum
1102 2987 1461 3041 Christianum
1495 2985 1736 3054 supradi-

184 3092 330 3136 ctam
361 3070 815 3135 mortiﬁcationem
864 3093 972 3132 non
1004 3077 1199 3131 habere
1229 3089 1394 3144 usque
1441 3075 1505 3128 ad
1537 3075 1732 3128 adven-

185 3185 298 3228 tum
326 3171 543 3238 Christi,
567 3181 778 3242 propter
803 3169 954 3240 cnjus
981 3170 1262 3224 adventum
1293 3178 1346 3222 et
1377 3166 1734 3222 mortiﬁcatio-

185 3279 308 3321 nem
344 3265 586 3319 vitiorum
615 3262 757 3316 videt
789 3259 1146 3329 unusquisque
1189 3266 1402 3313 sanctus
1457 3257 1737 3326 spiritalia,

184 3356 325 3410 sicut
353 3354 609 3409 visionem
635 3351 801 3407 .lacob
843 3359 960 3421 post
988 3349 1360 3405 dormitionem
1395 3348 1542 3401 vidit.
1586 3347 1738 3401 Scala

188 3455 365 3501 autem
396 3460 549 3514 quam
575 3443 706 3497 vidit
726 3443 909 3508 Jacob,
939 3440 1227 3497 secundum
1263 3441 1413 3503 alios,
1438 3440 1566 3492 duas
1601 3439 1740 3507 leges

183 3538 482 3606 signiﬁcare
507 3536 716 3588 dicitur.
744 3533 901 3602 Ligna
927 3543 1124 3594 autem,
1149 3532 1200 3584 id
1219 3540 1320 3594 est,
1347 3531 1540 3599 gradus
1561 3529 1736 3590 scalae,

185 3627 426 3682 ordinem
474 3624 772 3690 signiﬁcant
815 3622 1212 3682 mandatorum;
1243 3619 1328 3685 qui
1358 3618 1516 3671 etiam
1545 3616 1737 3684 gradus

187 3714 489 3784 quindecim
519 3713 784 3775 dicuntur,
812 3718 866 3765 et
888 3709 1184 3779 quindecim
1219 3709 1426 3776 psalmi,
1455 3709 1539 3777 qui
1571 3707 1738 3762 canti~

186 3820 308 3860 cum
333 3804 584 3873 graduum
617 3801 992 3856 inscribuntur.
1025 3800 1208 3869 Angeli
1239 3807 1411 3854 autem
1441 3797 1738 3853 ascenden-

193 3906 275 3950 tes
312 3902 365 3948 ct
391 3892 770 3947 descendentes
814 3891 983 3959 angeli
1030 3898 1154 3942 sunt
1199 3889 1287 3957 qui
1321 3888 1618 3942 ministrant
1645 3888 1740 3942 hoc

199 3985 466 4050 minibus,
507 3984 557 4039 id
608 3993 710 4048 est,
760 3982 1130 4036 misericordes
1177 3989 1230 4038 et
1277 3980 1738 4033 immisericordes.

195 4075 365 4130 Aliter
406 4088 500 4142 per
527 4072 742 4142 angelos
787 4069 1133 4124 ascendentes
1175 4069 1534 4136 signiﬁcantur
1576 4067 1607 4118 ii
1650 4067 1738 4132 qui

195 4165 450 4232 incipiunt
489 4161 698 4231 quidem
745 4161 1127 4228 pmnitent'tam,
1169 4157 1261 4210 sed
1311 4171 1411 4207 non
1444 4153 1736 4222 perﬁciunt.

195 4255 359 4311 Aliter
389 4269 479 4322 per
510 4255 644 4306 hanc
671 4253 864 4306 scalam
887 4250 987 4303 vita
1016 4247 1310 4302 ostenditur
1331 4244 1740 4312 uniuscujusque

196 4343 483 4410 credentis,
515 4351 568 4395 et
595 4355 688 4408 per
716 4339 822 4393 duo
851 4338 1008 4404 ligna,
1039 4350 1232 4403 corpus
1260 4342 1314 4388 et
1341 4334 1535 4386 anima.
1562 4333 1740 4398 Quod-

195 4449 301 4503 que
321 4433 446 4486 dicit
493 4429 811 4484 ascendentes
837 4437 882 4480 et
905 4427 1273 4488 descendentes,
1304 4423 1562 4493 signiﬁcat
1603 4426 1736 4494 quod
1772 4449 1821 4508 υ

195 4523 416 4591 spiritus
443 4518 851 4587 uniuscujusque
879 4515 1102 4568 hominis
1129 4516 1420 4569 ascendunt
1445 4522 1499 4568 et
1525 4514 1742 4569 descen-

155 4677 176 4682 ο
201 4617 333 4668 dunt
379 4613 513 4666 inter
540 4608 795 4663 actualem
826 4607 982 4660 vitam
1029 4614 1082 4659 et
1126 4606 1602 4673 contemplativam.
1633 4607 1744 4659 Ali-

203 4697 284 4757 ter
309 4699 632 4754 :ascendunt
675 4705 729 4752 et
765 4695 1110 4761 descendunt,
1140 4696 1206 4750 de
1232 4706 1368 4751 terra
1401 4697 1746 4750 ascendentes

205 4791 582 4860 intelliguntur,
623 4796 676 4840 ut
707 4786 845 4840 Elias
865 4793 918 4839 et
941 4785 1146 4848 En‘och;
1197 4794 1249 4839 et
1276 4785 1654 4840 descendentes
1679 4787 1745 4838 de

202 4884 358 4945 cado,
391 4893 447 4936 ut
488 4883 772 4944 damoncs,
818 4877 905 4946 qui
946 4877 1102 4931 etiam
1133 4876 1301 4944 angeli
1344 4875 1608 4937 dicuntur.
1642 4890 1745 4929 non

207 4985 380 5027 tamen
427 4972 593 5041 angeli
641 4970 751 5026 I‘ei.
797 4967 928 5021 Nam
958 4967 1243 5036 Apostolus
1297 4967 1515 5034 angelos
1569 4975 1743 5031 vocat,

202 5062 294 5114 noi
319 5062 390 5114 ait
421 5077 432 5112 :
462 5060 624 5113 Datus
664 5073 734 5114 est
764 5059 886 5111 mihi
913 5056 1122 5127 angelus
1153 5056 1360 5111 Satante
1395 5057 1478 5124 qui
1508 5073 1585 5109 me
1607 5058 1747 5110 cola-

205 5152 389 5222 phiset.
430 5148 521 5202 Vel
553 5163 646 5218 per
685 5161 957 5202 ascensum
1004 5155 1058 5200 et
1096 5144 1405 5199 descensum
1457 5145 1749 5214 intelligere

206 5243 328 5295 licet
356 5236 665 5291 descensum
703 5235 922 5300 Christi,
961 5234 1170 5304 quando
1198 5234 1378 5287 relicta
1406 5235 1620 5288 dextera
1653 5235 1749 5287 Pa-

205 5330 304 5384 tris
327 5326 720 5394 omnipotentis,
751 5335 993 5394 tanquam
1020 5339 1243 5392 sponsus
1272 5325 1336 5378 de
1367 5324 1597 5377 thalamo
1630 5341 1750 5394 pro-

204 5419 420 5482 cedens,
445 5427 500 5470 et
535 5416 941 5484 assttntptionem
971 5417 1147 5469 carnis
1187 5416 1236 5466 itt
1283 5417 1532 5469 mundum
1563 5419 1744 5469 venit:

205 5523 482 5567 ascensum
510 5515 704 5568 autem,
732 5519 850 5559 cum
891 5504 1075 5559 mortis
1123 5502 1403 5558 confractis
1429 5505 1644 5571 viribus,
1677 5509 1750 5559 vi-

203 5617 318 5660 ctor
370 5600 668 5671 gloriosus,
716 5603 969 5664 captivam
1025 5599 1220 5652 ducens
1273 5599 1647 5667 captivitatem,
1697 5601 1748 5654 in

204 5700 397 5756 malum
441 5695 730 5751 videntibus
770 5694 1036 5764 diacipnlis
1077 5693 1342 5750 elevatur.
1396 5695 1750 5751 llistorialiter

1841 1923 1930 1975 per
1971 1909 2178 1963 illorum
2219 1910 2512 1964 doetrinam
2555 1911 2778 1964 intratur
2822 1912 2873 1964 iu
2905 1911 3384 1964 credulitatcmPa-

1846 2000 1958 2062 tris,
1988 2009 2041 2054 et
2068 1999 2205 2063 Filii,
2237 2011 2291 2055 et
2331 2000 2560 2070 Spiritus
2587 2003 2776 2054 sancti.
2808 2003 2993 2055 Oleum
3021 2011 3195 2054 autem
3225 2015 3387 2069 super

1837 2091 2064 2158 lapidem
2081 2091 2360 2165 signiﬁcat
2398 2091 2872 2154 annuntiationem,
2901 2091 3011 2144 sive
3036 2090 3104 2145 de
3145 2089 3384 2144 incarna-

1843 2183 2009 2248 tione,
2041 2181 2153 2237 sive
2174 2181 2240 2236 de
2265 2182 2555 2244 divinitate,
2586 2181 2788 2234 sive.de
2819 2179 3173 2234 misericordia
3221 2179 3383 2233 illius.

2388 2269 2610 2325 CAPUT
2648 2268 2836 2324 XXIX.

1909 2361 2033 2417 Post
2073 2363 2204 2416 hanc
2246 2363 2485 2416 visionem
2525 2363 2642 2414 inde
2673 2359 2830 2414 Iacob
2870 2361 2965 2411 iter
3013 2360 3220 2427 faciens,
3261 2359 3385 2410 ridit

1838 2468 1970 2514 oves,
1994 2463 2039 2506 et
2062 2461 2308 2522 pastores,
2338 2463 2383 2504 et
2413 2461 2614 2520 puteum
2641 2465 2802 2519 aqum,
2828 2459 2873 2502 et
2901 2432 3118 2516 lapidem
3150 2464 3386 2518 magnum

1835 2544 2224 2612 superpositum.
2274 2541 2586 2611 Figuraliter
2614 2549 2788 2593 autem
2832 2553 2958 2592 oves
3001 2536 3260 2606 justnrum
3292 2550 3384 2604 po-

1838 2633 1968 2700 pttli,
2003 2643 2236 2699 pastores
2279 2633 2547 2698 propheta:
2585 2640 2728 2694 sunt,
2754 2629 2843 2698 qui
2876 2643 3040 2698 usque
3081 2627 3144 2680 ad
3189 2628 3386 2681 adven-

1837 2733 1944 2776 tum
1975 2721 2174 2776 Christi
2202 2721 2399 2790 Spiritu
2429 2728 2612 2774 sancto
2655 2720 2916 2783 mundati,
2947 2719 3192 2785 populum
3223 2715 3384 2768 Israel

1834 2814 2215 2883 gubernabant.
2245 2812 2405 2881 Lapis
2440 2823 2596 2881 puteo
2637 2812 2994 2878 superpositus
3036 2808 3250 2876 ﬁguram
3283 2807 3384 2859 Do-

1836 2904 1959 2957 mini
1987 2903 2328 2972 praeferebat;
2366 2914 2553 2970 puteus
2582 2901 2808 2969 Spiritus
2836 2889 3025 2966 sancti,
3059 2899 3145 2965 qui
3176 2907 3387 2970 opertus

1837 2994 1930 3047 l'uit
1957 3035 1971 3059 ,
2015 2993 2246 3048 nondum
2291 2991 2603 3046 adveniente
2633 2990 2866 3053 Christo,
2919 2999 2972 3042 et
3016 2991 3223 3040 homine
3255 2985 3389 3038 lucto

1842 3081 2014 3136 Verbo
2035 3082 2148 3136 Dei.
2173 3081 2340 3136 Aliter
2369 3095 2460 3149 per
2486 3091 2696 3147 puteum
2719 3078 3058 3146 baptismum,
3091 3091 3180 3142 per
3205 3088 3383 3142 agrum

1843 3171 1928 3224 hic
1967 3169 2210 3222 mundus.
2270 3169 2419 3234 Quod
2469 3178 2641 3221 autem
2687 3180 2874 3235 greges
2921 3167 3181 3226 dicuntur,
3233 3164 3385 3215 ﬁdem

1841 3259 2114 3314 Trinitatis
2142 3297 2159 3325 ,
2217 3258 2298 3312 vel
2345 3267 2449 3312 tres
2500 3259 2642 3326 leges
2706 3271 2823 3309 cttm
2872 3254 3168 3320 supradicto
3200 3252 3387 3318 populo

1840 3351 2230 3412 accumbentes,
2262 3349 2313 3402 id
2343 3358 2445 3411 est,
2476 3348 2526 3400 in
2560 3346 2871 3399 humilitate.
2924 3345 3019 3395 Per
3060 3356 3243 3410 pecora
3269 3357 3386 3408 qua:

1838 3455 1902 3494 ex
1951 3441 2039 3492 illo
2076 3439 2420 3506 aquabantur,
2464 3436 2752 3502 simplices,
2783 3438 2850 3486 “et
2888 3433 3129 3502 baptismi
3168 3433 3384 3500 gratiam

1840 3528 2185 3581 invenientes.
2222 3525 2319 3579 Per
2357 3526 2581 3593 lapidem
2627 3539 2731 3592 quo
2755 3525 3094 3577 claudebatur
3123 3539 3182 3576 os
3225 3524 3386 3590 putei,

1838 3617 2026 3671 duritia
2075 3615 2422 3681 inﬁdelitatis,
2470 3630 2570 3684 qua
2620 3615 2846 3684 abjeeta,
2879 3615 3116 3668 homines
3165 3621 3388 3678 possunt

1840 3707 2152 3775 baptismum
2197 3705 2461 3772 accipere.
2541 3705 2784 3758 Pastores
2827 3716 2999 3756 autem
3041 3704 3090 3755 in
3130 3702 3228 3755 hoc
3271 3701 3386 3754 loco

1839 3796 2062 3865 apostoli
2088 3805 2230 3859 sunt,
2263 3795 2349 3863 qui
2379 3794 2615 3848 Christus
2653 3794 2877 3862 lapidem
2911 3794 2976 3847 de
3008 3801 3162 3860 puteo
3203 3794 3384 3844 abstu-

1842 3886 1932 3958 lit,’
1956 3887 2004 3939 id
2033 3885 2520 3950 est,inﬁdelitatem
2559 3885 2624 3936 de
2662 3884 2940 3950 baptismo.
2987 3883 3148 3936 Aliter
3180 3891 3383 3949 puteus,

1844 3975 2002 4028 Vetus
2027 3974 2454 4034 Testamentum;
2501 3981 2606 4024 tres
2638 3981 2810 4023 autem
2858 3983 3042 4038 greges
3071 3981 3215 4032 sunt,
3247 3970 3377 4036 play.

1839 4065 2022 4126 sicam,
2055 4064 2300 4123 ethicam,
2335 4061 2552 4128 Iogicam
2582 4067 2922 4120 exercentes;
2969 4072 3156 4121 pecora
3185 4067 3381 4119 autem,

1845 4153 2066 4220 populus
2094 4150 2285 4203 veteris
2333 4150 2482 4217 legis,
2522 4162 2737 4214 sperans
2767 4148 2816 4199 in
2849 4148 2997 4200 bonis
3027 4156 3199 4198 terrm.
3232 4145 3390 4212 Lapis

1841 4257 1967 4296 vero
2010 4242 2178 4294 littera
2224 4239 2377 4308 legis,
2405 4253 2521 4307 qua:
2550 4237 2739 4291 celavit
2785 4251 2998 4290 sensum
3039 4237 3391 4304 spiritualem,‘

1840 4351 1995 4406 quam
2020 4333 2260 4388 Christus
2284 4331 2569 4386 adveniens
2596 4332 2808 4383 amovit.

1913 4427 2077 4495 Igitur
2103 4421 2260 4477 Iacob
2291 4438 2495 4490 pergens
2513 4412 2565 4474 in
2590 4419 3018 4489 McsOpotamiam,
3047 4419 3232 4485 accepit
3257 4432 3382 4470 uo-

1845 4535 1921 4571 res
1937 4519 2085 4578 ditas,
2115 4515 2247 4584 ﬁlias
2295 4513 2465 4565 Laban
2504 4512 2671 4581 fratris
2706 4510 2951 4562 Iiebeccar.
2986 4508 3158 4561 Primo
3216 4509 3385 4573 Liam,

1845 4610 2074 4662 secundo
2105 4607 2316 4668 Rachel,
2346 4602 2656 4658 etancillam
2689 4600 2795 4654 Lia:
2841 4600 3052 4652 nomine
3109 4597 3270 4664 Zelph
3291 4613 3381 4662 ειη,

1846 4712 1898 4756 et
1924 4700 2167 4753 ancillam
2215 4695 2410 4749 Rachel
2443 4695 2654 4746 nomine
2683 4693 2878 4756 Ralam,
2924 4705 2984 4744 es
3016 4688 3205 4757 quibus
3250 4703 3382 4756 qna-

1849 4805 1966 4847 tuor
1994 4793 2170 4862 genuit
2198 4788 2469 4843 duodecim
2497 4786 2652 4838 ﬁlios.
2689 4785 2810 4838 Diue
2843 4798 3030 4837 uxores
3061 4783 3223 4837 Jacob
3254 4782 3383 4834 libe-

1849 4898 1941 4945 rae,
1986 4890 2200 4948 possant
2231 4892 2348 4930 esse
2382 4879 2496 4930 dote
2525 4875 2646 4927 vitae
2675 4875 2724 4926 in
2772 4872 2967 4927 Christi
3005 4887 3243 4939 corpore,
3272 4884 3386 4937 qua

1850 4972 1998 5025 nobis
2027 4970 2316 5037 prmtlicatte
2346 4975 2484 5020 sunt.
2515 4964 2623 5021 Una
2651 4964 2975 5033 temporalis,
3014 4963 3064 5016 in
3094 4976 3192 5029 qua
3241 4961 3385 5012 latio-

1849 5080 2020 5118 ramus
2051 5080 2060 5112 :
2094 5061 2192 5112 alia
2221 5068 2437 5122 aeterna,
2470 5057 2518 5109 in
2542 5071 2637 5123 qua
2672 5056 3064 5110 delectationem
3117 5049 3205 5102 Dei
3257 5061 3385 5099 cou-

1849 5156 2177 5221 tetnplamur.
2211 5149 2296 5203 Lia
2319 5149 2459 5202 enim
2487 5149 2728 5201 laborans
2752 5148 3148 5210 interpretatur,
3192 5137 3391 5191 Rachel

1849 5247 2012 5313 visum
2045 5241 2368 5308 principium.
2404 5239 2551 5292 Actio
2574 5251 2699 5303 ergo
2728 5234 2880 5300 ltnjns
2909 5235 3045 5290 vitae,
3071 5242 3256 5296 es-qua
3301 5227 3384 5279 vi-

1850 5335 2017 5388 vimus
2073 5346 2135 5384 ex
2169 5330 2292 5399 ﬁde,
2326 5328 2580 5383 laboriosa
2610 5334 2711 5387 est,
2732 5335 2785 5374 et
2815 5323 3008 5374 incerta
3039 5321 3088 5372 in
3119 5319 3386 5386 cperibus,

1849 5425 1983 5493 quod
2010 5420 2274 5488 perveniat
2302 5421 2352 5471 in
2382 5419 2545 5477 exitu,
2576 5415 2637 5467 ad
2665 5413 2939 5466 utilitatem
2971 5411 3174 5464 illorum
3197 5411 3382 5476 quibus

1849 5517 2124 5570 consulere
2146 5515 2402 5567 volumus.
2439 5512 2549 5578 Ipsa
2573 5522 2647 5561 est
2674 5507 2760 5563 Lia
2789 5509 2927 5572 prior
2960 5521 3090 5560 uxor
3117 5505 3295 5569 Jacnb,
3325 5519 3383 5555 ac

1852 5624 1940 5677 per
1972 5612 2065 5659 hoc
2095 5605 2316 5660 inﬁrmis
2339 5604 2507 5658 oculis
2556 5603 2715 5657 luisse
2741 5599 3071 5655 describitur.
3105 5599 3383 5665 Cogitatio-

1853 5715 1944 5754 nes
1975 5699 2108 5752 enitn
2134 5694 2430 5751 mortalium
2462 5693 2654 5747 timida:
2685 5709 2694 5743 :
2737 5706 2857 5759 spcs
2914 5703 3038 5743 vero
3073 5685 3388 5752 contempla-
