3872 6262
485 391 586 445 9ἷῆ

977 393 1183 448 neme
1223 362 1659 451 vascosanus
1699 393 1972 452 OPERUM

2108 388 2181 444 us
2216 387 2280 470 μ.
2301 417 2371 430 -
2397 389 2776 451 εχεοετιςλ
2811 396 3128 454 casurus.

3558 395 3663 449 εει

483 502 638 561 titulis
665 501 752 554 Dei
777 501 973 556 habens
997 503 1287 567 scietttiam,
1341 506 1450 570 ipsa
1491 515 1590 566 est.
1619 505 1835 568 Rachel,
1877 504 2014 558 unde
2043 508 2088 561 Α
2115 500 2232 555 illos
2257 501 2534 570 signiﬁcat.
2555 515 2778 571 quorum
2807 505 3176 571 pradiatlooe
3205 517 3266 557 os
3291 514 3436 570 erat,
3467 513 3523 558 et
3572 521 3664 558 cor

482 586 673 643 dicitur
697 590 906 657 pulchra
935 594 1132 658 specie.
1163 593 1307 646 llanc
1331 594 1472 646 enim
1502 603 1645 648 amat
1673 593 1815 648 omni
1843 594 2019 662 specie

480 674 766 738 studiosus,
785 684 841 730 et
866 687 1078 745 propter
1105 678 1239 734 hanc
1263 679 1427 734 servit
1450 681 1631 748 gratia
1675 679 1794 748 Dei.
1842 679 2016 735 Laban

481 763 674 831 quippe
702 765 1068 834 interpretatur
1095 767 1372 847 dealbatio.
1401 767 1501 822 Per
1540 769 1681 823 illam
1725 769 1865 824 enim
1892 783 2016 837 gra-

484 857 606 908 tiam
635 867 842 924 peccata
872 873 988 927 quze
1010 869 1134 913 sunt
1175 869 1232 913 ut
1255 861 1605 928 phmnicium,
1651 870 1708 914 ut
1755 861 1844 916 nia
1873 860 2018 915 deal-

481 941 688 1000 bantur.
745 945 883 1014 Ergo
929 956 1138 1014 propter
1185 948 1400 1013 Rachel,
1445 965 1545 1002 non
1601 960 1814 1018 propter
1867 949 2012 1002 Liam

480 1035 721 1090 senitur.
753 1035 879 1101 Quis
912 1036 1051 1090 enim
1080 1039 1335 1092 actualem
1362 1037 1516 1092 vitam
1566 1050 1776 1107 propter
1820 1047 2019 1093 semet-

482 1120 650 1184 ipsatn
698 1123 1125 1188 expctieritzsed
1154 1132 1328 1191 tamen
1386 1137 1538 1180 nocte
1581 1126 1870 1192 supposita,
1921 1140 2012 1181 ex-

483 1219 658 1275 pertus
685 1221 765 1266 est
789 1212 1157 1270 locutiditatem
1186 1217 1320 1284 ejus.
1349 1217 1577 1270 Actualis
1603 1217 1742 1270 enim
1791 1218 1896 1270 vita
1923 1231 2016 1285 per

481 1300 723 1368 exempla
775 1311 932 1371 atque
976 1303 1290 1371 doctrinam,
1339 1307 1531 1359 multos
1574 1316 1792 1376 generat
1836 1306 2013 1361 ﬁlios:

480 1401 598 1440 cum
620 1399 794 1444 autem
838 1391 1122 1461 unicuique
1144 1392 1241 1447 sub
1265 1393 1613 1450 dealbatiotois
1651 1397 1834 1464 gratia,
1890 1410 2014 1451 con-

478 1473 662 1528 stituto
690 1490 783 1544 per
805 1485 1004 1544 septem
1033 1476 1271 1533 mandata
1318 1479 1468 1548 legis,
1490 1495 1606 1548 qum
1634 1489 1754 1534 sunt
1803 1481 2015 1537 dilectio

480 1563 724 1629 proximi,
753 1564 1025 1618 tolerantia
1050 1566 1266 1634 laboris,
1310 1567 1590 1622 adbaserit
1616 1568 1668 1623 in
1706 1571 1868 1624 variis
1894 1559 2013 1626 teti-

477 1651 776 1717 tationibus,
801 1654 942 1710 velut
967 1655 1018 1709 in
1047 1664 1201 1711 nocte
1228 1656 1315 1711 Lia
1346 1658 1609 1724 inopinata
1629 1659 1969 1729 coniungitur
1993 1679 2008 1716 :

473 1748 529 1792 et
548 1739 681 1796 hanc
705 1743 948 1809 sustinet,
969 1753 1026 1799 ut
1047 1743 1112 1799 ad
1139 1745 1280 1800 illam
1309 1749 1598 1815 perveniat,
1628 1749 1856 1817 acceptis
1893 1748 2009 1805 aliis

2120 603 2222 643 non
2267 600 2401 644 erat.
2433 589 2677 646 Christus
2721 593 2860 645 enim
2904 593 3071 660 inquit
3101 609 3117 647 :
3150 592 3250 646 llic
3273 593 3491 662 populus
3517 592 3664 646 labiis

2116 694 2193 731 nte
2218 675 2448 742 honorat,
2475 695 2563 732 cor
2600 689 2762 733 autent
2788 695 2959 734 eorum
2987 681 3131 750 longe
3149 737 3152 740 ,
3169 690 3242 735 est
3273 697 3306 732 a
3331 694 3450 748 me;
3489 690 3548 737 et.
3597 697 3659 736 es

2115 765 2306 836 Zelpha
2344 776 2516 824 tamen
2545 768 2718 834 proles
2743 769 3056 837 suscipitur:
3084 787 3203 834 srue,
3243 771 3321 824 ait
3346 771 3658 837 Apostolus,

2116 856 2393 934 occasione,
2420 857 2538 910 sine
2569 858 2771 910 veritate
2819 855 3049 913 Christus
3075 859 3423 925 «nuntietur,
3471 862 3526 913 its
3569 859 3658 914 bos

2115 947 2307 1014 gaudeo
2345 961 2366 999 :
2392 957 2445 1001 et
2471 957 2593 1000 sunt
2618 948 2716 1002 viri
2737 949 2949 1014 quidam
2974 947 3212 1014 allectus,
3253 951 3374 1004 licet
3399 966 3468 1005 ex
3498 951 3657 1004 benc-

2117 1032 2232 1086 licio
2260 1033 2458 1090 Rachel
2495 1035 2624 1099 edit,
2661 1051 2779 1091 cum
2827 1037 2994 1091 virum
3045 1051 3199 1092 suum
3262 1053 3440 1093 secum
3483 1039 3655 1094 debita

2116 1132 2269 1177 nocte
2321 1125 2621 1179 cubiturum
2673 1127 2904 1192 acceptis
2941 1141 2968 1178 a
3009 1126 3118 1181 lilio
3148 1126 3252 1180 Lis
3296 1127 3660 1195 mandragoris

2116 1215 2287 1277 malis,
2311 1228 2428 1268 cum
2457 1229 2642 1269 sorore
2662 1215 2863 1269 cubare
2880 1217 3154 1283 permittit.
3177 1218 3384 1272 Scimus
3413 1218 3656 1272 mandra-

2112 1317 2290 1372 goram
2332 1303 2602 1370 pulchram
2653 1318 2794 1368 esse,
2846 1317 2896 1359 et
2948 1320 3108 1360 suave
3167 1305 3421 1370 olentem,
3470 1320 3662 1374 sapore

2112 1398 2283 1444 autem
2337 1391 2593 1456 invalido;
2641 1401 2695 1447 et
2759 1392 2845 1446 hic
2892 1391 3172 1462 signidcari
3221 1394 3410 1447 bonam
3464 1391 3658 1446 famam

2115 1480 2455 1538 mundialem.
2487 1479 2635 1536 Unde
2655 1481 2782 1537 dicit
2801 1483 3080 1551 Apostolus
3105 1499 3120 1536 :
3142 1481 3350 1554 Oportet
3375 1479 3659 1535 Ecclesias-

2112 1571 2445 1624 testimonium
2491 1571 2673 1627 habere
2711 1561 2895 1626 bonum
2920 1572 2981 1626 ob
3007 1573 3084 1627 liis
3121 1572 3208 1644 qui
3246 1573 3373 1641 foris
3399 1581 3540 1636 sunt,
3574 1575 3659 1640 qui

2110 1659 2398 1732 plerumque
2429 1660 2646 1714 reddant
2670 1662 2983 1730 splendorem
3002 1663 3188 1727 laedis,
3217 1670 3263 1715 et
3284 1662 3491 1714 odore-
3515 1663 3662 1716 bona

2111 1748 2380 1817 opinionis,
2408 1749 2490 1802 ltls
2505 1764 2592 1818 per
2610 1765 2734 1817 quos
2758 1750 2853 1802 sibi
2871 1749 3165 1803 consulitur.
3189 1749 3255 1803 Et
3275 1749 3340 1803 ad
3363 1749 3518 1802 istam
3542 1751 3658 1817 glo-

475 1836 673 1896 scptem
713 1833 1004 1898 praeceptis,
1023 1833 1170 1902 quasi
1200 1812 1438 1889 serviens
1468 1812 1592 1891 aliis
1609 1812 1810 1904 septem
1834 1838 2007 1892 annis:
2042 1812 2086 1873 θ
2112 1812 2241 1891 riam
2269 1838 2422 1905 primi
2444 1812 2775 1905 perveniunt,
2815 1836 2912 1906 qui
2949 1839 3000 1894 in
3030 1839 3294 1892 actionum
3327 1812 3577 1903 periculis
3605 1846 3678 1898 eL

477 1925 534 1969 ut
558 1917 626 1971 sit
652 1931 844 1985 pauper
866 1921 1069 1990 spiritu,
1094 1921 1252 1985 mitis,
1283 1925 1485 1992 lugens,
1515 1925 1772 1990 esuriens,
1799 1926 2008 1982 sitiens-

474 2021 580 2075 que
624 2007 902 2076 justitiam,
935 2012 1253 2080 misericors,
1286 2017 1482 2071 mundo
1509 2017 1687 2087 corde,
1743 2018 2006 2085 pacilicus.

476 2093 644 2152 Vellet
669 2099 806 2152 enim
852 2099 1030 2168 homo,
1077 2104 1120 2158 si
1149 2103 1259 2158 ileri
1290 2115 1485 2174 posset,
1531 2109 1644 2162 sine
1667 2107 1770 2162 ulla
1819 2108 2012 2165 laboris

475 2183 748 2240 tolerantia
777 2188 951 2244 statim
971 2191 1035 2245 ad
1060 2192 1287 2261 pulchra:
1316 2197 1771 2262 contemplationis
1795 2197 2010 2256 delicias

475 2275 784 2340 pervenire;
812 2278 902 2331 sed
933 2294 1034 2332 non
1066 2279 1163 2333 hoc
1183 2290 1353 2348 potest
1378 2298 1495 2338 esse
1525 2284 1574 2337 in
1615 2295 1750 2339 terra
1781 2287 2011 2342 morien-

475 2363 630 2420 tium.
659 2363 805 2420 Unde
829 2369 1055 2424 dicitur:
1086 2369 1202 2425 Non
1229 2382 1301 2427 est
1345 2376 1498 2428 ntoris
1541 2377 1594 2429 in
1635 2378 1728 2431 Itoc
1771 2379 1901 2443 loco,
1956 2389 2012 2432 stt

477 2452 640 2506 minor
679 2453 923 2509 habeatur
947 2465 1208 2527 antequam
1239 2464 1400 2532 major
1420 2476 1440 2515 :
1487 2465 1604 2530 quia
1659 2478 1761 2519 non
1787 2465 2013 2523 absurde

477 2546 641 2613 major
685 2548 993 2614 appellatur,
1051 2553 1171 2618 quia
1217 2559 1456 2619 tempore
1511 2553 1651 2618 prior
1690 2563 1792 2610 est.
1865 2555 2013 2610 Prior

475 2645 647 2686 autem
674 2646 755 2688 est
785 2636 834 2688 in
880 2637 1172 2692 eruditione
1222 2638 1446 2694 hominis
1475 2641 1619 2696 labor
1648 2644 1770 2698 boni
1813 2644 2008 2713 operis,

475 2736 625 2790 quam
658 2723 862 2790 requies
886 2726 1356 2796 contemplationis.
1385 2729 1485 2785 Sed
1516 2739 1567 2784 et
1596 2731 1696 2786 hoc
1738 2733 2010 2786 sciendum

478 2822 583 2875 est,
637 2814 773 2882 quod
839 2826 1109 2884 postquam
1161 2819 1300 2872 Liam
1341 2820 1501 2874 lacob
1540 2821 1720 2874 fraude
1765 2821 2014 2890 deceptus

475 2917 567 2966 pro
592 2901 780 2956 Rachel
818 2919 1030 2957 uxorem
1051 2907 1271 2973 accepit,
1302 2907 1490 2962 dicitur
1516 2909 1565 2963 ei
1612 2925 1640 2962 a
1680 2924 1865 2965 socero
1915 2911 2013 2965 La-

473 2991 595 3055 ban,
629 3002 683 3044 ut
707 3001 906 3061 septem
936 2995 1047 3048 dies
1075 3005 1188 3063 post
1210 2998 1415 3063 nuptias
1453 3001 1646 3055 sororis
1676 3002 1866 3067 prioris
1915 3017 2011 3056 ex-

2112 1925 2290 1981 labore
2319 1937 2611 1980 venantur.
2641 1925 2918 1994 Propterea
2949 1925 3054 1981 Lite
3080 1925 3217 1979 illius
3247 1926 3650 1992 mandragoram

2109 2015 2322 2076 invenit,
2341 2017 2521 2069 exiens
2544 2015 2596 2068 in
2621 2029 2822 2085 agrum,
2843 2015 2894 2068 id
2921 2023 3025 2081 est,
3052 2015 3268 2069 honeste
3293 2014 3572 2067 ambulans
3591 2014 3654 2067 ad

2110 2102 2226 2158 illos
2252 2104 2342 2173 qui
2371 2103 2496 2158 loris
2516 2110 2658 2158 sunt.
2697 2103 2943 2158 Doctrina
2969 2100 3093 2158 vero
3116 2102 3394 2157 sublimior
3445 2105 3498 2156 iu
3527 2118 3654 2157 eos-

2110 2192 2452 2260 tetnplatione
2472 2193 2667 2254 delisa,
2695 2190 2834 2245 hanc
2861 2191 3162 2260 popularem
3186 2191 3409 2258 gloriam
3442 2205 3545 2243 non
3569 2207 3651 2244 as-

2108 2281 2362 2348 sequitur,
2394 2281 2494 2336 ttisi
2518 2279 2870 2335 testimonium
2919 2280 3108 2339 habeat
3148 2279 3348 2341 abhis,
3389 2282 3481 2347 qui
3522 2281 3654 2334 inter

2109 2368 2289 2421 turbas
2317 2368 2593 2437 populares
2617 2367 2874 2433 laborant,
2917 2376 2972 2422 et
3011 2367 3080 2421 ita
3101 2358 3492 2437 quodammodo
3518 2367 3649 2420 mala

2110 2457 2495 2527 mandragorica
2549 2472 2640 2526 per
2676 2458 2820 2512 Liam
2865 2456 3173 2526 perveniunt
3203 2455 3279 2509 ad
3311 2455 3507 2510 Rachel
3539 2472 3552 2506 :
3587 2457 3649 2509 ad

2109 2545 2272 2614 ipsam
2304 2561 2427 2601 vero
2472 2547 2615 2602 Liam
2645 2563 2736 2615 per
2781 2546 2944 2600 lilium
2985 2545 3408 2613 primogenitum,
3455 2545 3508 2598 id
3538 2555 3638 2606 est,

2108 2647 2204 2702 per
2222 2634 2471 2688 honorem
2493 2634 2824 2689 fecunditatis
2844 2634 3005 2689 illius.
3030 2632 3268 2700 Plerique
3317 2633 3482 2687 etiam
3508 2633 3646 2687 bono

2110 2722 2322 2791 ingenio
2377 2724 2601 2792 praditi,
2641 2724 2878 2795 quamvis
2919 2723 3093 2778 idonei
3147 2723 3391 2792 regendis
3445 2724 3649 2792 populis

2113 2811 2273 2868 luisse
2300 2814 2517 2882 possint,
2549 2823 2720 2868 tamen
2757 2809 2979 2879 evitant,
3026 2823 3090 2884 et;
3129 2813 3181 2867 in
3205 2812 3458 2866 doctrin:
3489 2813 3648 2866 otium

2111 2911 2356 2971 tanquam
2394 2902 2446 2955 in
2475 2902 2744 2972 speciosos
2767 2901 2959 2957 Rachel
3001 2902 3238 2957 feruntur
3267 2902 3562 2970 amplexus.
3590 2899 3647 2954 Et

2109 2995 2226 3062 quia
2256 2994 2448 3048 bonum
2474 3003 2578 3058 est,
2605 2994 2839 3047 utetiam
2869 2994 2983 3046 hac
3005 2994 3107 3046 vita
3138 2991 3295 3060 paulo
3317 2991 3476 3044 latius
3503 2990 3648 3043 ἱιωοο

473 3079 628 3145 pleat,
659 3090 712 3135 et
740 3082 817 3138 sic
837 3085 1059 3152 accipiat
1087 3083 1306 3152 Rachel,
1334 3103 1428 3155 pro
1473 3103 1573 3157 qna
1603 3090 1788 3143 iterum
1809 3097 2009 3158 septem
2036 3135 2080 3159 η
2110 3089 2336 3146 ιοκεηιν
2363 3080 2661 3149 Ρορυιπθω
2692 3078 2914 3149 Βιοΐίθω
2946 3086 3209 3132 meream"
3240 3094 3257 3130 ε
3288 3077 3544 3146 ίσιῖυειυηι
3572 3085 3647 3128 ⁸⁵⁸

472 3138 626 3222 iung
651 3170 766 3224 aliis
793 3138 1078 3228 serviturus
1098 3138 1190 3228 ut.
1217 3138 1350 3228 uo}:
1369 3138 1846 3246 quintani...
1871 3138 2011 3232 Intale
2035 3138 2091 3199 θ
2110 3177 2307 3234 autem.
2338 3138 2392 3223 αἰ
2418 3138 2556 3222 illam
2583 3138 2952 3238 coniciunt-tur.
2999 3168 3042 3222 si
3071 3176 3363 3222 amatorem
3395 3166 3644 3220 admittis.

473 3259 790 3324 existimant,
815 3272 932 3329 post
960 3271 1162 3327 septem
1213 3277 1380 3317 annos
1407 3265 1550 3318 alios
1567 3265 1763 3320 Rachel
1811 3270 2011 3335 accepit
2107 3256 2304 3311 ιηηάἱε
2323 3257 2686 3318 θοοιαιῑεειίοἰι
2711 3256 2854 3317 cur"
2879 3265 3055 3326 ²Ριι³ω
3077 3257 3242 3310 ouum
3289 3256 3518 3324 ἀθιίηθίι
3547 3269 3641 3310 ³⁸⁸

473 3363 722 3415 uxorem,
762 3349 854 3404 sed
894 3361 1012 3419 post
1049 3362 1248 3420 septem
1280 3353 1393 3407 dies
1435 3352 1735 3425 nuptiarum.
1785 3354 2005 3422 primae:

475 3450 594 3489 natu
623 3436 855 3500 sequitur
885 3456 898 3491 :
924 3439 987 3492 Et
1015 3441 1261 3511 ingressus
1289 3450 1361 3494 est
1407 3442 1474 3493 ad
1504 3441 1717 3508 Rachel,
1747 3432 1794 3496 et
1836 3442 2010 3496 dilexit

474 3524 618 3577 illaut
642 3527 798 3594 magis
820 3544 969 3592 quam
993 3528 1155 3594 Limn,
1185 3540 1231 3585 et
1258 3533 1450 3584 seruiuit
1477 3531 1556 3585 illi
1574 3531 1690 3602 aliis
1711 3542 1897 3600 septem
1919 3549 2010 3584 au-

476 3613 572 3665 nis.
603 3616 777 3682 Itaque
795 3616 959 3668 ambae
983 3633 1174 3672 uxores
1198 3619 1356 3673 Jacob
1386 3620 1561 3673 libera:
1590 3604 2010 3689 :‘ambze‘quippe

474 3712 594 3754 sunt
628 3701 657 3754 li
685 3704 748 3756 ise
775 3705 1094 3758 remissionis
1123 3717 1479 3773 peccatorum,
1503 3707 1601 3760 hoc
1619 3717 1700 3760 est
1723 3708 2011 3770 dealbatio-

476 3791 574 3855 nis,
600 3807 712 3859 quzc
732 3804 811 3848 est
838 3793 1011 3848 Labau
1039 3814 1050 3848 ε
1078 3810 1178 3850 una
1213 3807 1431 3862 amatur,
1460 3797 1560 3851 alia
1587 3797 1857 3852 toleratur.
1913 3797 2011 3851 Pro

477 3882 788 3935 fecunditate
831 3880 1053 3936 luctum
1099 3887 1288 3953 quippe
1340 3888 1620 3940 maximum
1672 3887 1825 3941 habet
1866 3887 2012 3942 labor

472 3972 730 4036 jnsmrurn
758 3970 808 4023 in
838 3970 939 4023 illis
967 3987 1097 4038 quos
1121 3988 1278 4040 rcgno
1312 3974 1397 4028 Dei
1430 3987 1678 4043 generant
1704 3977 1754 4029 in
1797 3977 2010 4030 tribula-

477 4057 700 4113 ti0nibus
727 4059 920 4114 multis.
949 4060 1137 4111 Rachel
1178 4063 1314 4114 clara
1343 4075 1577 4129 aspectu,
1603 4074 1779 4118 mente
1806 4064 2011 4116 accedit

477 4145 659 4210 Deum,
684 4156 743 4200 et
771 4148 895 4200 vidit
921 4149 969 4200 in
1001 4147 1254 4218 principio
1278 4152 1488 4206 verbum
1523 4153 1608 4204 Dei
1655 4151 1789 4217 apud
1820 4151 2007 4217 Deum,

473 4247 526 4289 et
548 4238 653 4288 vult
682 4254 861 4303 parere
882 4249 935 4292 et
960 4255 1059 4292 non
1093 4251 1261 4307 potest
1291 4259 1304 4292 :
1338 4243 1456 4308 quia
1482 4242 1844 4312 generationem
1868 4242 2008 4295 illius

473 4329 582 4392 quis
604 4329 848 4378 enarrabit
873 4329 896 4380 ?
921 4337 972 4380 et
1002 4330 1116 4380 ideo
1138 4329 1345 4392 sterilis,
1374 4331 1492 4396 quia
1524 4331 1573 4381 in
1597 4331 1751 4382 variis
1802 4345 2012 4396 pressu-

479 4432 551 4468 t'ls
583 4432 683 4467 non
714 4418 975 4469 subvenit.
1010 4423 1223 4486 ipsaque
1257 4421 1510 4470 interdum
1545 4419 2005 4481 procreandicha-

474 4506 626 4559 ritate
656 4504 933 4560 inardescit
966 4511 1107 4559 :vu!t
1150 4509 1287 4561 enim
1341 4509 1530 4562 docere
1581 4509 1718 4578 quod
1745 4511 1907 4575 novit,
1953 4518 2007 4563 ct

474 4592 607 4648 dolet
641 4598 808 4664 potius
826 4614 1038 4670 currere
1069 4600 1301 4652 homines
1326 4601 1388 4652 ad
1429 4600 1566 4654 illam
1592 4602 1858 4668 virtutem,
1888 4618 2005 4671 qua:

471 4684 677 4738 illurtnn
704 4686 1096 4740 necessitatibus
1131 4690 1374 4754 consulit,
1406 4703 1560 4754 quam
1587 4689 1649 4742 ad
1682 4689 1849 4742 illam.

1019 4775 1239 4831 CAPUT
1279 4777 1442 4832 XXX.

540 4863 729 4916 Zelavit
757 4855 941 4918 Rachel
967 4882 1184 4919 sororem
1224 4884 1397 4931 suam;
1445 4876 1499 4921 et
1523 4867 1643 4935 quia
1671 4883 1829 4935 purus
1851 4869 2005 4935 spiri-

473 4957 682 5010 tualtter
701 4955 874 5008 editus
914 4957 1213 5010 substantiae
1246 4961 1415 5012 verbis
1451 4959 1752 5012 carnalibus
1781 4957 2002 5025 exprimi

471 5063 574 5100 non
632 5056 819 5112 potest.
862 5044 960 5098 Per
998 5048 1252 5113 quaslibet
1307 5049 1678 5101 similitudines
1726 5061 2002 5114 corporeus

467 5139 621 5207 elegit
654 5138 845 5191 Rat-hel
873 5153 935 5190 ex
961 5138 1069 5191 viro
1094 5154 1206 5199 suo,
1237 5148 1289 5191 et
1315 5141 1499 5193 ancilla
1532 5142 1802 5208 suscipere
1845 5139 1998 5200 lllios,

468 5244 619 5296 quam
650 5233 764 5282 sine
792 5229 910 5281 ﬁliis
941 5245 1228 5282 remanere.
1263 5229 1380 5281 Bala
1410 5232 1602 5298 quippe
1631 5234 2004 5300 interpretatur

467 5329 747 5370 inveterata
785 5335 795 5370 :
834 5319 900 5370 de
928 5327 1099 5372 vetere
1155 5321 1343 5385 quippe
1371 5321 1474 5370 vita
1505 5321 1802 5373 carnalibus
1831 5317 1995 5371 sensi-

467 5421 560 5459 uus
588 5407 758 5459 dedita
790 5410 1073 5475 cegitamur
1117 5408 1385 5475 imagines,
1417 5406 1532 5461 cum
1573 5410 1766 5476 aliquid
1799 5409 1865 5461 de
1916 5408 1998 5460 in-

470 5499 825 5550 commutabili
849 5499 1129 5550 substantia
1160 5501 1388 5552 veritatis
1417 5499 1641 5552 auditur.
1678 5497 1906 5563 Suscipit
1935 5498 2000 5551 de

472 5579 557 5631 Lia
588 5593 637 5633 ct
661 5584 841 5634 ancilla
872 5598 962 5634 sua
994 5586 1144 5642 tilios,
1177 5600 1350 5637 amore
1401 5588 1559 5651 prolis
1599 5586 1995 5640 numerosioris.

468 5665 757 5726 invenitttus
787 5681 952 5725 autem
981 5672 1226 5738 chpliant
1267 5675 1590 5741 interpretari
1620 5692 1678 5730 os
1733 5677 1881 5729 hians
1912 5693 1923 5726 :
1948 5682 1999 5727 et

2103 3347 2528 3416 gubernationem
2551 3347 2845 3404 communis
2871 3347 3102 3401 utilitatis
3121 3347 3372 3412 impertit.
3396 3346 3643 3412 Propter-

2107 3452 2169 3492 ea
2211 3436 2299 3490 Lia
2342 3436 2508 3490 sorori
2539 3450 2648 3489 sua!
2671 3436 2838 3489 dicit:
2862 3432 3278 3496 Parumesttibi,
3313 3432 3450 3502 quod
3487 3433 3642 3484 sirm

2107 3543 2268 3581 meum
2287 3525 2536 3596 accepisti,
2564 3526 2762 3596 insuper
2785 3533 2831 3578 et
2851 3525 3143 3595 papaloreut
3165 3522 3384 3593 gloriam
3408 3522 3641 3590 requiris.

2107 3612 2329 3672 Proinde
2356 3618 2431 3670 ut
2449 3615 2591 3669 illum
2611 3613 2752 3684 iuste
2775 3620 3064 3681 comparet,
3089 3611 3322 3680 impartit
3349 3610 3547 3666 Rachel
3566 3613 3643 3662 vi-

2106 3724 2220 3765 rum
2265 3694 2434 3761 sorori
2460 3720 2609 3759 suae:
2659 3704 2784 3759 utsi
2835 3717 3026 3758 vacare
3069 3702 3308 3756 scientia:
3345 3701 3643 3769 diligerent,

2108 3798 2400 3864 suscipiant
2447 3805 2622 3868 tamen
2656 3795 2889 3864 regimen
2943 3793 3156 3862 propter
3199 3792 3300 3845 hoc
3343 3791 3432 3860 qui
3479 3791 3644 3845 idonei

2107 3897 2256 3943 sunt:
2288 3885 2378 3940 sed
2409 3893 2466 3938 ut
2485 3884 2584 3937 hoc
2606 3883 2914 3950 suscipiant,
2942 3895 3045 3934 non
3073 3889 3353 3946 coguntur.
3407 3879 3518 3932 [loc
3557 3893 3644 3931 au-

2110 3986 2212 4030 tem
2242 3963 2514 4042 signiﬁcat,
2571 3971 2709 4040 quod
2758 3970 2950 4023 dicitur
2985 3986 2998 4020 :
3036 3965 3170 4046 Cum
3193 3967 3403 4019 renisaet
3429 3970 3494 4020 ds
3531 3981 3646 4033 agre

2107 4064 2287 4130 Jacob,
2310 4063 2524 4116 occurrit
2552 4061 2626 4113 illi
2657 4059 2766 4125 Litt,
2799 4051 3113 4122 detinensque
3130 4055 3298 4118 illum,
3322 4054 3395 4108 ait
3422 4071 3442 4108 :
3476 4054 3553 4108 Ad
3575 4071 3666 4114 ne,

2109 4156 2337 4220 intrabis,
2365 4155 2482 4223 quia
2511 4153 2735 4206 mercede
2753 4148 2975 4203 conduxi
3000 4156 3049 4200 te
3080 4161 3170 4212 pro
3199 4146 3538 4215 tnandragora
3557 4145 3648 4213 ﬁlii

2108 4247 2248 4298 mei:
2279 4253 2518 4309 tanquam
2540 4241 2736 4294 diceret
2769 4255 2782 4289 :
2817 4236 2905 4289 Vis
2931 4236 3169 4289 conlerre
3205 4233 3400 4288 bonam
3448 4231 3646 4297 opinio-

2116 4349 2258 4397 nem,
2288 4333 2392 4384 uoli
2424 4331 2599 4398 lugere
2625 4329 2849 4382 otiosum
2881 4327 3129 4380 laborem.
3175 4324 3297 4378 llmc
3336 4324 3386 4377 in
3416 4321 3640 4376 Ecclesia

2114 4425 2226 4495 geri
2256 4423 2492 4493 quisquis
2517 4421 2760 4486 advertit,
2789 4421 2975 4475 cernit.
3009 4419 3182 4473 Potest
3208 4431 3417 4484 quoque
3441 4415 3532 4467 Lia
3552 4414 3645 4465 ες-
3669 4457 3674 4461 .

2109 4516 2319 4571 clesiam
2350 4514 2666 4582 significare.
2713 4513 2804 4566 Lia
2847 4513 2986 4565 enim
3015 4521 3278 4579 synagoga
3328 4506 3421 4559 Dei
3469 4505 3644 4576 genuit

2107 4606 2379 4674 populum.
2434 4605 2500 4657 Et
2548 4603 2710 4656 oculis
2761 4600 2970 4666 quidem
3000 4596 3209 4667 gravida
3267 4597 3479 4666 legitur,
3528 4593 3646 4663 quia

2105 4693 2426 4761 spiritualem
2453 4704 2662 4744 sensum
2687 4687 2740 4741 in
2760 4687 2932 4741 littera
2958 4687 3140 4748 videre
3168 4701 3272 4740 non
3311 4687 3502 4754 potuit.
3543 4682 3645 4735 Ra-

2106 4783 2219 4837 chel
2245 4781 2441 4850 junior,
2466 4778 2515 4832 id
2544 4784 2648 4842 est,
2678 4775 2909 4830 Ecclesia
2933 4784 3168 4843 tempore
3194 4774 3459 4842 posterior
3486 4787 3502 4824 :
3533 4771 3646 4838 pul-

2101 4873 2227 4927 chra
2252 4868 2446 4936 specie,
2491 4865 2670 4919 sancta
2721 4878 2940 4932 corpore
2961 4871 3016 4919 et
3068 4863 3255 4930 spiritu
3289 4879 3303 4912 :
3335 4874 3455 4928 qua:
3493 4860 3646 4913 etiam

2103 4959 2296 5012 tamdiu
2326 4955 2521 5010 sterilis
2550 4955 2660 5018 luit,
2690 4969 2964 5023 quousque
2988 4953 3233 5021 spiritum
3261 4962 3526 5018 synagoga
3561 4962 3649 5016 ge-

2101 5048 2323 5102 neravit.
2367 5045 2473 5097 Cur
2501 5054 2672 5100 autem
2723 5043 2891 5098 Jacob
2935 5056 3032 5112 pro
3074 5038 3274 5094 Rachel
3326 5037 3568 5100 servivit,
3594 5045 3648 5092 et

2100 5143 2397 5201 supponunt
2423 5135 2494 5187 illi
2538 5133 2720 5188 Liam‘l
2756 5132 2888 5199 Quia
2929 5131 3203 5192 Dominus,
3254 5135 3312 5182 ut
3353 5135 3648 5182 assumeret

2101 5225 2406 5285 Ecclesiam,
2432 5225 2573 5291 prius
2593 5222 2713 5276 sibi
2759 5233 3075 5292 synagogam
3099 5216 3390 5285 conjunxit.
3417 5215 3649 5272 ’ὃαήνῆ

2104 5313 2264 5367 Jacob
2291 5328 2382 5381 pro
2404 5314 2605 5366 duabus
2630 5312 2878 5365 uxoribus
2894 5316 3094 5375 septem
3110 5307 3281 5371 annis,
3311 5315 3526 5372 tempus
3554 5305 3649 5358 hn-

2095 5404 2183 5472 jus
2237 5403 2357 5456 vita:
2385 5401 2640 5471 signiﬁcat
2683 5418 2694 5453 :
2734 5397 2854 5464 quia
2889 5411 2981 5464 per
3026 5405 3224 5462 septem
3275 5396 3392 5449 dies
3443 5405 3650 5458 Iesupus

2099 5493 2385 5558 evolvitur,
2446 5494 2497 5545 in
2542 5506 2644 5560 quo
2702 5488 2951 5544 Dominus
2993 5485 3208 5540 formam
3253 5487 3396 5540 servi
3423 5484 3644 5567 accepit.

2101 5581 2268 5650 lactus
2317 5582 2564 5634 obediens
2609 5593 2773 5644 usque
2797 5575 2860 5629 ad
2907 5587 3164 5630 mortem:
3198 5575 3287 5627 ille
3324 5589 3421 5642 pro
3463 5574 3646 5626 nribus

2100 5671 2330 5725 servivit.
2368 5669 2432 5722 Et
2484 5666 2731 5722 Dominus
2780 5665 2848 5718 ait
2881 5681 2894 5717 :
2927 5662 3045 5718 Non
3090 5664 3218 5716 uenit
3245 5663 3387 5730 [ilius
3429 5659 3650 5714 nominis
