3872 6262
239 383 335 436 ιη

991 380 1054 436 IN
1092 379 1638 438 PEN‘I‘ATEUCIIUI
1679 379 2170 438 COIIIIENTARII.
2202 409 2270 423 —
2307 380 2613 439 GENBSIS.

3306 387 3412 442 258

234 496 528 558 ministrari,
553 495 639 549 sed
662 494 943 547 ministrare
969 509 988 549 :
1014 494 1102 550 ille
1124 509 1250 549 oves
1275 493 1436 560 pavit,
1453 502 1508 547 ct
1527 493 1598 546 ait
1615 533 1631 557 ,
1663 491 1769 562 Ego
1803 497 1842 552 Α
1871 506 2020 555 ores,
2038 501 2095 544 ut
2120 494 2391 560 superius;
2414 494 2643 548 carnalia
2670 509 2892 566 corpora
2914 506 3248 562 sanctorum;
3280 500 3416 552 aric-

231 597 340 635 sunt
379 590 550 648 pastor
577 583 734 635 beatus
757 597 776 636 :
806 581 893 636 ille
947 583 1207 636 mercedis
1257 581 1404 635 luero
1443 570 1643 634 varium
1671 579 1771 633 sibi

233 684 389 740 pecus
414 669 706 738 acquisivit,
734 668 975 724 Christus
1001 671 1326 726 diversarum
1340 671 1570 739 gentium
1602 669 1770 722 varie-

233 770 388 811 tatem
415 760 626 814 sibiun-t
648 759 999 827 congregavit.
1030 758 1121 814 ille
1148 750 1254 813 tres
1279 759 1453 826 virgas
1479 766 1775 824 amputatae

233 849 474 900 inanibus
504 848 554 900 in
581 848 745 901 alveis
769 861 1020 913 aquarqu
1060 848 1266 915 posuit,
1311 857 1369 900 ut
1398 847 1603 900 illarum
1649 861 1774 898 con-

233 938 572 1004 tetuplatione
599 937 1069 1004 niultiplicarentur
1123 937 1196 988 illi
1224 951 1380 1001 oves;
1430 945 1480 989 et
1532 934 1776 988 Dominus

233 1031 416 1078 noster
483 1026 535 1078 iu
588 1039 717 1093 aqua
749 1024 1074 1093 baptismatis
1105 1026 1258 1077 triqu
1310 1017 1650 1092 personarum
1687 1040 1778 1077 no-

235 1127 356 1164 vum
387 1090 654 1181 proposuit
684 1090 873 1181 populo
906 1113 1062 1177 ﬁdeli,
1098 1121 1148 1165 ut
1172 1090 1406 1180 quisq—nis
1437 1112 1591 1180 pleno
1618 1112 1776 1164 corde

236 1201 583 1269 prospexerit,
615 1202 874 1255 efﬁciatur
917 1200 1028 1255 ovis
1065 1200 1181 1254 Dei.
1211 1200 1290 1255 Ab
1316 1202 1431 1253 aliis
1454 1201 1651 1254 idcirco
1674 1201 1778 1267 pii-

235 1305 358 1344 mus
383 1290 580 1345 mensis
628 1291 744 1347 sine
785 1292 1028 1347 mercede
1067 1293 1151 1359 agi
1191 1292 1402 1356 dicitur,
1431 1292 1546 1360 quia
1577 1301 1699 1345 tunc
1727 1291 1776 1344 in

237 1382 464 1449 hospitio
492 1381 605 1436 fuit.
641 1382 816 1436 Laban
845 1397 1054 1451 quoque
1081 1381 1145 1436 ad
1194 1382 1357 1436 Iacob
1402 1388 1496 1450 pro
1537 1381 1777 1449 pudicitia

233 1468 415 1522 dixit:
449 1469 582 1534 Quid
609 1469 849 1522 mercedis
896 1470 1146 1536 accipies.
1201 1470 1310 1523 sive
1361 1485 1454 1536 pro
1500 1470 1780 1524 dilectione

235 1558 377 1610 illius
397 1557 421 1610 τ
442 1557 589 1624 Quod
618 1570 789 1612 autem
835 1557 928 1612 Lia
971 1559 1022 1610 in
1053 1566 1207 1611 nocte
1235 1559 1568 1627 conjungitur
1594 1557 1776 1623 Iacob,

235 1645 496 1713 signiﬁcat
521 1661 838 1718 synagogam
873 1646 978 1702 Deo
998 1647 1330 1714 cuujunctam
1363 1648 1412 1700 iu
1441 1646 1668 1700 tenebris
1697 1646 1780 1699 lit-

235 1744 397 1798 terae;
445 1734 693 1804 turbaque
747 1736 1034 1790 amicorum
1092 1736 1213 1816 Liui.
1257 1736 1515 1804 signiﬁcat
1574 1736 1778 1789 turbam

1877 589 1975 646 tes,
2005 580 2246 636 doctores
2268 590 2501 637 sanctos.
2622 606 2634 617 -

2416 666 2634 722 CAPUT
2673 667 2840 723 XXXI

1944 753 2126 808 Decem
2165 755 2351 809 uiribus
2381 759 2594 810 ntutatn't
2623 760 2896 812 mercedem
2941 775 3123 812 nteant.
3163 759 3272 814 lloc
3317 777 3415 830 pro

1874 840 2227 910 magnitudine
2274 842 2486 908 dicitur,
2536 845 2647 900 sive
2689 857 2784 915 pro
2823 847 3197 902 consuetudine
3244 847 3417 903 homi~

1875 944 1993 982 num
2031 929 2290 1008 loquendi,
2328 932 2436 986 sive
2460 947 2549 999 pro
2570 933 2796 1002 quinque
2822 935 2991 999 asinis,
3027 936 3220 1003 quibus
3250 936 3414 992 Iacob

1875 1020 2091 1073 servivit
2125 1020 2188 1074 ad
2241 1021 2433 1074 Laban.
2473 1020 2526 1075 In
2563 1026 2790 1090 qn'ulue
2826 1035 3000 1077 autem
3039 1027 3189 1079 annis
3238 1027 3421 1082 habuit

1877 1110 2058 1164 decem
2089 1109 2245 1174 vices,
2285 1112 2401 1178 quia
2429 1125 2551 1164 oves
2574 1109 2962 1178 Mesopotamia:
2982 1113 3061 1166 bis
3087 1116 3316 1181 gravida:
3373 1121 3422 1170 in

1877 1213 2017 1252 anno
2068 1199 2451 1268 intelliguntur.
2480 1199 2641 1252 Iacob
2673 1210 2846 1254 autem
2902 1200 3064 1264 solus
3094 1203 3306 1257 intravit
3358 1207 3422 1257 ad

1878 1287 2073 1350 Laban,
2104 1290 2180 1342 sic
2207 1300 2260 1343 et
2306 1290 2546 1344 Christus
2587 1290 2926 1365 ,singttlariter
2955 1291 3017 1345 ad
3057 1292 3318 1345 diabolum
3373 1296 3423 1346 iu

1877 1379 2124 1432 mundum
2156 1379 2398 1442 intravit;
2449 1388 2502 1432 ct
2529 1379 2664 1432 sicut
2691 1378 2854 1432 Iacob
2880 1380 2946 1432 de
2985 1381 3276 1433 substantia
3318 1381 3420 1433 La-

1876 1466 1977 1518 ban
2005 1466 2151 1520 dives
2189 1466 2354 1520 factus
2391 1478 2492 1529 est,
2524 1468 2598 1521 sic
2647 1476 2701 1522 et
2747 1468 2984 1522 Christus
3021 1470 3212 1524 ditatus
3249 1482 3328 1524 cst
3355 1472 3422 1525 tle

1879 1555 2167 1608 substantia
2192 1556 2406 1610 diaboli.
2437 1556 2570 1622 Quid
2613 1568 2785 1610 autem
2814 1558 3066 1624 signiﬁcat
3101 1560 3218 1622 hoc,
3282 1561 3420 1629 quod

1878 1651 1994 1711 post
2012 1643 2310 1698 servitutem
2336 1645 2690 1714 longinquam,
2717 1642 2938 1713 Fugiens
2963 1645 3120 1699 Jttcob
3141 1665 3252 1699 cunt
3297 1665 3428 1701 uxo-

1877 1732 2013 1785 ribus
2040 1731 2144 1785 suis
2167 1734 2422 1803 ignorante
2460 1731 2651 1798 Laban,
2678 1750 2971 1802 persequens
3009 1734 3156 1788 illum
3203 1737 3252 1788 in
3279 1754 3421 1790 ruon-

236 1825 652 1890 patriarcharum
688 1835 744 1882 et
773 1828 1164 1896 prophetarum.
1198 1825 1392 1882 Rachel
1431 1841 1555 1882 vero
1595 1827 1644 1880 in
1674 1827 1779 1888 die.

1885 1827 1980 1872 teni
2006 1820 2404 1887 comprehendit,
2427 1829 2474 1874 et
2493 1820 2630 1873 idola
2655 1835 2768 1882 qua:
2796 1819 2982 1873 llacltel
3005 1822 3172 1889 furata
3197 1836 3324 1886 erat,
3350 1828 3424 1876 in-

235 1915 290 1968 id
318 1926 418 1980 est,
452 1915 684 1970 Ecclesia
707 1919 937 1984 gentium
969 1916 1021 1970 in
1043 1916 1129 1970 die
1155 1915 1281 1968 Novi
1311 1913 1652 1981 'l‘cstamenti,
1679 1918 1779 1968 hu-

1881 1906 2104 1976 quisiait,
2134 1917 2180 1960 et
2222 1925 2318 1960 non
2349 1908 2569 1962 invenit!
2621 1908 2792 1962 Laban
2839 1911 3103 1964 diabolum
3147 1911 3422 1978 signiﬁcat,

229 2006 423 2072 jusque
470 2006 756 2059 amicorum
813 2007 980 2060 turbae
1031 2004 1346 2075 signiﬁcant.
1370 2005 1655 2080 apostolos,
1695 2006 1780 2072 qui

231 2103 361 2147 sunt
382 2093 534 2147 amici
558 2093 667 2163 Dei,
696 2094 948 2148 Ecclesia:
979 2094 1233 2162 gentium.
1267 2094 1330 2147 Et
1360 2094 1563 2147 vocavit
1592 2108 1781 2147 nomen

235 2183 378 2237 illius
409 2183 608 2250 Ruben,
653 2185 741 2254 qui
791 2184 1061 2240 doctorem
1099 2185 1386 2252 perlectum
1417 2185 1676 2255 signiﬁcat
1724 2187 1777 2239 in

233 2275 484 2329 Ecclesia.
511 2275 783 2330 Videntem
810 2275 963 2339 ﬁlios,
993 2275 1045 2330 id
1072 2284 1180 2342 est,
1215 2277 1266 2329 in
1302 2275 1565 2339 Ecclesia;
1598 2275 1676 2329 vel
1706 2275 1782 2328 vi-

229 2366 441 2419 dentem
495 2365 628 2420 lilios
677 2366 1064 2432 hereticorum,
1141 2381 1338 2421 etnon
1389 2369 1780 2434 permittentem

231 2452 471 2508 habitare
491 2454 542 2508 in
575 2455 829 2509 Ecclesia.
859 2455 1068 2509 Simeon
1096 2470 1220 2509 vero
1244 2455 1502 2524 signiﬁcat
1530 2456 1778 2523 populum

231 2543 610 2610 Christianum,
633 2545 720 2613 qui
743 2545 887 2598 audit
908 2546 1070 2612 legem
1099 2545 1150 2597 iu
1180 2554 1416 2613 tempore
1439 2543 1568 2598 Novi
1592 2544 1780 2598 Testa-

237 2633 424 2686 tneuti.
460 2633 568 2686 Duo
593 2635 747 2686 simul
781 2635 867 2687 lilii
926 2634 1031 2688 Litc
1075 2635 1372 2705 signiﬁcant
1403 2635 1536 2689 duos
1565 2633 1782 2702 populos
1826 2684 1830 2688 .

240 2720 513 2776 Ecclesiae.
555 2721 738 2777 Ruben
769 2723 1016 2792 populum
1061 2724 1384 2789 Ittdteorum,
1411 2725 1500 2792 qui
1543 2724 1670 2777 vivit
1692 2739 1782 2790 ραι·

239 2811 662 2878 legetn:Simeon
690 2815 935 2882 populum
962 2815 1332 2883 geutilem,qui
1354 2817 1498 2869 audit
1521 2817 1686 2882 legem
1716 2817 1780 2868 ab

244 2901 498 2966 apostolis
541 2911 699 2970 atque
725 2901 1046 2968 doctoribus,
1075 2913 1124 2955 ut
1170 2904 1292 2955 alibi
1323 2903 1554 2956 dicitur:
1591 2904 1779 2958 Oculus

209 2989 405 3061 _rideus
451 2991 784 3045 testimonium
810 2977 1096 3061 perhibebat
1124 2993 1267 3055 mihi,
1298 3002 1344 3045 et
1392 2994 1533 3046 auris
1572 2994 1778 3047 audiens

236 3077 534 3146 beatiﬁcauit
558 3096 654 3136 nte.
681 3080 743 3134 Et
769 3079 974 3135 vocavit
995 3095 1188 3146 nomen
1216 3081 1353 3135 illius
1392 3081 1534 3145 Levi,
1563 3084 1649 3150 qui
1700 3082 1779 3137 in-

1878 2015 1996 2054 cum
2023 2002 2158 2054 aliud
2199 2003 2441 2067 superius
2467 2001 2796 2070 signiﬁcavit.
2829 2002 3003 2056 Laban
3054 2004 3423 2070 interpretatur

1879 2086 2176 2141 dealbatio:
2219 2104 2338 2141 cum
2386 2090 2525 2143 enim
2588 2091 2656 2142 sit
2707 2089 2942 2143 diabolus
2989 2093 3320 2157 tenebrosus,
3358 2110 3422 2146 ex

1880 2177 2066 2229 merito
2094 2179 2429 2244 transligurat
2455 2192 2512 2232 se
2541 2177 2593 2232 in
2614 2179 2853 2244 angelum
2903 2181 3052 2234 lucis.
3085 2181 3216 2234 lluie
3246 2183 3421 2234 servi-

1880 2266 1954 2317 vit
1988 2262 2169 2330 Iacob,
2201 2264 2250 2318 id
2276 2276 2374 2332 est,
2409 2281 2472 2319 ca
2501 2277 2644 2334 parte
2672 2268 3011 2336 reprobormn
3053 2269 3298 2325 Iudaicus
3329 2287 3423 2338 po-

1882 2353 2052 2419 pulus,
2095 2369 2159 2408 es
2203 2356 2351 2423 cujus
2405 2369 2565 2410 carne
2607 2357 2909 2411 incarnatus
2959 2359 3206 2412 Dominus
3259 2363 3420 2414 venit.

1885 2440 2063 2496 Potest
2086 2441 2244 2496 etiam
2283 2459 2374 2522 per
2404 2442 2578 2499 itaban
2609 2445 2832 2500 mundus
2859 2449 3102 2516 exprimi,
3141 2450 3228 2517 qui
3252 2450 3425 2503 lurore

1880 2532 2043 2587 Iacob
2074 2537 2406 2602 persequitur
2426 2538 2622 2591 electos
2644 2553 2910 2607 quasque:
2945 2543 3032 2607 qui
3061 2542 3427 2612 Redemptoris

1881 2626 2045 2675 nostri
2077 2626 2310 2677 membra
2341 2635 2482 2688 sunt,
2528 2628 2823 2694 opprimere
2869 2641 3111 2685 conatur.
3158 2631 3320 2700 llnjus
3360 2638 3421 2688 ﬁ-

1887 2709 2002 2774 lias,
2033 2710 2084 2764 id
2109 2721 2209 2778 est,
2242 2713 2442 2777 mundi,
2474 2713 2586 2768 sive
2606 2716 2818 2780 diaboli,
2856 2717 3019 2772 Iacob
3048 2723 3283 2786 abstulit,
3307 2739 3423 2777 cum

1879 2796 2118 2852 Christus
2143 2798 2241 2852 sibi
2268 2800 2554 2852 Ecclesiaut
2590 2816 2654 2855 ex
2685 2805 2966 2870 gentilitate
2985 2817 3036 2860 et
3058 2823 3120 2860 ex
3149 2824 3178 2859 c
3203 2814 3422 2864 rcumci-

1879 2886 2031 2939 sione
2069 2885 2364 2954 conjunxit,
2388 2901 2542 2956 quam
2569 2904 2632 2958 ea
2660 2891 2816 2944 domo
2842 2895 3002 2960 patris
3023 2899 3269 2962 ettraltit,
3299 2915 3419 2953 cum

1879 2973 2072 3026 dicitur
2103 2990 2116 3025 :
2152 2974 2449 3028 Ubliviscere
2485 2977 2726 3046 populum
2757 2987 2915 3044 tuum,
2943 2991 2990 3033 et
3020 2983 3223 3036 domum
3268 2990 3422 3055 patris

1879 3063 1969 3115 tui.
2022 3062 2155 3129 Quid
2187 3079 2312 3120 vero
2367 3067 2416 3118 iu
2465 3067 2638 3132 idolis,
2675 3068 2772 3120 nisi
2816 3071 3035 3124 avaritia
3086 3071 3424 3144 designatur?

239 3141 562 3236 terpretatur
591 3170 852 3239 c0pulatio
886 3190 898 3225 :
953 3142 1213 3240 signiﬁcat
1253 3172 1501 3241 populum
1523 3141 1779 3228 Christi»

1890 3154 2036 3211 Unde
2076 3156 2197 3210 dicit
2251 3159 2572 3227 Aposmlus:
2628 3162 2866 3224 Avaritia,
2917 3181 3028 3232 quae
3055 3177 3125 3218 est
3178 3141 3428 3222 idolorum

237 3271 366 3309 num
383 3257 708 3324 copulantem
732 3257 942 3314 Christo
957 3273 1140 3315 omnes
1156 3272 1365 3315 sanctos
1387 3275 1478 3328 per
1491 3261 1782 3316 doctrinam
1808 3334 1811 3335 ν

239 3360 414 3400 suam.
471 3348 631 3403 Iudas
679 3363 804 3404 vero
846 3352 1060 3418 ﬁguram
1087 3349 1282 3405 Christi
1324 3354 1507 3419 tenuit,
1557 3352 1778 3407 dicens:

243 3433 499 3502 Conﬁteor
543 3436 663 3504 tibi,
720 3435 873 3492 Pater
932 3441 1049 3493 caeli.
1076 3449 1124 3492 et
1144 3450 1320 3506 terra;
1374 3441 1485 3496 sive
1538 3442 1782 3509 populum

237 3521 616 3592 Christianum,
644 3527 730 3593 qni
759 3529 1038 3582 conﬁtetur
1065 3526 1227 3592 Patri,
1252 3538 1305 3584 et
1350 3529 1501 3596 Filio,
1530 3538 1586 3584 et
1607 3530 1782 3597 Spiri-

241 3611 320 3662 tui
368 3603 570 3668 saneto.
619 3615 813 3670 Rachel
852 3625 1023 3670 autem
1053 3619 1263 3686 quando
1309 3606 1576 3687 conjunxit
1604 3620 1777 3690 Balam

195 3727 200 3730 -
241 3698 311 3752 ad
333 3696 511 3762 Iacob,
540 3699 794 3768 signiﬁcat
837 3715 1150 3773 synagogam
1197 3703 1517 3772 Iudzeorum,
1562 3705 1658 3760 sed
1712 3721 1780 3762 es

243 3797 392 3856 parte
417 3790 768 3856 apostolorum
799 3791 1090 3846 Ecclesium
1116 3794 1326 3848 Christo
1352 3795 1776 3864 conjungentem.
1806 3782 1812 3789 ’

243 3873 489 3944 Egressus
531 3887 696 3930 autem
739 3876 909 3932 Ruben
936 3881 1117 3934 inuenit
1140 3883 1520 3954 mandragoras.
1555 3884 1662 3939 lloc
1683 3899 1778 3951 ge-

238 3978 344 4019 stus
367 3964 491 4035 ligni
536 3965 603 4021 ab
627 3967 744 4022 aliis
770 3968 960 4023 dicitur
1007 3971 1401 4027 similitudinem
1431 3975 1658 4030 hominis
1683 3975 1779 4029 ba-

213 4043 369 4108 ‘bere
411 4062 513 4109 tam
566 4056 615 4109 in
661 4056 924 4122 manibus,
961 4073 1118 4126 quam
1170 4060 1224 4114 in
1273 4061 1511 4130 pedibus,
1573 4065 1687 4118 sive
1727 4065 1780 4119 in

177 4207 184 4214 ἢ
238 4143 439 4210 digitis,
485 4145 598 4199 sive
623 4147 797 4214 capite
828 4163 840 4198 :
870 4157 1026 4214 caput
1052 4150 1225 4203 tamen
1255 4164 1357 4203 non
1400 4152 1671 4214 habentes,
1727 4152 1778 4207 id

235 4240 349 4293 est.
375 4233 659 4300 Christum,
688 4233 778 4302 qui
802 4246 884 4288 est
901 4248 1055 4303 caput
1081 4238 1346 4294 Ecclesiae.
1372 4239 1548 4295 Laban
1575 4241 1778 4311 signiti-

233 4334 326 4381 cat
347 4327 596 4395 populum
620 4327 938 4396 imperitum,
986 4331 1247 4398 quialbas
1278 4347 1369 4398 per
1417 4331 1680 4397 haeresim,
1725 4342 1780 4387 et

1885 3246 2111 3299 seruitus.
2143 3246 2318 3300 Laban
2349 3263 2472 3302 vero
2502 3252 2716 3304 veniens
2754 3253 2890 3319 apud
2920 3253 3100 3321 Iacob,
3143 3273 3244 3310 non
3281 3262 3421 3315 inve-

1884 3341 2036 3390 niens
2069 3353 2082 3388 :
2110 3337 2251 3404 quia,
2277 3340 2502 3391 ostensis
2528 3340 2704 3393 mundi
2754 3343 3028 3405 thesauris,
3081 3346 3317 3400 diabolus
3369 3351 3420 3401 in

1885 3423 2232 3490 Redemptore
2277 3436 2453 3486 nostro
2481 3426 2694 3494 vestigia
2735 3435 2956 3482 terrente
2982 3434 3422 3497 eoncupiseentim

1881 3525 1987 3563 non
2016 3509 2242 3574 invenit;
2282 3510 2373 3564 sed
2396 3525 2512 3579 qnte
2543 3528 2644 3566 non
2675 3515 2852 3568 habuit
2875 3509 3105 3584 actibus:
3125 3521 3209 3573 illa
3234 3525 3422 3578 seden-

1880 3597 1950 3649 do
1975 3594 2166 3650 Rachel
2195 3607 2485 3666 c00pertnt.
2514 3597 2614 3654 Per
2655 3600 2850 3657 Rachel
2899 3607 3108 3676 quippe,
3159 3625 3259 3677 qua
3308 3615 3424 3665 ovis

1881 3685 1971 3740 Dei
1994 3687 2187 3741 dicitur
2236 3688 2468 3743 Ecclesia
2517 3693 2860 3761 s‘gniﬁcatur.
2895 3696 3092 3751 Sedere
3117 3704 3310 3766 autem,
3341 3713 3423 3756 est

1882 3777 2226 3845 humilitatem
2269 3783 2586 3849 poenitentiae
2609 3793 2875 3851 appetere.
2921 3787 3114 3841 Rachel
3173 3803 3299 3857 ergo
3338 3809 3422 3846 se-

1880 3867 2052 3921 dendo
2087 3871 2310 3935 Operuit,
2360 3874 2480 3939 quia
2521 3883 2698 3927 sancta
2750 3874 2976 3930 Ερυιθείςι
3026 3879 3290 3935 Christum
3335 3899 3424 3938 se-

1879 3970 2065 4024 quens,
2095 3966 2315 4012 terrenae
2337 3963 2774 4028 concupiscentia:
2799 3964 2977 4019 vitium
3034 3981 3127 4040 per
3156 3973 3421 4027 lunnilita-

1881 4055 1985 4100 tem
2038 4049 2352 4114 paenitentia:
2388 4053 2611 4119 operuit.
2661 4052 2736 4106 De
2766 4054 2861 4108 bac
2890 4063 3226 4124 conperlione
3265 4067 3418 4119 vitio-

1879 4154 1993 4190 rum
2013 4137 2203 4193 dicitur
2232 4157 2243 4191 :
2277 4137 2421 4192 Beati
2444 4157 2654 4208 quorum
2683 4145 2900 4197 remissa:
2950 4158 3064 4199 sunt
3107 4152 3414 4220 iniquitates,

1878 4237 1933 4283 et
1963 4229 2180 4297 reliqua.
2207 4229 2400 4284 Rachel
2429 4233 2688 4300 signiﬁcat
2729 4250 2846 4298 nos,
2878 4227 2968 4305 (ιῖιί
3009 4239 3143 4293 idola
3185 4244 3415 4298 sedendo

1878 4316 2244 4385 deprimimus,
2273 4320 2455 4386 culpas
2482 4320 2709 4376 avaritia:
2741 4326 3041 4392 pmnitendo
3061 4329 3368 4386 damnamus
3399 4353 3414 4390 :

237 4412 413 4483 ηῖκη,
440 4429 533 4483 ρει»
563 4424 831 4484 pecuum
859 4417 1060 4472 ,ηίηηι
1088 4419 1296 4483 amem,
1354 4422 1563 4488 quando
1591 4423 1774 4491 ριιρειε
1807 4457 1857 4513 ο
1879 4422 1996 4513 qua
2021 4410 2198 4476 utique
2237 4409 2852 4513 avaritiasimmunditia,
2884 4431 2986 4513 non
3026 4420 3132 4474 illis
3161 4421 3264 4489 qui;
3288 4426 3416 4478 viri-

239 4503 510 4557 advenerit
539 4513 766 4573 tempus,
810 4505 860 4574 id
880 4516 979 4570 est,
1012 4517 1240 4562 tonsura:
1265 4508 1461 4574 ovium,
1507 4512 1588 4564 vel
1638 4512 1774 4565 divi-

235 4592 423 4646 sionis.
454 4590 630 4647 Laban
657 4609 883 4664 quoque,
934 4596 1083 4672 cujus
1135 4600 1349 4664 ﬁgurant
1405 4609 1546 4653 tenet
1575 4601 1625 4654 in
1675 4601 1775 4656 hoc

238 4685 381 4749 loco,
421 4683 574 4751 paulo
599 4692 722 4738 ante
735 4684 926 4739 dletum
952 4697 1051 4742 est.
1074 4683 1234 4744 Iacob
1267 4690 1384 4744 sine
1410 4689 1568 4744 dubio
1617 4690 1772 4747 Chri-

235 4778 383 4827 stum
413 4772 700 4842 signiﬁcat;
731 4781 837 4829 tres
857 4781 1029 4830 autem
1052 4776 1230 4847 virga,
1261 4791 1365 4834 tres
1392 4780 1558 4849 leges;
1588 4793 1775 4834 carna-

238 4863 336 4929 lia,
362 4856 600 4935 eaentpla
630 4866 1061 4936 patriarcharum.
1087 4870 1457 4940 prophetarum
1480 4883 1534 4928 et
1561 4882 1775 4940 aposto-

245 4953 450 5021 lorutn‘;
478 4969 610 5022 aqua
634 4955 796 5025 posita
825 4956 876 5010 in
904 4958 1189 5025 canalibus,
1241 4975 1334 5027 per
1352 4965 1593 5031 exempla
1619 4977 1776 5031 supra

242 5041 503 5096 dictorum
529 5044 785 5115 signiﬁcat
815 5036 1123 5115 baptismum
1155 5064 1170 5100 :
1197 5063 1323 5103 oves
1345 5053 1521 5118 variat,
1575 5055 1778 5109 animas

243 5139 544 5215 sanctorum
570 5135 871 5202 diversitate
897 5139 1143 5193 virtutum
1169 5140 1378 5205 arietes,
1405 5145 1626 5210 apostoli
1655 5160 1672 5199 :
1711 5147 1778 5202 de

244 5216 439 5286 quibus
469 5220 680 5290 dicitur,
709 5227 896 5294 Alme
922 5228 1136 5284 Domitio
1159 5230 1254 5294 ﬁlii
1283 5229 1377 5284 Dei
1428 5246 1593 5302 usque
1643 5237 1774 5291 sris-

245 5317 376 5393 ωειιῖ
394 5307 542 5364 Sicut
565 5314 702 5368 enim
730 5329 913 5374 omnes
939 5334 1066 5375 oves
1093 5319 1282 5374 diversi
1299 5321 1490 5374 coloris
1505 5325 1776 5393 assignan-

241 5391 528 5458 turIacob,
573 5396 653 5451 sic
698 5401 885 5457 anima:
933 5415 1228 5460 snietorum
1265 5405 1510 5476 diversae,
1583 5391 1638 5461 et
1685 5427 1778 5477 pro

239 5483 404 5536 variis
417 5485 691 5541 virtutibus
705 5487 929 5546 Christo.
967 5495 1130 5550 Aliter
1152 5505 1256 5550 tres
1285 5497 1463 5563 virgae.
1488 5497 1774 5564 Christum,

232 5583 294 5625 et
328 5573 572 5642 Spiritum
601 5588 854 5644 sanctum,
901 5590 953 5634 ct
994 5583 1205 5639 Mariam
1235 5573 1526 5652 signiﬁcant
1560 5602 1572 5636 :
1614 5587 1776 5642 Iacob

237 5672 413 5719 autem
463 5665 622 5720 Deum
677 5666 915 5733 Patrem;
955 5683 1089 5738 aqua
1140 5673 1428 5729 doctrinam
1477 5674 1772 5745 Evangelii;

1881 4497 1999 4548 liter
2025 4507 2260 4562 currunt,
2307 4498 2398 4552 sed
2438 4499 2518 4553 his
2549 4503 2772 4556 maxime
2813 4506 3079 4570 eveniunt,
3133 4509 3220 4577 qni
3270 4513 3418 4568 0082i

1874 4583 2173 4641 cti‘eminato
2198 4602 2380 4656 gressu
2399 4591 2720 4657 gradientes,
2752 4605 2845 4658 per
2873 4594 3224 4650 blandimenta
3260 4599 3416 4668 hujus

1874 4674 2051 4728 mundi
2083 4676 2432 4730 resolvuntur.
2461 4677 2608 4731 Unde
2637 4679 2745 4732 illic
2773 4681 3007 4748 eiusdem
3035 4685 3277 4741 llaehelis
3302 4704 3418 4743 γει·-

1876 4764 1936 4817 ba
1968 4774 2108 4828 sunt,
2136 4764 2282 4833 juxta
2305 4768 2735 4823 consuetudinem
2767 4771 3075 4826 feminarum
3102 4790 3116 4827 :
3147 4773 3301 4829 Nunc
3331 4795 3414 4831 ae-

1875 4853 1993 4907 citlit
2014 4854 2156 4907 milii.
2186 4852 2417 4908 Inierunt
2442 4866 2604 4910 autem
2628 4858 2788 4926 [rudus
2803 4862 2938 4912 inter
2965 4859 3136 4916 Laban
3161 4873 3210 4916 et
3229 4861 3414 4930 Iacob,

1875 4955 2132 5013 postquam
2158 4955 2440 5011 persecutus
2467 4956 2540 4999 est
2569 4947 2712 5000 illum
2759 4949 2949 5001 Laban.
2982 4949 3213 5015 Tulitqus
3249 4952 3413 5007 Iacob

1879 5033 2112 5102 lapidem,
2157 5040 2202 5085 et
2229 5033 2382 5086 erexit
2405 5033 2546 5086 illum
2573 5037 2624 5086 in
2659 5037 2877 5102 titulum,
2909 5054 3050 5105 quem
3105 5041 3287 5104 vocarit
3315 5040 3416 5094 La-

1875 5125 1993 5190 ban,
2024 5122 2266 5178 Trimulus
2314 5127 2472 5181 testis.
2521 5125 2588 5195 Et
2623 5126 2786 5182 Iacob
2837 5143 3078 5182 acervum
3129 5131 3412 5186 testimonii

1876 5213 2012 5268 inter
2039 5211 2238 5276 ﬁdeles.
2264 5213 2346 5268 cui
2371 5222 2475 5268 tam
2495 5214 2706 5269 Indteos
2722 5231 2878 5283 quam
2909 5227 3114 5285 gentes,
3146 5220 3295 5272 testis
3329 5225 3411 5276 est

1878 5301 2010 5370 lapis
2029 5302 2288 5368 eminens,
2321 5303 2370 5355 id
2401 5313 2502 5368 est,
2531 5302 2772 5357 Christus
2804 5320 2817 5354 :
2847 5319 3064 5356 acervus
3083 5304 3333 5372 lapidum,
3359 5309 3410 5364 id

1876 5405 1977 5458 est,
2013 5393 2289 5447 multitudo
2316 5406 2635 5447 sanctorum.
2679 5394 2859 5448 Omnis
2903 5391 3204 5450 substantia
3247 5399 3411 5454 Iacob

1878 5500 2030 5554 quam
2062 5486 2490 5553 tulit,‘popnlutn
2528 5485 2881 5542 Christianum
2914 5489 3213 5556 signiﬁcat:
3264 5493 3406 5545 scr.vi
3448 5469 3460 5480 ’

1877 5586 2074 5641 autem,
2099 5575 2215 5628 illos
2242 5575 2327 5642 qui
2352 5574 2614 5629 Christum
2639 5577 2820 5630 timent
2855 5593 2867 5629 :
2891 5577 3074 5632 cameli
3101 5594 3259 5642 super
3277 5595 3409 5648 quos

1880 5665 2086 5734 [intuitur
2106 5664 2420 5731 substantia,
2445 5663 2605 5721 fortes
2635 5665 2812 5723 indide
2856 5668 2965 5731 sive
3006 5667 3223 5721 tortuosi
3247 5673 3400 5732 sunt;
