3872 6262
432 402 537 458 259

926 394 1125 450 ΒΕΒᾹΞ
1170 393 1619 449 VENERAIIILIS
1654 390 1935 447 OPERUM
1981 389 2151 446 PAllS
2192 393 2255 447 II.
2292 363 2362 434 -έ
2404 392 2794 450 EXEGETICA
2830 392 3151 449 GENUINA.

3558 393 3684 450 ἰω

433 514 567 568 asini
600 524 742 574 vero,
772 508 1037 576 simplices
1059 517 1200 559 sunt.
1237 507 1382 562 Sicut
1406 515 1579 560 antem
1597 506 1757 560 Iacob
1775 519 1988 558 omnem
2019 489 2401 589 A;benedictus
2447 519 2579 571 erat,
2623 521 2676 563 et
2703 510 2950 574 claudus;
3002 509 3306 564 benedictus
3337 512 3390 564 in
3421 512 3502 566 his
3566 520 3680 580 qm

433 601 682 654 familiam
709 613 855 651 suam
888 597 1113 665 portavit
1157 611 1248 664 per
1277 599 1417 663 ripas
1447 594 1674 650 ﬁuminis
1707 595 1994 664 Euphratis

432 689 496 742 ad
531 698 719 742 terram
750 684 1172 750 repromissionis
1205 700 1217 735 :
1250 684 1326 737 sic
1374 695 1427 738 et
1476 682 1716 737 Christus
1767 684 1993 750 portavit

435 775 1063 844 mpnhnaChristiannm
1095 786 1186 840 per
1214 771 1350 824 vinas
1399 770 1644 839 baptismi
1687 771 1751 824 ad
1803 786 1992 824 novum

433 846 869 929 Testamentum,
890 864 972 918 vel
1024 863 1086 915 ad
1114 875 1331 932 regnum
1361 861 1636 916 caalorum.
1666 859 1827 915 Iacob
1878 876 1993 928 per-

435 976 562 1029 gens
592 960 654 1014 ad
680 959 843 1024 Isaac,
873 957 1137 1027 signiﬁcat
1162 956 1432 1010 Christum
1465 963 1768 1025 pergentem
1800 957 1863 1009 ad
1900 957 1995 1010 Pa-

439 1061 570 1104 trem
597 1051 648 1102 in
677 1049 892 1102 caelum.
915 1047 1168 1115 Quodque
1191 1046 1404 1111 dici.nr,
1442 1045 1622 1100 Noluit
1651 1047 1810 1100 Iacob
1838 1047 1998 1114 conﬁ-
2043 1094 2052 1105 ,

443 1141 539 1192 teri
571 1154 742 1191 socero
763 1153 874 1201 suo,
903 1136 1163 1206 signiﬁcat
1191 1134 1456 1189 Christum
1489 1136 1735 1189 latentem
1764 1152 1790 1187 a
1818 1136 1997 1190 diabo-

441 1234 515 1293 lo,
540 1239 596 1282 ut
622 1228 898 1297 perﬁceret
945 1227 1008 1280 ad
1041 1228 1177 1294 quod
1212 1228 1387 1291 venit;
1418 1227 1666 1294 quodque
1721 1225 1994 1294 sequitur,

439 1316 566 1370 Cave
613 1333 674 1370 ne
701 1318 966 1384 quicquam
993 1331 1167 1384 aspere
1223 1316 1236 1350 -’
1311 1317 1442 1368 :earis
1485 1328 1659 1368 contra
1686 1313 1866 1379 Iacob,
1925 1314 1998 1368 si-

439 1410 654 1476 gniﬁcat
697 1411 858 1463 Deum
887 1411 1091 1463 Patrem
1143 1422 1245 1462 non
1300 1409 1690 1478 permittentem
1730 1407 1996 1463 diabolum

440 1501 650 1555 Christo
683 1514 896 1563 nocere,
931 1510 982 1553 et
1015 1500 1204 1567 popqu
1229 1499 1550 1554 Christiano.
1573 1497 1638 1552 Et
1666 1499 1834 1569 abigas
1865 1499 1999 1564 ﬁlias

439 1609 619 1645 meas:
670 1592 770 1645 hoc
823 1602 944 1658 εει,
995 1606 1215 1657 persona
1263 1591 1481 1660 diaboli,
1529 1593 1574 1646 si
1625 1595 1882 1660 potuisset
1932 1590 1997 1645 ad

444 1685 708 1738 Christum
740 1683 906 1752 loqui.
947 1681 1097 1749 Quod
1144 1692 1319 1737 autem
1349 1683 1524 1736 Lahan
1555 1692 1608 1737 et
1635 1681 1796 1736 Iacob
1843 1690 1998 1735 ambo

405 1801 408 1804 ~
437 1781 695 1826 venerunt
723 1787 814 1839 per
845 1771 1185 1838 Euphratem,
1213 1771 1476 1841 signiﬁcat
1495 1772 1626 1826 duos
1653 1774 1876 1841 populos
1905 1787 1995 1826 ve-

391 1899 399 1904 ν
442 1865 647 1917 nientes
696 1877 790 1930 per
827 1861 1163 1930 baptismum.
1222 1861 1394 1915 Laban
1427 1871 1601 1915 tamen
1627 1876 1891 1923 reversus,
1944 1870 1996 1916 et

443 1966 626 2003 nillth
652 1947 905 2019 quierant
928 1965 1050 2004 cum
1083 1950 1195 2018 illo,
1229 1952 1488 2020 signiﬁcat
1538 1951 1658 2004 illos
1694 1950 1782 2019 qni
1827 1951 1998 2019 bapti-

448 2040 550 2093 smi
572 2040 879 2108 d'gnitatem
906 2056 1010 2094 non
1033 2041 1320 2108 complent,
1351 2053 1401 2094 et
1433 2053 1773 2096 revertuntur
1802 2043 1866 2096 ad
1915 2043 1999 2097 lit-

449 2141 634 2183 teram.
669 2130 812 2184 Mons
843 2118 1039 2197 autem,
1093 2132 1329 2186 Ecclesia
1374 2132 1501 2187 Novi
1554 2133 1880 2187 Testamenti
1918 2135 1999 2189 in-

452 2219 706 2286 telligitur
761 2234 776 2271 :
835 2219 1173 2288 convivium,
1228 2203 1352 2274 caro
1401 2220 1594 2276 Christi
1639 2231 1694 2276 et
1759 2223 1997 2294 sanguis.

446 2307 512 2361 Et
551 2309 680 2362 dixit
721 2307 880 2363 Iacob
931 2312 1173 2381 fratribus
1221 2313 1367 2366 suis:
1397 2311 1706 2381 Colligamus
1756 2313 1951 2382 lapides
1979 2329 2000 2367 :

442 2401 876 2467 congregatisth
907 2399 1188 2466 lapidibus,
1234 2398 1477 2455 fecerunt
1521 2413 1794 2466 acervum,
1819 2410 1872 2453 et
1903 2415 2001 2454 vo-

439 2488 579 2539 cavit
627 2487 773 2541 illum
806 2487 978 2542 Laban
1009 2498 1230 2542 acervus
1266 2488 1439 2554 testis,
1487 2496 1544 2542 et
1570 2486 1734 2541 Iacob
1779 2502 1999 2542 acervus
2037 2541 2046 2546 .

441 2579 746 2633 testimonii.
797 2581 1028 2634 Acervus
1059 2580 1312 2634 llebraica
1342 2579 1516 2648 lingua
1545 2578 1737 2633 dicitur
1766 2579 1999 2634 adnero-

444 2649 550 2721 tes.
575 2667 797 2721 Rursum
839 2669 1012 2736 lingua
1041 2668 1255 2739 Syriaca
1283 2684 1502 2724 acervus
1529 2669 1654 2735 Car,
1700 2673 2001 2724 nominatur

445 2757 822 2825 testimonium,
869 2761 961 2813 sed
1005 2759 1149 2832 utha.
1189 2759 1357 2815 Iacob
1408 2775 1535 2816 vero
1564 2761 1772 2830 Galaat,
1822 2761 1998 2817 Laban
2055 2818 2059 2821 .

443 2844 562 2911 Gal,
587 2847 787 2902 Seduth
814 2849 985 2918 gentis
1013 2861 1122 2905 sua:
1167 2849 1414 2907 sermone
1438 2855 1660 2908 vocavit.
1715 2853 1880 2907 Iacob
1920 2856 2001 2908 in-

448 2947 765 3004 terpretatur
790 2941 1152 3008 supplantator
1182 2942 1399 3006 :lsrael,
1431 2943 1676 3014 princeps
1697 2959 1816 2998 cum
1845 2944 1953 2999 Deo
1982 2962 1995 2998 :

443 3037 497 3083 et
525 3029 624 3083 hoc
653 3029 770 3084 ideo
821 3031 938 3098 quia
965 3047 1083 3086 cum
1117 3033 1223 3088 Deo
1253 3035 1545 3102 pravaluit.

983 3120 1207 3176 CAPUT
1236 3114 1451 3176 XXXII.

517 3205 582 3259 In
615 3206 790 3258 baculo
813 3216 922 3260 mea
965 3210 1172 3263 transivi
1214 3208 1508 3264 Iordanem.
1541 3212 1617 3267 Ac
1660 3214 1703 3267 si
1732 3213 1956 3269 dixisset
1988 3233 1999 3268 :

450 3297 506 3350 In
538 3298 711 3350 medio
763 3296 1035 3352 charitatis
1105 3298 1198 3368 fui,
1258 3317 1376 3356 cum
1429 3318 1531 3356 non
1574 3304 1845 3357 habuerim
1902 3305 2002 3360 nisi

452 3387 692 3441 baculum
738 3381 958 3443 tantum.
1007 3391 1107 3446 Per
1167 3386 1403 3446 baculum
1449 3405 1646 3459 autem,
1704 3409 1845 3448 arma
1889 3412 2005 3464 quan

451 3487 672 3547 utraque
716 3489 870 3533 manu
907 3491 1177 3538 tenentur:
1210 3493 1262 3539 et
1303 3484 1345 3536 si
1380 3486 1475 3540 ista
1506 3487 1768 3538 sententia
1791 3485 2004 3540 Christo

451 3567 728 3632 referatur,
753 3571 966 3623 baculus
995 3571 1214 3637 Christi,
1249 3574 1408 3639 patris
1443 3561 1696 3629 auxilium
1729 3577 1779 3629 in
1808 3576 2005 3643 passio-

448 3673 533 3721 ne,
585 3667 636 3711 et
692 3659 1176 3713 in'resurrectione
1209 3677 1222 3712 :
1253 3663 1340 3729 qui
1396 3663 1641 3718 Christus
1695 3680 1832 3728 nunc
1884 3682 2002 3720 cum

449 3745 647 3798 duabus
674 3746 878 3811 turmis,
913 3748 960 3799 id
991 3758 1093 3812 est,
1125 3749 1330 3803 duobus
1379 3752 1581 3819 populis
1605 3733 1871 3821 egreditur
1913 3773 2006 3821 per

451 3835 760 3903 baptismum
790 3853 803 3889 :
829 3849 996 3889 turma
1019 3845 1194 3891 autem
1221 3840 1392 3892 minor
1414 3855 1531 3894 esse
1587 3842 1799 3907 dicitur,
1846 3860 2001 3910 quam

451 3931 623 3983 turba.
684 3930 740 3985 Si
789 3942 959 3985 autem
991 3932 1054 3985 ad
1107 3932 1374 3986 Christum
1409 3934 1593 3988 referri
1644 3935 1824 4002 possit,
1867 3938 2004 4003 quod

439 4015 599 4084 dicit,
635 4018 767 4072 Erue
787 4036 862 4071 me
891 4022 952 4072 de
980 4037 1128 4073 manu
1156 4020 1292 4074 Esau
1327 4041 1337 4074 :
1380 4039 1445 4077 ex
1480 4036 1623 4090 parte
1649 4027 1825 4078 carnis
1852 4027 2006 4080 intel-

457 4107 721 4176 ligendum
776 4117 878 4161 est.
911 4108 1080 4162 Aliter
1128 4124 1220 4178 per
1267 4111 1556 4165 orationem
1585 4110 1749 4167 Iacob
1806 4118 1856 4167 in
1909 4113 2007 4168 isto

456 4197 592 4259 loro,
624 4197 792 4248 oratio
820 4194 1014 4250 Christi
1048 4212 1139 4263 pro
1169 4213 1265 4251 suo
1311 4200 1502 4267 populo
1541 4200 1851 4255 ostenditur.
1895 4203 2002 4256 Ilu-

457 4301 579 4339 nera
630 4296 802 4340 autem
843 4303 958 4357 qua:
1006 4289 1169 4343 Iacob
1223 4292 1287 4344 ad
1341 4292 1477 4347 Esau
1508 4294 1671 4358 misit,
1711 4295 2007 4361 signiﬁcant

453 4376 568 4427 illos
597 4391 724 4443 quos
741 4376 978 4430 Christus
1001 4379 1198 4430 dimisit
1224 4379 1274 4430 in
1300 4389 1606 4447 potestatem
1635 4382 1853 4436 diaboli.

2095 595 2362 654 Christum
2393 614 2453 654 ex
2487 601 2575 654 illo
2606 603 2797 668 populo
2823 600 3432 667 crediderunt;claudus
3459 606 3510 658 in
3543 606 3687 660 inﬁ-

2095 687 2298 743 delibus
2331 705 2346 742 :
2372 704 2492 744 nam
2524 688 2740 746 femoris
2781 692 3020 758 verbum,
3049 692 3265 748 latitudo
3287 695 3510 764 generis
3541 707 3640 750 est
3661 737 3678 763 ,

2097 775 2176 829 vel
2200 771 2474 832 multitudo
2508 794 2522 830 :
2572 780 2718 832 multi
2749 779 2942 848 quippe
2980 794 3044 834 ex
3073 779 3164 835 illo
3194 781 3388 849 potiqu
3432 781 3684 836 devian-

2097 875 2195 932 tes,
2222 868 2273 921 in
2297 883 2509 923 errores
2546 869 2627 922 sui
2659 870 2876 923 seminis
2903 869 3360 925 claudicaverunt.
3391 870 3666 925 Cleri-lica

2096 967 2268 1009 verunt
2294 958 2447 1022 enim,
2479 952 2666 1028 inquit,
2721 976 2753 1013 a
2778 961 2965 1014 semitis
2991 961 3095 1014 suis
3127 975 3148 1014 :
3178 961 3266 1027 qui
3296 962 3531 1030 populus
3560 977 3682 1017 non

2096 1048 2265 1102 solum
2318 1049 2594 1113 claudicat,
2649 1049 2739 1104 sed
2788 1060 2841 1104 et
2885 1049 3019 1103 ultra
3054 1064 3307 1117 generare
3363 1050 3506 1105 ﬁlios
3564 1067 3683 1105 non

2100 1147 2291 1205 potest.
2323 1140 2558 1208 Denique
2584 1142 2724 1209 quod
2754 1140 2906 1202 dixit.
2939 1154 2998 1214 se
3025 1139 3222 1194 vidisse
3246 1139 3413 1194 Deum
3441 1141 3585 1196 facie
3605 1142 3682 1195 ad

2099 1226 2304 1291 (aciem,
2333 1243 2451 1281 cum
2482 1231 2726 1298 superius
2755 1230 2923 1283 virum
2956 1243 3135 1284 secum
3171 1230 3358 1283 luctari
3404 1245 3683 1286 ωτι-ποι

2098 1315 2507 1387 ritzsigniﬁizat,
2542 1314 2678 1388 “quia
2722 1320 2860 1374 idem
2893 1319 3031 1375 Deus
3073 1321 3230 1374 homo
3272 1321 3489 1377 iuturus
3521 1337 3680 1387 erat,

2097 1407 2186 1478 qui
2215 1423 2336 1463 cum
2359 1409 2520 1464 Iacob
2542 1411 2732 1487 populo
2752 1411 3058 1469 luctaretur.
3087 1411 3442 1468 Historialiter
3475 1424 3674 1468 autem

2099 1501 2197 1553 iste
2221 1500 2299 1554 vir
2321 1500 2408 1568 qui
2431 1500 2725 1554 luctabatur
2749 1513 2868 1554 cum
2896 1500 3078 1567 Iacob,
3108 1502 3425 1558 beneﬁcium
3457 1503 3553 1558 Dei
3576 1520 3684 1558 ex-

2101 1591 2318 1658 primit:
2353 1601 2411 1646 ut
2435 1593 2596 1646 sciret
2622 1593 2818 1658 Iacob,
2869 1594 3006 1663 quod
3048 1595 3177 1649 illud
3220 1611 3324 1651 non
3386 1609 3683 1666 praestaret

2103 1682 2261 1735 Deus.
2295 1682 2412 1750 Ipse
2453 1684 2592 1736 enim
2636 1696 2952 1752 magnopere
2992 1681 3208 1738 fratrem
3260 1699 3417 1740 suum
3451 1688 3681 1742 timuit:

2097 1783 2350 1839 superare
2377 1785 2482 1824 non
2509 1781 2704 1838 posset,
2725 1771 2775 1826 id
2798 1783 2898 1837 est,
2928 1772 3201 1830 voluisset.
3224 1772 3555 1842 Respondet.
3582 1793 3685 1828 cur

2031 1843 2074 1900 Β
2098 1857 2284 1921 quaeris
2311 1873 2491 1911 nomen
2535 1873 2720 1921 nterim,
2755 1870 2806 1912 et
2833 1859 2932 1929 ipsi
2962 1859 3289 1926 impossibile
3311 1864 3625 1930 exprimere
3662 1883 3676 1915 :

2099 1949 2222 2016 quia
2248 1949 2406 2003 sollto
2446 1952 2658 2004 nomine
2686 1951 2882 2005 utimur
2903 1965 3069 2020 usque
3090 1951 3156 2007 ad
3196 1953 3335 2007 diem
3361 1953 3574 2023 iudicii,
3614 1968 3679 2009 ut

2102 2038 2449 2110 Hieronymus
2493 2042 2565 2095 ait
2601 2059 2616 2096 :
2649 2039 2883 2096 Phanuel
2937 2052 3110 2097 autem
3153 2040 3313 2098 facies
3348 2043 3439 2098 Dei
3493 2047 3683 2101 inter-

2097 2141 2358 2194 pretatur.

2627 2198 2850 2253 CAPUT
2895 2198 3131 2253 XXXIII.

2176 2286 2335 2340 Primi
2380 2302 2504 2341 vero
2531 2297 2582 2342 et
2605 2288 2822 2342 secundi
2846 2297 2898 2342 et
2921 2289 3192 2344 novissimi
3222 2289 3275 2344 in
3306 2292 3665 2346 multitudine

2099 2373 2285 2436 Iacob,
2320 2374 2500 2436 plebes
2539 2375 2786 2429 Ecclesia:
2824 2376 3143 2444 signiﬁcant.
3193 2379 3347 2433 Servi
3400 2391 3580 2433 autem
3617 2392 3678 2434 et

2111 2461 2318 2514 ancillae
2361 2462 2531 2529 primo
2578 2465 2880 2528 mittuntur,
2936 2464 3186 2534 coniuges
3219 2466 3518 2536 signiﬁcat.
3573 2468 3668 2522 Lia

2105 2565 2232 2606 vero
2260 2561 2316 2607 et
2343 2552 2435 2605 ﬁlii
2457 2552 2626 2611 _illius
2672 2554 2722 2607 in
2768 2555 3002 2609 secundo
3033 2557 3169 2619 loco,
3223 2557 3549 2624 praenitentes
3583 2561 3670 2613 vel

2102 2643 2456 2698 continentes.
2493 2643 2684 2699 Rachel
2714 2653 2767 2698 et
2794 2643 2993 2713 Ioseph
3017 2629 3075 2698 in
3103 2645 3415 2712 novissimo,
3441 2659 3667 2702 sanctos

2099 2735 2191 2804 qni
2219 2735 2430 2790 Christo
2462 2734 2624 2805 prope
2653 2747 2797 2801 sunt,
2830 2738 3113 2808 signiﬁcat.
3142 2740 3292 2806 Quod
3323 2750 3507 2795 autem
3531 2743 3670 2796 dona

2103 2825 2244 2879 misit
2298 2824 2449 2880 fratri
2490 2840 2607 2895 suo,
2653 2827 2913 2897 signiﬁcat
2956 2828 3078 2883 illos
3117 2843 3252 2898 quos
3298 2828 3551 2885 Christus
3582 2846 3674 2898 per

2103 2913 2394 2970 libertatem
2425 2915 2633 2977 arbitrii
2658 2916 2865 2970 diabolo
2895 2916 3116 2984 dimisit,
3156 2926 3214 2971 ut
3241 2920 3496 2986 superius
3527 2918 3673 2971 disi-

2103 3020 2237 3060 mus.
2262 3007 2410 3071 Quod
2432 3017 2606 3061 autem
2624 3006 2832 3073 dicitur,
2856 3005 3015 3059 Iacob
3039 3007 3300 3061 inclinavit
3326 3023 3416 3075 per
3442 3020 3672 3075 septem:

2103 3099 2365 3168 signiﬁcat
2411 3113 2602 3166 corpus
2632 3098 2830 3154 Christi
2859 3101 3095 3155 serviens
3123 3099 3175 3152 in
3204 3101 3674 3169 perseeutionihus

2029 3168 2076 3230 θ
2111 3191 2305 3258 pepulo
2351 3191 2698 3258 persecutori,
2754 3204 2844 3258 per
2873 3200 3074 3259 septem
3118 3189 3277 3259 huius
3317 3168 3525 3245 mundi.
3572 3192 3670 3256 Qui

2106 3279 2304 3332 idcirco
2348 3292 2566 3331 munera
2606 3277 2745 3330 misit
2794 3279 2956 3344 prius,
3007 3291 3064 3334 ut
3094 3278 3327 3348 placaret
3361 3280 3512 3333 illurn
3547 3291 3672 3334 ante

2111 3381 2266 3436 quam
2293 3368 2511 3430 videret,
2539 3377 2695 3436 atque
2734 3368 2852 3422 ideo
2889 3378 3046 3437 caput
3093 3367 3164 3428 illi
3214 3368 3552 3435 inclinasset,
3606 3385 3672 3426 eo

2107 3457 2248 3526 quod
2275 3457 2664 3526 primogenitus
2711 3458 2846 3511 Esau
2877 3458 2994 3526 fuit,
3027 3459 3108 3513 vel
3136 3474 3230 3527 pro
3253 3460 3442 3513 timore
3475 3460 3664 3515 illius:

2105 3549 2218 3602 sive
2245 3558 2301 3601 ut
2333 3547 2640 3616 impleretur
2685 3549 2962 3618 prophetia
3015 3551 3180 3618 patris
3207 3551 3309 3617 sui,
3339 3566 3441 3620 qna
3472 3553 3656 3606 dixit:

2106 3639 2325 3710 Tempus
2359 3641 2538 3706 veniet,
2586 3658 2698 3693 cum
2743 3642 2967 3694 excutias
2987 3641 3172 3711 jugam
3204 3640 3344 3697 illius
3369 3643 3432 3696 de
3453 3646 3672 3696 cervici-

2107 3730 2194 3782 bus
2226 3731 2348 3792 tuis,
2379 3740 2431 3784 et
2461 3731 2679 3804 reliqua.
2723 3731 2820 3796 Qui
2862 3739 3034 3784 autem
3099 3732 3438 3796 antecedunt,
3495 3747 3671 3801 prope

2106 3827 2229 3868 sunt
2249 3819 2314 3870 ad
2344 3819 2501 3880 Esau,
2534 3819 2584 3872 id
2612 3828 2717 3886 est,
2748 3819 2979 3872 diabolo.
3008 3819 3108 3873 Alii
3133 3832 3310 3874 antem
3338 3822 3549 3883 dicunt,
3576 3821 3670 3875 Ia-

2105 3903 2206 3958 cob
2247 3905 2444 3959 idcirco
2487 3906 2538 3958 in
2588 3917 2741 3959 nocte
2789 3908 3048 3977 visionem
3089 3909 3310 3969 vidi.se.
3335 3912 3454 3977 quia
3479 3904 3669 3965 ira-die

2109 3992 2286 4046 videre
2331 4007 2435 4046 non
2469 3994 2743 4060 potuisset,
2775 4008 2932 4061 quem
2966 3995 3099 4049 Vidit
3129 3997 3179 4048 in
3211 4009 3365 4051 nocte
3401 4013 3416 4050 :
3457 4000 3578 4054 sive
3607 4011 3671 4054 ut

2105 4079 2509 4152 signiﬁcari-tur,
2557 4097 2659 4138 non
2705 4096 2826 4136 esse
2872 4081 3036 4137 Iacob
3083 4083 3312 4139 similem
3356 4087 3548 4154 Moysi,
3578 4093 3667 4158 qui

2106 4171 2365 4229 visionem
2413 4171 2544 4226 vidit
2586 4173 2637 4224 in
2687 4171 2793 4233 die,
2833 4173 3092 4240 signiﬁcat
3121 4174 3288 4242 legem
3318 4175 3669 4234 Novi'l‘eata-

2106 4259 2290 4314 menti.
2322 4259 2489 4313 Iacob
2515 4267 2692 4314 autem
2735 4270 2892 4316 nocte
2933 4263 3082 4336 vidit,
3125 4264 3386 4333 signiﬁcat
3424 4275 3666 4324 veterem

2107 4352 2293 4421 legem.
2340 4352 2486 4408 Sicut
2530 4364 2706 4409 autem
2749 4354 2913 4409 Iacob
2953 4356 3122 4423 potuit
3149 4358 3333 4413 videre
3358 4359 3669 4420 similitudi-

525 4465 610 4517 Ilis
635 4468 930 4530 transactis,
955 4464 1092 4519 Misit
1120 4466 1279 4521 Iacob
1300 4443 1506 4522 nuntios
1531 4472 1597 4522 ad
1624 4467 1764 4522 Esau
1785 4476 2000 4542 fratrem

2108 4457 2227 4494 nem
2260 4443 2461 4509 specie,
2503 4457 2658 4510 quam
2690 4443 2845 4509 vidit,
2887 4453 2985 4500 nec
3025 4456 3251 4500 mortem
3281 4447 3358 4501 illi
3386 4462 3489 4501 non
3526 4464 3671 4517 pr:-

2109 4530 2215 4552 .,,,;.
2248 4547 2258 4552 _
2291 4531 2581 4552 ,,.,,,.ε.,,,
2837 4534 2907 4552 -.-
2963 4545 3044 4552 _-.
3241 4549 3283 4552 μ
3343 4537 3377 4552 κ.
3523 4539 3566 4552 .-

427 4555 617 4617 suum,
641 4555 791 4606 mittit
826 4571 1064 4617 munera;
1086 4563 1131 4607 et
1153 4557 1392 4610 traductis
1428 4558 1658 4612 omnibus
1681 4530 2002 4629 per'torren-
2027 4530 2077 4582 Α(
2108 4530 2221 4629 1³ξῲ
2248 4547 2259 4580 ³
2287 4531 2613 4596 οδωηῶωτν
2668 4533 2789 4629 ‘l‘fl‘
2835 4534 2914 4629 'ic_
2962 4535 3195 4629 Nmis?"
3235 4537 3465 4603 “ﬁdem
3523 4539 3669 4593 Μ

456 4655 572 4706 mn,
596 4645 698 4713 ipse
720 4646 958 4697 remansit
983 4646 1138 4701 solus.
1185 4645 1250 4700 Et
1294 4650 1367 4700 vir
1407 4649 1690 4705 luctabatur
1731 4655 1866 4707 solus
1890 4671 2004 4707 cum

455 4732 564 4794 illo,
597 4735 951 4803 prevaluitque
978 4734 1174 4790 Iacob:
1205 4754 1293 4791 nec
1320 4739 1527 4804 dimisit,
1560 4743 1657 4795 nisi
1706 4732 2005 4798 benedictio-

457 4838 567 4875 nem
613 4832 942 4890 extorqueret,
995 4843 1291 4898 socrumqne
1367 4847 1546 4884 nomen
1596 4833 1856 4902 acciperet.
1918 4835 2008 4889 Vir

455 4902 719 4966 Christum
758 4913 1038 4982 signiﬁcat,
1069 4921 1151 4970 cui
1203 4921 1320 4974 ideo
1361 4923 1631 4988 pracvaluit
1655 4923 1838 4989 Iacob,
1887 4925 2005 4991 quia

460 5004 678 5072 populus
708 5005 888 5068 Israel,
923 5008 1071 5080 cujus
1097 5010 1186 5063 ille
1207 5019 1329 5064 tunc
1364 5012 1582 5078 ﬁguram
1609 5015 1743 5080 gerit
1791 5015 1843 5077 In
1889 5030 2007 5080 pas-

456 5091 696 5159 sione-{id
723 5101 824 5158 est,
856 5093 906 5146 in
938 5076 1190 5156 torrente.
1213 5076 1483 5164 praevaluit
1514 5076 1756 5164 Domino,
1779 5109 1831 5153 et
1861 5076 2005 5168 quasi

433 5175 574 5241 'cum
627 5183 836 5237 inﬁrmo
868 5183 918 5236 in
949 5199 1107 5237 carne
1145 5183 1358 5238 Christo
1388 5187 1651 5253 luctamen
1680 5186 1896 5255 habuit;
1955 5199 2009 5244 et

457 5279 630 5327 tamen
657 5271 818 5326 Iacob
865 5272 1280 5327 benedictionem
1312 5274 1377 5327 ab
1407 5276 1619 5342 angelo.
1669 5293 1821 5344 quem
1848 5293 2007 5346 supe-

459 5363 611 5426 ravit,
643 5363 976 5432 Impetravit:
1025 5365 1174 5433 cujus
1225 5365 1452 5419 nominis
1494 5365 1780 5434 impositio,
1833 5370 2008 5434 utique

459 5454 750 5508 benedictio
779 5455 893 5508 fuit.
921 5456 1300 5524 Interpretatur
1319 5466 1492 5509 autem
1519 5457 1676 5511 Israel
1702 5476 1714 5510 :
1737 5459 2010 5517 virvidens

460 5538 646 5604 Deum,
676 5543 754 5594 vel
787 5543 1033 5611 princeps
1058 5559 1179 5598 cum
1205 5544 1335 5610 Deo,
1367 5545 1506 5612 quod
1540 5541 1642 5596 erit
1671 5547 1723 5599 in
1746 5546 1848 5600 ﬁne
1875 5563 2009 5617 pra:-

461 5628 619 5681 minm
640 5627 898 5695 iustorum
926 5633 1182 5686 omnium.
1212 5630 1407 5701 Tetigit
1433 5644 1610 5687 autem
1633 5634 1863 5704 Angelus
1892 5638 2010 5690 lati-

460 5717 690 5773 tudinem
722 5717 954 5783 femoris,
979 5728 1030 5774 et
1070 5718 1323 5776 claudum'
1371 5723 1818 5793 redtlidit,‘sicqne
1848 5726 2009 5782 Iacob

2115 4621 2313 4685 videre,
2340 4633 2394 4675 et
2415 4632 2638 4678 martem
2681 4623 2753 4676 illi
2793 4625 3098 4692 prtebuisse.
3129 4625 3293 4681 Iacob
3319 4640 3490 4681 autem
3523 4644 3666 4684 oon-

2104 4713 2350 4779 grediens
2389 4713 2649 4780 signiﬁcat
2693 4712 2940 4782 populum
2977 4717 3366 4780 Christianum,
3396 4722 3480 4786 qui
3504 4718 3678 4775 Curi--

2107 4814 2191 4855 sto
2213 4805 2514 4856 contrarius
2533 4815 2646 4858 erat
2672 4816 2791 4859 ante
2812 4806 3151 4874 baptismum.
3179 4809 3457 4863 Percussio
3479 4819 3666 4864 autem

2109 4896 2258 4944 nervi
2302 4893 2498 4962 gladio,
2549 4894 3025 4962 concupiscentiam
3069 4900 3266 4966 peccati
3307 4899 3481 4968 gladio
3515 4902 3668 4959 verbi

2109 4980 2202 5033 Dei
2237 4995 2561 5048 percussam.
2585 4984 2911 5058 claudicatio
2928 4996 3105 5041 autem
3132 4991 3287 5042 unius
3308 4991 3457 5058 pedis
3481 5003 3669 5046 (sten-

2107 5073 2202 5135 dit,
2249 5074 2386 5142 qttod
2429 5090 2534 5129 uno
2562 5074 2752 5130 utimur
2776 5078 3035 5146 spirituali
3082 5082 3236 5149 pede,
3284 5083 3493 5150 abjectn
3524 5088 3663 5140 vitio

2107 5164 2300 5215 carnis.
2330 5163 2492 5218 Iacob
2529 5177 2701 5220 autem
2731 5167 2782 5220 in
2817 5169 2917 5223 hoc
2948 5171 3067 5225 loco
3094 5185 3213 5224 cum
3242 5153 3516 5228 duodecim
3541 5177 3670 5228 ﬁliis

2115 5254 2278 5317 illius,
2305 5255 2572 5311 Christum
2612 5274 2731 5314 eum
2773 5263 3050 5317 duodecim
3082 5267 3332 5333 apostolis
3361 5267 3624 5338 signiﬁca
3651 5289 3664 5321 :

2113 5354 2166 5399 et
2196 5362 2294 5400 una
2328 5349 2431 5402 lilia
2466 5351 2626 5411 illius.
2655 5368 2809 5407 unam
2841 5363 3078 5408 sanctam
3111 5357 3421 5412 Ectrlesiam.

2629 5463 2851 5518 CAPUT
2897 5464 3132 5522 XXXIV.

2183 5546 2310 5602 Post
2357 5548 2454 5602 hoc
2484 5549 2694 5605 Sichem
2723 5550 2860 5606 ﬁlius
2892 5553 3131 5620 Emmor,
3163 5554 3351 5608 Dinam
3382 5556 3545 5610 ﬁliam
3577 5556 3655 5612 Ia-

2109 5638 2209 5692 cob
2249 5638 2500 5694 violavit:
2531 5639 2750 5712 Egressa
2783 5653 2856 5696 est
2895 5645 3102 5719 quippe,
3130 5653 3185 5698 ut
3217 5645 3401 5718 videret
3429 5647 3672 5704 Italides

2110 5731 2326 5801 regionis
2364 5733 2502 5788 illius
2527 5751 2546 5789 :
2573 5751 2722 5804 quam
2753 5750 2866 5790 cum
2889 5736 3088 5792 vidisset
3120 5737 3322 5793 Sicbenr
3365 5739 3510 5808 ﬁlius
3541 5738 3668 5793 Etu-
