  <div class='ocr_page' id='page_1' title='image "/cluster/home/n/w/nwhite01/storage/ocr_20150623/90-91/uva.x000827075/768.png"; bbox 0 0 3872 6262; ppageno 0'>
   <div class='ocr_carea' id='block_1_1' title="bbox 160 385 264 440">
    <p class='ocr_par' dir='ltr' id='par_1_1' title="bbox 160 385 264 440">
     <span class='ocr_line' id='line_1_1' title="bbox 160 385 264 440; baseline 0.019 -2"><span class='ocrx_word' id='word_1_1' title='bbox 160 385 264 440; x_wconf 60' lang='lat' dir='ltr'><strong>Q‘l</strong></span> 
     </span>
    </p>
   </div>
   <div class='ocr_carea' id='block_1_2' title="bbox 979 375 2615 442">
    <p class='ocr_par' dir='ltr' id='par_1_2' title="bbox 979 375 2615 442">
     <span class='ocr_line' id='line_1_2' title="bbox 979 375 2615 442; baseline 0.004 -7"><span class='ocrx_word' id='word_1_2' title='bbox 979 382 1040 436; x_wconf 79' lang='lat' dir='ltr'><strong>IN</strong></span> <span class='ocrx_word' id='word_1_3' title='bbox 1083 377 1638 437; x_wconf 78' lang='lat' dir='ltr'><strong>PENTATEUCIIUM</strong></span> <span class='ocrx_word' id='word_1_4' title='bbox 1676 375 2165 435; x_wconf 68' lang='lat' dir='ltr'><strong>COMilENTARll.</strong></span> <span class='ocrx_word' id='word_1_5' title='bbox 2209 410 2276 423; x_wconf 89' lang='lat'>—</span> <span class='ocrx_word' id='word_1_6' title='bbox 2316 383 2615 442; x_wconf 77' lang='lat' dir='ltr'><strong>GENESIS.</strong></span> 
     </span>
    </p>
   </div>
   <div class='ocr_carea' id='block_1_3' title="bbox 3289 397 3400 450">
    <p class='ocr_par' dir='ltr' id='par_1_3' title="bbox 3289 397 3400 450">
     <span class='ocr_line' id='line_1_3' title="bbox 3289 397 3400 450; baseline 0 -1"><span class='ocrx_word' id='word_1_7' title='bbox 3289 397 3400 450; x_wconf 63' lang='lat'><strong>961</strong></span> 
     </span>
    </p>
   </div>
   <div class='ocr_carea' id='block_1_4' title="bbox 161 483 3376 571">
    <p class='ocr_par' dir='ltr' id='par_1_4' title="bbox 161 483 3376 571">
     <span class='ocr_line' id='line_1_4' title="bbox 161 483 3376 571; baseline -0.004 -26"><span class='ocrx_word' id='word_1_8' title='bbox 161 509 276 545; x_wconf 80' lang='lat' dir='ltr'><strong>mor</strong></span> <span class='ocrx_word' id='word_1_9' title='bbox 307 488 451 555; x_wconf 79' lang='lat' dir='ltr'><strong>Evei,</strong></span> <span class='ocrx_word' id='word_1_10' title='bbox 500 487 731 556; x_wconf 76' lang='lat' dir='ltr'><strong>ptiuceps</strong></span> <span class='ocrx_word' id='word_1_11' title='bbox 782 497 927 540; x_wconf 78' lang='lat' dir='ltr'><strong>terrw</strong></span> <span class='ocrx_word' id='word_1_12' title='bbox 954 488 1114 555; x_wconf 86' lang='lat' dir='ltr'><strong>illius,</strong></span> <span class='ocrx_word' id='word_1_13' title='bbox 1159 488 1435 550; x_wconf 80' lang='lat' dir='ltr'><strong>adamavit,</strong></span> <span class='ocrx_word' id='word_1_14' title='bbox 1466 494 1510 537; x_wconf 89' lang='lat' dir='ltr'><strong>et</strong></span> <span class='ocrx_word' id='word_1_15' title='bbox 1536 483 1723 552; x_wconf 75' lang='lat' dir='ltr'><strong>rapuit,</strong></span> <span class='ocrx_word' id='word_1_16' title='bbox 1763 490 1797 539; x_wconf 69' lang='grc' dir='ltr'><strong>Λ</strong></span> <span class='ocrx_word' id='word_1_17' title='bbox 1838 499 1909 540; x_wconf 75' lang='lat' dir='ltr'><strong>iet</strong></span> <span class='ocrx_word' id='word_1_18' title='bbox 1964 489 2252 544; x_wconf 69' lang='lat' dir='ltr'><strong>Ecclesia&quot;:</strong></span> <span class='ocrx_word' id='word_1_19' title='bbox 2297 492 2347 544; x_wconf 92' lang='lat' dir='ltr'><strong>in</strong></span> <span class='ocrx_word' id='word_1_20' title='bbox 2381 504 2616 560; x_wconf 86' lang='lat' dir='ltr'><strong>tempore</strong></span> <span class='ocrx_word' id='word_1_21' title='bbox 2641 500 3069 564; x_wconf 77' lang='lat' dir='ltr'><strong>persecutionis?</strong></span> <span class='ocrx_word' id='word_1_22' title='bbox 3095 502 3262 558; x_wconf 58' lang='lat' dir='ltr'><strong>Aliter</strong></span> <span class='ocrx_word' id='word_1_23' title='bbox 3288 520 3376 571; x_wconf 47' lang='lat' dir='ltr'><strong>pc,</strong></span> 
     </span>
    </p>
   </div>
   <div class='ocr_carea' id='block_1_5' title="bbox 161 579 1726 649">
    <p class='ocr_par' dir='ltr' id='par_1_5' title="bbox 161 579 1726 649">
     <span class='ocr_line' id='line_1_5' title="bbox 161 579 1726 649; baseline -0.004 -17"><span class='ocrx_word' id='word_1_24' title='bbox 161 593 213 635; x_wconf 72' lang='lat' dir='ltr'><strong>el</strong></span> <span class='ocrx_word' id='word_1_25' title='bbox 263 582 499 635; x_wconf 69' lang='lat' dir='ltr'><strong>dormivit</strong></span> <span class='ocrx_word' id='word_1_26' title='bbox 549 596 662 632; x_wconf 79' lang='lat' dir='ltr'><strong>cum</strong></span> <span class='ocrx_word' id='word_1_27' title='bbox 710 580 823 642; x_wconf 86' lang='lat' dir='ltr'><strong>illa,</strong></span> <span class='ocrx_word' id='word_1_28' title='bbox 858 580 902 633; x_wconf 78' lang='lat' dir='ltr'><strong>ri</strong></span> <span class='ocrx_word' id='word_1_29' title='bbox 930 581 1213 649; x_wconf 66' lang='lat' dir='ltr'><strong>opprimetur</strong></span> <span class='ocrx_word' id='word_1_30' title='bbox 1244 579 1506 647; x_wconf 70' lang='lat' dir='ltr'><strong>virginem,</strong></span> <span class='ocrx_word' id='word_1_31' title='bbox 1533 584 1578 629; x_wconf 89' lang='lat' dir='ltr'><strong>et</strong></span> <span class='ocrx_word' id='word_1_32' title='bbox 1604 590 1726 626; x_wconf 80' lang='lat' dir='ltr'><strong>cnn-</strong></span> 
     </span>
    </p>
   </div>
   <div class='ocr_carea' id='block_1_6' title="bbox 161 665 1730 735">
    <p class='ocr_par' dir='ltr' id='par_1_6' title="bbox 161 665 1730 735">
     <span class='ocr_line' id='line_1_6' title="bbox 161 665 1730 735; baseline -0.006 -11"><span class='ocrx_word' id='word_1_33' title='bbox 161 672 417 735; x_wconf 69' lang='lat' dir='ltr'><strong>ulutinota</strong></span> <span class='ocrx_word' id='word_1_34' title='bbox 461 680 533 722; x_wconf 86' lang='lat' dir='ltr'><strong>est</strong></span> <span class='ocrx_word' id='word_1_35' title='bbox 565 671 735 721; x_wconf 83' lang='lat' dir='ltr'><strong>animo</strong></span> <span class='ocrx_word' id='word_1_36' title='bbox 779 668 918 722; x_wconf 84' lang='lat' dir='ltr'><strong>illius</strong></span> <span class='ocrx_word' id='word_1_37' title='bbox 948 683 1068 721; x_wconf 80' lang='lat' dir='ltr'><strong>eum</strong></span> <span class='ocrx_word' id='word_1_38' title='bbox 1093 684 1174 730; x_wconf 89' lang='lat' dir='ltr'><strong>ea,</strong></span> <span class='ocrx_word' id='word_1_39' title='bbox 1207 669 1499 735; x_wconf 72' lang='lat' dir='ltr'><strong>tristemque</strong></span> <span class='ocrx_word' id='word_1_40' title='bbox 1531 665 1730 717; x_wconf 74' lang='lat' dir='ltr'><strong>blandi-</strong></span> 
     </span>
    </p>
   </div>
   <div class='ocr_carea' id='block_1_7' title="bbox 161 757 1730 828">
    <p class='ocr_par' dir='ltr' id='par_1_7' title="bbox 161 757 1730 828">
     <span class='ocr_line' id='line_1_7' title="bbox 161 757 1730 828; baseline -0.005 -14"><span class='ocrx_word' id='word_1_41' title='bbox 161 764 250 814; x_wconf 77' lang='lat' dir='ltr'><strong>tiis</strong></span> <span class='ocrx_word' id='word_1_42' title='bbox 274 761 523 814; x_wconf 78' lang='lat' dir='ltr'><strong>delinitit.</strong></span> <span class='ocrx_word' id='word_1_43' title='bbox 559 759 686 813; x_wconf 84' lang='lat' dir='ltr'><strong>Dina</strong></span> <span class='ocrx_word' id='word_1_44' title='bbox 716 758 934 828; x_wconf 84' lang='lat' dir='ltr'><strong>quippe,</strong></span> <span class='ocrx_word' id='word_1_45' title='bbox 968 772 1017 811; x_wconf 92' lang='lat' dir='ltr'><strong>nt</strong></span> <span class='ocrx_word' id='word_1_46' title='bbox 1054 758 1254 812; x_wconf 86' lang='lat' dir='ltr'><strong>videret</strong></span> <span class='ocrx_word' id='word_1_47' title='bbox 1285 757 1532 810; x_wconf 69' lang='lat' dir='ltr'><strong>mulicrcs</strong></span> <span class='ocrx_word' id='word_1_48' title='bbox 1563 757 1669 823; x_wconf 69' lang='lat' dir='ltr'><strong>regi</strong></span> <span class='ocrx_word' id='word_1_49' title='bbox 1694 778 1730 800; x_wconf 78' lang='grc' dir='ltr'><strong>ν-</strong></span> 
     </span>
    </p>
   </div>
   <div class='ocr_carea' id='block_1_8' title="bbox 162 846 1728 917">
    <p class='ocr_par' dir='ltr' id='par_1_8' title="bbox 162 846 1728 917">
     <span class='ocr_line' id='line_1_8' title="bbox 162 846 1728 917; baseline -0.003 -15"><span class='ocrx_word' id='word_1_50' title='bbox 162 852 248 903; x_wconf 82' lang='lat' dir='ltr'><strong>nis</strong></span> <span class='ocrx_word' id='word_1_51' title='bbox 271 860 561 915; x_wconf 63' lang='lat' dir='ltr'><strong>extraneis,</strong></span> <span class='ocrx_word' id='word_1_52' title='bbox 585 849 879 917; x_wconf 73' lang='lat' dir='ltr'><strong>egreditur:</strong></span> <span class='ocrx_word' id='word_1_53' title='bbox 900 863 1019 902; x_wconf 90' lang='lat' dir='ltr'><strong>cum</strong></span> <span class='ocrx_word' id='word_1_54' title='bbox 1042 862 1368 916; x_wconf 57' lang='lat' dir='ltr'><strong>unaquaque</strong></span> <span class='ocrx_word' id='word_1_55' title='bbox 1393 861 1542 901; x_wconf 88' lang='lat' dir='ltr'><strong>mens</strong></span> <span class='ocrx_word' id='word_1_56' title='bbox 1564 846 1728 915; x_wconf 80' lang='lat' dir='ltr'><strong>negti-</strong></span> 
     </span>
    </p>
   </div>
   <div class='ocr_carea' id='block_1_9' title="bbox 159 939 1751 1013">
    <p class='ocr_par' dir='ltr' id='par_1_9' title="bbox 159 939 1751 1013">
     <span class='ocr_line' id='line_1_9' title="bbox 159 939 1751 1013; baseline -0.003 -20"><span class='ocrx_word' id='word_1_57' title='bbox 159 955 298 1010; x_wconf 80' lang='lat' dir='ltr'><strong>gens</strong></span> <span class='ocrx_word' id='word_1_58' title='bbox 353 941 523 994; x_wconf 81' lang='lat' dir='ltr'><strong>studia</strong></span> <span class='ocrx_word' id='word_1_59' title='bbox 573 955 689 1002; x_wconf 86' lang='lat' dir='ltr'><strong>sua,</strong></span> <span class='ocrx_word' id='word_1_60' title='bbox 742 947 796 993; x_wconf 93' lang='lat' dir='ltr'><strong>et</strong></span> <span class='ocrx_word' id='word_1_61' title='bbox 838 941 1075 992; x_wconf 80' lang='lat' dir='ltr'><strong>actiones</strong></span> <span class='ocrx_word' id='word_1_62' title='bbox 1123 939 1306 1000; x_wconf 82' lang='lat' dir='ltr'><strong>aliena</strong></span> <span class='ocrx_word' id='word_1_63' title='bbox 1359 953 1577 1001; x_wconf 88' lang='lat' dir='ltr'><strong>curans,</strong></span> <span class='ocrx_word' id='word_1_64' title='bbox 1633 952 1751 1013; x_wconf 18' lang='grc' dir='ltr'><strong>(εχ-ἱ</strong></span> 
     </span>
    </p>
   </div>
   <div class='ocr_carea' id='block_1_10' title="bbox 164 1028 1728 1098">
    <p class='ocr_par' dir='ltr' id='par_1_10' title="bbox 164 1028 1728 1098">
     <span class='ocr_line' id='line_1_10' title="bbox 164 1028 1728 1098; baseline -0.003 -19"><span class='ocrx_word' id='word_1_65' title='bbox 164 1040 249 1082; x_wconf 89' lang='lat' dir='ltr'><strong>tra</strong></span> <span class='ocrx_word' id='word_1_66' title='bbox 292 1029 575 1094; x_wconf 79' lang='lat' dir='ltr'><strong>habitum,</strong></span> <span class='ocrx_word' id='word_1_67' title='bbox 635 1042 697 1080; x_wconf 90' lang='lat' dir='ltr'><strong>ac</strong></span> <span class='ocrx_word' id='word_1_68' title='bbox 746 1039 896 1081; x_wconf 77' lang='lat' dir='ltr'><strong>extra</strong></span> <span class='ocrx_word' id='word_1_69' title='bbox 952 1028 1191 1081; x_wconf 64' lang='lat' dir='ltr'><strong>ordinem</strong></span> <span class='ocrx_word' id='word_1_70' title='bbox 1249 1028 1516 1095; x_wconf 90' lang='lat' dir='ltr'><strong>proprium</strong></span> <span class='ocrx_word' id='word_1_71' title='bbox 1573 1043 1728 1098; x_wconf 61' lang='lat' dir='ltr'><strong>vaga-</strong></span> 
     </span>
    </p>
   </div>
   <div class='ocr_carea' id='block_1_11' title="bbox 166 1115 1731 1186">
    <p class='ocr_par' dir='ltr' id='par_1_11' title="bbox 166 1115 1731 1186">
     <span class='ocr_line' id='line_1_11' title="bbox 166 1115 1731 1186; baseline 0.003 -18"><span class='ocrx_word' id='word_1_72' title='bbox 166 1128 256 1170; x_wconf 82' lang='lat' dir='ltr'><strong>tur</strong></span> <span class='ocrx_word' id='word_1_73' title='bbox 312 1133 326 1168; x_wconf 87' lang='lat'>:</span> <span class='ocrx_word' id='word_1_74' title='bbox 376 1131 533 1186; x_wconf 88' lang='lat' dir='ltr'><strong>quam</strong></span> <span class='ocrx_word' id='word_1_75' title='bbox 584 1115 798 1170; x_wconf 85' lang='lat' dir='ltr'><strong>Sichem</strong></span> <span class='ocrx_word' id='word_1_76' title='bbox 849 1119 1093 1185; x_wconf 76' lang='lat' dir='ltr'><strong>princeps</strong></span> <span class='ocrx_word' id='word_1_77' title='bbox 1137 1124 1292 1171; x_wconf 80' lang='lat' dir='ltr'><strong>terra:</strong></span> <span class='ocrx_word' id='word_1_78' title='bbox 1334 1117 1606 1185; x_wconf 88' lang='lat' dir='ltr'><strong>oppritnit,</strong></span> <span class='ocrx_word' id='word_1_79' title='bbox 1654 1118 1731 1172; x_wconf 83' lang='lat' dir='ltr'><strong>vi-</strong></span> 
     </span>
    </p>
   </div>
   <div class='ocr_carea' id='block_1_12' title="bbox 161 1205 1730 1270">
    <p class='ocr_par' dir='ltr' id='par_1_12' title="bbox 161 1205 1730 1270">
     <span class='ocr_line' id='line_1_12' title="bbox 161 1205 1730 1270; baseline 0 -10"><span class='ocrx_word' id='word_1_80' title='bbox 161 1209 361 1262; x_wconf 86' lang='lat' dir='ltr'><strong>delicet</strong></span> <span class='ocrx_word' id='word_1_81' title='bbox 427 1208 695 1261; x_wconf 73' lang='lat' dir='ltr'><strong>inventam</strong></span> <span class='ocrx_word' id='word_1_82' title='bbox 750 1207 799 1259; x_wconf 93' lang='lat' dir='ltr'><strong>in</strong></span> <span class='ocrx_word' id='word_1_83' title='bbox 847 1205 1204 1260; x_wconf 76' lang='lat' dir='ltr'><strong>exterioribus</strong></span> <span class='ocrx_word' id='word_1_84' title='bbox 1262 1207 1441 1270; x_wconf 89' lang='lat' dir='ltr'><strong>curis,</strong></span> <span class='ocrx_word' id='word_1_85' title='bbox 1490 1206 1730 1260; x_wconf 81' lang='lat' dir='ltr'><strong>diabolus</strong></span> 
     </span>
    </p>
   </div>
   <div class='ocr_carea' id='block_1_13' title="bbox 163 1299 1726 1368">
    <p class='ocr_par' dir='ltr' id='par_1_13' title="bbox 163 1299 1726 1368">
     <span class='ocr_line' id='line_1_13' title="bbox 163 1299 1726 1368; baseline -0.001 -15"><span class='ocrx_word' id='word_1_86' title='bbox 163 1300 417 1367; x_wconf 91' lang='lat' dir='ltr'><strong>corrupit</strong></span> <span class='ocrx_word' id='word_1_87' title='bbox 459 1317 470 1352; x_wconf 95' lang='lat'><strong>:</strong></span> <span class='ocrx_word' id='word_1_88' title='bbox 513 1309 569 1353; x_wconf 85' lang='lat' dir='ltr'><strong>et</strong></span> <span class='ocrx_word' id='word_1_89' title='bbox 619 1299 880 1368; x_wconf 74' lang='lat' dir='ltr'><strong>glutinata</strong></span> <span class='ocrx_word' id='word_1_90' title='bbox 924 1308 1006 1352; x_wconf 84' lang='lat' dir='ltr'><strong>est</strong></span> <span class='ocrx_word' id='word_1_91' title='bbox 1048 1300 1226 1352; x_wconf 90' lang='lat' dir='ltr'><strong>anima</strong></span> <span class='ocrx_word' id='word_1_92' title='bbox 1276 1299 1413 1352; x_wconf 83' lang='lat' dir='ltr'><strong>illius</strong></span> <span class='ocrx_word' id='word_1_93' title='bbox 1454 1300 1520 1351; x_wconf 88' lang='lat' dir='ltr'><strong>ad</strong></span> <span class='ocrx_word' id='word_1_94' title='bbox 1568 1313 1726 1364; x_wconf 86' lang='lat' dir='ltr'><strong>eam,</strong></span> 
     </span>
    </p>
   </div>
   <div class='ocr_carea' id='block_1_14' title="bbox 169 1387 1727 1458">
    <p class='ocr_par' dir='ltr' id='par_1_14' title="bbox 169 1387 1727 1458">
     <span class='ocr_line' id='line_1_14' title="bbox 169 1387 1727 1458; baseline -0.001 -18"><span class='ocrx_word' id='word_1_95' title='bbox 169 1391 295 1458; x_wconf 81' lang='lat' dir='ltr'><strong>quia</strong></span> <span class='ocrx_word' id='word_1_96' title='bbox 334 1389 530 1442; x_wconf 90' lang='lat' dir='ltr'><strong>unitam</strong></span> <span class='ocrx_word' id='word_1_97' title='bbox 562 1389 686 1452; x_wconf 83' lang='lat' dir='ltr'><strong>sibi,</strong></span> <span class='ocrx_word' id='word_1_98' title='bbox 720 1403 812 1458; x_wconf 87' lang='lat' dir='ltr'><strong>per</strong></span> <span class='ocrx_word' id='word_1_99' title='bbox 839 1391 1130 1457; x_wconf 76' lang='lat' dir='ltr'><strong>nequitiam</strong></span> <span class='ocrx_word' id='word_1_100' title='bbox 1169 1389 1402 1456; x_wconf 87' lang='lat' dir='ltr'><strong>respicit,</strong></span> <span class='ocrx_word' id='word_1_101' title='bbox 1433 1399 1487 1442; x_wconf 88' lang='lat' dir='ltr'><strong>et</strong></span> <span class='ocrx_word' id='word_1_102' title='bbox 1520 1387 1727 1458; x_wconf 79' lang='lat' dir='ltr'><strong>cognita</strong></span> 
     </span>
    </p>
   </div>
   <div class='ocr_carea' id='block_1_15' title="bbox 161 1477 1730 1547">
    <p class='ocr_par' dir='ltr' id='par_1_15' title="bbox 161 1477 1730 1547">
     <span class='ocr_line' id='line_1_15' title="bbox 161 1477 1730 1547; baseline -0.003 -14"><span class='ocrx_word' id='word_1_103' title='bbox 161 1480 320 1547; x_wconf 73' lang='lat' dir='ltr'><strong>culpa</strong></span> <span class='ocrx_word' id='word_1_104' title='bbox 364 1477 648 1546; x_wconf 81' lang='lat' dir='ltr'><strong>resipiscit,</strong></span> <span class='ocrx_word' id='word_1_105' title='bbox 682 1489 840 1545; x_wconf 88' lang='lat' dir='ltr'><strong>atque</strong></span> <span class='ocrx_word' id='word_1_106' title='bbox 867 1478 997 1532; x_wconf 87' lang='lat' dir='ltr'><strong>llere</strong></span> <span class='ocrx_word' id='word_1_107' title='bbox 1041 1487 1282 1532; x_wconf 91' lang='lat' dir='ltr'><strong>conatur.</strong></span> <span class='ocrx_word' id='word_1_108' title='bbox 1314 1478 1608 1544; x_wconf 86' lang='lat' dir='ltr'><strong>Corruptor</strong></span> <span class='ocrx_word' id='word_1_109' title='bbox 1638 1491 1730 1529; x_wconf 87' lang='lat' dir='ltr'><strong>au-</strong></span> 
     </span>
    </p>
   </div>
   <div class='ocr_carea' id='block_1_16' title="bbox 168 1568 1725 1637">
    <p class='ocr_par' dir='ltr' id='par_1_16' title="bbox 168 1568 1725 1637">
     <span class='ocr_line' id='line_1_16' title="bbox 168 1568 1725 1637; baseline -0.001 -17"><span class='ocrx_word' id='word_1_110' title='bbox 168 1579 278 1622; x_wconf 90' lang='lat' dir='ltr'><strong>tem</strong></span> <span class='ocrx_word' id='word_1_111' title='bbox 303 1581 426 1637; x_wconf 83' lang='lat' dir='ltr'><strong>spes</strong></span> <span class='ocrx_word' id='word_1_112' title='bbox 451 1581 514 1621; x_wconf 90' lang='lat' dir='ltr'><strong>ac</strong></span> <span class='ocrx_word' id='word_1_113' title='bbox 556 1569 869 1621; x_wconf 86' lang='lat' dir='ltr'><strong>securitates</strong></span> <span class='ocrx_word' id='word_1_114' title='bbox 916 1582 1110 1621; x_wconf 87' lang='lat' dir='ltr'><strong>vacuas</strong></span> <span class='ocrx_word' id='word_1_115' title='bbox 1158 1577 1282 1621; x_wconf 89' lang='lat' dir='ltr'><strong>ante</strong></span> <span class='ocrx_word' id='word_1_116' title='bbox 1328 1568 1512 1621; x_wconf 87' lang='lat' dir='ltr'><strong>oculos</strong></span> <span class='ocrx_word' id='word_1_117' title='bbox 1559 1577 1725 1635; x_wconf 91' lang='lat' dir='ltr'><strong>potnt,</strong></span> 
     </span>
    </p>
   </div>
   <div class='ocr_carea' id='block_1_17' title="bbox 161 1657 1729 1726">
    <p class='ocr_par' dir='ltr' id='par_1_17' title="bbox 161 1657 1729 1726">
     <span class='ocr_line' id='line_1_17' title="bbox 161 1657 1729 1726; baseline -0.001 -15"><span class='ocrx_word' id='word_1_118' title='bbox 161 1667 431 1726; x_wconf 78' lang='lat' dir='ltr'><strong>quatenus</strong></span> <span class='ocrx_word' id='word_1_119' title='bbox 477 1658 758 1712; x_wconf 84' lang='lat' dir='ltr'><strong>utilitatem</strong></span> <span class='ocrx_word' id='word_1_120' title='bbox 815 1657 1044 1712; x_wconf 75' lang='lat' dir='ltr'><strong>tristitia:</strong></span> <span class='ocrx_word' id='word_1_121' title='bbox 1093 1657 1386 1712; x_wconf 83' lang='lat' dir='ltr'><strong>subtrahat.</strong></span> <span class='ocrx_word' id='word_1_122' title='bbox 1431 1657 1594 1712; x_wconf 83' lang='lat' dir='ltr'><strong>Rocte</strong></span> <span class='ocrx_word' id='word_1_123' title='bbox 1621 1658 1729 1711; x_wconf 90' lang='lat' dir='ltr'><strong>illic</strong></span> 
     </span>
    </p>
   </div>
   <div class='ocr_carea' id='block_1_18' title="bbox 165 1751 1728 1822">
    <p class='ocr_par' dir='ltr' id='par_1_18' title="bbox 165 1751 1728 1822">
     <span class='ocr_line' id='line_1_18' title="bbox 165 1751 1728 1822; baseline 0 -16"><span class='ocrx_word' id='word_1_124' title='bbox 165 1753 510 1822; x_wconf 89' lang='lat' dir='ltr'><strong>adjnngitur,</strong></span> <span class='ocrx_word' id='word_1_125' title='bbox 571 1751 880 1822; x_wconf 85' lang='lat' dir='ltr'><strong>tristemque</strong></span> <span class='ocrx_word' id='word_1_126' title='bbox 933 1751 1206 1806; x_wconf 77' lang='lat' dir='ltr'><strong>blanditiis</strong></span> <span class='ocrx_word' id='word_1_127' title='bbox 1259 1752 1539 1806; x_wconf 90' lang='lat' dir='ltr'><strong>delinivit:</strong></span> <span class='ocrx_word' id='word_1_128' title='bbox 1571 1752 1728 1806; x_wconf 90' lang='lat' dir='ltr'><strong>modo</strong></span> 
     </span>
    </p>
   </div>
   <div class='ocr_carea' id='block_1_19' title="bbox 161 1828 1806 1910">
    <p class='ocr_par' dir='ltr' id='par_1_19' title="bbox 161 1828 1806 1910">
     <span class='ocr_line' id='line_1_19' title="bbox 161 1828 1806 1910; baseline -0.005 -12"><span class='ocrx_word' id='word_1_129' title='bbox 161 1847 311 1898; x_wconf 87' lang='lat' dir='ltr'><strong>enim</strong></span> <span class='ocrx_word' id='word_1_130' title='bbox 343 1844 566 1897; x_wconf 87' lang='lat' dir='ltr'><strong>aliorum</strong></span> <span class='ocrx_word' id='word_1_131' title='bbox 605 1840 742 1896; x_wconf 88' lang='lat' dir='ltr'><strong>facta</strong></span> <span class='ocrx_word' id='word_1_132' title='bbox 786 1842 1054 1910; x_wconf 90' lang='lat' dir='ltr'><strong>graviora,</strong></span> <span class='ocrx_word' id='word_1_133' title='bbox 1100 1841 1258 1895; x_wconf 92' lang='lat' dir='ltr'><strong>modo</strong></span> <span class='ocrx_word' id='word_1_134' title='bbox 1289 1841 1421 1894; x_wconf 88' lang='lat' dir='ltr'><strong>nihil</strong></span> <span class='ocrx_word' id='word_1_135' title='bbox 1447 1856 1564 1895; x_wconf 89' lang='lat' dir='ltr'><strong>esse</strong></span> <span class='ocrx_word' id='word_1_136' title='bbox 1586 1841 1724 1910; x_wconf 89' lang='lat' dir='ltr'><strong>quod</strong></span> <span class='ocrx_word' id='word_1_137' title='bbox 1758 1828 1806 1889; x_wconf 76' lang='grc' dir='ltr'><strong>Β</strong></span> 
     </span>
    </p>
   </div>
   <div class='ocr_carea' id='block_1_20' title="bbox 164 1925 1725 2001">
    <p class='ocr_par' dir='ltr' id='par_1_20' title="bbox 164 1925 1725 2001">
     <span class='ocr_line' id='line_1_20' title="bbox 164 1925 1725 2001; baseline 0.002 -19"><span class='ocrx_word' id='word_1_138' title='bbox 164 1943 525 2001; x_wconf 75' lang='lat' dir='ltr'><strong>perpetratum</strong></span> <span class='ocrx_word' id='word_1_139' title='bbox 553 1925 655 1996; x_wconf 84' lang='lat' dir='ltr'><strong>est,</strong></span> <span class='ocrx_word' id='word_1_140' title='bbox 682 1932 840 1987; x_wconf 89' lang='lat' dir='ltr'><strong>modo</strong></span> <span class='ocrx_word' id='word_1_141' title='bbox 862 1933 1255 1986; x_wconf 85' lang='lat' dir='ltr'><strong>misericordem</strong></span> <span class='ocrx_word' id='word_1_142' title='bbox 1285 1932 1447 1985; x_wconf 90' lang='lat' dir='ltr'><strong>Deum</strong></span> <span class='ocrx_word' id='word_1_143' title='bbox 1473 1933 1725 1999; x_wconf 90' lang='lat' dir='ltr'><strong>loquitur,</strong></span> 
     </span>
    </p>
   </div>
   <div class='ocr_carea' id='block_1_21' title="bbox 169 2022 1728 2091">
    <p class='ocr_par' dir='ltr' id='par_1_21' title="bbox 169 2022 1728 2091">
     <span class='ocr_line' id='line_1_21' title="bbox 169 2022 1728 2091; baseline 0 -16"><span class='ocrx_word' id='word_1_144' title='bbox 169 2024 335 2077; x_wconf 89' lang='lat' dir='ltr'><strong>modo</strong></span> <span class='ocrx_word' id='word_1_145' title='bbox 382 2024 746 2091; x_wconf 63' lang='lat' dir='ltr'><strong>paenitentiam</strong></span> <span class='ocrx_word' id='word_1_146' title='bbox 787 2023 1084 2091; x_wconf 87' lang='lat' dir='ltr'><strong>pollicetur.</strong></span> <span class='ocrx_word' id='word_1_147' title='bbox 1125 2022 1312 2076; x_wconf 81' lang='lat' dir='ltr'><strong>Adhuc</strong></span> <span class='ocrx_word' id='word_1_148' title='bbox 1340 2037 1566 2091; x_wconf 80' lang='lat' dir='ltr'><strong>sequens</strong></span> <span class='ocrx_word' id='word_1_149' title='bbox 1595 2033 1728 2076; x_wconf 89' lang='lat' dir='ltr'><strong>tem-</strong></span> 
     </span>
    </p>
   </div>
   <div class='ocr_carea' id='block_1_22' title="bbox 171 2111 1726 2180">
    <p class='ocr_par' dir='ltr' id='par_1_22' title="bbox 171 2111 1726 2180">
     <span class='ocr_line' id='line_1_22' title="bbox 171 2111 1726 2180; baseline 0 -15"><span class='ocrx_word' id='word_1_150' title='bbox 171 2126 296 2179; x_wconf 89' lang='lat' dir='ltr'><strong>pus,</strong></span> <span class='ocrx_word' id='word_1_151' title='bbox 329 2123 384 2166; x_wconf 88' lang='lat' dir='ltr'><strong>ut</strong></span> <span class='ocrx_word' id='word_1_152' title='bbox 411 2111 534 2166; x_wconf 91' lang='lat' dir='ltr'><strong>dum</strong></span> <span class='ocrx_word' id='word_1_153' title='bbox 564 2128 656 2180; x_wconf 89' lang='lat' dir='ltr'><strong>per</strong></span> <span class='ocrx_word' id='word_1_154' title='bbox 695 2114 794 2166; x_wconf 89' lang='lat' dir='ltr'><strong>hoc</strong></span> <span class='ocrx_word' id='word_1_155' title='bbox 834 2112 1052 2180; x_wconf 88' lang='lat' dir='ltr'><strong>decepta</strong></span> <span class='ocrx_word' id='word_1_156' title='bbox 1103 2124 1276 2179; x_wconf 88' lang='lat' dir='ltr'><strong>mens,</strong></span> <span class='ocrx_word' id='word_1_157' title='bbox 1324 2112 1533 2166; x_wconf 72' lang='lat' dir='ltr'><strong>ducitur</strong></span> <span class='ocrx_word' id='word_1_158' title='bbox 1557 2111 1726 2165; x_wconf 88' lang='lat' dir='ltr'><strong>abiu-</strong></span> 
     </span>
    </p>
   </div>
   <div class='ocr_carea' id='block_1_23' title="bbox 165 2205 1724 2278">
    <p class='ocr_par' dir='ltr' id='par_1_23' title="bbox 165 2205 1724 2278">
     <span class='ocr_line' id='line_1_23' title="bbox 165 2205 1724 2278; baseline -0.003 -18"><span class='ocrx_word' id='word_1_159' title='bbox 165 2210 406 2262; x_wconf 86' lang='lat' dir='ltr'><strong>tcntione</strong></span> <span class='ocrx_word' id='word_1_160' title='bbox 455 2207 804 2278; x_wconf 74' lang='lat' dir='ltr'><strong>pmnitentize,</strong></span> <span class='ocrx_word' id='word_1_161' title='bbox 860 2205 1232 2275; x_wconf 78' lang='lat' dir='ltr'><strong>suspendatur.</strong></span> <span class='ocrx_word' id='word_1_162' title='bbox 1283 2205 1553 2269; x_wconf 86' lang='lat' dir='ltr'><strong>Quatenus</strong></span> <span class='ocrx_word' id='word_1_163' title='bbox 1601 2213 1724 2256; x_wconf 88' lang='lat' dir='ltr'><strong>tunc</strong></span> 
     </span>
    </p>
   </div>
   <div class='ocr_carea' id='block_1_24' title="bbox 166 2292 1727 2366">
    <p class='ocr_par' dir='ltr' id='par_1_24' title="bbox 166 2292 1727 2366">
     <span class='ocr_line' id='line_1_24' title="bbox 166 2292 1727 2366; baseline -0.003 -16"><span class='ocrx_word' id='word_1_164' title='bbox 166 2302 305 2354; x_wconf 86' lang='lat' dir='ltr'><strong>bona</strong></span> <span class='ocrx_word' id='word_1_165' title='bbox 351 2299 488 2353; x_wconf 90' lang='lat' dir='ltr'><strong>nulla</strong></span> <span class='ocrx_word' id='word_1_166' title='bbox 537 2297 813 2366; x_wconf 86' lang='lat' dir='ltr'><strong>suscipiat,</strong></span> <span class='ocrx_word' id='word_1_167' title='bbox 857 2311 1011 2364; x_wconf 90' lang='lat' dir='ltr'><strong>quam</strong></span> <span class='ocrx_word' id='word_1_168' title='bbox 1047 2305 1173 2350; x_wconf 89' lang='lat' dir='ltr'><strong>tunc</strong></span> <span class='ocrx_word' id='word_1_169' title='bbox 1199 2294 1332 2348; x_wconf 83' lang='lat' dir='ltr'><strong>mala</strong></span> <span class='ocrx_word' id='word_1_170' title='bbox 1366 2294 1502 2347; x_wconf 84' lang='lat' dir='ltr'><strong>nulla</strong></span> <span class='ocrx_word' id='word_1_171' title='bbox 1530 2292 1727 2347; x_wconf 86' lang='lat' dir='ltr'><strong>contri-</strong></span> 
     </span>
    </p>
   </div>
   <div class='ocr_carea' id='block_1_25' title="bbox 162 2384 1726 2456">
    <p class='ocr_par' dir='ltr' id='par_1_25' title="bbox 162 2384 1726 2456">
     <span class='ocr_line' id='line_1_25' title="bbox 162 2384 1726 2456; baseline -0.003 -18"><span class='ocrx_word' id='word_1_172' title='bbox 162 2397 342 2454; x_wconf 59' lang='lat' dir='ltr'><strong>stant;</strong></span> <span class='ocrx_word' id='word_1_173' title='bbox 374 2398 427 2443; x_wconf 90' lang='lat' dir='ltr'><strong>et</strong></span> <span class='ocrx_word' id='word_1_174' title='bbox 458 2400 582 2442; x_wconf 91' lang='lat' dir='ltr'><strong>tunc</strong></span> <span class='ocrx_word' id='word_1_175' title='bbox 614 2387 818 2456; x_wconf 83' lang='lat' dir='ltr'><strong>plenius</strong></span> <span class='ocrx_word' id='word_1_176' title='bbox 868 2385 1108 2440; x_wconf 87' lang='lat' dir='ltr'><strong>obruitur</strong></span> <span class='ocrx_word' id='word_1_177' title='bbox 1149 2384 1420 2453; x_wconf 81' lang='lat' dir='ltr'><strong>suppliciis</strong></span> <span class='ocrx_word' id='word_1_178' title='bbox 1449 2399 1565 2452; x_wconf 71' lang='lat' dir='ltr'><strong>qua:</strong></span> <span class='ocrx_word' id='word_1_179' title='bbox 1594 2398 1726 2451; x_wconf 88' lang='lat' dir='ltr'><strong>gau-</strong></span> 
     </span>
    </p>
   </div>
   <div class='ocr_carea' id='block_1_26' title="bbox 169 2473 1726 2543">
    <p class='ocr_par' dir='ltr' id='par_1_26' title="bbox 169 2473 1726 2543">
     <span class='ocr_line' id='line_1_26' title="bbox 169 2473 1726 2543; baseline -0.004 -11"><span class='ocrx_word' id='word_1_180' title='bbox 169 2480 266 2534; x_wconf 87' lang='lat' dir='ltr'><strong>det</strong></span> <span class='ocrx_word' id='word_1_181' title='bbox 309 2478 529 2534; x_wconf 85' lang='lat' dir='ltr'><strong>nuncin</strong></span> <span class='ocrx_word' id='word_1_182' title='bbox 558 2478 782 2534; x_wconf 87' lang='lat' dir='ltr'><strong>deliciis.</strong></span> <span class='ocrx_word' id='word_1_183' title='bbox 816 2477 1099 2543; x_wconf 71' lang='lat' dir='ltr'><strong>Caeterum,</strong></span> <span class='ocrx_word' id='word_1_184' title='bbox 1148 2475 1436 2530; x_wconf 80' lang='lat' dir='ltr'><strong>secundum</strong></span> <span class='ocrx_word' id='word_1_185' title='bbox 1487 2473 1726 2542; x_wconf 88' lang='lat' dir='ltr'><strong>superio—</strong></span> 
     </span>
    </p>
   </div>
   <div class='ocr_carea' id='block_1_27' title="bbox 168 2564 1730 2636">
    <p class='ocr_par' dir='ltr' id='par_1_27' title="bbox 168 2564 1730 2636">
     <span class='ocr_line' id='line_1_27' title="bbox 168 2564 1730 2636; baseline -0.004 -14"><span class='ocrx_word' id='word_1_186' title='bbox 168 2587 280 2625; x_wconf 88' lang='lat' dir='ltr'><strong>rem</strong></span> <span class='ocrx_word' id='word_1_187' title='bbox 312 2570 757 2636; x_wconf 84' lang='lat' dir='ltr'><strong>explanationem,</strong></span> <span class='ocrx_word' id='word_1_188' title='bbox 794 2567 924 2620; x_wconf 88' lang='lat' dir='ltr'><strong>Dina</strong></span> <span class='ocrx_word' id='word_1_189' title='bbox 957 2565 1248 2620; x_wconf 85' lang='lat' dir='ltr'><strong>Ecclesiam</strong></span> <span class='ocrx_word' id='word_1_190' title='bbox 1287 2565 1567 2634; x_wconf 75' lang='lat' dir='ltr'><strong>significat,</strong></span> <span class='ocrx_word' id='word_1_191' title='bbox 1619 2564 1730 2617; x_wconf 77' lang='lat' dir='ltr'><strong>dia-</strong></span> 
     </span>
    </p>
   </div>
   <div class='ocr_carea' id='block_1_28' title="bbox 167 2654 1725 2729">
    <p class='ocr_par' dir='ltr' id='par_1_28' title="bbox 167 2654 1725 2729">
     <span class='ocr_line' id='line_1_28' title="bbox 167 2654 1725 2729; baseline -0.008 -12"><span class='ocrx_word' id='word_1_192' title='bbox 167 2662 292 2717; x_wconf 82' lang='lat' dir='ltr'><strong>bolo</strong></span> <span class='ocrx_word' id='word_1_193' title='bbox 338 2660 640 2729; x_wconf 79' lang='lat' dir='ltr'><strong>copulatam</strong></span> <span class='ocrx_word' id='word_1_194' title='bbox 686 2672 782 2726; x_wconf 89' lang='lat' dir='ltr'><strong>per</strong></span> <span class='ocrx_word' id='word_1_195' title='bbox 823 2655 1173 2725; x_wconf 88' lang='lat' dir='ltr'><strong>gentilitatem</strong></span> <span class='ocrx_word' id='word_1_196' title='bbox 1214 2664 1338 2708; x_wconf 87' lang='lat' dir='ltr'><strong>ante</strong></span> <span class='ocrx_word' id='word_1_197' title='bbox 1386 2654 1725 2722; x_wconf 88' lang='lat' dir='ltr'><strong>baptismum,</strong></span> 
     </span>
    </p>
   </div>
   <div class='ocr_carea' id='block_1_29' title="bbox 166 2743 1730 2818">
    <p class='ocr_par' dir='ltr' id='par_1_29' title="bbox 166 2743 1730 2818">
     <span class='ocr_line' id='line_1_29' title="bbox 166 2743 1730 2818; baseline -0.006 -14"><span class='ocrx_word' id='word_1_198' title='bbox 166 2755 284 2804; x_wconf 92' lang='lat' dir='ltr'><strong>sive</strong></span> <span class='ocrx_word' id='word_1_199' title='bbox 329 2759 446 2818; x_wconf 78' lang='lat' dir='ltr'><strong>post</strong></span> <span class='ocrx_word' id='word_1_200' title='bbox 487 2747 805 2815; x_wconf 88' lang='lat' dir='ltr'><strong>baptismum</strong></span> <span class='ocrx_word' id='word_1_201' title='bbox 862 2761 956 2813; x_wconf 90' lang='lat' dir='ltr'><strong>per</strong></span> <span class='ocrx_word' id='word_1_202' title='bbox 989 2743 1428 2812; x_wconf 81' lang='lat' dir='ltr'><strong>criminazquam</strong></span> <span class='ocrx_word' id='word_1_203' title='bbox 1461 2743 1730 2797; x_wconf 77' lang='lat' dir='ltr'><strong>vindicant</strong></span> 
     </span>
    </p>
   </div>
   <div class='ocr_carea' id='block_1_30' title="bbox 171 2831 1722 2908">
    <p class='ocr_par' dir='ltr' id='par_1_30' title="bbox 171 2831 1722 2908">
     <span class='ocr_line' id='line_1_30' title="bbox 171 2831 1722 2908; baseline -0.007 -16"><span class='ocrx_word' id='word_1_204' title='bbox 171 2850 321 2908; x_wconf 86' lang='lat' dir='ltr'><strong>pater</strong></span> <span class='ocrx_word' id='word_1_205' title='bbox 349 2847 403 2892; x_wconf 90' lang='lat' dir='ltr'><strong>et</strong></span> <span class='ocrx_word' id='word_1_206' title='bbox 430 2836 621 2891; x_wconf 90' lang='lat' dir='ltr'><strong>fratres</strong></span> <span class='ocrx_word' id='word_1_207' title='bbox 667 2836 803 2904; x_wconf 84' lang='lat' dir='ltr'><strong>ejus.</strong></span> <span class='ocrx_word' id='word_1_208' title='bbox 858 2833 907 2887; x_wconf 91' lang='lat' dir='ltr'><strong>id</strong></span> <span class='ocrx_word' id='word_1_209' title='bbox 947 2843 1051 2898; x_wconf 90' lang='lat' dir='ltr'><strong>est,</strong></span> <span class='ocrx_word' id='word_1_210' title='bbox 1081 2832 1324 2886; x_wconf 84' lang='lat' dir='ltr'><strong>Christus</strong></span> <span class='ocrx_word' id='word_1_211' title='bbox 1370 2841 1425 2886; x_wconf 90' lang='lat' dir='ltr'><strong>et</strong></span> <span class='ocrx_word' id='word_1_212' title='bbox 1475 2831 1722 2898; x_wconf 85' lang='lat' dir='ltr'><strong>apostoli,</strong></span> 
     </span>
    </p>
   </div>
   <div class='ocr_carea' id='block_1_31' title="bbox 171 2922 1724 2994">
    <p class='ocr_par' dir='ltr' id='par_1_31' title="bbox 171 2922 1724 2994">
     <span class='ocr_line' id='line_1_31' title="bbox 171 2922 1724 2994; baseline -0.004 -13"><span class='ocrx_word' id='word_1_213' title='bbox 171 2930 502 2984; x_wconf 85' lang='lat' dir='ltr'><strong>vindicantes</strong></span> <span class='ocrx_word' id='word_1_214' title='bbox 551 2927 868 2990; x_wconf 80' lang='lat' dir='ltr'><strong>Ecclesiam,</strong></span> <span class='ocrx_word' id='word_1_215' title='bbox 898 2939 1016 2994; x_wconf 78' lang='lat' dir='ltr'><strong>qua:</strong></span> <span class='ocrx_word' id='word_1_216' title='bbox 1045 2933 1128 2978; x_wconf 89' lang='lat' dir='ltr'><strong>est</strong></span> <span class='ocrx_word' id='word_1_217' title='bbox 1154 2937 1303 2977; x_wconf 90' lang='lat' dir='ltr'><strong>soror</strong></span> <span class='ocrx_word' id='word_1_218' title='bbox 1335 2922 1724 2991; x_wconf 85' lang='lat' dir='ltr'><strong>apostolorum.</strong></span> 
     </span>
    </p>
   </div>
   <div class='ocr_carea' id='block_1_32' title="bbox 174 3012 1727 3086">
    <p class='ocr_par' dir='ltr' id='par_1_32' title="bbox 174 3012 1727 3086">
     <span class='ocr_line' id='line_1_32' title="bbox 174 3012 1727 3086; baseline -0.005 -12"><span class='ocrx_word' id='word_1_219' title='bbox 174 3021 305 3074; x_wconf 72' lang='lat' dir='ltr'><strong>DTna</strong></span> <span class='ocrx_word' id='word_1_220' title='bbox 351 3028 522 3073; x_wconf 88' lang='lat' dir='ltr'><strong>autem</strong></span> <span class='ocrx_word' id='word_1_221' title='bbox 565 3031 658 3086; x_wconf 91' lang='lat' dir='ltr'><strong>per</strong></span> <span class='ocrx_word' id='word_1_222' title='bbox 693 3015 873 3069; x_wconf 87' lang='lat' dir='ltr'><strong>dolum</strong></span> <span class='ocrx_word' id='word_1_223' title='bbox 920 3013 1257 3068; x_wconf 88' lang='lat' dir='ltr'><strong>vindicatur:</strong></span> <span class='ocrx_word' id='word_1_224' title='bbox 1286 3013 1363 3066; x_wconf 84' lang='lat' dir='ltr'><strong>sic</strong></span> <span class='ocrx_word' id='word_1_225' title='bbox 1415 3012 1650 3066; x_wconf 72' lang='lat' dir='ltr'><strong>Ecclesia</strong></span> <span class='ocrx_word' id='word_1_226' title='bbox 1698 3026 1727 3066; x_wconf 90' lang='lat' dir='ltr'><strong>a</strong></span> 
     </span>
    </p>
   </div>
   <div class='ocr_carea' id='block_1_33' title="bbox 169 3100 1727 3176">
    <p class='ocr_par' dir='ltr' id='par_1_33' title="bbox 169 3100 1727 3176">
     <span class='ocr_line' id='line_1_33' title="bbox 169 3100 1727 3176; baseline -0.005 -16"><span class='ocrx_word' id='word_1_227' title='bbox 169 3110 389 3162; x_wconf 73' lang='lat' dir='ltr'><strong>Christo</strong></span> <span class='ocrx_word' id='word_1_228' title='bbox 413 3122 572 3176; x_wconf 88' lang='lat' dir='ltr'><strong>super</strong></span> <span class='ocrx_word' id='word_1_229' title='bbox 595 3105 863 3161; x_wconf 90' lang='lat' dir='ltr'><strong>diabolum</strong></span> <span class='ocrx_word' id='word_1_230' title='bbox 905 3118 998 3172; x_wconf 89' lang='lat' dir='ltr'><strong>per</strong></span> <span class='ocrx_word' id='word_1_231' title='bbox 1043 3102 1220 3155; x_wconf 90' lang='lat' dir='ltr'><strong>dolum</strong></span> <span class='ocrx_word' id='word_1_232' title='bbox 1257 3100 1727 3155; x_wconf 80' lang='lat' dir='ltr'><strong>vindicatur.&#39;Du:e</strong></span> 
     </span>
    </p>
   </div>
   <div class='ocr_carea' id='block_1_34' title="bbox 1831 578 3382 661">
    <p class='ocr_par' dir='ltr' id='par_1_34' title="bbox 1831 578 3382 661">
     <span class='ocr_line' id='line_1_34' title="bbox 1831 578 3382 661; baseline 0.012 -31"><span class='ocrx_word' id='word_1_233' title='bbox 1831 578 2102 644; x_wconf 68' lang='lat' dir='ltr'><strong>Benjamin</strong></span> <span class='ocrx_word' id='word_1_234' title='bbox 2150 581 2415 635; x_wconf 71' lang='lat' dir='ltr'><strong>terrestris</strong></span> <span class='ocrx_word' id='word_1_235' title='bbox 2457 582 2785 639; x_wconf 83' lang='lat' dir='ltr'><strong>llicrusaletn</strong></span> <span class='ocrx_word' id='word_1_236' title='bbox 2845 588 3285 661; x_wconf 75' lang='lat' dir='ltr'><strong>figuratur,.qu:e</strong></span> <span class='ocrx_word' id='word_1_237' title='bbox 3328 595 3382 649; x_wconf 88' lang='lat' dir='ltr'><strong>in</strong></span> 
     </span>
    </p>
   </div>
   <div class='ocr_carea' id='block_1_35' title="bbox 1830 669 3383 747">
    <p class='ocr_par' dir='ltr' id='par_1_35' title="bbox 1830 669 3383 747">
     <span class='ocr_line' id='line_1_35' title="bbox 1830 669 3383 747; baseline 0.01 -25"><span class='ocrx_word' id='word_1_238' title='bbox 1830 669 1964 722; x_wconf 92' lang='lat' dir='ltr'><strong>tribu</strong></span> <span class='ocrx_word' id='word_1_239' title='bbox 2009 669 2303 738; x_wconf 80' lang='lat' dir='ltr'><strong>Benjantin,</strong></span> <span class='ocrx_word' id='word_1_240' title='bbox 2349 673 2500 742; x_wconf 89' lang='lat' dir='ltr'><strong>cujus</strong></span> <span class='ocrx_word' id='word_1_241' title='bbox 2529 677 2754 743; x_wconf 90' lang='lat' dir='ltr'><strong>populus</strong></span> <span class='ocrx_word' id='word_1_242' title='bbox 2778 679 2922 747; x_wconf 80' lang='lat' dir='ltr'><strong>gravi</strong></span> <span class='ocrx_word' id='word_1_243' title='bbox 2949 681 3130 736; x_wconf 89' lang='lat' dir='ltr'><strong>dolore</strong></span> <span class='ocrx_word' id='word_1_244' title='bbox 3160 696 3383 739; x_wconf 86' lang='lat' dir='ltr'><strong>matrem</strong></span> 
     </span>
    </p>
   </div>
   <div class='ocr_carea' id='block_1_36' title="bbox 1829 758 3381 839">
    <p class='ocr_par' dir='ltr' id='par_1_36' title="bbox 1829 758 3381 839">
     <span class='ocr_line' id='line_1_36' title="bbox 1829 758 3381 839; baseline 0.012 -30"><span class='ocrx_word' id='word_1_245' title='bbox 1829 758 2014 826; x_wconf 84' lang='lat' dir='ltr'><strong>afficit,</strong></span> <span class='ocrx_word' id='word_1_246' title='bbox 2042 760 2361 816; x_wconf 84' lang='lat' dir='ltr'><strong>ell&#39;undendo</strong></span> <span class='ocrx_word' id='word_1_247' title='bbox 2388 767 2699 834; x_wconf 77' lang='lat' dir='ltr'><strong>sanguinem</strong></span> <span class='ocrx_word' id='word_1_248' title='bbox 2727 773 2960 822; x_wconf 87' lang='lat' dir='ltr'><strong>omnium</strong></span> <span class='ocrx_word' id='word_1_249' title='bbox 2987 772 3381 839; x_wconf 85' lang='lat' dir='ltr'><strong>prophetarum,</strong></span> 
     </span>
    </p>
   </div>
   <div class='ocr_carea' id='block_1_37' title="bbox 1829 846 3382 931">
    <p class='ocr_par' dir='ltr' id='par_1_37' title="bbox 1829 846 3382 931">
     <span class='ocr_line' id='line_1_37' title="bbox 1829 846 3382 931; baseline 0.013 -33"><span class='ocrx_word' id='word_1_250' title='bbox 1829 846 2044 916; x_wconf 65' lang='lat' dir='ltr'><strong>insuper</strong></span> <span class='ocrx_word' id='word_1_251' title='bbox 2087 851 2245 903; x_wconf 90' lang='lat' dir='ltr'><strong>etiam</strong></span> <span class='ocrx_word' id='word_1_252' title='bbox 2308 853 2360 905; x_wconf 89' lang='lat' dir='ltr'><strong>in</strong></span> <span class='ocrx_word' id='word_1_253' title='bbox 2423 869 2552 909; x_wconf 87' lang='lat' dir='ltr'><strong>nece</strong></span> <span class='ocrx_word' id='word_1_254' title='bbox 2615 853 2809 911; x_wconf 87' lang='lat' dir='ltr'><strong>Christi</strong></span> <span class='ocrx_word' id='word_1_255' title='bbox 2865 861 3162 925; x_wconf 83' lang='lat' dir='ltr'><strong>acclamans</strong></span> <span class='ocrx_word' id='word_1_256' title='bbox 3206 863 3382 931; x_wconf 77' lang='lat' dir='ltr'><strong>impiis</strong></span> 
     </span>
    </p>
   </div>
   <div class='ocr_carea' id='block_1_38' title="bbox 1830 939 3386 1018">
    <p class='ocr_par' dir='ltr' id='par_1_38' title="bbox 1830 939 3386 1018">
     <span class='ocr_line' id='line_1_38' title="bbox 1830 939 3386 1018; baseline 0.01 -28"><span class='ocrx_word' id='word_1_257' title='bbox 1830 941 2043 993; x_wconf 67' lang='lat' dir='ltr'><strong>vocibus</strong></span> <span class='ocrx_word' id='word_1_258' title='bbox 2069 958 2080 992; x_wconf 91' lang='lat'><strong><em>:</em></strong></span> <span class='ocrx_word' id='word_1_259' title='bbox 2107 939 2330 1013; x_wconf 85' lang='lat' dir='ltr'><strong>Sanguis</strong></span> <span class='ocrx_word' id='word_1_260' title='bbox 2371 945 2481 1012; x_wconf 87' lang='lat' dir='ltr'><strong>ejus</strong></span> <span class='ocrx_word' id='word_1_261' title='bbox 2530 963 2684 1014; x_wconf 80' lang='lat' dir='ltr'><strong>super</strong></span> <span class='ocrx_word' id='word_1_262' title='bbox 2727 964 2836 1012; x_wconf 88' lang='lat' dir='ltr'><strong>nos,</strong></span> <span class='ocrx_word' id='word_1_263' title='bbox 2879 957 2926 1002; x_wconf 88' lang='lat' dir='ltr'><strong>et</strong></span> <span class='ocrx_word' id='word_1_264' title='bbox 2959 965 3107 1018; x_wconf 79' lang='lat' dir='ltr'><strong>super</strong></span> <span class='ocrx_word' id='word_1_265' title='bbox 3132 951 3262 1018; x_wconf 77' lang='lat' dir='ltr'><strong>ﬁlios</strong></span> <span class='ocrx_word' id='word_1_266' title='bbox 3293 970 3386 1006; x_wconf 80' lang='lat' dir='ltr'><strong>no-</strong></span> 
     </span>
    </p>
   </div>
   <div class='ocr_carea' id='block_1_39' title="bbox 1828 1033 3386 1106">
    <p class='ocr_par' dir='ltr' id='par_1_39' title="bbox 1828 1033 3386 1106">
     <span class='ocr_line' id='line_1_39' title="bbox 1828 1033 3386 1106; baseline 0.008 -22"><span class='ocrx_word' id='word_1_267' title='bbox 1828 1042 1977 1086; x_wconf 86' lang='lat' dir='ltr'><strong>stros.</strong></span> <span class='ocrx_word' id='word_1_268' title='bbox 2010 1033 2110 1085; x_wconf 85' lang='lat' dir='ltr'><strong>Alii</strong></span> <span class='ocrx_word' id='word_1_269' title='bbox 2147 1033 2352 1099; x_wconf 86' lang='lat' dir='ltr'><strong>dicunt,</strong></span> <span class='ocrx_word' id='word_1_270' title='bbox 2387 1051 2480 1103; x_wconf 88' lang='lat' dir='ltr'><strong>per</strong></span> <span class='ocrx_word' id='word_1_271' title='bbox 2506 1037 2606 1091; x_wconf 90' lang='lat' dir='ltr'><strong>hoc</strong></span> <span class='ocrx_word' id='word_1_272' title='bbox 2638 1039 2739 1092; x_wconf 89' lang='lat' dir='ltr'><strong>iter</strong></span> <span class='ocrx_word' id='word_1_273' title='bbox 2767 1038 2932 1094; x_wconf 80' lang='lat' dir='ltr'><strong>Jacob</strong></span> <span class='ocrx_word' id='word_1_274' title='bbox 2957 1040 3022 1094; x_wconf 75' lang='lat' dir='ltr'><strong>ad</strong></span> <span class='ocrx_word' id='word_1_275' title='bbox 3050 1041 3253 1106; x_wconf 84' lang='lat' dir='ltr'><strong>Bethel,</strong></span> <span class='ocrx_word' id='word_1_276' title='bbox 3281 1043 3386 1097; x_wconf 89' lang='lat' dir='ltr'><strong>iter</strong></span> 
     </span>
    </p>
   </div>
   <div class='ocr_carea' id='block_1_40' title="bbox 1829 1121 3378 1200">
    <p class='ocr_par' dir='ltr' id='par_1_40' title="bbox 1829 1121 3378 1200">
     <span class='ocr_line' id='line_1_40' title="bbox 1829 1121 3378 1200; baseline 0.008 -27"><span class='ocrx_word' id='word_1_277' title='bbox 1829 1121 2021 1175; x_wconf 85' lang='lat' dir='ltr'><strong>Christi</strong></span> <span class='ocrx_word' id='word_1_278' title='bbox 2047 1121 2110 1175; x_wconf 94' lang='lat' dir='ltr'><strong>ad</strong></span> <span class='ocrx_word' id='word_1_279' title='bbox 2140 1122 2425 1178; x_wconf 87' lang='lat' dir='ltr'><strong>Ecclesiam</strong></span> <span class='ocrx_word' id='word_1_280' title='bbox 2454 1125 2583 1180; x_wconf 79' lang='lat' dir='ltr'><strong>Novi</strong></span> <span class='ocrx_word' id='word_1_281' title='bbox 2603 1127 2931 1183; x_wconf 78' lang='lat' dir='ltr'><strong>TeStatnenti</strong></span> <span class='ocrx_word' id='word_1_282' title='bbox 2961 1129 3264 1200; x_wconf 86' lang='lat' dir='ltr'><strong>significari,</strong></span> <span class='ocrx_word' id='word_1_283' title='bbox 3290 1133 3378 1200; x_wconf 86' lang='lat' dir='ltr'><strong>qui</strong></span> 
     </span>
    </p>
   </div>
   <div class='ocr_carea' id='block_1_41' title="bbox 1830 1211 3381 1286">
    <p class='ocr_par' dir='ltr' id='par_1_41' title="bbox 1830 1211 3381 1286">
     <span class='ocr_line' id='line_1_41' title="bbox 1830 1211 3381 1286; baseline 0.006 -23"><span class='ocrx_word' id='word_1_284' title='bbox 1830 1226 1934 1263; x_wconf 86' lang='lat' dir='ltr'><strong>non</strong></span> <span class='ocrx_word' id='word_1_285' title='bbox 1966 1211 2256 1267; x_wconf 81' lang='lat' dir='ltr'><strong>immolavit</strong></span> <span class='ocrx_word' id='word_1_286' title='bbox 2287 1212 2559 1268; x_wconf 85' lang='lat' dir='ltr'><strong>victimam</strong></span> <span class='ocrx_word' id='word_1_287' title='bbox 2595 1232 2759 1286; x_wconf 88' lang='lat' dir='ltr'><strong>usque</strong></span> <span class='ocrx_word' id='word_1_288' title='bbox 2799 1218 2922 1272; x_wconf 90' lang='lat' dir='ltr'><strong>dum</strong></span> <span class='ocrx_word' id='word_1_289' title='bbox 2961 1220 3103 1274; x_wconf 89' lang='lat' dir='ltr'><strong>venit</strong></span> <span class='ocrx_word' id='word_1_290' title='bbox 3139 1221 3190 1274; x_wconf 93' lang='lat' dir='ltr'><strong>in</strong></span> <span class='ocrx_word' id='word_1_291' title='bbox 3223 1221 3381 1276; x_wconf 81' lang='lat' dir='ltr'><strong>Beth-</strong></span> 
     </span>
    </p>
   </div>
   <div class='ocr_carea' id='block_1_42' title="bbox 1832 1301 3388 1379">
    <p class='ocr_par' dir='ltr' id='par_1_42' title="bbox 1832 1301 3388 1379">
     <span class='ocr_line' id='line_1_42' title="bbox 1832 1301 3388 1379; baseline 0.007 -25"><span class='ocrx_word' id='word_1_292' title='bbox 1832 1301 1987 1358; x_wconf 86' lang='lat' dir='ltr'><strong>leem.</strong></span> <span class='ocrx_word' id='word_1_293' title='bbox 2028 1304 2178 1369; x_wconf 86' lang='lat' dir='ltr'><strong>Quod</strong></span> <span class='ocrx_word' id='word_1_294' title='bbox 2221 1314 2395 1360; x_wconf 91' lang='lat' dir='ltr'><strong>autem</strong></span> <span class='ocrx_word' id='word_1_295' title='bbox 2433 1305 2629 1361; x_wconf 88' lang='lat' dir='ltr'><strong>dicitur</strong></span> <span class='ocrx_word' id='word_1_296' title='bbox 2666 1318 3029 1365; x_wconf 84' lang='lat' dir='ltr'><strong>transcurrere</strong></span> <span class='ocrx_word' id='word_1_297' title='bbox 3054 1325 3261 1379; x_wconf 83' lang='lat' dir='ltr'><strong>greges,</strong></span> <span class='ocrx_word' id='word_1_298' title='bbox 3295 1328 3388 1379; x_wconf 90' lang='lat' dir='ltr'><strong>per</strong></span> 
     </span>
    </p>
   </div>
   <div class='ocr_carea' id='block_1_43' title="bbox 1829 1390 3386 1466">
    <p class='ocr_par' dir='ltr' id='par_1_43' title="bbox 1829 1390 3386 1466">
     <span class='ocr_line' id='line_1_43' title="bbox 1829 1390 3386 1466; baseline 0.006 -23"><span class='ocrx_word' id='word_1_299' title='bbox 1829 1390 2262 1459; x_wconf 83' lang='lat' dir='ltr'><strong>anticipationem</strong></span> <span class='ocrx_word' id='word_1_300' title='bbox 2299 1394 2403 1448; x_wconf 90' lang='lat' dir='ltr'><strong>dici</strong></span> <span class='ocrx_word' id='word_1_301' title='bbox 2434 1405 2644 1462; x_wconf 89' lang='lat' dir='ltr'><strong>putatur</strong></span> <span class='ocrx_word' id='word_1_302' title='bbox 2672 1413 2686 1451; x_wconf 88' lang='lat'><strong>:</strong></span> <span class='ocrx_word' id='word_1_303' title='bbox 2728 1411 2792 1450; x_wconf 90' lang='lat' dir='ltr'><strong>eo</strong></span> <span class='ocrx_word' id='word_1_304' title='bbox 2821 1402 2960 1466; x_wconf 88' lang='lat' dir='ltr'><strong>quod</strong></span> <span class='ocrx_word' id='word_1_305' title='bbox 2988 1412 3114 1465; x_wconf 80' lang='lat' dir='ltr'><strong>grex</strong></span> <span class='ocrx_word' id='word_1_306' title='bbox 3140 1398 3302 1452; x_wconf 81' lang='lat' dir='ltr'><strong>Jacou</strong></span> <span class='ocrx_word' id='word_1_307' title='bbox 3332 1414 3386 1453; x_wconf 76' lang='lat' dir='ltr'><strong>in</strong></span> 
     </span>
    </p>
   </div>
   <div class='ocr_carea' id='block_1_44' title="bbox 1829 1479 3383 1553">
    <p class='ocr_par' dir='ltr' id='par_1_44' title="bbox 1829 1479 3383 1553">
     <span class='ocr_line' id='line_1_44' title="bbox 1829 1479 3383 1553; baseline 0.007 -21"><span class='ocrx_word' id='word_1_308' title='bbox 1829 1494 1894 1532; x_wconf 87' lang='lat' dir='ltr'><strong>eo</strong></span> <span class='ocrx_word' id='word_1_309' title='bbox 1937 1479 2213 1546; x_wconf 76' lang='lat' dir='ltr'><strong>habitavit,</strong></span> <span class='ocrx_word' id='word_1_310' title='bbox 2261 1485 2373 1536; x_wconf 83' lang='lat' dir='ltr'><strong>sive</strong></span> <span class='ocrx_word' id='word_1_311' title='bbox 2417 1499 2544 1552; x_wconf 82' lang='lat' dir='ltr'><strong>grex</strong></span> <span class='ocrx_word' id='word_1_312' title='bbox 2595 1485 2929 1552; x_wconf 85' lang='lat' dir='ltr'><strong>angelorum,</strong></span> <span class='ocrx_word' id='word_1_313' title='bbox 2984 1487 3072 1553; x_wconf 90' lang='lat' dir='ltr'><strong>qui</strong></span> <span class='ocrx_word' id='word_1_314' title='bbox 3119 1487 3383 1543; x_wconf 88' lang='lat' dir='ltr'><strong>nativitati</strong></span> 
     </span>
    </p>
   </div>
   <div class='ocr_carea' id='block_1_45' title="bbox 1830 1569 3386 1632">
    <p class='ocr_par' dir='ltr' id='par_1_45' title="bbox 1830 1569 3386 1632">
     <span class='ocr_line' id='line_1_45' title="bbox 1830 1569 3386 1632; baseline 0.004 -9"><span class='ocrx_word' id='word_1_315' title='bbox 1830 1569 2036 1625; x_wconf 86' lang='lat' dir='ltr'><strong>Domini</strong></span> <span class='ocrx_word' id='word_1_316' title='bbox 2065 1573 2435 1627; x_wconf 69' lang='lat' dir='ltr'><strong>ministrabant</strong></span> <span class='ocrx_word' id='word_1_317' title='bbox 2459 1591 2472 1624; x_wconf 89' lang='lat'><strong>:</strong></span> <span class='ocrx_word' id='word_1_318' title='bbox 2497 1572 2563 1626; x_wconf 84' lang='lat' dir='ltr'><strong>Et</strong></span> <span class='ocrx_word' id='word_1_319' title='bbox 2588 1576 2718 1627; x_wconf 84' lang='lat' dir='ltr'><strong>venit</strong></span> <span class='ocrx_word' id='word_1_320' title='bbox 2746 1573 2921 1630; x_wconf 91' lang='lat' dir='ltr'><strong>Solem</strong></span> <span class='ocrx_word' id='word_1_321' title='bbox 2948 1577 3196 1630; x_wconf 81' lang='lat' dir='ltr'><strong>civitatem</strong></span> <span class='ocrx_word' id='word_1_322' title='bbox 3220 1577 3386 1632; x_wconf 81' lang='lat' dir='ltr'><strong>Sichi-</strong></span> 
     </span>
    </p>
   </div>
   <div class='ocr_carea' id='block_1_46' title="bbox 1830 1665 3385 1734">
    <p class='ocr_par' dir='ltr' id='par_1_46' title="bbox 1830 1665 3385 1734">
     <span class='ocr_line' id='line_1_46' title="bbox 1830 1665 3385 1734; baseline 0.005 -19"><span class='ocrx_word' id='word_1_323' title='bbox 1830 1679 2026 1717; x_wconf 87' lang='lat' dir='ltr'><strong>morum</strong></span> <span class='ocrx_word' id='word_1_324' title='bbox 2066 1665 2120 1717; x_wconf 91' lang='lat' dir='ltr'><strong>in</strong></span> <span class='ocrx_word' id='word_1_325' title='bbox 2160 1675 2293 1718; x_wconf 74' lang='lat' dir='ltr'><strong>terra</strong></span> <span class='ocrx_word' id='word_1_326' title='bbox 2321 1665 2549 1721; x_wconf 84' lang='lat' dir='ltr'><strong>Canaan.</strong></span> <span class='ocrx_word' id='word_1_327' title='bbox 2594 1667 2870 1734; x_wconf 82' lang='lat' dir='ltr'><strong>Quomodo</strong></span> <span class='ocrx_word' id='word_1_328' title='bbox 2913 1683 3051 1722; x_wconf 91' lang='lat' dir='ltr'><strong>nunc</strong></span> <span class='ocrx_word' id='word_1_329' title='bbox 3100 1669 3185 1723; x_wconf 89' lang='lat' dir='ltr'><strong>hic</strong></span> <span class='ocrx_word' id='word_1_330' title='bbox 3211 1669 3385 1723; x_wconf 83' lang='lat' dir='ltr'><strong>Salem</strong></span> 
     </span>
    </p>
   </div>
   <div class='ocr_carea' id='block_1_47' title="bbox 1832 1755 3386 1830">
    <p class='ocr_par' dir='ltr' id='par_1_47' title="bbox 1832 1755 3386 1830">
     <span class='ocr_line' id='line_1_47' title="bbox 1832 1755 3386 1830; baseline 0.001 -18"><span class='ocrx_word' id='word_1_331' title='bbox 1832 1755 2042 1812; x_wconf 88' lang='lat' dir='ltr'><strong>Sichem</strong></span> <span class='ocrx_word' id='word_1_332' title='bbox 2073 1757 2260 1812; x_wconf 87' lang='lat' dir='ltr'><strong>civitas</strong></span> <span class='ocrx_word' id='word_1_333' title='bbox 2287 1768 2639 1825; x_wconf 88' lang='lat' dir='ltr'><strong>nuncupatur,</strong></span> <span class='ocrx_word' id='word_1_334' title='bbox 2674 1775 2793 1813; x_wconf 93' lang='lat' dir='ltr'><strong>cum</strong></span> <span class='ocrx_word' id='word_1_335' title='bbox 2829 1758 3184 1825; x_wconf 85' lang='lat' dir='ltr'><strong>Hierusalem,</strong></span> <span class='ocrx_word' id='word_1_336' title='bbox 3212 1759 3264 1814; x_wconf 91' lang='lat' dir='ltr'><strong>in</strong></span> <span class='ocrx_word' id='word_1_337' title='bbox 3284 1775 3386 1830; x_wconf 87' lang='lat' dir='ltr'><strong>qua</strong></span> 
     </span>
    </p>
   </div>
   <div class='ocr_carea' id='block_1_48' title="bbox 1832 1849 3392 1917">
    <p class='ocr_par' dir='ltr' id='par_1_48' title="bbox 1832 1849 3392 1917">
     <span class='ocr_line' id='line_1_48' title="bbox 1832 1849 3392 1917; baseline 0 -15"><span class='ocrx_word' id='word_1_338' title='bbox 1832 1850 2069 1917; x_wconf 84' lang='lat' dir='ltr'><strong>regnavit</strong></span> <span class='ocrx_word' id='word_1_339' title='bbox 2118 1849 2488 1914; x_wconf 40' lang='lat' dir='ltr'><strong>Melchitedec,</strong></span> <span class='ocrx_word' id='word_1_340' title='bbox 2547 1850 2718 1904; x_wconf 76' lang='lat' dir='ltr'><strong>Salem</strong></span> <span class='ocrx_word' id='word_1_341' title='bbox 2771 1850 2840 1903; x_wconf 86' lang='lat' dir='ltr'><strong>sit</strong></span> <span class='ocrx_word' id='word_1_342' title='bbox 2886 1859 3010 1905; x_wconf 86' lang='lat' dir='ltr'><strong>ante</strong></span> <span class='ocrx_word' id='word_1_343' title='bbox 3057 1850 3237 1904; x_wconf 74' lang='lat' dir='ltr'><strong>dicta?</strong></span> <span class='ocrx_word' id='word_1_344' title='bbox 3288 1856 3392 1906; x_wconf 80' lang='lat' dir='ltr'><strong>Ant</strong></span> 
     </span>
    </p>
   </div>
   <div class='ocr_carea' id='block_1_49' title="bbox 1831 1938 3384 2007">
    <p class='ocr_par' dir='ltr' id='par_1_49' title="bbox 1831 1938 3384 2007">
     <span class='ocr_line' id='line_1_49' title="bbox 1831 1938 3384 2007; baseline -0.001 -16"><span class='ocrx_word' id='word_1_345' title='bbox 1831 1938 1989 2006; x_wconf 87' lang='lat' dir='ltr'><strong>igitur</strong></span> <span class='ocrx_word' id='word_1_346' title='bbox 2018 1954 2177 1991; x_wconf 91' lang='lat' dir='ltr'><strong>unum</strong></span> <span class='ocrx_word' id='word_1_347' title='bbox 2211 1941 2358 1993; x_wconf 91' lang='lat' dir='ltr'><strong>urbis</strong></span> <span class='ocrx_word' id='word_1_348' title='bbox 2388 1949 2441 1993; x_wconf 89' lang='lat' dir='ltr'><strong>et</strong></span> <span class='ocrx_word' id='word_1_349' title='bbox 2469 1939 2566 1993; x_wconf 90' lang='lat' dir='ltr'><strong>loci</strong></span> <span class='ocrx_word' id='word_1_350' title='bbox 2599 1953 2791 1992; x_wconf 90' lang='lat' dir='ltr'><strong>nomen</strong></span> <span class='ocrx_word' id='word_1_351' title='bbox 2841 1939 2891 1992; x_wconf 93' lang='lat' dir='ltr'><strong>in</strong></span> <span class='ocrx_word' id='word_1_352' title='bbox 2935 1939 3034 1992; x_wconf 89' lang='lat' dir='ltr'><strong>alia</strong></span> <span class='ocrx_word' id='word_1_353' title='bbox 3083 1945 3242 2007; x_wconf 86' lang='lat' dir='ltr'><strong>atque</strong></span> <span class='ocrx_word' id='word_1_354' title='bbox 3285 1939 3384 1991; x_wconf 85' lang='lat' dir='ltr'><strong>alia</strong></span> 
     </span>
    </p>
   </div>
   <div class='ocr_carea' id='block_1_50' title="bbox 1833 2027 3386 2096">
    <p class='ocr_par' dir='ltr' id='par_1_50' title="bbox 1833 2027 3386 2096">
     <span class='ocr_line' id='line_1_50' title="bbox 1833 2027 3386 2096; baseline 0.001 -18"><span class='ocrx_word' id='word_1_355' title='bbox 1833 2027 1968 2080; x_wconf 90' lang='lat' dir='ltr'><strong>tribu</strong></span> <span class='ocrx_word' id='word_1_356' title='bbox 1997 2045 2010 2078; x_wconf 93' lang='lat'><strong>:</strong></span> <span class='ocrx_word' id='word_1_357' title='bbox 2038 2039 2126 2081; x_wconf 89' lang='lat' dir='ltr'><strong>aut</strong></span> <span class='ocrx_word' id='word_1_358' title='bbox 2169 2037 2318 2082; x_wconf 90' lang='lat' dir='ltr'><strong>certe</strong></span> <span class='ocrx_word' id='word_1_359' title='bbox 2357 2029 2509 2081; x_wconf 81' lang='lat' dir='ltr'><strong>istam</strong></span> <span class='ocrx_word' id='word_1_360' title='bbox 2557 2028 2754 2089; x_wconf 89' lang='lat' dir='ltr'><strong>Salem,</strong></span> <span class='ocrx_word' id='word_1_361' title='bbox 2781 2043 2899 2096; x_wconf 67' lang='lat' dir='ltr'><strong>qua:</strong></span> <span class='ocrx_word' id='word_1_362' title='bbox 2921 2041 3062 2080; x_wconf 87' lang='lat' dir='ltr'><strong>nunc</strong></span> <span class='ocrx_word' id='word_1_363' title='bbox 3083 2027 3386 2080; x_wconf 90' lang='lat' dir='ltr'><strong>nominatur</strong></span> 
     </span>
    </p>
   </div>
   <div class='ocr_carea' id='block_1_51' title="bbox 1831 2116 3389 2184">
    <p class='ocr_par' dir='ltr' id='par_1_51' title="bbox 1831 2116 3389 2184">
     <span class='ocr_line' id='line_1_51' title="bbox 1831 2116 3389 2184; baseline 0.003 -17"><span class='ocrx_word' id='word_1_364' title='bbox 1831 2116 2066 2181; x_wconf 85' lang='lat' dir='ltr'><strong>Sichem,</strong></span> <span class='ocrx_word' id='word_1_365' title='bbox 2122 2117 2351 2171; x_wconf 89' lang='lat' dir='ltr'><strong>dicimus</strong></span> <span class='ocrx_word' id='word_1_366' title='bbox 2383 2117 2468 2170; x_wconf 90' lang='lat' dir='ltr'><strong>hic</strong></span> <span class='ocrx_word' id='word_1_367' title='bbox 2501 2117 2837 2184; x_wconf 86' lang='lat' dir='ltr'><strong>interpretari</strong></span> <span class='ocrx_word' id='word_1_368' title='bbox 2867 2125 3281 2171; x_wconf 88' lang='lat' dir='ltr'><strong>consummatam</strong></span> <span class='ocrx_word' id='word_1_369' title='bbox 3310 2127 3389 2170; x_wconf 87' lang='lat' dir='ltr'><strong>at-</strong></span> 
     </span>
    </p>
   </div>
   <div class='ocr_carea' id='block_1_52' title="bbox 1830 2205 3376 2279">
    <p class='ocr_par' dir='ltr' id='par_1_52' title="bbox 1830 2205 3376 2279">
     <span class='ocr_line' id='line_1_52' title="bbox 1830 2205 3376 2279; baseline -0.003 -16"><span class='ocrx_word' id='word_1_370' title='bbox 1830 2226 1933 2279; x_wconf 85' lang='lat' dir='ltr'><strong>que</strong></span> <span class='ocrx_word' id='word_1_371' title='bbox 1964 2209 2285 2277; x_wconf 82' lang='lat' dir='ltr'><strong>perfectam;</strong></span> <span class='ocrx_word' id='word_1_372' title='bbox 2317 2216 2370 2262; x_wconf 90' lang='lat' dir='ltr'><strong>et</strong></span> <span class='ocrx_word' id='word_1_373' title='bbox 2414 2208 2557 2261; x_wconf 90' lang='lat' dir='ltr'><strong>illam</strong></span> <span class='ocrx_word' id='word_1_374' title='bbox 2598 2223 2715 2273; x_wconf 70' lang='lat' dir='ltr'><strong>quas</strong></span> <span class='ocrx_word' id='word_1_375' title='bbox 2756 2215 3008 2274; x_wconf 68' lang='lat' dir='ltr'><strong>praeterea</strong></span> <span class='ocrx_word' id='word_1_376' title='bbox 3053 2205 3376 2260; x_wconf 83' lang='lat' dir='ltr'><strong>Hierusalem</strong></span> 
     </span>
    </p>
   </div>
   <div class='ocr_carea' id='block_1_53' title="bbox 1831 2296 3384 2366">
    <p class='ocr_par' dir='ltr' id='par_1_53' title="bbox 1831 2296 3384 2366">
     <span class='ocr_line' id='line_1_53' title="bbox 1831 2296 3384 2366; baseline -0.001 -15"><span class='ocrx_word' id='word_1_377' title='bbox 1831 2300 1970 2352; x_wconf 82' lang='lat' dir='ltr'><strong>dicta</strong></span> <span class='ocrx_word' id='word_1_378' title='bbox 1997 2307 2103 2360; x_wconf 91' lang='lat' dir='ltr'><strong>est,</strong></span> <span class='ocrx_word' id='word_1_379' title='bbox 2138 2298 2429 2365; x_wconf 66' lang='lat' dir='ltr'><strong>pacificum,</strong></span> <span class='ocrx_word' id='word_1_380' title='bbox 2476 2307 2762 2366; x_wconf 89' lang='lat' dir='ltr'><strong>nostroque</strong></span> <span class='ocrx_word' id='word_1_381' title='bbox 2786 2311 3030 2351; x_wconf 89' lang='lat' dir='ltr'><strong>sermone</strong></span> <span class='ocrx_word' id='word_1_382' title='bbox 3071 2296 3384 2351; x_wconf 82' lang='lat' dir='ltr'><strong>transferre.</strong></span> 
     </span>
    </p>
   </div>
   <div class='ocr_carea' id='block_1_54' title="bbox 1833 2385 3389 2456">
    <p class='ocr_par' dir='ltr' id='par_1_54' title="bbox 1833 2385 3389 2456">
     <span class='ocr_line' id='line_1_54' title="bbox 1833 2385 3389 2456; baseline -0.002 -12"><span class='ocrx_word' id='word_1_383' title='bbox 1833 2389 2109 2456; x_wconf 86' lang='lat' dir='ltr'><strong>Utrunque</strong></span> <span class='ocrx_word' id='word_1_384' title='bbox 2148 2389 2290 2440; x_wconf 86' lang='lat' dir='ltr'><strong>enim</strong></span> <span class='ocrx_word' id='word_1_385' title='bbox 2327 2396 2546 2441; x_wconf 90' lang='lat' dir='ltr'><strong>accentu</strong></span> <span class='ocrx_word' id='word_1_386' title='bbox 2576 2385 2845 2455; x_wconf 86' lang='lat' dir='ltr'><strong>paululum</strong></span> <span class='ocrx_word' id='word_1_387' title='bbox 2875 2385 3138 2440; x_wconf 91' lang='lat' dir='ltr'><strong>declinato</strong></span> <span class='ocrx_word' id='word_1_388' title='bbox 3169 2386 3267 2440; x_wconf 88' lang='lat' dir='ltr'><strong>hoc</strong></span> <span class='ocrx_word' id='word_1_389' title='bbox 3299 2401 3389 2441; x_wconf 84' lang='lat' dir='ltr'><strong>vo-</strong></span> 
     </span>
    </p>
   </div>
   <div class='ocr_carea' id='block_1_55' title="bbox 1831 2474 3386 2544">
    <p class='ocr_par' dir='ltr' id='par_1_55' title="bbox 1831 2474 3386 2544">
     <span class='ocr_line' id='line_1_55' title="bbox 1831 2474 3386 2544; baseline -0.002 -14"><span class='ocrx_word' id='word_1_390' title='bbox 1831 2477 2079 2531; x_wconf 88' lang='lat' dir='ltr'><strong>cabulum</strong></span> <span class='ocrx_word' id='word_1_391' title='bbox 2109 2483 2280 2530; x_wconf 88' lang='lat' dir='ltr'><strong>sonat.</strong></span> <span class='ocrx_word' id='word_1_392' title='bbox 2322 2474 2555 2528; x_wconf 85' lang='lat' dir='ltr'><strong>Tradunt</strong></span> <span class='ocrx_word' id='word_1_393' title='bbox 2584 2476 2724 2528; x_wconf 89' lang='lat' dir='ltr'><strong>enim</strong></span> <span class='ocrx_word' id='word_1_394' title='bbox 2757 2474 2987 2540; x_wconf 66' lang='lat' dir='ltr'><strong>Hebraei,</strong></span> <span class='ocrx_word' id='word_1_395' title='bbox 3019 2475 3157 2544; x_wconf 88' lang='lat' dir='ltr'><strong>quod</strong></span> <span class='ocrx_word' id='word_1_396' title='bbox 3184 2475 3386 2530; x_wconf 85' lang='lat' dir='ltr'><strong>claudi-</strong></span> 
     </span>
    </p>
   </div>
   <div class='ocr_carea' id='block_1_56' title="bbox 1830 2564 3387 2635">
    <p class='ocr_par' dir='ltr' id='par_1_56' title="bbox 1830 2564 3387 2635">
     <span class='ocr_line' id='line_1_56' title="bbox 1830 2564 3387 2635; baseline -0.001 -13"><span class='ocrx_word' id='word_1_397' title='bbox 1830 2566 2000 2622; x_wconf 82' lang='lat' dir='ltr'><strong>cantis</strong></span> <span class='ocrx_word' id='word_1_398' title='bbox 2028 2567 2198 2622; x_wconf 80' lang='lat' dir='ltr'><strong>lentur</strong></span> <span class='ocrx_word' id='word_1_399' title='bbox 2243 2565 2410 2620; x_wconf 85' lang='lat' dir='ltr'><strong>Jacob</strong></span> <span class='ocrx_word' id='word_1_400' title='bbox 2450 2564 2522 2620; x_wconf 89' lang='lat' dir='ltr'><strong>ibi</strong></span> <span class='ocrx_word' id='word_1_401' title='bbox 2564 2565 2899 2620; x_wconf 86' lang='lat' dir='ltr'><strong>convaluerit</strong></span> <span class='ocrx_word' id='word_1_402' title='bbox 2925 2574 2980 2620; x_wconf 88' lang='lat' dir='ltr'><strong>et</strong></span> <span class='ocrx_word' id='word_1_403' title='bbox 3003 2575 3246 2620; x_wconf 90' lang='lat' dir='ltr'><strong>sanatum</strong></span> <span class='ocrx_word' id='word_1_404' title='bbox 3277 2568 3387 2635; x_wconf 91' lang='lat' dir='ltr'><strong>sit,</strong></span> 
     </span>
    </p>
   </div>
   <div class='ocr_carea' id='block_1_57' title="bbox 1838 2655 3387 2726">
    <p class='ocr_par' dir='ltr' id='par_1_57' title="bbox 1838 2655 3387 2726">
     <span class='ocr_line' id='line_1_57' title="bbox 1838 2655 3387 2726; baseline 0.001 -17"><span class='ocrx_word' id='word_1_405' title='bbox 1838 2667 1892 2709; x_wconf 88' lang='lat' dir='ltr'><strong>et</strong></span> <span class='ocrx_word' id='word_1_406' title='bbox 1924 2667 2201 2724; x_wconf 88' lang='lat' dir='ltr'><strong>propterea</strong></span> <span class='ocrx_word' id='word_1_407' title='bbox 2231 2655 2472 2709; x_wconf 82' lang='lat' dir='ltr'><strong>eamdem</strong></span> <span class='ocrx_word' id='word_1_408' title='bbox 2501 2655 2768 2710; x_wconf 86' lang='lat' dir='ltr'><strong>civitatem</strong></span> <span class='ocrx_word' id='word_1_409' title='bbox 2790 2656 2960 2711; x_wconf 91' lang='lat' dir='ltr'><strong>curati</strong></span> <span class='ocrx_word' id='word_1_410' title='bbox 2987 2665 3146 2726; x_wconf 89' lang='lat' dir='ltr'><strong>atque</strong></span> <span class='ocrx_word' id='word_1_411' title='bbox 3169 2658 3387 2724; x_wconf 82' lang='lat' dir='ltr'><strong>perfecti</strong></span> 
     </span>
    </p>
   </div>
   <div class='ocr_carea' id='block_1_58' title="bbox 1831 2744 3385 2801">
    <p class='ocr_par' dir='ltr' id='par_1_58' title="bbox 1831 2744 3385 2801">
     <span class='ocr_line' id='line_1_58' title="bbox 1831 2744 3385 2801; baseline 0.002 -3"><span class='ocrx_word' id='word_1_412' title='bbox 1831 2745 2141 2798; x_wconf 87' lang='lat' dir='ltr'><strong>vocabulum</strong></span> <span class='ocrx_word' id='word_1_413' title='bbox 2165 2746 2404 2797; x_wconf 87' lang='lat' dir='ltr'><strong>sortitam</strong></span> <span class='ocrx_word' id='word_1_414' title='bbox 2426 2757 2565 2798; x_wconf 88' lang='lat' dir='ltr'><strong>esse.</strong></span> <span class='ocrx_word' id='word_1_415' title='bbox 2594 2744 2661 2797; x_wconf 80' lang='lat' dir='ltr'><strong>Et</strong></span> <span class='ocrx_word' id='word_1_416' title='bbox 2679 2746 2806 2798; x_wconf 71' lang='lat' dir='ltr'><strong>dixit</strong></span> <span class='ocrx_word' id='word_1_417' title='bbox 2828 2745 2905 2798; x_wconf 84' lang='lat' dir='ltr'><strong>illi</strong></span> <span class='ocrx_word' id='word_1_418' title='bbox 2930 2745 3065 2800; x_wconf 85' lang='lat' dir='ltr'><strong>Deus</strong></span> <span class='ocrx_word' id='word_1_419' title='bbox 3089 2762 3108 2800; x_wconf 92' lang='lat'><strong><em>:</em></strong></span> <span class='ocrx_word' id='word_1_420' title='bbox 3136 2745 3254 2800; x_wconf 77' lang='lat' dir='ltr'><strong>Jam</strong></span> <span class='ocrx_word' id='word_1_421' title='bbox 3283 2766 3385 2801; x_wconf 85' lang='lat' dir='ltr'><strong>non</strong></span> 
     </span>
    </p>
   </div>
   <div class='ocr_carea' id='block_1_59' title="bbox 1807 2831 3388 2901">
    <p class='ocr_par' dir='ltr' id='par_1_59' title="bbox 1807 2831 3388 2901">
     <span class='ocr_line' id='line_1_59' title="bbox 1807 2831 3388 2901; baseline 0.003 -15"><span class='ocrx_word' id='word_1_422' title='bbox 1807 2834 2084 2901; x_wconf 60' lang='lat' dir='ltr'><strong>vocabitur</strong></span> <span class='ocrx_word' id='word_1_423' title='bbox 2132 2848 2310 2885; x_wconf 82' lang='lat' dir='ltr'><strong>nomen</strong></span> <span class='ocrx_word' id='word_1_424' title='bbox 2359 2841 2500 2884; x_wconf 85' lang='lat' dir='ltr'><strong>tuum</strong></span> <span class='ocrx_word' id='word_1_425' title='bbox 2531 2831 2712 2896; x_wconf 71' lang='lat' dir='ltr'><strong>Iacob,</strong></span> <span class='ocrx_word' id='word_1_426' title='bbox 2756 2835 2845 2886; x_wconf 87' lang='lat' dir='ltr'><strong>sed</strong></span> <span class='ocrx_word' id='word_1_427' title='bbox 2882 2832 3047 2888; x_wconf 79' lang='lat' dir='ltr'><strong>Israel</strong></span> <span class='ocrx_word' id='word_1_428' title='bbox 3074 2838 3164 2890; x_wconf 85' lang='lat' dir='ltr'><strong>erit</strong></span> <span class='ocrx_word' id='word_1_429' title='bbox 3211 2854 3388 2891; x_wconf 75' lang='lat' dir='ltr'><strong>nomen</strong></span> 
     </span>
    </p>
   </div>
   <div class='ocr_carea' id='block_1_60' title="bbox 1831 2922 3388 2996">
    <p class='ocr_par' dir='ltr' id='par_1_60' title="bbox 1831 2922 3388 2996">
     <span class='ocr_line' id='line_1_60' title="bbox 1831 2922 3388 2996; baseline 0.003 -21"><span class='ocrx_word' id='word_1_430' title='bbox 1831 2932 1974 2978; x_wconf 85' lang='lat' dir='ltr'><strong>tuum</strong></span> <span class='ocrx_word' id='word_1_431' title='bbox 2005 2940 2020 2978; x_wconf 88' lang='lat'>:</span> <span class='ocrx_word' id='word_1_432' title='bbox 2052 2933 2095 2977; x_wconf 77' lang='lat' dir='ltr'><strong>et</strong></span> <span class='ocrx_word' id='word_1_433' title='bbox 2126 2924 2313 2976; x_wconf 77' lang='lat' dir='ltr'><strong>vocavit</strong></span> <span class='ocrx_word' id='word_1_434' title='bbox 2345 2938 2524 2975; x_wconf 79' lang='lat' dir='ltr'><strong>nomen</strong></span> <span class='ocrx_word' id='word_1_435' title='bbox 2556 2923 2691 2976; x_wconf 87' lang='lat' dir='ltr'><strong>illius</strong></span> <span class='ocrx_word' id='word_1_436' title='bbox 2727 2922 2910 2977; x_wconf 87' lang='lat' dir='ltr'><strong>Israel.</strong></span> <span class='ocrx_word' id='word_1_437' title='bbox 2957 2925 3160 2980; x_wconf 88' lang='lat' dir='ltr'><strong>Dudum</strong></span> <span class='ocrx_word' id='word_1_438' title='bbox 3189 2943 3388 2996; x_wconf 82' lang='lat' dir='ltr'><strong>nequa-</strong></span> 
     </span>
    </p>
   </div>
   <div class='ocr_carea' id='block_1_61' title="bbox 1831 3014 3382 3085">
    <p class='ocr_par' dir='ltr' id='par_1_61' title="bbox 1831 3014 3382 3085">
     <span class='ocr_line' id='line_1_61' title="bbox 1831 3014 3382 3085; baseline 0.003 -16"><span class='ocrx_word' id='word_1_439' title='bbox 1831 3032 1986 3085; x_wconf 89' lang='lat' dir='ltr'><strong>quam</strong></span> <span class='ocrx_word' id='word_1_440' title='bbox 2019 3017 2091 3068; x_wconf 93' lang='lat' dir='ltr'><strong>illi</strong></span> <span class='ocrx_word' id='word_1_441' title='bbox 2125 3029 2316 3069; x_wconf 88' lang='lat' dir='ltr'><strong>nomen</strong></span> <span class='ocrx_word' id='word_1_442' title='bbox 2361 3014 2686 3080; x_wconf 87' lang='lat' dir='ltr'><strong>intpositum,</strong></span> <span class='ocrx_word' id='word_1_443' title='bbox 2721 3016 2812 3068; x_wconf 90' lang='lat' dir='ltr'><strong>sed</strong></span> <span class='ocrx_word' id='word_1_444' title='bbox 2843 3017 2979 3082; x_wconf 84' lang='lat' dir='ltr'><strong>quod</strong></span> <span class='ocrx_word' id='word_1_445' title='bbox 3009 3017 3382 3085; x_wconf 85' lang='lat' dir='ltr'><strong>imponendum</strong></span> 
     </span>
    </p>
   </div>
   <div class='ocr_carea' id='block_1_62' title="bbox 1833 3103 3387 3175">
    <p class='ocr_par' dir='ltr' id='par_1_62' title="bbox 1833 3103 3387 3175">
     <span class='ocr_line' id='line_1_62' title="bbox 1833 3103 3387 3175; baseline -0.001 -15"><span class='ocrx_word' id='word_1_446' title='bbox 1833 3117 1947 3161; x_wconf 90' lang='lat' dir='ltr'><strong>erat</strong></span> <span class='ocrx_word' id='word_1_447' title='bbox 1976 3106 2308 3175; x_wconf 76' lang='lat' dir='ltr'><strong>pra-dicatur.</strong></span> <span class='ocrx_word' id='word_1_448' title='bbox 2333 3103 2480 3170; x_wconf 82' lang='lat' dir='ltr'><strong>Quod</strong></span> <span class='ocrx_word' id='word_1_449' title='bbox 2507 3103 2663 3168; x_wconf 50' lang='lat' dir='ltr'><strong>igitur</strong></span> <span class='ocrx_word' id='word_1_450' title='bbox 2693 3104 2762 3157; x_wconf 91' lang='lat' dir='ltr'><strong>ibi</strong></span> <span class='ocrx_word' id='word_1_451' title='bbox 2794 3106 2863 3158; x_wconf 91' lang='lat' dir='ltr'><strong>sit</strong></span> <span class='ocrx_word' id='word_1_452' title='bbox 2895 3105 3128 3159; x_wconf 78' lang='lat' dir='ltr'><strong>futurum</strong></span> <span class='ocrx_word' id='word_1_453' title='bbox 3165 3111 3387 3172; x_wconf 84' lang='lat' dir='ltr'><strong>promit-</strong></span> 
     </span>
    </p>
   </div>
   <div class='ocr_carea' id='block_1_63' title="bbox 172 3173 3387 3264">
    <p class='ocr_par' dir='ltr' id='par_1_63' title="bbox 172 3173 3387 3264">
     <span class='ocr_line' id='line_1_63' title="bbox 172 3173 3387 3264; baseline 0 -13"><span class='ocrx_word' id='word_1_454' title='bbox 172 3211 352 3254; x_wconf 84' lang='lat' dir='ltr'><strong>autem</strong></span> <span class='ocrx_word' id='word_1_455' title='bbox 385 3173 629 3252; x_wconf 81' lang='lat' dir='ltr'><strong>vindicta:</strong></span> <span class='ocrx_word' id='word_1_456' title='bbox 652 3210 681 3248; x_wconf 91' lang='lat' dir='ltr'><strong>a</strong></span> <span class='ocrx_word' id='word_1_457' title='bbox 713 3195 928 3248; x_wconf 90' lang='lat' dir='ltr'><strong>Sichem</strong></span> <span class='ocrx_word' id='word_1_458' title='bbox 956 3202 1255 3256; x_wconf 88' lang='lat' dir='ltr'><strong>sumuntur,</strong></span> <span class='ocrx_word' id='word_1_459' title='bbox 1286 3205 1474 3260; x_wconf 88' lang='lat' dir='ltr'><strong>nempe</strong></span> <span class='ocrx_word' id='word_1_460' title='bbox 1500 3191 1726 3244; x_wconf 87' lang='lat' dir='ltr'><strong>circum—</strong></span> <span class='ocrx_word' id='word_1_461' title='bbox 1755 3173 1803 3236; x_wconf 74' lang='grc' dir='ltr'>ο</span> <span class='ocrx_word' id='word_1_462' title='bbox 1839 3173 1987 3262; x_wconf 47' lang='lat' dir='ltr'><strong>titur,</strong></span> <span class='ocrx_word' id='word_1_463' title='bbox 2017 3194 2452 3264; x_wconf 73' lang='lat' dir='ltr'><strong>lticquedocelur</strong></span> <span class='ocrx_word' id='word_1_464' title='bbox 2485 3193 2750 3261; x_wconf 80' lang='lat' dir='ltr'><strong>exemplo,</strong></span> <span class='ocrx_word' id='word_1_465' title='bbox 2794 3203 2848 3250; x_wconf 90' lang='lat' dir='ltr'><strong>et</strong></span> <span class='ocrx_word' id='word_1_466' title='bbox 2875 3193 3038 3250; x_wconf 83' lang='lat' dir='ltr'><strong>Jacob</strong></span> <span class='ocrx_word' id='word_1_467' title='bbox 3070 3197 3207 3250; x_wconf 81' lang='lat' dir='ltr'><strong>illius</strong></span> <span class='ocrx_word' id='word_1_468' title='bbox 3232 3196 3387 3261; x_wconf 88' lang='lat' dir='ltr'><strong>Zore,</strong></span> 
     </span>
    </p>
   </div>
   <div class='ocr_carea' id='block_1_64' title="bbox 173 3281 1727 3347">
    <p class='ocr_par' dir='ltr' id='par_1_64' title="bbox 173 3281 1727 3347">
     <span class='ocr_line' id='line_1_64' title="bbox 173 3281 1727 3347; baseline -0.006 -6"><span class='ocrx_word' id='word_1_469' title='bbox 173 3287 308 3341; x_wconf 89' lang='lat' dir='ltr'><strong>cisio</strong></span> <span class='ocrx_word' id='word_1_470' title='bbox 337 3295 391 3341; x_wconf 88' lang='lat' dir='ltr'><strong>et</strong></span> <span class='ocrx_word' id='word_1_471' title='bbox 413 3286 610 3340; x_wconf 91' lang='lat' dir='ltr'><strong>occisio</strong></span> <span class='ocrx_word' id='word_1_472' title='bbox 634 3303 648 3339; x_wconf 90' lang='lat'><strong>:</strong></span> <span class='ocrx_word' id='word_1_473' title='bbox 677 3285 756 3338; x_wconf 89' lang='lat' dir='ltr'><strong>sic</strong></span> <span class='ocrx_word' id='word_1_474' title='bbox 778 3285 898 3338; x_wconf 89' lang='lat' dir='ltr'><strong>bina</strong></span> <span class='ocrx_word' id='word_1_475' title='bbox 923 3281 1015 3337; x_wconf 91' lang='lat' dir='ltr'><strong>fuit</strong></span> <span class='ocrx_word' id='word_1_476' title='bbox 1043 3281 1272 3336; x_wconf 88' lang='lat' dir='ltr'><strong>vindicta</strong></span> <span class='ocrx_word' id='word_1_477' title='bbox 1295 3281 1527 3347; x_wconf 87' lang='lat' dir='ltr'><strong>diabolo,</strong></span> <span class='ocrx_word' id='word_1_478' title='bbox 1554 3281 1602 3335; x_wconf 92' lang='lat' dir='ltr'><strong>id</strong></span> <span class='ocrx_word' id='word_1_479' title='bbox 1626 3290 1727 3345; x_wconf 89' lang='lat' dir='ltr'><strong>est,</strong></span> 
     </span>
    </p>
   </div>
   <div class='ocr_carea' id='block_1_65' title="bbox 175 3372 1728 3446">
    <p class='ocr_par' dir='ltr' id='par_1_65' title="bbox 175 3372 1728 3446">
     <span class='ocr_line' id='line_1_65' title="bbox 175 3372 1728 3446; baseline -0.005 -15"><span class='ocrx_word' id='word_1_480' title='bbox 175 3382 226 3432; x_wconf 91' lang='lat' dir='ltr'><strong>in</strong></span> <span class='ocrx_word' id='word_1_481' title='bbox 247 3378 494 3446; x_wconf 68' lang='lat' dir='ltr'><strong>praesenti</strong></span> <span class='ocrx_word' id='word_1_482' title='bbox 517 3378 642 3432; x_wconf 91' lang='lat' dir='ltr'><strong>etin</strong></span> <span class='ocrx_word' id='word_1_483' title='bbox 668 3377 862 3441; x_wconf 74' lang='lat' dir='ltr'><strong>futuro,</strong></span> <span class='ocrx_word' id='word_1_484' title='bbox 887 3375 962 3430; x_wconf 90' lang='lat' dir='ltr'><strong>sic</strong></span> <span class='ocrx_word' id='word_1_485' title='bbox 986 3383 1039 3428; x_wconf 91' lang='lat' dir='ltr'><strong>et</strong></span> <span class='ocrx_word' id='word_1_486' title='bbox 1059 3374 1441 3444; x_wconf 88' lang='lat' dir='ltr'><strong>peccatoribus.</strong></span> <span class='ocrx_word' id='word_1_487' title='bbox 1463 3372 1612 3440; x_wconf 91' lang='lat' dir='ltr'><strong>Quod</strong></span> <span class='ocrx_word' id='word_1_488' title='bbox 1633 3387 1728 3424; x_wconf 90' lang='lat' dir='ltr'><strong>au-</strong></span> 
     </span>
    </p>
   </div>
   <div class='ocr_carea' id='block_1_66' title="bbox 176 3465 1727 3534">
    <p class='ocr_par' dir='ltr' id='par_1_66' title="bbox 176 3465 1727 3534">
     <span class='ocr_line' id='line_1_66' title="bbox 176 3465 1727 3534; baseline -0.005 -13"><span class='ocrx_word' id='word_1_489' title='bbox 176 3484 282 3525; x_wconf 88' lang='lat' dir='ltr'><strong>tem</strong></span> <span class='ocrx_word' id='word_1_490' title='bbox 306 3469 392 3524; x_wconf 88' lang='lat' dir='ltr'><strong>die</strong></span> <span class='ocrx_word' id='word_1_491' title='bbox 411 3470 563 3523; x_wconf 91' lang='lat' dir='ltr'><strong>tertia</strong></span> <span class='ocrx_word' id='word_1_492' title='bbox 583 3477 790 3534; x_wconf 89' lang='lat' dir='ltr'><strong>sumpta</strong></span> <span class='ocrx_word' id='word_1_493' title='bbox 818 3478 898 3520; x_wconf 89' lang='lat' dir='ltr'><strong>est</strong></span> <span class='ocrx_word' id='word_1_494' title='bbox 922 3467 1153 3521; x_wconf 87' lang='lat' dir='ltr'><strong>vindicta</strong></span> <span class='ocrx_word' id='word_1_495' title='bbox 1181 3465 1248 3519; x_wconf 88' lang='lat' dir='ltr'><strong>de</strong></span> <span class='ocrx_word' id='word_1_496' title='bbox 1270 3465 1506 3529; x_wconf 88' lang='lat' dir='ltr'><strong>Sichem,</strong></span> <span class='ocrx_word' id='word_1_497' title='bbox 1527 3465 1727 3532; x_wconf 84' lang='lat' dir='ltr'><strong>signiti-</strong></span> 
     </span>
    </p>
   </div>
   <div class='ocr_carea' id='block_1_67' title="bbox 171 3553 1729 3621">
    <p class='ocr_par' dir='ltr' id='par_1_67' title="bbox 171 3553 1729 3621">
     <span class='ocr_line' id='line_1_67' title="bbox 171 3553 1729 3621; baseline -0.005 -11"><span class='ocrx_word' id='word_1_498' title='bbox 171 3565 257 3610; x_wconf 89' lang='lat' dir='ltr'><strong>cat</strong></span> <span class='ocrx_word' id='word_1_499' title='bbox 290 3555 574 3610; x_wconf 90' lang='lat' dir='ltr'><strong>vindictam</strong></span> <span class='ocrx_word' id='word_1_500' title='bbox 607 3554 760 3608; x_wconf 90' lang='lat' dir='ltr'><strong>tertia</strong></span> <span class='ocrx_word' id='word_1_501' title='bbox 793 3554 907 3621; x_wconf 79' lang='lat' dir='ltr'><strong>lege</strong></span> <span class='ocrx_word' id='word_1_502' title='bbox 937 3553 989 3604; x_wconf 91' lang='lat' dir='ltr'><strong>in</strong></span> <span class='ocrx_word' id='word_1_503' title='bbox 1019 3553 1286 3606; x_wconf 89' lang='lat' dir='ltr'><strong>diabolum</strong></span> <span class='ocrx_word' id='word_1_504' title='bbox 1315 3563 1367 3607; x_wconf 91' lang='lat' dir='ltr'><strong>et</strong></span> <span class='ocrx_word' id='word_1_505' title='bbox 1393 3553 1444 3604; x_wconf 92' lang='lat' dir='ltr'><strong>in</strong></span> <span class='ocrx_word' id='word_1_506' title='bbox 1483 3560 1729 3618; x_wconf 88' lang='lat' dir='ltr'><strong>peccato-</strong></span> 
     </span>
    </p>
   </div>
   <div class='ocr_carea' id='block_1_68' title="bbox 173 3640 1729 3712">
    <p class='ocr_par' dir='ltr' id='par_1_68' title="bbox 173 3640 1729 3712">
     <span class='ocr_line' id='line_1_68' title="bbox 173 3640 1729 3712; baseline -0.006 -12"><span class='ocrx_word' id='word_1_507' title='bbox 173 3663 279 3701; x_wconf 88' lang='lat' dir='ltr'><strong>rcs.</strong></span> <span class='ocrx_word' id='word_1_508' title='bbox 335 3647 502 3701; x_wconf 80' lang='lat' dir='ltr'><strong>Aliter</strong></span> <span class='ocrx_word' id='word_1_509' title='bbox 551 3647 679 3699; x_wconf 88' lang='lat' dir='ltr'><strong>Dina</strong></span> <span class='ocrx_word' id='word_1_510' title='bbox 726 3644 996 3712; x_wconf 85' lang='lat' dir='ltr'><strong>significat</strong></span> <span class='ocrx_word' id='word_1_511' title='bbox 1040 3641 1269 3695; x_wconf 87' lang='lat' dir='ltr'><strong>animam</strong></span> <span class='ocrx_word' id='word_1_512' title='bbox 1319 3640 1729 3707; x_wconf 87' lang='lat' dir='ltr'><strong>uniuscujusque</strong></span> 
     </span>
    </p>
   </div>
   <div class='ocr_carea' id='block_1_69' title="bbox 173 3720 1728 3804">
    <p class='ocr_par' dir='ltr' id='par_1_69' title="bbox 173 3720 1728 3804">
     <span class='ocr_line' id='line_1_69' title="bbox 173 3720 1728 3804; baseline -0.006 -14"><span class='ocrx_word' id='word_1_513' title='bbox 173 3720 520 3804; x_wconf 85' lang='lat' dir='ltr'><strong>peccatoris,</strong></span> <span class='ocrx_word' id='word_1_514' title='bbox 578 3733 661 3788; x_wconf 87' lang='lat' dir='ltr'><strong>vel</strong></span> <span class='ocrx_word' id='word_1_515' title='bbox 718 3732 947 3786; x_wconf 87' lang='lat' dir='ltr'><strong>hominis</strong></span> <span class='ocrx_word' id='word_1_516' title='bbox 992 3730 1221 3785; x_wconf 88' lang='lat' dir='ltr'><strong>ineuntis</strong></span> <span class='ocrx_word' id='word_1_517' title='bbox 1265 3730 1560 3798; x_wconf 80' lang='lat' dir='ltr'><strong>conjugium</strong></span> <span class='ocrx_word' id='word_1_518' title='bbox 1610 3743 1728 3782; x_wconf 92' lang='lat' dir='ltr'><strong>cum</strong></span> 
     </span>
    </p>
   </div>
   <div class='ocr_carea' id='block_1_70' title="bbox 176 3821 1728 3894">
    <p class='ocr_par' dir='ltr' id='par_1_70' title="bbox 176 3821 1728 3894">
     <span class='ocr_line' id='line_1_70' title="bbox 176 3821 1728 3894; baseline -0.005 -14"><span class='ocrx_word' id='word_1_519' title='bbox 176 3825 450 3889; x_wconf 64' lang='lat' dir='ltr'><strong>heretico,</strong></span> <span class='ocrx_word' id='word_1_520' title='bbox 491 3839 646 3894; x_wconf 88' lang='lat' dir='ltr'><strong>quam</strong></span> <span class='ocrx_word' id='word_1_521' title='bbox 681 3822 950 3877; x_wconf 84' lang='lat' dir='ltr'><strong>vindicant</strong></span> <span class='ocrx_word' id='word_1_522' title='bbox 980 3822 1220 3877; x_wconf 84' lang='lat' dir='ltr'><strong>Christus</strong></span> <span class='ocrx_word' id='word_1_523' title='bbox 1249 3831 1302 3875; x_wconf 90' lang='lat' dir='ltr'><strong>et</strong></span> <span class='ocrx_word' id='word_1_524' title='bbox 1330 3821 1594 3876; x_wconf 88' lang='lat' dir='ltr'><strong>doctores.</strong></span> <span class='ocrx_word' id='word_1_525' title='bbox 1630 3821 1728 3873; x_wconf 75' lang='lat' dir='ltr'><strong>Alii</strong></span> 
     </span>
    </p>
   </div>
   <div class='ocr_carea' id='block_1_71' title="bbox 175 3911 1732 3978">
    <p class='ocr_par' dir='ltr' id='par_1_71' title="bbox 175 3911 1732 3978">
     <span class='ocr_line' id='line_1_71' title="bbox 175 3911 1732 3978; baseline -0.006 -8"><span class='ocrx_word' id='word_1_526' title='bbox 175 3927 352 3974; x_wconf 68' lang='lat' dir='ltr'><strong>autem</strong></span> <span class='ocrx_word' id='word_1_527' title='bbox 391 3916 575 3970; x_wconf 91' lang='lat' dir='ltr'><strong>dicunt</strong></span> <span class='ocrx_word' id='word_1_528' title='bbox 625 3916 759 3968; x_wconf 82' lang='lat' dir='ltr'><strong>hanc</strong></span> <span class='ocrx_word' id='word_1_529' title='bbox 810 3912 1118 3975; x_wconf 76' lang='lat' dir='ltr'><strong>vindictam,</strong></span> <span class='ocrx_word' id='word_1_530' title='bbox 1161 3927 1273 3978; x_wconf 74' lang='lat' dir='ltr'><strong>qum</strong></span> <span class='ocrx_word' id='word_1_531' title='bbox 1301 3911 1431 3965; x_wconf 74' lang='lat' dir='ltr'><strong>facta</strong></span> <span class='ocrx_word' id='word_1_532' title='bbox 1476 3920 1556 3964; x_wconf 89' lang='lat' dir='ltr'><strong>est</strong></span> <span class='ocrx_word' id='word_1_533' title='bbox 1586 3927 1612 3963; x_wconf 91' lang='lat' dir='ltr'><strong>a</strong></span> <span class='ocrx_word' id='word_1_534' title='bbox 1643 3911 1732 3964; x_wconf 82' lang='lat' dir='ltr'><strong>Si-</strong></span> 
     </span>
    </p>
   </div>
   <div class='ocr_carea' id='block_1_72' title="bbox 175 3999 1732 4071">
    <p class='ocr_par' dir='ltr' id='par_1_72' title="bbox 175 3999 1732 4071">
     <span class='ocr_line' id='line_1_72' title="bbox 175 3999 1732 4071; baseline -0.006 -9"><span class='ocrx_word' id='word_1_535' title='bbox 175 4021 366 4062; x_wconf 73' lang='lat' dir='ltr'><strong>nteone</strong></span> <span class='ocrx_word' id='word_1_536' title='bbox 394 4015 448 4060; x_wconf 91' lang='lat' dir='ltr'><strong>et</strong></span> <span class='ocrx_word' id='word_1_537' title='bbox 474 4006 618 4068; x_wconf 89' lang='lat' dir='ltr'><strong>Levi,</strong></span> <span class='ocrx_word' id='word_1_538' title='bbox 650 4003 871 4057; x_wconf 91' lang='lat' dir='ltr'><strong>Domino</strong></span> <span class='ocrx_word' id='word_1_539' title='bbox 894 4018 998 4057; x_wconf 87' lang='lat' dir='ltr'><strong>non</strong></span> <span class='ocrx_word' id='word_1_540' title='bbox 1028 4001 1315 4071; x_wconf 83' lang='lat' dir='ltr'><strong>displicere</strong></span> <span class='ocrx_word' id='word_1_541' title='bbox 1343 4017 1355 4053; x_wconf 90' lang='lat'><strong>:</strong></span> <span class='ocrx_word' id='word_1_542' title='bbox 1384 3999 1523 4065; x_wconf 90' lang='lat' dir='ltr'><strong>quod</strong></span> <span class='ocrx_word' id='word_1_543' title='bbox 1556 4000 1604 4052; x_wconf 93' lang='lat' dir='ltr'><strong>in</strong></span> <span class='ocrx_word' id='word_1_544' title='bbox 1634 4001 1732 4053; x_wconf 90' lang='lat' dir='ltr'><strong>hoc</strong></span> 
     </span>
    </p>
   </div>
   <div class='ocr_carea' id='block_1_73' title="bbox 177 4093 1729 4162">
    <p class='ocr_par' dir='ltr' id='par_1_73' title="bbox 177 4093 1729 4162">
     <span class='ocr_line' id='line_1_73' title="bbox 177 4093 1729 4162; baseline -0.004 -11"><span class='ocrx_word' id='word_1_545' title='bbox 177 4097 497 4159; x_wconf 86' lang='lat' dir='ltr'><strong>ostenditur,</strong></span> <span class='ocrx_word' id='word_1_546' title='bbox 529 4095 651 4162; x_wconf 85' lang='lat' dir='ltr'><strong>quia</strong></span> <span class='ocrx_word' id='word_1_547' title='bbox 687 4093 895 4147; x_wconf 90' lang='lat' dir='ltr'><strong>liberati</strong></span> <span class='ocrx_word' id='word_1_548' title='bbox 925 4103 1049 4146; x_wconf 89' lang='lat' dir='ltr'><strong>sunt</strong></span> <span class='ocrx_word' id='word_1_549' title='bbox 1087 4096 1155 4148; x_wconf 89' lang='lat' dir='ltr'><strong>de</strong></span> <span class='ocrx_word' id='word_1_550' title='bbox 1196 4109 1354 4146; x_wconf 90' lang='lat' dir='ltr'><strong>manu</strong></span> <span class='ocrx_word' id='word_1_551' title='bbox 1403 4093 1729 4146; x_wconf 89' lang='lat' dir='ltr'><strong>inimicorum</strong></span> 
     </span>
    </p>
   </div>
   <div class='ocr_carea' id='block_1_74' title="bbox 177 4184 1730 4254">
    <p class='ocr_par' dir='ltr' id='par_1_74' title="bbox 177 4184 1730 4254">
     <span class='ocr_line' id='line_1_74' title="bbox 177 4184 1730 4254; baseline 0.001 -15"><span class='ocrx_word' id='word_1_552' title='bbox 177 4201 390 4240; x_wconf 83' lang='lat' dir='ltr'><strong>suorum</strong></span> <span class='ocrx_word' id='word_1_553' title='bbox 447 4187 602 4254; x_wconf 83' lang='lat' dir='ltr'><strong>:sive</strong></span> <span class='ocrx_word' id='word_1_554' title='bbox 647 4185 785 4252; x_wconf 87' lang='lat' dir='ltr'><strong>quod</strong></span> <span class='ocrx_word' id='word_1_555' title='bbox 841 4184 1006 4252; x_wconf 68' lang='lat' dir='ltr'><strong>It-gem</strong></span> <span class='ocrx_word' id='word_1_556' title='bbox 1057 4184 1171 4247; x_wconf 87' lang='lat' dir='ltr'><strong>Dei,</strong></span> <span class='ocrx_word' id='word_1_557' title='bbox 1203 4195 1255 4239; x_wconf 91' lang='lat' dir='ltr'><strong>et</strong></span> <span class='ocrx_word' id='word_1_558' title='bbox 1279 4185 1730 4240; x_wconf 52' lang='lat' dir='ltr'><strong>circumcisionem</strong></span> 
     </span>
    </p>
   </div>
   <div class='ocr_carea' id='block_1_75' title="bbox 178 4271 1733 4344">
    <p class='ocr_par' dir='ltr' id='par_1_75' title="bbox 178 4271 1733 4344">
     <span class='ocr_line' id='line_1_75' title="bbox 178 4271 1733 4344; baseline 0.003 -17"><span class='ocrx_word' id='word_1_559' title='bbox 178 4272 598 4341; x_wconf 63' lang='lat' dir='ltr'><strong>vindicaverunt,</strong></span> <span class='ocrx_word' id='word_1_560' title='bbox 631 4290 693 4329; x_wconf 87' lang='lat' dir='ltr'><strong>eo</strong></span> <span class='ocrx_word' id='word_1_561' title='bbox 724 4275 861 4343; x_wconf 85' lang='lat' dir='ltr'><strong>quod</strong></span> <span class='ocrx_word' id='word_1_562' title='bbox 906 4274 1012 4326; x_wconf 91' lang='lat' dir='ltr'><strong>vim</strong></span> <span class='ocrx_word' id='word_1_563' title='bbox 1044 4271 1172 4326; x_wconf 87' lang='lat' dir='ltr'><strong>fecit</strong></span> <span class='ocrx_word' id='word_1_564' title='bbox 1200 4277 1549 4330; x_wconf 88' lang='lat' dir='ltr'><strong>circumcisus</strong></span> <span class='ocrx_word' id='word_1_565' title='bbox 1575 4292 1733 4344; x_wconf 87' lang='lat' dir='ltr'><strong>super</strong></span> 
     </span>
    </p>
   </div>
   <div class='ocr_carea' id='block_1_76' title="bbox 177 4360 1732 4431">
    <p class='ocr_par' dir='ltr' id='par_1_76' title="bbox 177 4360 1732 4431">
     <span class='ocr_line' id='line_1_76' title="bbox 177 4360 1732 4431; baseline 0 -13"><span class='ocrx_word' id='word_1_566' title='bbox 177 4360 324 4418; x_wconf 87' lang='lat' dir='ltr'><strong>illam</strong></span> <span class='ocrx_word' id='word_1_567' title='bbox 353 4378 469 4431; x_wconf 79' lang='lat' dir='ltr'><strong>qua:</strong></span> <span class='ocrx_word' id='word_1_568' title='bbox 495 4365 562 4420; x_wconf 90' lang='lat' dir='ltr'><strong>de</strong></span> <span class='ocrx_word' id='word_1_569' title='bbox 591 4365 994 4419; x_wconf 70' lang='lat' dir='ltr'><strong>circumcisione</strong></span> <span class='ocrx_word' id='word_1_570' title='bbox 1039 4363 1231 4416; x_wconf 89' lang='lat' dir='ltr'><strong>fuerat.</strong></span> <span class='ocrx_word' id='word_1_571' title='bbox 1276 4364 1447 4418; x_wconf 83' lang='lat' dir='ltr'><strong>Aliter</strong></span> <span class='ocrx_word' id='word_1_572' title='bbox 1493 4366 1592 4419; x_wconf 91' lang='lat' dir='ltr'><strong>hoc</strong></span> <span class='ocrx_word' id='word_1_573' title='bbox 1632 4367 1732 4420; x_wconf 84' lang='lat' dir='ltr'><strong>Do-</strong></span> 
     </span>
    </p>
   </div>
   <div class='ocr_carea' id='block_1_77' title="bbox 179 4450 1732 4518">
    <p class='ocr_par' dir='ltr' id='par_1_77' title="bbox 179 4450 1732 4518">
     <span class='ocr_line' id='line_1_77' title="bbox 179 4450 1732 4518; baseline -0.001 -11"><span class='ocrx_word' id='word_1_574' title='bbox 179 4453 324 4507; x_wconf 87' lang='lat' dir='ltr'><strong>mino</strong></span> <span class='ocrx_word' id='word_1_575' title='bbox 348 4450 638 4517; x_wconf 88' lang='lat' dir='ltr'><strong>displicuit,</strong></span> <span class='ocrx_word' id='word_1_576' title='bbox 664 4453 787 4506; x_wconf 80' lang='lat' dir='ltr'><strong>dum</strong></span> <span class='ocrx_word' id='word_1_577' title='bbox 818 4451 1026 4506; x_wconf 83' lang='lat' dir='ltr'><strong>Sichem</strong></span> <span class='ocrx_word' id='word_1_578' title='bbox 1060 4461 1112 4504; x_wconf 92' lang='lat' dir='ltr'><strong>et</strong></span> <span class='ocrx_word' id='word_1_579' title='bbox 1145 4459 1289 4518; x_wconf 88' lang='lat' dir='ltr'><strong>pater</strong></span> <span class='ocrx_word' id='word_1_580' title='bbox 1313 4451 1451 4503; x_wconf 90' lang='lat' dir='ltr'><strong>illius</strong></span> <span class='ocrx_word' id='word_1_581' title='bbox 1475 4453 1544 4504; x_wconf 87' lang='lat' dir='ltr'><strong>ab</strong></span> <span class='ocrx_word' id='word_1_582' title='bbox 1570 4453 1732 4506; x_wconf 67' lang='lat' dir='ltr'><strong>laetib</strong></span> 
     </span>
    </p>
   </div>
   <div class='ocr_carea' id='block_1_78' title="bbox 176 4540 1732 4608">
    <p class='ocr_par' dir='ltr' id='par_1_78' title="bbox 176 4540 1732 4608">
     <span class='ocr_line' id='line_1_78' title="bbox 176 4540 1732 4608; baseline 0.002 -13"><span class='ocrx_word' id='word_1_583' title='bbox 176 4540 638 4596; x_wconf 85' lang='lat' dir='ltr'><strong>circumcisionem</strong></span> <span class='ocrx_word' id='word_1_584' title='bbox 686 4550 1030 4608; x_wconf 77' lang='lat' dir='ltr'><strong>acceperunt,</strong></span> <span class='ocrx_word' id='word_1_585' title='bbox 1085 4541 1175 4595; x_wconf 89' lang='lat' dir='ltr'><strong>sed</strong></span> <span class='ocrx_word' id='word_1_586' title='bbox 1229 4552 1401 4593; x_wconf 86' lang='lat' dir='ltr'><strong>tamen</strong></span> <span class='ocrx_word' id='word_1_587' title='bbox 1440 4541 1654 4596; x_wconf 87' lang='lat' dir='ltr'><strong>Simeon</strong></span> <span class='ocrx_word' id='word_1_588' title='bbox 1679 4555 1732 4598; x_wconf 89' lang='lat' dir='ltr'><strong>et</strong></span> 
     </span>
    </p>
   </div>
   <div class='ocr_carea' id='block_1_79' title="bbox 183 4630 1448 4702">
    <p class='ocr_par' dir='ltr' id='par_1_79' title="bbox 183 4630 1448 4702">
     <span class='ocr_line' id='line_1_79' title="bbox 183 4630 1448 4702; baseline 0 -13"><span class='ocrx_word' id='word_1_589' title='bbox 183 4635 306 4690; x_wconf 80' lang='lat' dir='ltr'><strong>Levi</strong></span> <span class='ocrx_word' id='word_1_590' title='bbox 339 4647 432 4702; x_wconf 91' lang='lat' dir='ltr'><strong>pro</strong></span> <span class='ocrx_word' id='word_1_591' title='bbox 466 4630 655 4685; x_wconf 92' lang='lat' dir='ltr'><strong>merito</strong></span> <span class='ocrx_word' id='word_1_592' title='bbox 684 4637 844 4697; x_wconf 77' lang='lat' dir='ltr'><strong>patris</strong></span> <span class='ocrx_word' id='word_1_593' title='bbox 874 4636 1083 4687; x_wconf 89' lang='lat' dir='ltr'><strong>illorum</strong></span> <span class='ocrx_word' id='word_1_594' title='bbox 1112 4636 1279 4688; x_wconf 82' lang='lat' dir='ltr'><strong>sanati</strong></span> <span class='ocrx_word' id='word_1_595' title='bbox 1311 4643 1448 4689; x_wconf 74' lang='lat' dir='ltr'><strong>sum.</strong></span> 
     </span>
    </p>
   </div>
   <div class='ocr_carea' id='block_1_80' title="bbox 597 4722 1300 4789">
    <p class='ocr_par' dir='ltr' id='par_1_80' title="bbox 597 4722 1300 4789">
     <span class='ocr_line' id='line_1_80' title="bbox 597 4722 1300 4789; baseline 0.004 -14"><span class='ocrx_word' id='word_1_596' title='bbox 597 4722 790 4775; x_wconf 81' lang='lat' dir='ltr'><strong>CAPP.</strong></span> <span class='ocrx_word' id='word_1_597' title='bbox 833 4723 1043 4789; x_wconf 76' lang='lat' dir='ltr'><strong>XXXV,</strong></span> <span class='ocrx_word' id='word_1_598' title='bbox 1086 4726 1300 4780; x_wconf 76' lang='lat' dir='ltr'><strong>XXXVI</strong></span> 
     </span>
    </p>
   </div>
   <div class='ocr_carea' id='block_1_81' title="bbox 261 4811 1738 4886">
    <p class='ocr_par' dir='ltr' id='par_1_81' title="bbox 261 4811 1738 4886">
     <span class='ocr_line' id='line_1_81' title="bbox 261 4811 1738 4886; baseline -0.001 -16"><span class='ocrx_word' id='word_1_599' title='bbox 261 4817 406 4873; x_wconf 79' lang='lat' dir='ltr'><strong>idola</strong></span> <span class='ocrx_word' id='word_1_600' title='bbox 433 4824 604 4868; x_wconf 91' lang='lat' dir='ltr'><strong>autem</strong></span> <span class='ocrx_word' id='word_1_601' title='bbox 653 4827 768 4880; x_wconf 77' lang='lat' dir='ltr'><strong>quas</strong></span> <span class='ocrx_word' id='word_1_602' title='bbox 799 4811 963 4866; x_wconf 86' lang='lat' dir='ltr'><strong>Jacob</strong></span> <span class='ocrx_word' id='word_1_603' title='bbox 992 4816 1232 4880; x_wconf 85' lang='lat' dir='ltr'><strong>sepelivit</strong></span> <span class='ocrx_word' id='word_1_604' title='bbox 1258 4817 1356 4871; x_wconf 89' lang='lat' dir='ltr'><strong>sub</strong></span> <span class='ocrx_word' id='word_1_605' title='bbox 1383 4817 1543 4884; x_wconf 83' lang='lat' dir='ltr'><strong>ligno,</strong></span> <span class='ocrx_word' id='word_1_606' title='bbox 1575 4821 1738 4886; x_wconf 80' lang='lat' dir='ltr'><strong>signi-</strong></span> 
     </span>
    </p>
   </div>
   <div class='ocr_carea' id='block_1_82' title="bbox 189 4902 1741 4978">
    <p class='ocr_par' dir='ltr' id='par_1_82' title="bbox 189 4902 1741 4978">
     <span class='ocr_line' id='line_1_82' title="bbox 189 4902 1741 4978; baseline -0.001 -16"><span class='ocrx_word' id='word_1_607' title='bbox 189 4908 354 4962; x_wconf 83' lang='lat' dir='ltr'><strong>flcant</strong></span> <span class='ocrx_word' id='word_1_608' title='bbox 397 4908 521 4961; x_wconf 81' lang='lat' dir='ltr'><strong>vitia</strong></span> <span class='ocrx_word' id='word_1_609' title='bbox 548 4914 600 4959; x_wconf 89' lang='lat' dir='ltr'><strong>et</strong></span> <span class='ocrx_word' id='word_1_610' title='bbox 633 4911 844 4972; x_wconf 85' lang='lat' dir='ltr'><strong>peccata</strong></span> <span class='ocrx_word' id='word_1_611' title='bbox 886 4916 1002 4965; x_wconf 65' lang='lat' dir='ltr'><strong>quae</strong></span> <span class='ocrx_word' id='word_1_612' title='bbox 1027 4902 1423 4962; x_wconf 80' lang='lat' dir='ltr'><strong>abscondantur</strong></span> <span class='ocrx_word' id='word_1_613' title='bbox 1465 4911 1563 4962; x_wconf 88' lang='lat' dir='ltr'><strong>sub</strong></span> <span class='ocrx_word' id='word_1_614' title='bbox 1604 4910 1741 4978; x_wconf 88' lang='lat' dir='ltr'><strong>ligno</strong></span> 
     </span>
    </p>
   </div>
   <div class='ocr_carea' id='block_1_83' title="bbox 193 4993 1740 5060">
    <p class='ocr_par' dir='ltr' id='par_1_83' title="bbox 193 4993 1740 5060">
     <span class='ocr_line' id='line_1_83' title="bbox 193 4993 1740 5060; baseline 0.001 -7"><span class='ocrx_word' id='word_1_615' title='bbox 193 5001 386 5053; x_wconf 81' lang='lat' dir='ltr'><strong>crocis.</strong></span> <span class='ocrx_word' id='word_1_616' title='bbox 414 4998 651 5060; x_wconf 85' lang='lat' dir='ltr'><strong>Inaures,</strong></span> <span class='ocrx_word' id='word_1_617' title='bbox 697 4993 1106 5049; x_wconf 84' lang='lat' dir='ltr'><strong>inobedientiam</strong></span> <span class='ocrx_word' id='word_1_618' title='bbox 1142 5010 1156 5045; x_wconf 89' lang='lat'><strong>:</strong></span> <span class='ocrx_word' id='word_1_619' title='bbox 1200 5001 1424 5054; x_wconf 86' lang='lat' dir='ltr'><strong>mutatio</strong></span> <span class='ocrx_word' id='word_1_620' title='bbox 1453 5002 1740 5056; x_wconf 86' lang='lat' dir='ltr'><strong>indumenti</strong></span> 
     </span>
    </p>
   </div>
   <div class='ocr_carea' id='block_1_84' title="bbox 192 5083 1745 5162">
    <p class='ocr_par' dir='ltr' id='par_1_84' title="bbox 192 5083 1745 5162">
     <span class='ocr_line' id='line_1_84' title="bbox 192 5083 1745 5162; baseline 0.005 -21"><span class='ocrx_word' id='word_1_621' title='bbox 192 5089 426 5141; x_wconf 75' lang='lat' dir='ltr'><strong>virorem</strong></span> <span class='ocrx_word' id='word_1_622' title='bbox 478 5097 690 5157; x_wconf 88' lang='lat' dir='ltr'><strong>propter</strong></span> <span class='ocrx_word' id='word_1_623' title='bbox 741 5085 1021 5136; x_wconf 88' lang='lat' dir='ltr'><strong>vindictam</strong></span> <span class='ocrx_word' id='word_1_624' title='bbox 1070 5083 1122 5136; x_wconf 92' lang='lat' dir='ltr'><strong>in</strong></span> <span class='ocrx_word' id='word_1_625' title='bbox 1171 5083 1427 5156; x_wconf 84' lang='lat' dir='ltr'><strong>Sichem,</strong></span> <span class='ocrx_word' id='word_1_626' title='bbox 1484 5093 1745 5162; x_wconf 84' lang='lat' dir='ltr'><strong>significat</strong></span> 
     </span>
    </p>
   </div>
   <div class='ocr_carea' id='block_1_85' title="bbox 195 5173 1744 5247">
    <p class='ocr_par' dir='ltr' id='par_1_85' title="bbox 195 5173 1744 5247">
     <span class='ocr_line' id='line_1_85' title="bbox 195 5173 1744 5247; baseline 0.005 -15"><span class='ocrx_word' id='word_1_627' title='bbox 195 5190 355 5247; x_wconf 88' lang='lat' dir='ltr'><strong>opera</strong></span> <span class='ocrx_word' id='word_1_628' title='bbox 383 5178 516 5230; x_wconf 85' lang='lat' dir='ltr'><strong>mala</strong></span> <span class='ocrx_word' id='word_1_629' title='bbox 542 5176 790 5232; x_wconf 82' lang='lat' dir='ltr'><strong>mutanda</strong></span> <span class='ocrx_word' id='word_1_630' title='bbox 819 5187 938 5228; x_wconf 90' lang='lat' dir='ltr'><strong>csse</strong></span> <span class='ocrx_word' id='word_1_631' title='bbox 964 5173 1028 5226; x_wconf 87' lang='lat' dir='ltr'><strong>ad</strong></span> <span class='ocrx_word' id='word_1_632' title='bbox 1058 5175 1277 5229; x_wconf 83' lang='lat' dir='ltr'><strong>meliora</strong></span> <span class='ocrx_word' id='word_1_633' title='bbox 1307 5194 1320 5229; x_wconf 90' lang='lat'><strong>:</strong></span> <span class='ocrx_word' id='word_1_634' title='bbox 1351 5187 1410 5232; x_wconf 86' lang='lat' dir='ltr'><strong>ut</strong></span> <span class='ocrx_word' id='word_1_635' title='bbox 1453 5183 1575 5236; x_wconf 91' lang='lat' dir='ltr'><strong>alibi</strong></span> <span class='ocrx_word' id='word_1_636' title='bbox 1604 5184 1744 5238; x_wconf 90' lang='lat' dir='ltr'><strong>dici-</strong></span> 
     </span>
    </p>
   </div>
   <div class='ocr_carea' id='block_1_86' title="bbox 198 5264 1742 5334">
    <p class='ocr_par' dir='ltr' id='par_1_86' title="bbox 198 5264 1742 5334">
     <span class='ocr_line' id='line_1_86' title="bbox 198 5264 1742 5334; baseline 0.006 -14"><span class='ocrx_word' id='word_1_637' title='bbox 198 5277 312 5321; x_wconf 85' lang='lat' dir='ltr'><strong>tur:</strong></span> <span class='ocrx_word' id='word_1_638' title='bbox 332 5264 624 5334; x_wconf 69' lang='lat' dir='ltr'><strong>Eupoliate</strong></span> <span class='ocrx_word' id='word_1_639' title='bbox 641 5282 726 5319; x_wconf 74' lang='lat' dir='ltr'><strong>eos</strong></span> <span class='ocrx_word' id='word_1_640' title='bbox 750 5273 959 5318; x_wconf 76' lang='lat' dir='ltr'><strong>veterem</strong></span> <span class='ocrx_word' id='word_1_641' title='bbox 984 5264 1232 5317; x_wconf 82' lang='lat' dir='ltr'><strong>hominem</strong></span> <span class='ocrx_word' id='word_1_642' title='bbox 1254 5279 1365 5317; x_wconf 86' lang='lat' dir='ltr'><strong>cum</strong></span> <span class='ocrx_word' id='word_1_643' title='bbox 1393 5271 1583 5324; x_wconf 76' lang='lat' dir='ltr'><strong>actibus</strong></span> <span class='ocrx_word' id='word_1_644' title='bbox 1616 5275 1742 5330; x_wconf 88' lang='lat' dir='ltr'><strong>suis.</strong></span> 
     </span>
    </p>
   </div>
   <div class='ocr_carea' id='block_1_87' title="bbox 203 5355 1748 5423">
    <p class='ocr_par' dir='ltr' id='par_1_87' title="bbox 203 5355 1748 5423">
     <span class='ocr_line' id='line_1_87' title="bbox 203 5355 1748 5423; baseline 0.005 -10"><span class='ocrx_word' id='word_1_645' title='bbox 203 5359 402 5413; x_wconf 88' lang='lat' dir='ltr'><strong>Dehinc</strong></span> <span class='ocrx_word' id='word_1_646' title='bbox 445 5355 676 5423; x_wconf 82' lang='lat' dir='ltr'><strong>loquitur</strong></span> <span class='ocrx_word' id='word_1_647' title='bbox 708 5358 844 5411; x_wconf 88' lang='lat' dir='ltr'><strong>Deus</strong></span> <span class='ocrx_word' id='word_1_648' title='bbox 885 5355 947 5408; x_wconf 90' lang='lat' dir='ltr'><strong>ad</strong></span> <span class='ocrx_word' id='word_1_649' title='bbox 981 5355 1165 5417; x_wconf 87' lang='lat' dir='ltr'><strong>Jacob.</strong></span> <span class='ocrx_word' id='word_1_650' title='bbox 1199 5366 1254 5410; x_wconf 93' lang='lat' dir='ltr'><strong>ut</strong></span> <span class='ocrx_word' id='word_1_651' title='bbox 1282 5356 1542 5414; x_wconf 88' lang='lat' dir='ltr'><strong>habitaret</strong></span> <span class='ocrx_word' id='word_1_652' title='bbox 1565 5363 1616 5418; x_wconf 92' lang='lat' dir='ltr'><strong>in</strong></span> <span class='ocrx_word' id='word_1_653' title='bbox 1650 5367 1748 5421; x_wconf 86' lang='lat' dir='ltr'><strong>Be-</strong></span> 
     </span>
    </p>
   </div>
   <div class='ocr_carea' id='block_1_88' title="bbox 203 5444 1742 5514">
    <p class='ocr_par' dir='ltr' id='par_1_88' title="bbox 203 5444 1742 5514">
     <span class='ocr_line' id='line_1_88' title="bbox 203 5444 1742 5514; baseline 0.005 -11"><span class='ocrx_word' id='word_1_654' title='bbox 203 5447 314 5504; x_wconf 83' lang='lat' dir='ltr'><strong>thel</strong></span> <span class='ocrx_word' id='word_1_655' title='bbox 337 5465 352 5501; x_wconf 85' lang='lat'><strong>:</strong></span> <span class='ocrx_word' id='word_1_656' title='bbox 376 5449 445 5502; x_wconf 90' lang='lat' dir='ltr'><strong>ibi</strong></span> <span class='ocrx_word' id='word_1_657' title='bbox 469 5462 588 5503; x_wconf 87' lang='lat' dir='ltr'><strong>cum</strong></span> <span class='ocrx_word' id='word_1_658' title='bbox 613 5457 846 5514; x_wconf 86' lang='lat' dir='ltr'><strong>pareret,</strong></span> <span class='ocrx_word' id='word_1_659' title='bbox 871 5444 1066 5501; x_wconf 88' lang='lat' dir='ltr'><strong>Rachel</strong></span> <span class='ocrx_word' id='word_1_660' title='bbox 1087 5444 1380 5513; x_wconf 86' lang='lat' dir='ltr'><strong>Benjamin,</strong></span> <span class='ocrx_word' id='word_1_661' title='bbox 1414 5459 1617 5504; x_wconf 89' lang='lat' dir='ltr'><strong>mortua</strong></span> <span class='ocrx_word' id='word_1_662' title='bbox 1641 5469 1742 5512; x_wconf 87' lang='lat' dir='ltr'><strong>est.</strong></span> 
     </span>
    </p>
   </div>
   <div class='ocr_carea' id='block_1_89' title="bbox 201 5534 1746 5607">
    <p class='ocr_par' dir='ltr' id='par_1_89' title="bbox 201 5534 1746 5607">
     <span class='ocr_line' id='line_1_89' title="bbox 201 5534 1746 5607; baseline 0.008 -18"><span class='ocrx_word' id='word_1_663' title='bbox 201 5538 308 5596; x_wconf 80' lang='lat' dir='ltr'><strong>Sed</strong></span> <span class='ocrx_word' id='word_1_664' title='bbox 352 5538 474 5607; x_wconf 90' lang='lat' dir='ltr'><strong>quid</strong></span> <span class='ocrx_word' id='word_1_665' title='bbox 503 5537 600 5593; x_wconf 88' lang='lat' dir='ltr'><strong>sibi</strong></span> <span class='ocrx_word' id='word_1_666' title='bbox 635 5534 745 5588; x_wconf 86' lang='lat' dir='ltr'><strong>vult</strong></span> <span class='ocrx_word' id='word_1_667' title='bbox 781 5542 944 5603; x_wconf 87' lang='lat' dir='ltr'><strong>enim,</strong></span> <span class='ocrx_word' id='word_1_668' title='bbox 976 5534 1222 5593; x_wconf 85' lang='lat' dir='ltr'><strong>eumdem</strong></span> <span class='ocrx_word' id='word_1_669' title='bbox 1252 5536 1519 5607; x_wconf 87' lang='lat' dir='ltr'><strong>Benjamin</strong></span> <span class='ocrx_word' id='word_1_670' title='bbox 1553 5539 1746 5602; x_wconf 80' lang='lat' dir='ltr'><strong>Rachel</strong></span> 
     </span>
    </p>
   </div>
   <div class='ocr_carea' id='block_1_90' title="bbox 206 5627 1748 5702">
    <p class='ocr_par' dir='ltr' id='par_1_90' title="bbox 206 5627 1748 5702">
     <span class='ocr_line' id='line_1_90' title="bbox 206 5627 1748 5702; baseline 0.005 -17"><span class='ocrx_word' id='word_1_671' title='bbox 206 5640 431 5702; x_wconf 87' lang='lat' dir='ltr'><strong>pareret,</strong></span> <span class='ocrx_word' id='word_1_672' title='bbox 470 5627 675 5685; x_wconf 87' lang='lat' dir='ltr'><strong>vocavit</strong></span> <span class='ocrx_word' id='word_1_673' title='bbox 705 5641 898 5682; x_wconf 90' lang='lat' dir='ltr'><strong>nomen</strong></span> <span class='ocrx_word' id='word_1_674' title='bbox 929 5632 1090 5693; x_wconf 79' lang='lat' dir='ltr'><strong>illius,</strong></span> <span class='ocrx_word' id='word_1_675' title='bbox 1125 5627 1343 5684; x_wconf 79' lang='lat' dir='ltr'><strong>Dolores</strong></span> <span class='ocrx_word' id='word_1_676' title='bbox 1366 5633 1468 5686; x_wconf 89' lang='lat' dir='ltr'><strong>mei</strong></span> <span class='ocrx_word' id='word_1_677' title='bbox 1495 5650 1510 5685; x_wconf 84' lang='lat'><strong>:</strong></span> <span class='ocrx_word' id='word_1_678' title='bbox 1541 5634 1639 5688; x_wconf 89' lang='lat' dir='ltr'><strong>nisi</strong></span> <span class='ocrx_word' id='word_1_679' title='bbox 1671 5638 1748 5692; x_wconf 84' lang='lat' dir='ltr'><strong>lu-</strong></span> 
     </span>
    </p>
   </div>
   <div class='ocr_carea' id='block_1_91' title="bbox 205 5719 1745 5796">
    <p class='ocr_par' dir='ltr' id='par_1_91' title="bbox 205 5719 1745 5796">
     <span class='ocr_line' id='line_1_91' title="bbox 205 5719 1745 5796; baseline -0.002 -19"><span class='ocrx_word' id='word_1_680' title='bbox 205 5736 378 5779; x_wconf 85' lang='lat' dir='ltr'><strong>turum</strong></span> <span class='ocrx_word' id='word_1_681' title='bbox 423 5721 742 5792; x_wconf 79' lang='lat' dir='ltr'><strong>prophetam</strong></span> <span class='ocrx_word' id='word_1_682' title='bbox 766 5732 830 5773; x_wconf 79' lang='lat' dir='ltr'><strong>ex</strong></span> <span class='ocrx_word' id='word_1_683' title='bbox 861 5721 946 5775; x_wconf 90' lang='lat' dir='ltr'><strong>illa</strong></span> <span class='ocrx_word' id='word_1_684' title='bbox 983 5724 1120 5777; x_wconf 86' lang='lat' dir='ltr'><strong>trib&#39;tt</strong></span> <span class='ocrx_word' id='word_1_685' title='bbox 1150 5719 1386 5789; x_wconf 73' lang='lat' dir='ltr'><strong>Paulum,</strong></span> <span class='ocrx_word' id='word_1_686' title='bbox 1435 5724 1524 5792; x_wconf 91' lang='lat' dir='ltr'><strong>qui</strong></span> <span class='ocrx_word' id='word_1_687' title='bbox 1550 5725 1745 5796; x_wconf 68' lang='grc' dir='ltr'><strong>ειῐιιίεο.</strong></span> 
     </span>
    </p>
   </div>
   <div class='ocr_carea' id='block_1_92' title="bbox 1837 3281 3388 3354">
    <p class='ocr_par' dir='ltr' id='par_1_92' title="bbox 1837 3281 3388 3354">
     <span class='ocr_line' id='line_1_92' title="bbox 1837 3281 3388 3354; baseline 0.001 -16"><span class='ocrx_word' id='word_1_688' title='bbox 1837 3301 1929 3354; x_wconf 90' lang='lat' dir='ltr'><strong>pro</strong></span> <span class='ocrx_word' id='word_1_689' title='bbox 1958 3299 2021 3339; x_wconf 88' lang='lat' dir='ltr'><strong>eo</strong></span> <span class='ocrx_word' id='word_1_690' title='bbox 2051 3284 2116 3338; x_wconf 91' lang='lat' dir='ltr'><strong>de</strong></span> <span class='ocrx_word' id='word_1_691' title='bbox 2152 3284 2334 3337; x_wconf 77' lang='lat' dir='ltr'><strong>llosra.</strong></span> <span class='ocrx_word' id='word_1_692' title='bbox 2381 3282 2534 3336; x_wconf 89' lang='lat' dir='ltr'><strong>llunc</strong></span> <span class='ocrx_word' id='word_1_693' title='bbox 2580 3281 2790 3350; x_wconf 84' lang='lat' dir='ltr'><strong>quidam</strong></span> <span class='ocrx_word' id='word_1_694' title='bbox 2847 3283 3179 3351; x_wconf 82' lang='lat' dir='ltr'><strong>suspicantur</strong></span> <span class='ocrx_word' id='word_1_695' title='bbox 3226 3284 3388 3340; x_wconf 80' lang='lat' dir='ltr'><strong>Jacob</strong></span> 
     </span>
    </p>
   </div>
   <div class='ocr_carea' id='block_1_93' title="bbox 1844 3369 3386 3437">
    <p class='ocr_par' dir='ltr' id='par_1_93' title="bbox 1844 3369 3386 3437">
     <span class='ocr_line' id='line_1_93' title="bbox 1844 3369 3386 3437; baseline 0.001 -11"><span class='ocrx_word' id='word_1_696' title='bbox 1844 3390 1988 3437; x_wconf 86' lang='lat' dir='ltr'><strong>esse,</strong></span> <span class='ocrx_word' id='word_1_697' title='bbox 2022 3375 2070 3426; x_wconf 92' lang='lat' dir='ltr'><strong>in</strong></span> <span class='ocrx_word' id='word_1_698' title='bbox 2105 3374 2207 3425; x_wconf 75' lang='lat' dir='ltr'><strong>(ine</strong></span> <span class='ocrx_word' id='word_1_699' title='bbox 2235 3371 2473 3424; x_wconf 89' lang='lat' dir='ltr'><strong>additum</strong></span> <span class='ocrx_word' id='word_1_700' title='bbox 2496 3385 2615 3423; x_wconf 87' lang='lat' dir='ltr'><strong>esse</strong></span> <span class='ocrx_word' id='word_1_701' title='bbox 2637 3369 2939 3436; x_wconf 89' lang='lat' dir='ltr'><strong>voluminis,</strong></span> <span class='ocrx_word' id='word_1_702' title='bbox 2969 3384 3150 3424; x_wconf 84' lang='lat' dir='ltr'><strong>contra</strong></span> <span class='ocrx_word' id='word_1_703' title='bbox 3181 3372 3386 3428; x_wconf 67' lang='lat' dir='ltr'><strong>llebrrei</strong></span> 
     </span>
    </p>
   </div>
   <div class='ocr_carea' id='block_1_94' title="bbox 1845 3457 3382 3524">
    <p class='ocr_par' dir='ltr' id='par_1_94' title="bbox 1845 3457 3382 3524">
     <span class='ocr_line' id='line_1_94' title="bbox 1845 3457 3382 3524; baseline -0.002 -7"><span class='ocrx_word' id='word_1_704' title='bbox 1845 3473 2088 3517; x_wconf 86' lang='lat' dir='ltr'><strong>asserunt</strong></span> <span class='ocrx_word' id='word_1_705' title='bbox 2117 3464 2182 3514; x_wconf 90' lang='lat' dir='ltr'><strong>de</strong></span> <span class='ocrx_word' id='word_1_706' title='bbox 2211 3460 2464 3513; x_wconf 79' lang='lat' dir='ltr'><strong>Nacltoris</strong></span> <span class='ocrx_word' id='word_1_707' title='bbox 2490 3457 2633 3510; x_wconf 86' lang='lat' dir='ltr'><strong>illum</strong></span> <span class='ocrx_word' id='word_1_708' title='bbox 2666 3457 2832 3524; x_wconf 89' lang='lat' dir='ltr'><strong>stirpe</strong></span> <span class='ocrx_word' id='word_1_709' title='bbox 2859 3469 3186 3524; x_wconf 86' lang='lat' dir='ltr'><strong>generatum.</strong></span> <span class='ocrx_word' id='word_1_710' title='bbox 3222 3459 3382 3514; x_wconf 80' lang='lat' dir='ltr'><strong>Inter-</strong></span> 
     </span>
    </p>
   </div>
   <div class='ocr_carea' id='block_1_95' title="bbox 1833 3545 3379 3615">
    <p class='ocr_par' dir='ltr' id='par_1_95' title="bbox 1833 3545 3379 3615">
     <span class='ocr_line' id='line_1_95' title="bbox 1833 3545 3379 3615; baseline -0.002 -12"><span class='ocrx_word' id='word_1_711' title='bbox 1833 3566 1894 3604; x_wconf 91' lang='lat' dir='ltr'><strong>ea</strong></span> <span class='ocrx_word' id='word_1_712' title='bbox 1929 3548 2108 3601; x_wconf 80' lang='lat' dir='ltr'><strong>Ruben</strong></span> <span class='ocrx_word' id='word_1_713' title='bbox 2141 3546 2302 3615; x_wconf 88' lang='lat' dir='ltr'><strong>patris</strong></span> <span class='ocrx_word' id='word_1_714' title='bbox 2334 3545 2416 3598; x_wconf 91' lang='lat' dir='ltr'><strong>sui</strong></span> <span class='ocrx_word' id='word_1_715' title='bbox 2450 3545 2795 3598; x_wconf 79' lang='lat' dir='ltr'><strong>cooenbinam</strong></span> <span class='ocrx_word' id='word_1_716' title='bbox 2821 3545 3046 3599; x_wconf 86' lang='lat' dir='ltr'><strong>violavit.</strong></span> <span class='ocrx_word' id='word_1_717' title='bbox 3077 3548 3173 3600; x_wconf 87' lang='lat' dir='ltr'><strong>l&#39;er</strong></span> <span class='ocrx_word' id='word_1_718' title='bbox 3197 3547 3379 3600; x_wconf 87' lang='lat' dir='ltr'><strong>Ruben</strong></span> 
     </span>
    </p>
   </div>
   <div class='ocr_carea' id='block_1_96' title="bbox 1839 3633 3387 3705">
    <p class='ocr_par' dir='ltr' id='par_1_96' title="bbox 1839 3633 3387 3705">
     <span class='ocr_line' id='line_1_96' title="bbox 1839 3633 3387 3705; baseline 0.002 -17"><span class='ocrx_word' id='word_1_719' title='bbox 1839 3635 2064 3705; x_wconf 87' lang='lat' dir='ltr'><strong>populus</strong></span> <span class='ocrx_word' id='word_1_720' title='bbox 2094 3633 2481 3704; x_wconf 77' lang='lat' dir='ltr'><strong>primogenitus</strong></span> <span class='ocrx_word' id='word_1_721' title='bbox 2513 3633 2671 3688; x_wconf 90' lang='lat' dir='ltr'><strong>lsrael</strong></span> <span class='ocrx_word' id='word_1_722' title='bbox 2703 3649 2763 3688; x_wconf 74' lang='lat' dir='ltr'><strong>ex</strong></span> <span class='ocrx_word' id='word_1_723' title='bbox 2796 3635 3197 3690; x_wconf 88' lang='lat' dir='ltr'><strong>circumcisione</strong></span> <span class='ocrx_word' id='word_1_724' title='bbox 3227 3639 3387 3705; x_wconf 84' lang='lat' dir='ltr'><strong>signi-</strong></span> 
     </span>
    </p>
   </div>
   <div class='ocr_carea' id='block_1_97' title="bbox 1838 3723 3383 3795">
    <p class='ocr_par' dir='ltr' id='par_1_97' title="bbox 1838 3723 3383 3795">
     <span class='ocr_line' id='line_1_97' title="bbox 1838 3723 3383 3795; baseline 0.001 -16"><span class='ocrx_word' id='word_1_725' title='bbox 1838 3729 2022 3779; x_wconf 85' lang='lat' dir='ltr'><strong>ficatur</strong></span> <span class='ocrx_word' id='word_1_726' title='bbox 2052 3742 2065 3777; x_wconf 88' lang='lat'><strong>:</strong></span> <span class='ocrx_word' id='word_1_727' title='bbox 2101 3724 2190 3793; x_wconf 91' lang='lat' dir='ltr'><strong>qui</strong></span> <span class='ocrx_word' id='word_1_728' title='bbox 2222 3723 2386 3792; x_wconf 89' lang='lat' dir='ltr'><strong>patris</strong></span> <span class='ocrx_word' id='word_1_729' title='bbox 2416 3724 2762 3784; x_wconf 82' lang='lat' dir='ltr'><strong>concubinam</strong></span> <span class='ocrx_word' id='word_1_730' title='bbox 2796 3724 3001 3792; x_wconf 90' lang='lat' dir='ltr'><strong>pollu.t,</strong></span> <span class='ocrx_word' id='word_1_731' title='bbox 3030 3725 3082 3779; x_wconf 91' lang='lat' dir='ltr'><strong>itl</strong></span> <span class='ocrx_word' id='word_1_732' title='bbox 3109 3737 3188 3780; x_wconf 88' lang='lat' dir='ltr'><strong>est</strong></span> <span class='ocrx_word' id='word_1_733' title='bbox 3212 3726 3383 3795; x_wconf 84' lang='lat' dir='ltr'><strong>legem</strong></span> 
     </span>
    </p>
   </div>
   <div class='ocr_carea' id='block_1_98' title="bbox 1837 3815 3391 3885">
    <p class='ocr_par' dir='ltr' id='par_1_98' title="bbox 1837 3815 3391 3885">
     <span class='ocr_line' id='line_1_98' title="bbox 1837 3815 3391 3885; baseline 0.002 -15"><span class='ocrx_word' id='word_1_734' title='bbox 1837 3817 1924 3871; x_wconf 90' lang='lat' dir='ltr'><strong>Dei</strong></span> <span class='ocrx_word' id='word_1_735' title='bbox 1961 3817 2164 3870; x_wconf 84' lang='lat' dir='ltr'><strong>Veteris</strong></span> <span class='ocrx_word' id='word_1_736' title='bbox 2191 3815 2518 3870; x_wconf 86' lang='lat' dir='ltr'><strong>Testamenti</strong></span> <span class='ocrx_word' id='word_1_737' title='bbox 2564 3830 2703 3885; x_wconf 64' lang='lat' dir='ltr'><strong>saepe</strong></span> <span class='ocrx_word' id='word_1_738' title='bbox 2737 3819 3135 3884; x_wconf 62' lang='lat' dir='ltr'><strong>praevaricando</strong></span> <span class='ocrx_word' id='word_1_739' title='bbox 3160 3821 3391 3873; x_wconf 75' lang='lat' dir='ltr'><strong>tutacula-</strong></span> 
     </span>
    </p>
   </div>
   <div class='ocr_carea' id='block_1_99' title="bbox 1837 3906 3388 3977">
    <p class='ocr_par' dir='ltr' id='par_1_99' title="bbox 1837 3906 3388 3977">
     <span class='ocr_line' id='line_1_99' title="bbox 1837 3906 3388 3977; baseline 0.001 -16"><span class='ocrx_word' id='word_1_740' title='bbox 1837 3909 1930 3962; x_wconf 91' lang='lat' dir='ltr'><strong>vit.</strong></span> <span class='ocrx_word' id='word_1_741' title='bbox 1971 3906 2120 3974; x_wconf 90' lang='lat' dir='ltr'><strong>Quod</strong></span> <span class='ocrx_word' id='word_1_742' title='bbox 2151 3916 2324 3959; x_wconf 90' lang='lat' dir='ltr'><strong>autem</strong></span> <span class='ocrx_word' id='word_1_743' title='bbox 2357 3918 2506 3964; x_wconf 87' lang='lat' dir='ltr'><strong>vetus</strong></span> <span class='ocrx_word' id='word_1_744' title='bbox 2533 3906 2616 3960; x_wconf 79' lang='lat' dir='ltr'><strong>lex</strong></span> <span class='ocrx_word' id='word_1_745' title='bbox 2647 3907 2940 3960; x_wconf 90' lang='lat' dir='ltr'><strong>concubina</strong></span> <span class='ocrx_word' id='word_1_746' title='bbox 2984 3919 3220 3977; x_wconf 87' lang='lat' dir='ltr'><strong>vocatur,</strong></span> <span class='ocrx_word' id='word_1_747' title='bbox 3257 3907 3388 3963; x_wconf 84' lang='lat' dir='ltr'><strong>Pau-</strong></span> 
     </span>
    </p>
   </div>
   <div class='ocr_carea' id='block_1_100' title="bbox 1837 3997 3390 4064">
    <p class='ocr_par' dir='ltr' id='par_1_100' title="bbox 1837 3997 3390 4064">
     <span class='ocr_line' id='line_1_100' title="bbox 1837 3997 3390 4064; baseline -0.001 -10"><span class='ocrx_word' id='word_1_748' title='bbox 1837 4002 1920 4055; x_wconf 91' lang='lat' dir='ltr'><strong>lus</strong></span> <span class='ocrx_word' id='word_1_749' title='bbox 1935 4003 2108 4064; x_wconf 88' lang='lat' dir='ltr'><strong>doect,</strong></span> <span class='ocrx_word' id='word_1_750' title='bbox 2123 4000 2334 4052; x_wconf 87' lang='lat' dir='ltr'><strong>dicens:</strong></span> <span class='ocrx_word' id='word_1_751' title='bbox 2355 3998 2608 4051; x_wconf 83' lang='lat' dir='ltr'><strong>Abraham</strong></span> <span class='ocrx_word' id='word_1_752' title='bbox 2630 3997 2755 4051; x_wconf 80' lang='lat' dir='ltr'><strong>duos</strong></span> <span class='ocrx_word' id='word_1_753' title='bbox 2780 3999 2911 4064; x_wconf 80' lang='lat' dir='ltr'><strong>ﬁlios</strong></span> <span class='ocrx_word' id='word_1_754' title='bbox 2931 3998 3127 4063; x_wconf 78' lang='lat' dir='ltr'><strong>habuit,</strong></span> <span class='ocrx_word' id='word_1_755' title='bbox 3150 4016 3303 4052; x_wconf 85' lang='lat' dir='ltr'><strong>unum</strong></span> <span class='ocrx_word' id='word_1_756' title='bbox 3326 4003 3390 4052; x_wconf 79' lang='lat' dir='ltr'><strong>de</strong></span> 
     </span>
    </p>
   </div>
   <div class='ocr_carea' id='block_1_101' title="bbox 1834 4088 3391 4155">
    <p class='ocr_par' dir='ltr' id='par_1_101' title="bbox 1834 4088 3391 4155">
     <span class='ocr_line' id='line_1_101' title="bbox 1834 4088 3391 4155; baseline -0.001 -10"><span class='ocrx_word' id='word_1_757' title='bbox 1834 4092 2041 4155; x_wconf 83' lang='lat' dir='ltr'><strong>ancilla,</strong></span> <span class='ocrx_word' id='word_1_758' title='bbox 2061 4099 2104 4143; x_wconf 86' lang='lat' dir='ltr'><strong>et</strong></span> <span class='ocrx_word' id='word_1_759' title='bbox 2122 4106 2279 4142; x_wconf 83' lang='lat' dir='ltr'><strong>unum</strong></span> <span class='ocrx_word' id='word_1_760' title='bbox 2308 4088 2371 4140; x_wconf 85' lang='lat' dir='ltr'><strong>de</strong></span> <span class='ocrx_word' id='word_1_761' title='bbox 2392 4089 2546 4141; x_wconf 82' lang='lat' dir='ltr'><strong>libera</strong></span> <span class='ocrx_word' id='word_1_762' title='bbox 2569 4103 2586 4139; x_wconf 93' lang='lat'><strong><em>:</em></strong></span> <span class='ocrx_word' id='word_1_763' title='bbox 2614 4090 2726 4140; x_wconf 72' lang='lat' dir='ltr'><strong>haec</strong></span> <span class='ocrx_word' id='word_1_764' title='bbox 2749 4098 2922 4140; x_wconf 88' lang='lat' dir='ltr'><strong>autem</strong></span> <span class='ocrx_word' id='word_1_765' title='bbox 2945 4099 3066 4140; x_wconf 90' lang='lat' dir='ltr'><strong>sunt</strong></span> <span class='ocrx_word' id='word_1_766' title='bbox 3086 4090 3190 4142; x_wconf 88' lang='lat' dir='ltr'><strong>duo</strong></span> <span class='ocrx_word' id='word_1_767' title='bbox 3209 4091 3391 4143; x_wconf 77' lang='lat' dir='ltr'><strong>&#39;l‘esta-</strong></span> 
     </span>
    </p>
   </div>
   <div class='ocr_carea' id='block_1_102' title="bbox 1835 4174 3390 4244">
    <p class='ocr_par' dir='ltr' id='par_1_102' title="bbox 1835 4174 3390 4244">
     <span class='ocr_line' id='line_1_102' title="bbox 1835 4174 3390 4244; baseline -0.003 -9"><span class='ocrx_word' id='word_1_768' title='bbox 1835 4193 2032 4235; x_wconf 89' lang='lat' dir='ltr'><strong>menta.</strong></span> <span class='ocrx_word' id='word_1_769' title='bbox 2083 4178 2262 4231; x_wconf 86' lang='lat' dir='ltr'><strong>Ruben</strong></span> <span class='ocrx_word' id='word_1_770' title='bbox 2297 4179 2710 4244; x_wconf 84' lang='lat' dir='ltr'><strong>interpretatur:</strong></span> <span class='ocrx_word' id='word_1_771' title='bbox 2744 4174 2962 4228; x_wconf 88' lang='lat' dir='ltr'><strong>visionis</strong></span> <span class='ocrx_word' id='word_1_772' title='bbox 3011 4176 3171 4239; x_wconf 85' lang='lat' dir='ltr'><strong>filius,</strong></span> <span class='ocrx_word' id='word_1_773' title='bbox 3200 4178 3280 4232; x_wconf 87' lang='lat' dir='ltr'><strong>vel</strong></span> <span class='ocrx_word' id='word_1_774' title='bbox 3315 4180 3390 4231; x_wconf 82' lang='lat' dir='ltr'><strong>vi-</strong></span> 
     </span>
    </p>
   </div>
   <div class='ocr_carea' id='block_1_103' title="bbox 1835 4262 3391 4334">
    <p class='ocr_par' dir='ltr' id='par_1_103' title="bbox 1835 4262 3391 4334">
     <span class='ocr_line' id='line_1_103' title="bbox 1835 4262 3391 4334; baseline -0.001 -12"><span class='ocrx_word' id='word_1_775' title='bbox 1835 4270 1965 4323; x_wconf 91' lang='lat' dir='ltr'><strong>dens</strong></span> <span class='ocrx_word' id='word_1_776' title='bbox 1998 4266 2155 4334; x_wconf 81' lang='lat' dir='ltr'><strong>filius,</strong></span> <span class='ocrx_word' id='word_1_777' title='bbox 2194 4266 2274 4320; x_wconf 90' lang='lat' dir='ltr'><strong>vel</strong></span> <span class='ocrx_word' id='word_1_778' title='bbox 2311 4265 2494 4318; x_wconf 90' lang='lat' dir='ltr'><strong>videns</strong></span> <span class='ocrx_word' id='word_1_779' title='bbox 2527 4267 2576 4315; x_wconf 91' lang='lat' dir='ltr'><strong>in</strong></span> <span class='ocrx_word' id='word_1_780' title='bbox 2609 4264 2802 4316; x_wconf 86' lang='lat' dir='ltr'><strong>medio.</strong></span> <span class='ocrx_word' id='word_1_781' title='bbox 2853 4262 2992 4316; x_wconf 78' lang='lat' dir='ltr'><strong>Dixit</strong></span> <span class='ocrx_word' id='word_1_782' title='bbox 3037 4266 3176 4317; x_wconf 87' lang='lat' dir='ltr'><strong>enim</strong></span> <span class='ocrx_word' id='word_1_783' title='bbox 3221 4275 3391 4320; x_wconf 67' lang='lat' dir='ltr'><strong>mattr</strong></span> 
     </span>
    </p>
   </div>
   <div class='ocr_carea' id='block_1_104' title="bbox 1836 4355 3386 4421">
    <p class='ocr_par' dir='ltr' id='par_1_104' title="bbox 1836 4355 3386 4421">
     <span class='ocr_line' id='line_1_104' title="bbox 1836 4355 3386 4421; baseline -0.003 -7"><span class='ocrx_word' id='word_1_784' title='bbox 1836 4361 1870 4414; x_wconf 91' lang='lat' dir='ltr'><strong>il</strong></span> <span class='ocrx_word' id='word_1_785' title='bbox 1896 4360 2006 4415; x_wconf 88' lang='lat' dir='ltr'><strong>ius:</strong></span> <span class='ocrx_word' id='word_1_786' title='bbox 2029 4357 2166 4412; x_wconf 81' lang='lat' dir='ltr'><strong>Vidit</strong></span> <span class='ocrx_word' id='word_1_787' title='bbox 2191 4357 2322 4408; x_wconf 82' lang='lat' dir='ltr'><strong>Deus</strong></span> <span class='ocrx_word' id='word_1_788' title='bbox 2344 4355 2682 4407; x_wconf 87' lang='lat' dir='ltr'><strong>humilitatem</strong></span> <span class='ocrx_word' id='word_1_789' title='bbox 2703 4369 2885 4406; x_wconf 90' lang='lat' dir='ltr'><strong>meam.</strong></span> <span class='ocrx_word' id='word_1_790' title='bbox 2909 4355 3145 4419; x_wconf 85' lang='lat' dir='ltr'><strong>Sitneon,</strong></span> <span class='ocrx_word' id='word_1_791' title='bbox 3166 4357 3386 4421; x_wconf 89' lang='lat' dir='ltr'><strong>auditio,</strong></span> 
     </span>
    </p>
   </div>
   <div class='ocr_carea' id='block_1_105' title="bbox 1835 4443 3408 4514">
    <p class='ocr_par' dir='ltr' id='par_1_105' title="bbox 1835 4443 3408 4514">
     <span class='ocr_line' id='line_1_105' title="bbox 1835 4443 3408 4514; baseline -0.004 -10"><span class='ocrx_word' id='word_1_792' title='bbox 1835 4453 2042 4504; x_wconf 82' lang='lat' dir='ltr'><strong>dicente</strong></span> <span class='ocrx_word' id='word_1_793' title='bbox 2087 4459 2291 4501; x_wconf 83' lang='lat' dir='ltr'><strong>matre:</strong></span> <span class='ocrx_word' id='word_1_794' title='bbox 2325 4443 2597 4498; x_wconf 70' lang='lat' dir='ltr'><strong>Exaudivit</strong></span> <span class='ocrx_word' id='word_1_795' title='bbox 2633 4460 2710 4498; x_wconf 82' lang='lat' dir='ltr'><strong>me</strong></span> <span class='ocrx_word' id='word_1_796' title='bbox 2749 4443 3013 4498; x_wconf 84' lang='lat' dir='ltr'><strong>Dominus.</strong></span> <span class='ocrx_word' id='word_1_797' title='bbox 3061 4445 3210 4508; x_wconf 79' lang='lat' dir='ltr'><strong>Levi,</strong></span> <span class='ocrx_word' id='word_1_798' title='bbox 3248 4447 3408 4514; x_wconf 12' lang='lat' dir='ltr'><strong>Apo-V</strong></span> 
     </span>
    </p>
   </div>
   <div class='ocr_carea' id='block_1_106' title="bbox 1837 4535 3389 4608">
    <p class='ocr_par' dir='ltr' id='par_1_106' title="bbox 1837 4535 3389 4608">
     <span class='ocr_line' id='line_1_106' title="bbox 1837 4535 3389 4608; baseline -0.003 -14"><span class='ocrx_word' id='word_1_799' title='bbox 1837 4542 2003 4594; x_wconf 84' lang='lat' dir='ltr'><strong>stolus</strong></span> <span class='ocrx_word' id='word_1_800' title='bbox 2028 4559 2039 4590; x_wconf 76' lang='grc' dir='ltr'><em>τ</em></span> <span class='ocrx_word' id='word_1_801' title='bbox 2072 4537 2418 4605; x_wconf 81' lang='lat' dir='ltr'><strong>Applicabitur</strong></span> <span class='ocrx_word' id='word_1_802' title='bbox 2439 4538 2570 4589; x_wconf 87' lang='lat' dir='ltr'><strong>enim</strong></span> <span class='ocrx_word' id='word_1_803' title='bbox 2603 4535 2818 4608; x_wconf 88' lang='lat' dir='ltr'><strong>(inquit)</strong></span> <span class='ocrx_word' id='word_1_804' title='bbox 2842 4539 2914 4588; x_wconf 77' lang='lat' dir='ltr'><strong>air</strong></span> <span class='ocrx_word' id='word_1_805' title='bbox 2938 4551 3096 4600; x_wconf 86' lang='lat' dir='ltr'><strong>meus,</strong></span> <span class='ocrx_word' id='word_1_806' title='bbox 3127 4536 3225 4588; x_wconf 83' lang='lat' dir='ltr'><strong>sive</strong></span> <span class='ocrx_word' id='word_1_807' title='bbox 3251 4552 3389 4589; x_wconf 77' lang='lat' dir='ltr'><strong>metu</strong></span> 
     </span>
    </p>
   </div>
   <div class='ocr_carea' id='block_1_107' title="bbox 1839 4628 3385 4697">
    <p class='ocr_par' dir='ltr' id='par_1_107' title="bbox 1839 4628 3385 4697">
     <span class='ocr_line' id='line_1_107' title="bbox 1839 4628 3385 4697; baseline -0.001 -17"><span class='ocrx_word' id='word_1_808' title='bbox 1839 4631 1930 4680; x_wconf 86' lang='lat' dir='ltr'><strong>erit</strong></span> <span class='ocrx_word' id='word_1_809' title='bbox 1962 4629 2115 4680; x_wconf 89' lang='lat' dir='ltr'><strong>:sive</strong></span> <span class='ocrx_word' id='word_1_810' title='bbox 2144 4628 2282 4695; x_wconf 91' lang='lat' dir='ltr'><strong>quod</strong></span> <span class='ocrx_word' id='word_1_811' title='bbox 2315 4628 2525 4690; x_wconf 89' lang='lat' dir='ltr'><strong>melius,</strong></span> <span class='ocrx_word' id='word_1_812' title='bbox 2578 4640 2921 4697; x_wconf 87' lang='lat' dir='ltr'><strong>prosequetur</strong></span> <span class='ocrx_word' id='word_1_813' title='bbox 2964 4642 3047 4679; x_wconf 89' lang='lat' dir='ltr'><strong>me</strong></span> <span class='ocrx_word' id='word_1_814' title='bbox 3097 4629 3173 4678; x_wconf 90' lang='lat' dir='ltr'><strong>vir</strong></span> <span class='ocrx_word' id='word_1_815' title='bbox 3219 4643 3385 4680; x_wconf 82' lang='lat' dir='ltr'><strong>meus.</strong></span> 
     </span>
    </p>
   </div>
   <div class='ocr_carea' id='block_1_108' title="bbox 1839 4715 3391 4783">
    <p class='ocr_par' dir='ltr' id='par_1_108' title="bbox 1839 4715 3391 4783">
     <span class='ocr_line' id='line_1_108' title="bbox 1839 4715 3391 4783; baseline -0.002 -11"><span class='ocrx_word' id='word_1_816' title='bbox 1839 4719 1969 4772; x_wconf 71' lang='lat' dir='ltr'><strong>.lutta</strong></span> <span class='ocrx_word' id='word_1_817' title='bbox 2022 4718 2396 4783; x_wconf 88' lang='lat' dir='ltr'><strong>interpretatur</strong></span> <span class='ocrx_word' id='word_1_818' title='bbox 2444 4716 2975 4771; x_wconf 76' lang='lat' dir='ltr'><strong>confessiozdiceute</strong></span> <span class='ocrx_word' id='word_1_819' title='bbox 3014 4725 3181 4770; x_wconf 88' lang='lat' dir='ltr'><strong>matre</strong></span> <span class='ocrx_word' id='word_1_820' title='bbox 3232 4715 3391 4769; x_wconf 73' lang='lat' dir='ltr'><strong>Modo</strong></span> 
     </span>
    </p>
   </div>
   <div class='ocr_carea' id='block_1_109' title="bbox 1841 4803 3392 4874">
    <p class='ocr_par' dir='ltr' id='par_1_109' title="bbox 1841 4803 3392 4874">
     <span class='ocr_line' id='line_1_109' title="bbox 1841 4803 3392 4874; baseline 0.001 -14"><span class='ocrx_word' id='word_1_821' title='bbox 1841 4808 2112 4874; x_wconf 76' lang='lat' dir='ltr'><strong>conﬁtebor</strong></span> <span class='ocrx_word' id='word_1_822' title='bbox 2142 4803 2381 4859; x_wconf 86' lang='lat' dir='ltr'><strong>Domino.</strong></span> <span class='ocrx_word' id='word_1_823' title='bbox 2434 4805 2581 4871; x_wconf 86' lang='lat' dir='ltr'><strong>Dan,</strong></span> <span class='ocrx_word' id='word_1_824' title='bbox 2632 4805 2909 4874; x_wconf 88' lang='lat' dir='ltr'><strong>judicium,</strong></span> <span class='ocrx_word' id='word_1_825' title='bbox 2960 4807 3174 4861; x_wconf 88' lang='lat' dir='ltr'><strong>dicente</strong></span> <span class='ocrx_word' id='word_1_826' title='bbox 3222 4818 3392 4861; x_wconf 75' lang='lat' dir='ltr'><strong>matre</strong></span> 
     </span>
    </p>
   </div>
   <div class='ocr_carea' id='block_1_110' title="bbox 1842 4896 3435 4963">
    <p class='ocr_par' dir='ltr' id='par_1_110' title="bbox 1842 4896 3435 4963">
     <span class='ocr_line' id='line_1_110' title="bbox 1842 4896 3435 4963; baseline 0.001 -12"><span class='ocrx_word' id='word_1_827' title='bbox 1842 4899 2034 4952; x_wconf 88' lang='lat' dir='ltr'><strong>Rachel</strong></span> <span class='ocrx_word' id='word_1_828' title='bbox 2055 4913 2070 4951; x_wconf 86' lang='lat'><strong>:</strong></span> <span class='ocrx_word' id='word_1_829' title='bbox 2088 4896 2344 4950; x_wconf 81' lang='lat' dir='ltr'><strong>Judicavit</strong></span> <span class='ocrx_word' id='word_1_830' title='bbox 2379 4911 2456 4948; x_wconf 85' lang='lat' dir='ltr'><strong>me</strong></span> <span class='ocrx_word' id='word_1_831' title='bbox 2480 4896 2633 4949; x_wconf 85' lang='lat' dir='ltr'><strong>Deus.</strong></span> <span class='ocrx_word' id='word_1_832' title='bbox 2660 4896 2978 4963; x_wconf 84' lang='lat' dir='ltr'><strong>Nepthalitn,</strong></span> <span class='ocrx_word' id='word_1_833' title='bbox 2997 4907 3391 4960; x_wconf 81' lang='lat' dir='ltr'><strong>conversantes,</strong></span> <span class='ocrx_word' id='word_1_834' title='bbox 3433 4956 3435 4959; x_wconf 64' lang='grc'><strong>,</strong></span> 
     </span>
    </p>
   </div>
   <div class='ocr_carea' id='block_1_111' title="bbox 1846 4988 3390 5056">
    <p class='ocr_par' dir='ltr' id='par_1_111' title="bbox 1846 4988 3390 5056">
     <span class='ocr_line' id='line_1_111' title="bbox 1846 4988 3390 5056; baseline 0.001 -18"><span class='ocrx_word' id='word_1_835' title='bbox 1846 4991 1927 5042; x_wconf 90' lang='lat' dir='ltr'><strong>vel</strong></span> <span class='ocrx_word' id='word_1_836' title='bbox 1951 4989 2184 5043; x_wconf 86' lang='lat' dir='ltr'><strong>dilatavit</strong></span> <span class='ocrx_word' id='word_1_837' title='bbox 2204 5001 2309 5052; x_wconf 90' lang='lat' dir='ltr'><strong>me,</strong></span> <span class='ocrx_word' id='word_1_838' title='bbox 2343 4988 2424 5042; x_wconf 88' lang='lat' dir='ltr'><strong>vel</strong></span> <span class='ocrx_word' id='word_1_839' title='bbox 2448 4999 2591 5042; x_wconf 90' lang='lat' dir='ltr'><strong>certe</strong></span> <span class='ocrx_word' id='word_1_840' title='bbox 2613 4988 2870 5056; x_wconf 86' lang='lat' dir='ltr'><strong>implicuit</strong></span> <span class='ocrx_word' id='word_1_841' title='bbox 2893 5003 2997 5053; x_wconf 86' lang='lat' dir='ltr'><strong>me,</strong></span> <span class='ocrx_word' id='word_1_842' title='bbox 3022 4988 3094 5042; x_wconf 87' lang='lat' dir='ltr'><strong>ait</strong></span> <span class='ocrx_word' id='word_1_843' title='bbox 3114 4988 3251 5042; x_wconf 89' lang='lat' dir='ltr'><strong>enim</strong></span> <span class='ocrx_word' id='word_1_844' title='bbox 3280 5002 3390 5040; x_wconf 79' lang='lat' dir='ltr'><strong>a-</strong></span> 
     </span>
    </p>
   </div>
   <div class='ocr_carea' id='block_1_112' title="bbox 1845 5077 3394 5148">
    <p class='ocr_par' dir='ltr' id='par_1_112' title="bbox 1845 5077 3394 5148">
     <span class='ocr_line' id='line_1_112' title="bbox 1845 5077 3394 5148; baseline -0.002 -15"><span class='ocrx_word' id='word_1_845' title='bbox 1845 5089 1940 5134; x_wconf 90' lang='lat' dir='ltr'><strong>ter:</strong></span> <span class='ocrx_word' id='word_1_846' title='bbox 1959 5079 2277 5148; x_wconf 84' lang='lat' dir='ltr'><strong>Comparavit</strong></span> <span class='ocrx_word' id='word_1_847' title='bbox 2295 5094 2372 5132; x_wconf 91' lang='lat' dir='ltr'><strong>me</strong></span> <span class='ocrx_word' id='word_1_848' title='bbox 2393 5077 2529 5133; x_wconf 83' lang='lat' dir='ltr'><strong>Deus</strong></span> <span class='ocrx_word' id='word_1_849' title='bbox 2547 5080 2708 5132; x_wconf 85' lang='lat' dir='ltr'><strong>sorori</strong></span> <span class='ocrx_word' id='word_1_850' title='bbox 2728 5094 2869 5133; x_wconf 73' lang='lat' dir='ltr'><strong>mete.</strong></span> <span class='ocrx_word' id='word_1_851' title='bbox 2886 5079 2995 5134; x_wconf 86' lang='lat' dir='ltr'><strong>Gad</strong></span> <span class='ocrx_word' id='word_1_852' title='bbox 3017 5080 3394 5146; x_wconf 85' lang='lat' dir='ltr'><strong>interpretatur</strong></span> 
     </span>
    </p>
   </div>
   <div class='ocr_carea' id='block_1_113' title="bbox 1845 5168 3392 5234">
    <p class='ocr_par' dir='ltr' id='par_1_113' title="bbox 1845 5168 3392 5234">
     <span class='ocr_line' id='line_1_113' title="bbox 1845 5168 3392 5234; baseline -0.003 -9"><span class='ocrx_word' id='word_1_853' title='bbox 1845 5173 2085 5234; x_wconf 89' lang='lat' dir='ltr'><strong>teutatio,</strong></span> <span class='ocrx_word' id='word_1_854' title='bbox 2110 5168 2192 5222; x_wconf 84' lang='lat' dir='ltr'><strong>vel</strong></span> <span class='ocrx_word' id='word_1_855' title='bbox 2217 5170 2561 5234; x_wconf 83' lang='lat' dir='ltr'><strong>latrunculos,</strong></span> <span class='ocrx_word' id='word_1_856' title='bbox 2591 5170 2670 5222; x_wconf 84' lang='lat' dir='ltr'><strong>vel</strong></span> <span class='ocrx_word' id='word_1_857' title='bbox 2698 5169 2924 5233; x_wconf 84' lang='lat' dir='ltr'><strong>fortuna,</strong></span> <span class='ocrx_word' id='word_1_858' title='bbox 2948 5170 3157 5222; x_wconf 84' lang='lat' dir='ltr'><strong>dicente</strong></span> <span class='ocrx_word' id='word_1_859' title='bbox 3187 5177 3354 5224; x_wconf 86' lang='lat' dir='ltr'><strong>matre</strong></span> <span class='ocrx_word' id='word_1_860' title='bbox 3378 5184 3392 5220; x_wconf 88' lang='lat'><strong>:</strong></span> 
     </span>
    </p>
   </div>
   <div class='ocr_carea' id='block_1_114' title="bbox 1844 5259 3395 5330">
    <p class='ocr_par' dir='ltr' id='par_1_114' title="bbox 1844 5259 3395 5330">
     <span class='ocr_line' id='line_1_114' title="bbox 1844 5259 3395 5330; baseline -0.004 -13"><span class='ocrx_word' id='word_1_861' title='bbox 1844 5265 1870 5319; x_wconf 81' lang='grc' dir='ltr'><strong><em>Ι</em></strong></span> <span class='ocrx_word' id='word_1_862' title='bbox 1880 5282 1912 5316; x_wconf 84' lang='grc' dir='ltr'><strong><em>ιι</em></strong></span> <span class='ocrx_word' id='word_1_863' title='bbox 1939 5267 2142 5330; x_wconf 64' lang='lat' dir='ltr'><strong>fortuna</strong></span> <span class='ocrx_word' id='word_1_864' title='bbox 2177 5266 2412 5315; x_wconf 88' lang='lat' dir='ltr'><strong>acerbata</strong></span> <span class='ocrx_word' id='word_1_865' title='bbox 2443 5263 2798 5329; x_wconf 82' lang='lat' dir='ltr'><strong>pronuntiante</strong></span> <span class='ocrx_word' id='word_1_866' title='bbox 2840 5261 2938 5312; x_wconf 79' lang='lat' dir='ltr'><strong>vita</strong></span> <span class='ocrx_word' id='word_1_867' title='bbox 2974 5260 3065 5327; x_wconf 79' lang='lat' dir='ltr'><strong>ego</strong></span> <span class='ocrx_word' id='word_1_868' title='bbox 3111 5274 3242 5312; x_wconf 80' lang='lat' dir='ltr'><strong>sum.</strong></span> <span class='ocrx_word' id='word_1_869' title='bbox 3288 5259 3395 5312; x_wconf 66' lang='lat' dir='ltr'><strong>lsao</strong></span> 
     </span>
    </p>
   </div>
   <div class='ocr_carea' id='block_1_115' title="bbox 1845 5348 3392 5418">
    <p class='ocr_par' dir='ltr' id='par_1_115' title="bbox 1845 5348 3392 5418">
     <span class='ocr_line' id='line_1_115' title="bbox 1845 5348 3392 5418; baseline -0.005 -9"><span class='ocrx_word' id='word_1_870' title='bbox 1845 5357 1993 5418; x_wconf 89' lang='lat' dir='ltr'><strong>cltar,</strong></span> <span class='ocrx_word' id='word_1_871' title='bbox 2043 5361 2126 5406; x_wconf 72' lang='lat' dir='ltr'><strong>est</strong></span> <span class='ocrx_word' id='word_1_872' title='bbox 2169 5361 2487 5407; x_wconf 80' lang='lat' dir='ltr'><strong>merces‘:et</strong></span> <span class='ocrx_word' id='word_1_873' title='bbox 2533 5353 2633 5403; x_wconf 87' lang='lat' dir='ltr'><strong>hoc</strong></span> <span class='ocrx_word' id='word_1_874' title='bbox 2671 5349 2811 5411; x_wconf 85' lang='lat' dir='ltr'><strong>ideo,</strong></span> <span class='ocrx_word' id='word_1_875' title='bbox 2863 5348 2982 5416; x_wconf 87' lang='lat' dir='ltr'><strong>quia</strong></span> <span class='ocrx_word' id='word_1_876' title='bbox 3035 5348 3392 5417; x_wconf 81' lang='lat' dir='ltr'><strong>mandragoris</strong></span> 
     </span>
    </p>
   </div>
   <div class='ocr_carea' id='block_1_116' title="bbox 1846 5442 3389 5512">
    <p class='ocr_par' dir='ltr' id='par_1_116' title="bbox 1846 5442 3389 5512">
     <span class='ocr_line' id='line_1_116' title="bbox 1846 5442 3389 5512; baseline -0.006 -9"><span class='ocrx_word' id='word_1_877' title='bbox 1846 5448 1954 5503; x_wconf 83' lang='lat' dir='ltr'><strong>suis</strong></span> <span class='ocrx_word' id='word_1_878' title='bbox 1999 5445 2179 5498; x_wconf 88' lang='lat' dir='ltr'><strong>Ruben</strong></span> <span class='ocrx_word' id='word_1_879' title='bbox 2227 5447 2525 5512; x_wconf 91' lang='lat' dir='ltr'><strong>introitum,</strong></span> <span class='ocrx_word' id='word_1_880' title='bbox 2555 5444 2644 5512; x_wconf 89' lang='lat' dir='ltr'><strong>qui</strong></span> <span class='ocrx_word' id='word_1_881' title='bbox 2688 5443 2885 5496; x_wconf 84' lang='lat' dir='ltr'><strong>Rachel</strong></span> <span class='ocrx_word' id='word_1_882' title='bbox 2929 5442 3239 5505; x_wconf 85' lang='lat' dir='ltr'><strong>debebatur,</strong></span> <span class='ocrx_word' id='word_1_883' title='bbox 3291 5443 3389 5494; x_wconf 89' lang='lat' dir='ltr'><strong>sibi</strong></span> 
     </span>
    </p>
   </div>
   <div class='ocr_carea' id='block_1_117' title="bbox 1843 5532 3392 5612">
    <p class='ocr_par' dir='ltr' id='par_1_117' title="bbox 1843 5532 3392 5612">
     <span class='ocr_line' id='line_1_117' title="bbox 1843 5532 3392 5612; baseline -0.005 -19"><span class='ocrx_word' id='word_1_884' title='bbox 1843 5541 1961 5612; x_wconf 84' lang='lat' dir='ltr'><strong>jure</strong></span> <span class='ocrx_word' id='word_1_885' title='bbox 1988 5545 2188 5592; x_wconf 87' lang='lat' dir='ltr'><strong>emerat</strong></span> <span class='ocrx_word' id='word_1_886' title='bbox 2213 5539 2346 5602; x_wconf 87' lang='lat' dir='ltr'><strong>;‘ve|</strong></span> <span class='ocrx_word' id='word_1_887' title='bbox 2375 5545 2522 5591; x_wconf 90' lang='lat' dir='ltr'><strong>certe</strong></span> <span class='ocrx_word' id='word_1_888' title='bbox 2552 5534 2674 5604; x_wconf 89' lang='lat' dir='ltr'><strong>quia</strong></span> <span class='ocrx_word' id='word_1_889' title='bbox 2703 5533 2876 5587; x_wconf 81' lang='lat' dir='ltr'><strong>dixit:</strong></span> <span class='ocrx_word' id='word_1_890' title='bbox 2899 5532 3049 5586; x_wconf 80' lang='lat' dir='ltr'><strong>Dedit</strong></span> <span class='ocrx_word' id='word_1_891' title='bbox 3088 5533 3214 5586; x_wconf 81' lang='lat' dir='ltr'><strong>mihi</strong></span> <span class='ocrx_word' id='word_1_892' title='bbox 3259 5533 3392 5585; x_wconf 80' lang='lat' dir='ltr'><strong>Deus</strong></span> 
     </span>
    </p>
   </div>
   <div class='ocr_carea' id='block_1_118' title="bbox 1847 5629 3390 5704">
    <p class='ocr_par' dir='ltr' id='par_1_118' title="bbox 1847 5629 3390 5704">
     <span class='ocr_line' id='line_1_118' title="bbox 1847 5629 3390 5704; baseline -0.006 -12"><span class='ocrx_word' id='word_1_893' title='bbox 1847 5635 2139 5700; x_wconf 81' lang='lat' dir='ltr'><strong>mercedem,</strong></span> <span class='ocrx_word' id='word_1_894' title='bbox 2180 5636 2301 5704; x_wconf 83' lang='lat' dir='ltr'><strong>quia</strong></span> <span class='ocrx_word' id='word_1_895' title='bbox 2329 5636 2445 5690; x_wconf 80' lang='lat' dir='ltr'><strong>dedi</strong></span> <span class='ocrx_word' id='word_1_896' title='bbox 2474 5632 2711 5686; x_wconf 86' lang='lat' dir='ltr'><strong>ancillam</strong></span> <span class='ocrx_word' id='word_1_897' title='bbox 2745 5646 2899 5684; x_wconf 87' lang='lat' dir='ltr'><strong>meam</strong></span> <span class='ocrx_word' id='word_1_898' title='bbox 2918 5631 3036 5683; x_wconf 75' lang='lat' dir='ltr'><strong>&#39;viro</strong></span> <span class='ocrx_word' id='word_1_899' title='bbox 3063 5646 3190 5683; x_wconf 80' lang='lat' dir='ltr'><strong>meo.</strong></span> <span class='ocrx_word' id='word_1_900' title='bbox 3223 5629 3390 5683; x_wconf 79' lang='lat' dir='ltr'><strong>Zabtt-</strong></span> 
     </span>
    </p>
   </div>
   <div class='ocr_carea' id='block_1_119' title="bbox 1848 5721 3393 5797">
    <p class='ocr_par' dir='ltr' id='par_1_119' title="bbox 1848 5721 3393 5797">
     <span class='ocr_line' id='line_1_119' title="bbox 1848 5721 3393 5797; baseline -0.01 -9"><span class='ocrx_word' id='word_1_901' title='bbox 1848 5735 1956 5797; x_wconf 90' lang='lat' dir='ltr'><strong>lon,</strong></span> <span class='ocrx_word' id='word_1_902' title='bbox 1988 5728 2341 5785; x_wconf 83' lang='lat' dir='ltr'><strong>habitaculum</strong></span> <span class='ocrx_word' id='word_1_903' title='bbox 2373 5746 2384 5780; x_wconf 87' lang='lat'><strong>:</strong></span> <span class='ocrx_word' id='word_1_904' title='bbox 2424 5725 2682 5780; x_wconf 76' lang='lat' dir='ltr'><strong>Habitavit</strong></span> <span class='ocrx_word' id='word_1_905' title='bbox 2722 5725 2856 5776; x_wconf 87' lang='lat' dir='ltr'><strong>enim</strong></span> <span class='ocrx_word' id='word_1_906' title='bbox 2901 5721 3116 5792; x_wconf 85' lang='lat' dir='ltr'><strong>(inquit)</strong></span> <span class='ocrx_word' id='word_1_907' title='bbox 3145 5721 3217 5774; x_wconf 76' lang='lat' dir='ltr'><strong>vir</strong></span> <span class='ocrx_word' id='word_1_908' title='bbox 3236 5737 3393 5777; x_wconf 65' lang='lat' dir='ltr'><strong>meus.</strong></span> 
     </span>
    </p>
   </div>
  </div>
