3872 6262
477 366 584 425 205

940 359 1146 417 nunc;
1185 309 1626 411 vent-mimus
1659 332 1938 400 ol‘l-thtltt
1980 338 2064 395 ra

2165 331 2256 424 Ill.
2282 365 2352 378 —
2379 330 2764 390 EXEGETICA
2802 324 3128 385 GENDINA.

3555 317 3687 379 ‘265

485 478 639 545 Dina,
688 481 1054 542 interpretatur
1100 480 1281 523 causa.
1327 461 1494 531 Jurgii
1522 460 1664 514 enim
1695 472 1748 510 t
1779 453 2031 509 Sichim'ts
2057 453 2106 514 Α
2135 435 2323 506 festum
2351 457 2475 513 est;
2524 445 2616 511 sed
2642 445 2814 545 aliqua
2839 443 2906 497 de
2933 441 3015 496 his
3040 441 3333 545 semiplena
3361 442 3505 497 inter
3529 441 3686 496 Citri-

673 529 899 620 esstitit.
928 557 1146 626 Joseph,
1178 529 1517 623 augmentum
1543 547 1646 601 :ah
1669 561 1734 600 eo
1761 541 1900 614 quod
1928 541 2033 596 sihi
2131 548 2278 626 stum
2296 547 2350 592 et
2376 532 2791 626 Joseptt_referri
2818 541 3058 600 possunt.
3087 529 3284 598 Joseptt
3326 531 3551 598 quidem
3599 530 3686 585 ad-

485 657 606 715 addi
639 646 807 711 mater
833 652 1034 718 optavit
1062 649 1246 702 alium.
1290 638 1586 708 Beniamin,
1635 634 1772 690 ﬁlius
1813 633 2032 693 dextrae,

488 725 725 804 mutante
771 754 918 814 patre
961 753 1178 802 nomen,
1215 733 1354 804 quod
1385 742 1554 786 mater
1581 725 1837 794 Bcnonin,
1855 723 1908 779 id
1931 731 2034 786 est,

489 839 628 892 ﬁlius
653 833 871 893 doloris,
903 843 1000 899 pro
1027 824 1342 882 difﬁcillimo
1371 826 1520 890 partu
1551 815 1781 870 vocavit.

748 901 751 905 ’
862 918 1054 974 esse.
1096 910 1351 974 xxxvu,
1389 904 1675 962 xxxvttt.
1822 899 1825 904 '

497 1096 604 1172 prze
629 1099 836 1156 caeteris
879 1096 998 1150 ﬁliis
1029 1093 1246 1154 amavit,
1275 1088 1546 1167 Christum
1578 1082 1856 1137 Dominum
1882 1080 2040 1146 signi-

498 1169 638 1255 ﬁcat,
667 1204 820 1258 quem
854 1194 1001 1256 pater
1030 1182 1319 1238 secundum
1370 1190 1584 1230 carnem
1631 1179 1810 1227 natum
1835 1169 2040 1224 exteris

498 1279 745 1333 fratribus
793 1292 856 1332 es
902 1274 1107 1328 semine
1155 1268 1416 1324 Abraham
1474 1262 1761 1334 progenitis
1790 1258 2040 1328 pratulit.

498 1369 646 1424 Unde
672 1377 728 1421 et
751 1366 821 1418 ibi
851 1364 1044 1418 dicitur
1073 1379 1087 1416 :
1120 1359 1315 1413 Amavit
1337 1357 1468 1410 enim
1496 1369 1611 1408 eum
1632 1349 1893 1417 Iacob,“
1911 1349 2043 1417 quod

502 1462 553 1510 in
581 1453 833 1529 senectute
853 1454 1103 1524 genuisset
1130 1449 1296 1503 illum.
1321 1448 1641 1503 Senescente
1662 1442 1800 1497 enim
1829 1438 2040 1501 mundo,
2080 1496 2082 1498 τ

503 1549 639 1601 Illius
684 1547 772 1600 Dei
819 1543 1053 1598 advenit.
1098 1540 1295 1595 Tunica
1341 1548 1517 1592 autem
1566 1533 1841 1604 polymita,
1889 1546 2043 1599 quam

504 1638 628 1693 fecit
669 1637 741 1691 illi
785 1645 950 1705 pater,
998 1633 1304 1688 varietatem
1355 1629 1664 1697 populorum
1709 1639 1775 1680 es
1803 1622 2048 1676 omnibus

502 1729 748 1795 gentibus
779 1727 831 1779 in
859 1739 1051 1791 corpus
1089 1721 1300 1777 Christi
1344 1705 1716 1787 congregatam
1763 1712 2044 1782 signiﬁcat.

509 1817 784 1870 Somnium
836 1828 964 1868 vero
1012 1811 1142 1866 illud
1193 1824 1287 1878 per
1330 1806 1469 1874 quod
1526 1806 1745 1860 fratrum
1796 1800 2046 1869 manipuli

505 1908 860 1963 adoraverunt
901 1901 1225 1971 manipulum
1278 1898 1452 1961 illius,
1499 1891 1622 1950 illud
1669 1903 1750 1948 est
1800 1886 1942 1962 quod
1999 1890 2052 1945 in

505 1997 716 2061 Christo
756 1993 1040 2064 impletur:
1071 1989 1364 2044 Admittunt
1408 1989 1524 2042 eam
1566 2000 1735 2039 omnes
1777 1997 1913 2052 reges
1951 1990 2054 2034 ter-

508 2101 600 2150 rte,
645 2099 816 2138 omnes
861 2090 1028 2152 gentes
1073 2081 1282 2134 servient
1319 2076 1420 2130 illi.
1470 2075 1585 2144 Ipse
1618 2084 1696 2128 est
1719 2087 1874 2141 quem
1899 2070 2056 2124 solet

515 2174 637 2228 luna
665 2183 718 2226 et
754 2172 919 2226 stellae
948 2171 1186 2223 adorant.
1221 2167 1395 2236 Ipsum
1416 2163 1562 2230 enim
1591 2160 1907 2215 excellentia
1937 2173 2058 2212 san-

512 2273 715 2316 ctorum
759 2261 812 2314 in
855 2259 988 2314 solis
1016 2259 1248 2322 nomine,
1281 2253 1530 2308 Ecclesiae
1556 2252 1772 2306 claritas
1795 2249 1894 2302 sub
1922 2248 2058 2301 ima-

517 2351 636 2419 gine
663 2349 819 2412 luna‘,
872 2354 928 2398 et
971 2345 1201 2398 omnium
1255 2343 1564 2410 populorum
1611 2336 1961 2394 numerositas
2007 2331 2059 2384 in

516 2441 677 2504 ﬁgura
708 2434 979 2490 stellarum
1022 2433 1227 2486 adorat.
1271 2429 1418 2484 Unde
1440 2439 1488 2481 et
1516 2438 1660 2495 pater
1687 2440 1806 2478 suus
1833 2423 2061 2489 increpa-

514 2528 582 2578 vit
610 2524 754 2577 illam
793 2524 962 2575 dicens
986 2536 1005 2575 :
1034 2519 1296 2586 Numquid
1334 2533 1426 2586 ego
1448 2525 1495 2569 et
1516 2524 1674 2568 mater
1696 2525 1782 2566 tuo
1807 2521 1854 2566 et
1883 2513 2062 2583 fratres

515 2613 590 2666 tui
635 2611 957 2664 udoraltimtts
995 2609 1084 2662 te?
1122 2605 1430 2676 Obiurgatio
1475 2607 1573 2658 ista
1609 2604 1772 2667 patris
1816 2601 2060 2655 duritiam

518 2703 832 2770 populorum
883 2697 1038 2754 lsrael
1089 2694 1371 2766 significat,
1413 2691 1502 2762 qui
1531 2705 1626 2759 pro
1649 2705 1718 2743 eo
1744 2690 1882 2755 quod
1911 2704 1972 2741 es
2005 2703 2063 2742 se

515 2798 692 2842 natum
734 2801 854 2841 esse
893 2792 1241 2852 cognoscunt,
1264 2781 1485 2834 adorare
1511 2786 1882 2849 contemnunt.
1904 2775 2062 2829 Iacob

515 2876 646 2934 misit
671 2874 857 2944 Joseplt
879 2875 1044 2942 filium
1059 2888 1229 2936 suum,
1250 2881 1304 2924 ut
1321 2871 1384 2923 de
1407 2868 1650 2938 fratribus
1676 2868 2064 2922 sollicitudinem

517 2977 724 3036 gereret.
751 2965 816 3019 Et
844 2965 981 3018 Deus
1009 2973 1157 3032 pater
1186 2962 1328 3015 misit
1357 2961 1519 3013 ﬁlium
1542 2973 1694 3013 suum
1720 2958 2064 3027 unigenitum,

2136 625 2308 679 oravit
2361 633 2507 692 pater
2558 621 2718 686 tlliuc,
2746 629 2801 674 et
2845 634 2950 674 non
2999 631 3208 684 mater:
3241 619 3512 674 Christum
3566 633 3690 676 vta

2135 719 2305 765 mater
2330 723 2421 764 sua
2447 708 2703 772 adoravit,
2736 719 2787 762 et
2814 723 2918 762 non
2962 718 3112 774 pater
3155 709 3410 766 calcatis.
3468 709 3563 764 Vir
3598 723 3689 762 an-

2137 809 2242 873 tem
2271 799 2360 868 qui
2389 797 2586 869 loscph
2611 798 2815 853 invenit
2841 797 2893 851 in
2915 813 3042 868 agro
3063 807 3351 865 errantem,
3379 813 3685 855 sermon

2138 888 2498 957 propheticum
2528 887 2787 956 signiﬁcat
2819 887 2906 956 qui
2934 886 3203 942 Christum
3231 890 3383 958 quasi
3413 899 3684 945 errantem

2053 1047 2056 1050 ἢ
2138 975 2356 1030 invenit.
2387 974 2584 1028 Erratis
2611 975 2752 1028 enim
2785 983 3024 1039 vocatur,
3065 975 3154 1044 qui
3203 985 3448 1030 errantes
3475 978 3686 1046 quarit.

2141 1064 2188 1119 ls
2216 1074 2391 1123 autem
2421 1065 2524 1129 vir,
2552 1064 2602 1117 id
2629 1073 2732 1126 est,
2754 1062 3312 1135 sermopropheticus,
3343 1063 3540 1120 Christi
3567 1080 3694 1134 pas-

2140 1154 2346 1209 sionem
2375 1154 2718 1208 ministravit.
2767 1153 2917 1219 Quod
2963 1166 3138 1207 autem
3169 1155 3330 1208 dicit:
3358 1153 3695 1209 Recessersmt

2141 1241 2205 1295 de
2225 1243 2334 1295 loco
2360 1257 2472 1308 suo,
2502 1242 2761 1310 signiﬁcat
2797 1241 3011 1297 Judazos
3050 1246 3332 1299 recessisse
3359 1245 3428 1300 de
3460 1246 3606 1310 loco,
3633 1247 3696 1300 de

2143 1331 2410 1386 laboribus
2437 1331 2588 1400 legis,
2632 1331 2766 1387 idola
2812 1333 3116 1388 adorantes.
3163 1332 3346 1386 Ruben
3387 1345 3569 1387 autem
3613 1337 3696 1401 qui

2145 1423 2416 1478 nitebatur
2439 1424 2666 1488 liberare
2697 1439 2919 1491 puerum
2951 1424 3016 1477 de
3051 1424 3293 1476 manibus
3322 1423 3549 1476 fratrum
3574 1438 3697 1477 suo-

2147 1529 2283 1578 rum,
2317 1513 2575 1583 signiﬁcat
2598 1528 2690 1568 eos
2709 1515 2801 1582 qui
2829 1528 3040 1570 crucem
3063 1512 3259 1566 Christi
3291 1513 3579 1566 noluerunt
3603 1527 3620 1576 ;
3647 1522 3698 1566 et

2148 1605 2201 1658 in
2243 1605 2406 1672 llgura
2455 1603 2608 1656 Pilati
2646 1603 2859 1670 dicitur,
2909 1604 3034 1670 quia
3082 1603 3350 1670 coeperati
3403 1610 3528 1656 sunt
3573 1616 3700 1672 erga

2149 1708 2360 1746 crucem
2403 1691 2619 1746 Christi.
2667 1691 2732 1745 Et
2775 1691 2965 1746 Pilatus
3009 1691 3097 1760 qui
3125 1701 3207 1745 est
3232 1694 3284 1745 in
3312 1692 3622 1758 solitudine,
3653 1693 3701 1746 id

2084 1780 2122 1837 Β
2149 1791 2253 1851 est,
2284 1783 2432 1838 bouis
2460 1783 2729 1848 oneribus,
2776 1789 2833 1835 ut
2872 1781 3100 1835 dicitur:
3132 1780 3248 1835 Non
3295 1792 3372 1836 est
3412 1785 3504 1851 qui
3547 1787 3702 1851 faciat

2151 1871 2354 1935 bonum,
2396 1886 2497 1943 non
2539 1879 2610 1926 est
2645 1886 2800 1940 usque
2837 1870 2906 1924 ad
2938 1887 3130 1928 totum.
3172 1871 3432 1942 Quodque
3466 1871 3700 1926 dicitur:

2154 1959 2337 2013 Matius
2393 1975 2590 2029 quoque
2637 1967 2822 2013 vestras
2861 1969 3053 2013 servate
3105 1960 3336 2013 innoxius
3359 1998 3375 2020 ,
3417 1959 3697 2027 signiﬁcat,

2153 2048 2294 2116 quod
2341 2064 2444 2102 non
2490 2047 2686 2115 Jndzei,
2715 2047 2810 2102 sed
2849 2057 3032 2115 gentes
3059 2062 3181 2101 suas
3218 2053 3406 2103 manus
3453 2063 3702 2104 servave-

2156 2149 2277 2194 runt
2304 2139 2626 2208 impollutas.
2659 2138 2875 2192 Mittitur
2900 2134 3090 2192 dehinc
3110 2137 3162 2191 in
3185 2139 3496 2204 cisternam,
3525 2139 3574 2193 id
3596 2149 3702 2205 est,

2112 2285 2115 2288 _
2156 2229 2209 2282 in
2241 2229 2448 2293 lacum;
2497 2236 2552 2281 et
2586 2226 2832 2281 Christus
2877 2220 3207 2294 “Spoliatus
3247 2242 3407 2282 carne
3455 2229 3700 2293 humana,

2157 2315 2427 2371 descendit
2474 2317 2526 2370 in
2548 2316 2857 2383 _iufernunt.
2894 2308 2969 2372 De
3015 2317 3241 2372 cisterna
3283 2334 3499 2388 quoque
3529 2320 3696 2375 elera-

2161 2417 2264 2469 tus,
2305 2405 2603 2473 lsmaelitis,
2635 2407 2685 2461 id
2726 2417 2828 2474 est,
2871 2407 3127 2463 Gentibus
3157 2409 3421 2464 venditur.
3458 2411 3526 2466 Et
3548 2413 3702 2468 Chri-

2163 2505 2299 2558 stus,
2346 2505 2685 2566 posteaquam
2725 2497 2994 2567 egreditur
3016 2500 3082 2555 de
3108 2499 3334 2562 inferno.
3363 2501 3432 2557 ab
3460 2503 3702 2559 omnibus

2165 2585 2421 2642 Gentibus
2481 2588 2603 2643 lidei
2663 2592 2983 2645 commercio
3037 2602 3392 2661 comparatur.
3449 2595 3543 2650 Ille
3612 2611 3706 2664 per

2162 2676 2309 2731 ludat
2348 2677 2622 2752 consilium
2656 2681 2864 2749 triginta
2893 2681 3221 2746 distrahitur,
3249 2691 3304 2738 et
3330 2683 3419 2738 hic
3445 2701 3543 2755 per
3568 2702 3702 2741 coo-

2162 2765 2338 2822 silium
2365 2767 2514 2822 ludat
2545 2768 2796 2824 lscarioth
2825 2771 3033 2842 triginta
3060 2775 3323 2842 argenteis
3351 2779 3699 2833 renuntiatur.

2164 2855 2399 2925 Denique
2441 2857 2604 2912 Jacoh
2629 2861 2947 2924 posteritatis
2975 2872 3082 2915 suo:
3102 2862 3382 2928 deplorans
3408 2866 3700 2934 dispendia,

2165 2948 2284 3013 quia
2311 2957 2456 3014 pater
2483 2947 2690 3016 lugebat
2717 2950 2878 3003 ﬁliunt
2905 2965 3056 3004 suum
3081 2953 3334 3007 amissum
3357 2973 3374 3010 :
3395 2960 3547 3023 quasi
3576 2974 3698 3025 pro.

518 3067 574 3111 ut
590 3070 753 3125 genus
772 3055 1054 3109 humanum
1076 3051 1302 3120 peccatis
1325 3049 1628 3118 languidum
1649 3047 1904 3101 visitaret.
1926 3045 2065 3100 Misit
2091 3098 2137 3125 η
2169 3037 2326 3103 pheta
2344 3036 2484 3090 ﬁerit
2504 3037 2769 3090 interitum
2791 3037 3109 3093 Judasorum.
3127 3039 3360 3108 Denique
3380 3043 3540 3098 scidit
3558 3047 3701 3100 vesti-

521 3151 675 3211 enim,
708 3148 900 3213 inquit,
937 3143 1072 3197 Deus
1106 3143 1267 3210 ﬁlium
1301 3157 1448 3195 suum
1475 3143 1526 3194 in
1551 3140 1925 3194 similitudinem
1955 3155 2066 3192 car-

521 3241 597 3290 nis
628 3236 841 3306 peccati,
868 3243 921 3288 ut
940 3233 1124 3287 uideret
1153 3233 1196 3285 si
1223 3241 1353 3285 recte
1376 3241 1500 3284 esset
1526 3237 1642 3301 ergo
1665 3231 1842 3300 fratres
1864 3237 1909 3282 et
1933 3244 2062 3282 oues.

522 3328 588 3382 Et
635 3325 887 3382 Dominus
931 3325 983 3377 in
1033 3321 1314 3390 Evangelia
1353 3320 1458 3374 ait:
1491 3318 1605 3372 Non
1633 3335 1742 3373 sum
1768 3320 1945 3373 missus
1973 3317 2068 3370 nisi

525 3417 593 3468 ad
616 3430 727 3468 ores
747 3427 860 3482 qua:
887 3412 1140 3480 perierunt
1184 3411 1357 3463 domus
1395 3406 1576 3462 Israel.
1601 3408 1805 3462 Invenit
1831 3422 1956 3477 ergo
1980 3405 2070 3460 io-

526 3501 655 3568 seph
687 3501 874 3554 fratres
906 3513 1029 3553 suos
1052 3500 1103 3552 in
1127 3498 1388 3551 Dothaim.
1419 3496 1659 3551 Dethaint
1698 3485 2070 3564 interpretatur

527 3590 775 3644 defectio.
807 3586 944 3641 Vere
968 3588 1109 3640 enim
1138 3594 1288 3640 erant
1319 3587 1372 3639 iu
1400 3585 1717 3649 defectione,
1749 3586 1838 3654 qui
1864 3588 1930 3640 de
1959 3602 2070 3653 par-

530 3678 712 3735 ricidio
739 3678 1117 3746 cogitaverunt.
1168 3675 1266 3739 Qui
1311 3689 1424 3727 cum
1461 3674 1700 3726 uidissent
1728 3689 1841 3726 eam
1875 3673 2069 3741 procul,

531 3773 751 3825 occidere
774 3771 920 3824 illum
947 3771 1304 3838 coyitaverttnt.
1333 3765 1397 3819 Et
1421 3763 1588 3819 λιιόωί
1617 3764 1854 3818 videntes
1891 3778 2067 3818 verum

533 3861 750 3936 Joseph,
806 3859 1084 3913 Dominum
1133 3857 1339 3918 Jesum,
1389 3863 1448 3908 ut
1494 3853 1642 3908 illum
1697 3853 2072 3936 interﬁcerent,
2115 3879 2118 3882 ~

532 3927 812 4004 consilium
840 3952 1155 4005 statuerunt,
1185 3942 1424 3996 dicentes
1451 3957 1465 3994 :
1489 3927 1914 4008 Cmiﬁgeillum.
1942 3935 2077 3991 Fero

477 4088 479 4091 .
537 4040 752 4110 pessimo
792 4036 1044 4092 devoravit
1084 4049 1196 4088 eunt
1221 4047 1239 4086 :
1262 4032 1311 4086 id
1343 4041 1445 4096 est,
1480 4029 1697 4084 Iudaica
1727 4030 1889 4085 bestia
1919 4030 2075 4083 inter-

535 4131 655 4185 iecit
699 4129 868 4190 illum,
889 4125 965 4179 de
989 4138 1090 4191 qua
1123 4122 1375 4176 Dominus
1403 4119 1454 4174 iu
1488 4118 1772 4190 Evangelio
1799 4121 1871 4173 ait
1900 4137 1911 4171 :
1942 4117 2074 4172 Ecce
2148 4153 2154 4158 -

534 4233 625 4290 ego
675 4218 816 4269 mitto
868 4230 952 4268 nos
1003 4213 1055 4265 in
1101 4211 1259 4265 medio
1305 4212 1561 4276 luporum.
1602 4207 1935 4261 Nudarerunt
1977 4205 2073 4258 Jo-

535 4307 656 4374 seplt
686 4306 864 4371 fratres
909 4300 988 4354 sui
1035 4299 1202 4350 tunica
1247 4297 1492 4364 polymita
1519 4305 1565 4349 et
1595 4295 1768 4348 talari.
1821 4294 1884 4347 Et
1911 4292 2076 4346 Judai

537 4395 801 4448 Christum
832 4404 925 4458 per
943 4395 1165 4440 mortem
1194 4384 1367 4437 crucis
1393 4382 1819 4450 exspoliavernut
1844 4383 2072 4435 tunicam

537 4482 884 4551 corporalem.
942 4475 1252 4545 Pulymitam
1282 4481 1479 4535 autent,
1529 4472 1579 4526 id
1621 4482 1722 4535 est,
1769 4470 2072 4526 decoratam

540 4571 772 4626 omnium
801 4571 1047 4625 virtutum
1070 4565 1406 4619 diversitate.
1419 4564 1796 4633 llespcrset'unt
1812 4571 1983 4618 autem
2000 4572 2079 4615 tn-

546 4662 718 4714 nicam
745 4659 880 4713 inedi
908 4658 1180 4724 sanguine,
1225 4657 1344 4723 quia
1397 4652 1542 4708 falsis
1586 4653 1729 4707 illum
1773 4651 2084 4707 testimoniis

545 4756 895 4810 accusantes,
956 4760 1051 4814 per
1102 4744 1349 4798 invidiam
1403 4756 1554 4798 reum
1603 4741 1786 4795 mortis
1840 4741 2088 4794 diserunt

454 4899 456 4902 ,
545 4837 720 4903 tilum,
747 4833 1028 4888 donantem
1053 4834 1228 4887 omnia
1260 4839 1494 4901 peccata.
1524 4830 1625 4885 Alii
1654 4840 1827 4885 autem
1859 4832 2087 4884 interro-

543 4938 670 5000 gant
695 4927 820 4999 quid
864 4927 953 4992 sit,
1002 4926 1071 4982 de
1112 4940 1216 4992 quo
1259 4914 1478 4992 dicitur:
1529 4925 1729 4980 crimen
1782 4924 2083 4992 pessimum.

552 5019 832 5076 Accusavit
872 5016 1065 5070 fratres
1107 5027 1234 5068 suos
1277 5017 1345 5070 de
1379 5009 1909 5081 critnine’"pessimo,:
1937 5020 1989 5064 et
2018 5009 2088 5062 ita

548 5111 803 5175 sentiunt,
833 5105 974 5178 quod
1001 5104 1101 5159 hoc
1129 5103 1196 5158 de
1225 5103 1530 5157 adoratione
1560 5103 1814 5157 idolorum
1841 5100 1957 5154 sive
1984 5098 2088 5153 cri-

553 5201 692 5255 mine
742 5188 1094 5255 Sodomorum
1141 5202 1196 5248 et
1242 5192 1709 5248 Gomorrhcorum
1752 5191 1952 5246 dictum
2001 5188 2088 5243 sit.

560 5289 658 5343 Alii
683 5290 840 5342 etiam
870 5286 939 5341 de
967 5285 1137 5339 tunica
1165 5280 1360 5351 Ioseph
1390 5279 1588 5344 dicunt,
1619 5280 1754 5348 quod
1784 5277 2093 5333 immortali-

556 5385 712 5430 tatem
760 5374 962 5446 Christi
1001 5372 1300 5443 signiﬁcare
1341 5370 1525 5438 possit.
1573 5367 1664 5424 Sol
1709 5368 1944 5423 etiamst
1973 5366 2094 5420 qua

554 5479 677 5520 cunt
704 5463 875 5517 lumen
898 5479 1047 5516 suum
1071 5460 1458 5515 ahsconderunt
1478 5455 1624 5527 juxta
1644 5471 1854 5512 crucem
1875 5454 2091 5518 Christi,

555 5561 925 5611 convertentes
971 5566 1030 5605 se
1082 5553 1135 5604 in
1187 5547 1470 5613 tenebras,
1517 5545 2090 5606 illumadoraverunt.

514 5647 518 5650 ’
559 5641 845 5708 Quomodo
869 5647 1044 5693 autem
1088 5633 1425 5695 historialiter
1451 5635 1729 5706 adimpleta
1752 5643 1894 5700 sunt,
1926 5631 2068 5689 mani
2099 5656 2102 5659 -

2091 3098 2138 3159 C

2171 3135 2402 3207 mentum
2443 3142 2594 3181 suum
2622 3129 2759 3198 quod
2792 3129 2843 3183 in
2874 3131 3115 3199 passione
3143 3131 3349 3187 Damini
3383 3135 3603 3204 legimus
3624 3139 3704 3191 fa-

2168 3229 2305 3273 ctum
2322 3235 2350 3271 a
2367 3219 2596 3287 print-ipe
2615 3220 2972 3276 sacerdotum.
2991 3223 3094 3278 Sed
3111 3234 3162 3278 et
3182 3224 3353 3280 velunt
3373 3228 3556 3295 templi
3582 3229 3707 3284 scia-

2168 3324 2281 3365 sum
2306 3320 2406 3374 est,
2439 3322 2491 3366 ut
2523 3314 2792 3379 prophetia
2820 3321 2875 3367 et
2903 3314 3153 3368 nudatum
3179 3318 3432 3384 populum
3455 3333 3632 3380 suum,
3657 3329 3707 3372 et

2168 3400 2392 3455 divisum
2415 3403 2722 3461 ostenderet
2752 3418 2969 3470 regnum
3015 3404 3172 3459 illius.
3207 3404 3377 3475 Igitur
3409 3405 3600 3478 Joseplt
3621 3409 3705 3462 de—

2168 3491 2357 3544 scendit
2377 3490 2428 3544 in
2451 3490 2763 3561 Egyptian;
2811 3504 2865 3548 et
2910 3493 3148 3548 Christus
3179 3495 3228 3548 in
3260 3495 3400 3550 hunc
3431 3499 3704 3553 mundo.

2171 3578 2308 3633 Emit
2337 3582 2478 3634 illum
2505 3585 2781 3647 eunuchus,
2808 3591 2984 3638 castus
3010 3583 3209 3639 scilicet
3226 3584 3526 3656 disciplinis
3559 3605 3705 3645 evan.

2171 3671 2348 3737 grlicis
2379 3672 2616 3739 pepultts.
2745 3682 2753 3708 -‘

2689 3764 2910 3832 CAPUT
2951 3779 3186 3836 xxxut.

2246 3892 2372 3945 Erat
2418 3903 2585 3945 autem
2628 3893 2840 3958 pulchra
2885 3893 3033 3958 facie.
3083 3893 3210 3946 Erat
3245 3897 3523 3961 speciosus
3551 3898 3704 3952 forata

2175 3997 2283 4053 pra:
2309 3981 2429 4035 liliis
2454 3981 2742 4035 hominum.
2779 3980 2851 4061 ﬁt
2885 3981 3059 4036 mulier
3085 3983 3252 4053 injecit
3277 3985 3331 4036 in
3352 3986 3501 4038 illam
3524 3989 3702 4053 oculot,

2177 4074 2552 4130 utadulterium
2566 4075 2936 4128 committeret.
2955 4073 3054 4128 Ista
3078 4074 3264 4128 mulier
3283 4076 3444 4145 ﬁgura
3461 4091 3575 4131 erat
3589 4095 3708 4150 syn-

2178 4181 2374 4233 agogre,
2401 4163 2536 4231 qua
2557 4177 2734 4230 saepe,
2763 4165 2900 4224 sicut
2936 4163 3190 4234 scriptum
3219 4176 3327 4231 est,
3371 4177 3624 4224 machus
3647 4183 3709 4225 at

2177 4263 2286 4322 post
2311 4253 2430 4305 deos
2448 4253 2661 4308 alienos.
2686 4251 2941 4306 Similiteri
2967 4253 3175 4308 volebat
3197 4251 3464 4310 Christum
3488 4257 3544 4311 in
3566 4259 3706 4314 adul-

2169 4344 2301 4398 terii
2332 4342 2412 4397 sui
2451 4344 2655 4397 scelere
2686 4345 2934 4409 retinere,
2965 4355 3022 4398 ut
3048 4355 3266 4414 negaret
3292 4362 3352 4399 se
3378 4361 3493 4401 esse
3525 4348 3708 4410 Deum.

2105 4426 2157 4486 Β
2181 4443 2235 4489 et
2259 4433 2639 4489 Pharisaeorum
2664 4433 2828 4498 magis
2847 4441 2901 4484 et
2922 4432 3190 4486 doctrinas
3207 4432 3530 4504 Scribarum,
3561 4452 3708 4505 quant

2182 4525 2428 4579 mandata
2471 4524 2604 4592 legis
2633 4536 3009 4589 servare,quat
3037 4522 3112 4576 illi
3139 4525 3280 4578 velut
3323 4528 3541 4582 maritus
3585 4537 3710 4583 erat.

2181 4612 2422 4668 Christus
2473 4624 2646 4666 autem
2696 4626 2798 4663 non
2843 4609 3178 4679 acquiescens
3226 4614 3423 4669 illicita
3464 4616 3713 4672 doctrin-

2184 4699 2426 4756 adnlterii
2470 4713 2771 4772 synagoga,
2813 4702 2864 4753 in
2901 4701 3154 4758 adultum
3181 4719 3339 4758 mauu
3360 4699 3501 4758 veste
3527 4719 3710 4774 cur»

2187 4795 2261 4846 ris
2279 4789 2638 4861 apprehensus
2663 4803 2822 4844 carne
2861 4793 3009 4846 esuit
3048 4806 3128 4856 se,
3160 4801 3215 4847 et
3239 4793 3374 4846 liber
3413 4802 3590 4847 morte
3629 4792 3712 4848 de-

2186 4891 2382 4935 structa
2406 4879 2539 4934 abiit
2560 4879 2611 4934 in
2632 4878 2845 4935 eteiunt.
2867 4877 3194 4935 Calumniata
3213 4890 3297 4936 est
3316 4895 3442 4952 ergo
3467 4883 3709 4938 ueretris

2189 4973 2275 5027 ubi
2305 4972 2464 5039 illum
2494 4983 2673 5027 tenere
2713 4985 2818 5025 non
2870 4975 3056 5040 potuit.
3105 4970 3341 5040 Denique
3383 4987 3478 5028 nec
3515 4973 3710 5045 decepit

2187 5064 2368 5118 carcer
2397 5063 2587 5128 tenuit,
2613 5077 2713 5117 nec
2740 5060 3023 5117 Dominum
3048 5059 3228 5116 lesum
3256 5062 3488 5119 infernas
3515 5065 3710 5122 tenuit:

2190 5160 2244 5205 ct
2265 5165 2384 5206 cum
2410 5149 2520 5219 jam
2564 5149 2634 5204 ibi
2685 5149 2846 5205 veluti
2871 5149 3181 5220 puniendus
3205 5151 3575 5221 descendas-as,
3604 5149 3714 5209 ωε

2191 5241 2324 5296 alios
2349 5240 2596 5304 liberans,
2630 5240 2778 5296 abiit.
2923 5260 2926 5264 λ

2261 5355 2488 5427 Denique
2507 5317 3186 5411 ίηικίιιιοιηιιιιέιιοσάο
3223 5357 3376 5410 ἀοι-ιο
3402 5355 3558 5439 regis.
3587 5354 3713 5412 Das-

2192 5463 2306 5502 runt
2335 5447 2666 5516 populorum,
2705 5444 2804 5500 hoc
2828 5455 2933 5512 est,
2959 5446 3283 5501 credentium
3311 5448 3396 5502 vel
3427 5445 3713 5500 iam

2195 5555 2308 5594 rum
2337 5541 2553 5609 ﬁguram
2576 5537 2953 5606 signiﬁcantes,
2978 5539 3065 5606 qui
3085 5538 3325 5621 conclusi
3353 5539 3458 5592 sub
3487 5547 3706 5605 peccato,

2179 5631 2319 5686 .Ada:
2365 5629 2787 5698 transgressione
2828 5627 3044 5685 obnoxii
3090 5627 3447 5703 tenebantur:
3473 5627 3567 5698 qui
3614 5626 3714 5684 ids-
3831 5663 3833 5666 ‹
