3872 6262
204 392 308 454 Ξῦε

1002 387 1064 440 IN
1105 379 1648 440 PhNTATEUCIIUﬂ
1686 369 2170 430 COMMENTARII.
2213 397 2277 407 —
2315 364 2612 420 GEXESIS.

3265 360 3359 408 suo

206 503 429 560 eunuchi
475 501 738 561 dicuntur,
781 497 900 564 quia
941 504 1138 548 castam
1169 497 1481 559 acceperunt
1505 486 1737 554 regulam
1764 483 1810 539 Δ
1840 480 1996 532 sisset
2038 479 2109 530 illi
2161 477 2360 529 Pharao
2404 473 2673 524 mulierem
2702 481 2795 534 pro
2819 481 2996 519 amore
3039 468 3226 532 cupido
3254 485 3263 515 ;
3295 467 3363 517 ita

207 556 513 656 disi-iplinte.
562 556 736 638 'l'erna
780 556 933 651 igitur
985 582 1124 645 luce,
1164 556 1383 632 Domino
1425 576 1492 628 ab
1535 574 1739 626 inferno
1835 569 1902 621 ab
1931 567 2030 619 hac
2049 577 2206 618 causa
2238 561 2511 615 eunuchus
2533 556 2742 608 dicitur.

215 688 532 747 resurgente,
581 685 636 729 et
671 675 798 741 legis
843 673 1089 733 obscura,
1121 663 1401 733 ut'Josepli
1425 662 1627 716 sonmia
1654 674 1740 712 re-

212 771 435 830 velante,
480 765 682 818 solutus
715 771 797 815 est
823 777 850 812 a
883 759 1114 827 peccatis
1146 755 1369 824 populus
1396 751 1741 812 credentium,

2277 666 2496 722 CAPUT
2524 660 2918 717 XXXVIII-XL.

1912 761 2050 812 Dixit
2079 767 2242 811 autem
2262 756 2423 808 Judas
2444 755 2509 805 ad
2540 747 2701 802 Onam
2731 751 2891 816 [iiinm
2926 761 3069 798 suum
3092 761 3110 796 :
3130 744 3368 814 Ingrede-

210 867 264 910 et
287 855 354 907 de
382 850 566 906 inferni
597 864 815 906 carcere
861 835 1136 908 libertinis,
1177 844 1417 896 redditur
1458 839 1748 893 ministerio

1885 864 1894 900 ε
1921 849 1987 899 ad
2017 859 2224 899 mrem
2268 845 2439 914 fratris
2463 842 2554 894 uti.
2604 842 2660 895 lin
2692 840 2787 891 hac
2812 837 3038 890 dictione
3066 838 3142 887 lex
3173 851 3267 903 per
3295 837 3366 890 le-

213 946 406 998 divinat
434 941 586 1010 legis.
619 938 924 992 Ineredulns
956 945 1133 988 autem
1165 928 1386 1000 populus
1427 928 1745 990 Judteorum,

215 1033 341 1103 quia
371 1032 422 1084 in
452 1026 795 1082 confessionis
833 1025 973 1092 ligno
1019 1034 1123 1075 non
1167 1017 1410 1111 credidit,
1457 1025 1748 1082 transgres-

217 1119 386 1173 sionis
413 1114 746 1192 suspenditur
776 1112 939 1190 ligno.

799 1256 1020 1315 CAPUT
1060 1254 1171 1311 XL.

295 1376 556 1431 Frater-ea
602 1379 778 1425 narrat
827 1358 1030 1423 Pharao
1072 1365 1355 1426 somnium,
1385 1361 1760 1424 interpretatur

221 1463 440 1530 Josepb.
484 1462 587 1514 Sed
638 1457 760 1527 quid
801 1455 1096 1524 significant
1138 1460 1336 1518 septem
1383 1446 1528 1508 anni,
1569 1443 1654 1511 qui
1709 1441 1760 1530 in

226 1528 430 1619 septem
472 1548 636 1614 spicis
682 1544 868 1612 plenis,
898 1543 1009 1596 sive
1048 1539 1103 1593 iu
1138 1547 1338 1606 septem
1367 1533 1539 1586 vaccis
1563 1528 1765 1619 pingui-

229 1614 329 1693 bus
358 1635 804 1690 ostendebantur:
837 1630 936 1684 nisi
978 1635 1181 1694 septem
1221 1623 1589 1678 charismatum
1616 1614 1764 1682 spiria

229 1729 412 1780 talium
460 1726 618 1787 dona,
661 1723 852 1792 quibus
899 1719 1110 1774 ubertas
1141 1714 1264 1768 ﬁdei
1293 1713 1436 1779 larga
1465 1709 1659 1777 pietate
1685 1718 1769 1758 re-

1846 951 1963 1006 gem
2012 935 2272 987 invenitur
2299 947 2328 984 a
2358 932 2485 992 filio,
2519 930 2570 982 id
2598 939 2680 983 est
2708 935 2902 995 pastor.
2930 924 3219 978 Odolainita
3247 924 3373 977 civi.

1847 1035 1944 1078 tas.
1977 1024 2238 1086 Thamnas
2281 1034 2408 1073 vero
2441 1019 2588 1085 regio
2631 1028 2714 1071 est
2770 1013 3116 1078 terrestrium,
3176 1015 3224 1066 id
3271 1024 3375 1076 est,

1849 1111 2059 1178 palium.
2088 1108 2248 1162 Sedet
2274 1107 2325 1159 in
2348 1107 2506 1170 bivio,
2539 1106 2588 1157 i'd
2619 1115 2720 1169 est,
2749 1113 2804 1156 ut
2831 1115 3098 1172 putaretur
3127 1104 3376 1159 meretrix

1850 1213 1967 1251 esse
1987 1239 2002 1261 ,
2045 1198 2162 1248 sive.
2203 1211 2266 1248 ne
2319 1195 2458 1246 illam
2489 1193 2649 1246 Judas
2675 1194 2984 1259 prreteriret.
3017 1193 3258 1260 Cognovit
3289 1211 3382 1244 rm-

1854 1295 1948 1337 tem
1992 1285 2174 1346 Judas,
2220 1293 2268 1334 et
2289 1284 2354 1335 ait
2378 1297 2397 1334 :
2428 1278 2624 1334 Justior
2649 1297 2722 1332 me
2747 1280 2987 1344 Thamar,
3013 1281 3132 1348 quia
3156 1297 3252 1333 non
3278 1291 3379 1331 tra-

1857 1372 1962 1424 didi
2003 1386 2114 1425 eam
2155 1370 2296 1425 Sella
2328 1371 2436 1438 ﬁlia
2457 1385 2598 1440 meo.
2618 1368 2671 1420 lu
2703 1368 2922 1422 llebrco
2944 1370 3020 1421 sic
3050 1383 3066 1420 :
3095 1367 3386 1433 Jusliﬁcata

1859 1470 1932 1514 est
1961 1476 2022 1514 ex
2069 1462 2306 1522 Thamar,
2328 1474 2434 1512 non
2456 1457 2595 1527 quod
2619 1458 2757 1524 justa
2789 1457 2970 1520 fuerit,
2995 1458 3086 1511 sed
3117 1472 3385 1525 compara-

1863 1551 2002 1602 tione
2049 1549 2119 1601 illi
2166 1555 2223 1600 ut
2261 1547 2433 1600 minus
2485 1549 2614 1600 mala
2646 1546 2905 1610 fecerunt,
2931 1562 3253 1614 nequaquam
3278 1559 3386 1600 tur-

1867 1635 2187 1705 pitudinem;
2237 1635 2330 1689 sed
2379 1635 2591 1688 liberius
2620 1634 2950 1703 requirendo,
2983 1635 3177 1692 Phares
3203 1637 3393 1690 divisio

1869 1727 2257 1793 interpretatur,
2289 1725 2355 1776 ab
2380 1739 2446 1778 eo
2474 1723 2870 1794 quoddiviserit
2899 1725 3129 1778 membra
3149 1725 3201 1778 in
3216 1726 3391 1778 vulva.

226 1815 460 1869 dundat?
503 1813 697 1866 Contra
745 1817 946 1876 septem
987 1804 1194 1858 διθτίιεε
1234 1811 1288 1856 ει
1333 1811 1538 1865 ιεηυθδτ
1575 1796 1767 1850 famem
1799 1784 1847 1844 Β
1872 1813 2248 1868 Secundarium
2294 1811 2422 1865 Zara
2479 1784 2848 1881 interpretatur
2895 1812 3088 1878 oriens,
3118 1815 3226 1868 sive
3254 1807 3392 1882 quod

231 1901 382 1955 verbi
411 1901 502 1954 Dei
535 1898 833 1952 novissimis
863 1893 1185 1960 temporibus
1227 1887 1590 1942 ostendebant.
1634 1882 1774 1936 Con-

229 1991 470 2060 gregavit
515 1998 687 2042 autem
736 1984 929 2052 Josepb
977 1989 1180 2048 septem
1228 1977 1377 2032 annis
1404 1975 1636 2030 omnium
1667 1974 1774 2028 fru-

238 2075 802 2148 gum-abundantiam,
835 2073 885 2126 id
916 2080 1018 2138 est,
1065 2071 1325 2124 frumenta
1375 2067 1519 2130 ﬁdei,
1570 2070 1774 2117 saneto-

237 2182 356 2220 rum
386 2164 586 2218 horreis
614 2164 863 2217 condens.
900 2161 998 2214 Per
1026 2160 1112 2214 illa
1157 2157 1360 2211 scilicet
1405 2162 1604 2221 septem
1652 2153 1777 2205 cha-

239 2256 480 2319 rismata,
528 2251 677 2321 quasi
725 2265 819 2319 per
859 2257 1063 2316 septem
1095 2260 1280 2309 annos,
1329 2251 1386 2296 ut
1428 2257 1545 2296 cum
1580 2251 1775 2308 septem

238 2344 366 2397 anni
407 2343 680 2410 eruperint,
724 2340 774 2392 id
814 2347 912 2403 est,
941 2352 1068 2390 cum
1093 2335 1340 2401 iniquitas
1369 2333 1450 2384 illa
1481 2337 1779 2382 occurreret

243 2443 447 2498 septem
487 2431 760 2482 criminum
812 2425 1111 2492 capitalium
1158 2423 1254 2475 sub
1294 2420 1634 2492 Antichristo,
1664 2430 1780 2469 eum

240 2522 411 2572 fames
459 2519 574 2570 fidei
621 2517 775 2568 fuerit
823 2523 874 2566 et
919 2514 1123 2574 salutis,
1173 2521 1294 2562 tunc
1327 2509 1450 2576 justi
1505 2509 1692 2574 pariter
1729 2512 1783 2557 et

249 2608 434 2661 ﬁdeles
462 2606 722 2658 habebunt
750 2604 1013 2670 copiosam
1059 2601 1272 2667 justitia:
1300 2598 1521 2664 frugem,
1559 2611 1624 2648 ne
1656 2593 1784 2644 ﬁdcs

248 2699 462 2752 illorum
493 2695 668 2762 inopia
707 2702 973 2745 attenuata
1021 2690 1255 2743 dt-ﬁciat.
1301 2689 1380 2740 Ab
1417 2687 1531 2738 aliis
1576 2683 1782 2744 dicitur,

250 2802 346 2855 per
375 2791 603 2837 aromata
637 2797 751 2849 qua:
782 2781 832 2833 in
862 2780 1075 2834 camelis
1121 2786 1435 2845 portantur,,
1464 2778 1596 2828 duas
1647 2774 1787 2841 leges

249 2871 572 2941 signiﬁcari:
609 2885 699 2935 per
730 2868 977 2930 resinam,
1030 2867 1193 2932 legem
1240 2865 1489 2941 librorum
1536 2863 1689 2930 legis;
1735 2870 1788 2913 et

252 2937 350 3028 per
379 2970 576 3012 stacten
607 2959 770 3024 legem
802 2957 1196 3023 prOpIietarum.
1220 2937 1365 3018 Quod
1391 2961 1561 3005 autem
1596 2951 1786 3016 Joseph

253 3065 360 3102 non
410 3056 490 3101 est
536 3048 782 3100 liberatus
831 3061 918 3110 per
972 3044 1244 3097 consilium
1297 3043 1477 3104 Judte,
1531 3041 1787 3110 significat

252 3139 520 3191 Christum
568 3152 669 3190 non
721 3137 994 3188 liberatum
1035 3149 1096 3186 ex
1127 3143 1272 3200 parte
1302 3134 1473 3186 earnis
1503 3147 1593 3199 per
1619 3144 1788 3184 seram

255 3227 616 3293 patuitentiam
660 3225 808 3278 Juda:
858 3221 1132 3277 lseariorh.
1181 3222 1317 3276 Alibi
1363 3233 1536 3275 autem
1567 3221 1788 3273 dicitur:

270 3314 608 3367 Vendideram
657 3315 796 3366 illum
839 3312 1112 3366 Ismaelitis
1157 3312 1364 3382 triginta
1405 3312 1667 3379 argenteis.
1698 3313 1794 3362 Ar-

256 3405 436 3472 gentt-i
491 3405 697 3472 triginta
749 3405 831 3455 uhi
884 3403 1218 3468 scribuntur,
1268 3402 1335 3453 ab
1387 3402 1503 3452 aliis
1557 3400 1797 3452 dicuntur

263 3491 567 3556 signiﬁcare
619 3492 770 3543 [idem
817 3490 1109 3552 Trinitatis,
1157 3491 1275 3557 quia
1325 3489 1565 3541 Christus
1608 3489 1797 3539 eruitur

258 3583 330 3634 ab
360 3581 586 3634 Ecclesia
613 3582 866 3649 gentium.
893 3582 1026 3644 Quia
1055 3589 1229 3631 autem
1278 3579 1458 3630 Iluben
1489 3577 1551 3628 ad
1603 3577 1798 3627 cister-

259 3686 385 3724 nam
437 3670 669 3732 veniens,
727 3685 826 3720 non
874 3667 1069 3720 invenit
1113 3681 1351 3732 puerum,
1381 3665 1635 3731 significat
1658 3662 1796 3730 quod

260 3763 319 3814 in
374 3760 650 3826 Evangelia
699 3760 984 3811 scribitur:
1017 3757 1131 3809 Non
1172 3766 1242 3808 est
1271 3757 1385 3818 hic,
1430 3759 1516 3806 sed
1562 3755 1796 3806 surrexit.

261 3848 517 3914 Quo-ique
546 3845 710 3900 Jacob
736 3846 926 3898 dicitur
947 3845 1083 3897 nolle
1106 3842 1512 3899 consolationem
1538 3841 1796 3908 accipere.

264 3935 530 4001 signiﬁcat
562 3937 807 4003 populum
851 3935 1198 3986 Christianum
1224 3929 1802 3997 compatieutemChri-

262 4036 369 4085 sto,
402 4035 453 4077 et
482 4026 564 4078 hic
610 4025 1026 4078 consolationem
1069 4023 1353 4083 nolentem,
1403 4020 1494 4073 sed
1527 4022 1576 4072 iu
1609 4020 1834 4086 futuro.‘

261 4112 517 4179 Quodque
544 4113 669 4165 dicit
696 4130 708 4164 :
745 4112 1051 4164 Descendam
1097 4110 1163 4160 ad
1191 4111 1366 4175 [ilium'
1395 4125 1578 4172 meum,
1625 4108 1800 4175 fugi-ns

262 4201 321 4253 in
367 4202 649 4267 infernum,
697 4200 1030 4252 liisloriahter
1078 4199 1372 4264 sepulcrum
1415 4196 1689 4263 significat,
1721 4194 1800 4245 vel

264 4292 408 4362 quod
460 4305 549 4346 sua
607 4288 880 4356 prophetia
944 4286 1237 4351 przescivit,
1282 4286 1481 4336 animas
1536 4282 1797 4336 hominum

1872 1902 2070 1968 primus
2099 1905 2356 1966 apparuit,
2383 1901 2498 1954 sive
2520 1900 2654 1968 quod
2687 1901 2890 1966 plurimi
2917 1916 2984 1956 ex
3014 1904 3103 1954 illo
3128 1904 3251 1968 justi
3288 1905 3395 1956 nati

1871 1999 2010 2044 sunt.
2032 1989 2084 2045 In
2117 1990 2246 2044 libro
2269 1988 2490 2058 Paralip.
2521 1988 2768 2057 scriptum
2798 1998 2875 2043 est
2903 2004 2918 2042 :
2953 1987 3017 2043 In
3034 1989 3253 2042 Thamar
3269 2007 3397 2041 nuru

1869 2079 2055 2141 Judw,‘
2103 2078 2405 2145 intelligitur
2450 2079 2594 2144 plebs
2637 2078 2839 2140 Judaaa,
2888 2079 2968 2130 cui
3010 2078 3076 2130 de
3100 2078 3236 2130 tribu
3264 2078 3394 2130 Juda

1873 2182 2020 2236 reges
2057 2176 2297 2235 tanquam
2339 2166 2511 2230 mariti
2542 2166 2882 2219 debebantur.
2912 2166 2971 2218 Et
2995 2165 3179 2219 merito
3210 2181 3398 2219 nomen

1876 2257 2013 2310 illius
2061 2255 2348 2309 amaritudo
2394 2254 2782 2321 interpretatur,
2837 2253 2945 2320 ipsa
2973 2253 3110 2305 enim
3144 2252 3279 2305 fellis
3311 2267 3402 2320 po-

1876 2345 2049 2396 culum
2101 2341 2265 2394 dedit.
2304 2341 2416 2393 Duo
2440 2349 2611 2393 autem
2637 2353 2824 2409 genera
2854 2349 3002 2392 erant
3030 2340 3078 2391 in
3109 2341 3274 2405 plebe,
3308 2342 3397 2408 qui

1879 2445 1982 2482 non
2025 2438 2166 2482 recte
2206 2428 2551 2496 operabantur
2581 2444 2592 2477 :
2623 2441 2780 2478 unum
2822 2440 2967 2490 vero,
2992 2426 3076 2492 qui
3106 2424 3396 2487 nocebant;

1879 2521 2118 2576 alterum,
2144 2519 2229 2586 qui
2266 2516 2393 2596 nihil
2446 2515 2768 2582 proderant:
2815 2513 2904 2582 qui
2949 2513 3402 2580 significantur'iu

1881 2607 2082 2660 duobus
2110 2607 2228 2658 filiis
2261 2605 2430 2668 Judte,
2453 2619 2672 2672 quorum
2705 2617 2835 2656 unus
2855 2602 3113 2669 malignus
3128 2602 3408 2665 erat,alter

1836 2760 1839 2762 _
1883 2699 1933 2748 in
1964 2706 2154 2747 terram
2186 2695 2426 2746 fundebat
2451 2708 2650 2755 semen,
2681 2707 2745 2744 ne
2773 2705 2951 2745 semen
2970 2693 3118 2742 daret
3144 2692 3205 2741 ad
3226 2691 3408 2749 fecuns

1883 2785 2106 2836 dandum
2136 2797 2311 2834 semen
2335 2781 2580 2832 Thamar.
2612 2779 2718 2831 Nec
2747 2778 3103 2844 suutamplius
3125 2791 3276 2844 quam
3301 2778 3404 2828 duo

1883 2888 2069 2940 genera
2095 2872 2382 2934 hominum,
2409 2869 2605 2921 inutilia
2626 2867 2803 2936 generi
2847 2867 3090 2929 humano,
3119 2882 3280 2919 unum
3314 2883 3407 2919 nu-

1886 2962 2134 3020 centinm.
2166 2960 2383 3014 alterum
2416 2958 2668 3026 prodesse
2692 2955 2996 3008 nolentium.
3032 2956 3094 3008 Et
3123 2955 3240 3023 quia
3264 2955 3411 3023 pejor

1889 3059 1961 3104 est
2009 3051 2096 3104 ille
2123 3051 2208 3116 qui
2251 3056 2404 3102 nocet
2433 3062 2585 3116 quam
2618 3047 2703 3099 ille
2726 3043 2812 3112 qui
2855 3044 2979 3096 nihil
3009 3045 3242 3111 prodest,
3293 3044 3412 3097 ideo

1895 3143 2058 3207 major
2087 3141 2273 3194 dicitur
2297 3138 2382 3191 ille
2403 3137 2679 3204 malignus.
2714 3134 2816 3187 lier
2847 3143 3018 3187 autem
3047 3134 3414 3202 interpretatur

1894 3230 2158 3296 pellit-eus,
2203 3228 2392 3295 quibus
2418 3227 2604 3278 tunicis
2632 3225 2790 3277 induti
2821 3233 2940 3275 sunt
2971 3224 3121 3289 primi
3152 3223 3411 3286 homines,

1892 3320 1977 3387 qui
2005 3319 2054 3371 in
2080 3332 2281 3385 pinnam
2309 3313 2534 3368 damnati
2565 3323 2702 3365 sunt.
2741 3314 2902 3363 Onam
2934 3322 3104 3362 autem
3157 3311 3417 3376 interpre-

1897 3419 2031 3461 tatur
2062 3423 2253 3461 llifBl‘Ol’
2278 3407 2510 3468 illorum,
2536 3417 2756 3469 quorum
2784 3416 2905 3454 vero
2933 3401 3122 3469 quibus
3146 3403 3274 3454 nihil
3299 3415 3417 3469 pro-

1893 3497 2025 3556 dest,
2058 3510 2175 3547 cum
2201 3493 2421 3545 habeant
2447 3491 2579 3544 unde
2602 3490 2852 3558 prodesse
2874 3491 3091 3556 possint.
3137 3490 3297 3556 Majus
3324 3505 3419 3543 au-

1896 3592 1996 3635 tem
2047 3582 2236 3633 malum
2285 3589 2366 3633 est
2408 3581 2592 3632 ablatae
2623 3581 2762 3643 vitaz,
2790 3579 2930 3646 quod
2963 3581 3217 3648 significat
3244 3581 3417 3644 bellis,

1894 3685 2048 3738 quam
2089 3685 2189 3721 non
2241 3671 2391 3734 vitae,
2442 3669 2701 3736 significat
2755 3684 2949 3722 maeror
3001 3669 3223 3721 illorum.
3284 3668 3422 3721 Deus

1899 3770 2068 3813 tamen
2107 3757 2360 3811 occidisse
2398 3759 2580 3836 ambos
2620 3757 2786 3810 dictus
2814 3767 2915 3821 est,
2949 3757 3032 3809 ubi
3067 3758 3313 3824 figuratur
3337 3773 3421 3808 re-

1896 3865 2052 3916 gnum
2108 3849 2294 3900 talibus
2345 3847 2640 3900 homiuibus
2693 3845 2992 3898 abstulisse.
3049 3845 3253 3897 Tertius
3301 3859 3425 3897 vero

1899 3937 2031 3993 ﬁlius
2054 3936 2220 3997 Judte,
2253 3936 2335 4002 qui
2368 3936 2504 3986 illius
2535 3933 2736 3985 mulieri
2759 3947 2861 3984 non
2889 3933 3142 3999 jungitur,
3165 3933 3424 4000 signiﬁcat

1899 4037 2101 4093 tempus
2140 4040 2203 4078 ex
2240 4039 2342 4092 quo
2373 4038 2519 4090 reges
2548 4023 2680 4090 plebi
2710 4022 3007 4075 Judatorum
3037 4025 3100 4076 de
3132 4026 3266 4074 tribu
3288 4021 3417 4074 Juda

1897 4122 2164 4182 coeperunt
2193 4127 2294 4164 non
2321 4111 2451 4164 ﬁeri.
2479 4111 2545 4163 Et
2573 4111 2687 4164 ideo
2722 4122 2833 4164 erat
2858 4112 3062 4178 quidem
3094 4111 3228 4162 ﬁlius
3253 4111 3420 4170 Julian,

1897 4204 1989 4256 sed
2019 4203 2157 4254 illum
2187 4203 2343 4255 etiam
2364 4201 2589 4254 Thamar
2618 4216 2720 4254 non
2739 4203 2958 4268 accepit,
2976 4214 3092 4270 qua:
3111 4202 3423 4255 erat'eadem

1898 4290 2062 4343 tribus
2085 4287 2237 4350 Juda,
2270 4289 2360 4341 sed
2392 4289 2566 4342 nullus
2593 4289 2712 4344 inde
2733 4291 2990 4358 regnavit.
3019 4288 3163 4343 Unde
3184 4290 3321 4344 Zella
3349 4291 3429 4343 in-

248 4382 394 4432 ‘ante
421 4378 696 4430 adventrum
722 4373 923 4425 Domini
953 4372 1004 4424 in
1027 4371 1286 4425 infernum
1314 4372 1475 4424 exire.
1503 4369 1787 4422 Madianita

1903 4387 2217 4445 terpretatur
2243 4376 2430 4430 divisio
2455 4376 2569 4443 ejus
2601 4393 2614 4429 :
2645 4394 2746 4430 non
2775 4381 3034 4446 pertinent
3055 4393 3180 4431 sane
3208 4379 3270 4431 ad
3295 4382 3428 4432 hanc

262 4481 405 4526 vero,
437 4477 598 4530 usque
628 4460 880 4527 Putiphar
910 4452 1134 4512 eunucho
1160 4458 1462 4512 Pharaonis.
1489 4459 1583 4512 ilic
1610 4461 1673 4511 ab
1702 4459 1797 4511 ali-

266 4551 463 4618 quibus
489 4547 764 4611 inquiritur
791 4547 1055 4613 quomodo
1100 4549 1184 4600 hic
1219 4546 1486 4600 eunuchus
1529 4546 1663 4600 fuit?
1692 4545 1802 4600 Tri-

264 4638 370 4690 bus
412 4636 550 4687 enim
604 4633 773 4685 modis
816 4633 1042 4686 eunuchi
1084 4633 1347 4697 dicuntur,
1392 4634 1442 4686 id
1485 4643 1585 4696 est,
1622 4635 1707 4700 qui
1736 4632 1801 4686 ab

265 4724 569 4780 hominibus
607 4721 728 4775 facti
773 4730 893 4775 sunt
938 4721 1187 4787 eunuchi,
1231 4733 1287 4777 et
1329 4724 1415 4791 qui
1455 4739 1513 4778 se
1543 4735 1805 4778 castrave-

264 4823 392 4867 rnnt
433 4821 643 4881 propter
690 4827 906 4880 regnum
953 4809 1148 4865 Christi
1199 4813 1311 4875 Dei,
1360 4825 1413 4867 et
1452 4816 1537 4882 qui
1566 4815 1631 4868 de
1656 4827 1803 4868 utero

265 4902 454 4954 matris
483 4917 592 4955 sua
621 4901 849 4955 eunuchi
884 4899 1000 4953 facti
1041 4909 1183 4952 sunt.
1215 4900 1462 4966 Putiphar
1488 4913 1659 4956 autem
1688 4905 1804 4957 nul-

266 4989 337 5040 lis
374 5001 433 5039 ex
460 4989 646 5057 tribus
677 4989 843 5041 modis
869 4988 1138 5041 eunuchus
1165 4986 1334 5041 factus
1365 4998 1467 5055 est,
1495 4991 1588 5043 sed
1614 4991 1804 5046 dicitur

265 5091 336 5129 ex
380 5075 694 5141 cogitatione
735 5078 1021 5130 scribarum
1053 5085 1105 5130 et
1145 5077 1438 5139 doctorum,
1481 5079 1617 5143 quod
1664 5078 1803 5131 Puti-

265 5166 402 5234 phar
429 5164 675 5217 sacerdos
702 5167 803 5220 tuit
834 5167 1132 5233 llelcopolis
1155 5166 1324 5228 idolis,
1357 5173 1410 5216 et
1437 5165 1516 5216 vir
1542 5168 1802 5231 amabilis,

264 5260 325 5304 et
376 5249 598 5302 decorus
647 5250 798 5314 faeie,
846 5262 899 5306 et
926 5253 1111 5307 deinde
1135 5263 1193 5306 ut
1218 5252 1448 5305 dicitur:
1479 5250 1630 5303 Antor
1668 5253 1804 5306 illius

260 5356 442 5394 scmus
487 5338 772 5392 Pharaonis
803 5341 968 5402 irruit,
1020 5351 1075 5393 ut
1121 5341 1400 5396 Sodomita:
1444 5339 1664 5391 invicem
1696 5340 1806 5394 fue-

265 5429 430 5491 r’unt,
478 5437 532 5481 et
573 5429 691 5480 inde
743 5430 900 5480 traxit
946 5430 1088 5482 illum
1139 5430 1340 5482 Pharao
1383 5428 1447 5479 ab
1491 5427 1629 5480 idolo
1677 5443 1801 5492 suo,

273 5525 331 5570 et
375 5516 500 5572 fecit
551 5517 694 5570 illum
740 5517 1036 5570 eunuchum
1079 5533 1186 5572 sua:
1228 5515 1482 5578 mulieris,
1532 5525 1805 5582 postquam

267 5601 461 5660 siccati
483 5609 690 5662 fuerunt
718 5621 868 5660 rencs
901 5621 990 5674 per
1019 5609 1210 5661 multos
1237 5623 1422 5672 annos,
1448 5622 1561 5661 cum
1590 5607 1804 5661 commi-

544 5722 806 5784 P.\'flt0l..
864 5719 1010 5777 XLII.

1900 4465 2328 4534 significationem
2359 4465 2519 4517 sancti
2551 4465 2668 4528 viri,
2700 4467 2786 4531 qui
2817 4467 3178 4534 prephetando
3201 4466 3429 4527 scienter

1899 4559 2052 4612 utiles
2072 4568 2240 4611 erant.
2265 4556 2290 4608 J
2300 4556 2424 4608 udas
2445 4563 2618 4607 autem
2638 4555 2891 4618 significat
2918 4555 3186 4610 Christum
3213 4558 3425 4608 venien-

1900 4655 2002 4700 tem
2031 4644 2093 4697 ad
2119 4656 2241 4697 oves
2270 4656 2383 4708 quae
2412 4643 2675 4708 perierunt
2702 4641 2889 4692 domus
2925 4640 3099 4693 Israel.
3129 4640 3275 4692 Venit
3309 4657 3424 4693 cum

1899 4751 1989 4788 suo
2019 4741 2216 4802 pastore
2250 4730 2545 4791 Odolamlte,
2575 4727 2655 4778 cui
2684 4743 2860 4779 norum
2883 4738 2986 4781 erat
3016 4727 3208 4797 llyras,
3231 4730 3299 4782 ad
3320 4747 3430 4782 oves

1899 4840 2015 4878 suas
2059 4821 2328 4875 tondendas
2378 4819 2430 4870 in
2479 4815 2724 4870 Thamna.
2783 4818 3016 4878 Thamna
3060 4819 3434 4886 interpretatur

1903 4913 2171 4976 deficiens,
2224 4908 2327 4977 jam
2375 4905 2515 4960 enim
2553 4906 2818 4962 defecerat
2841 4909 3079 4977 princeps
3106 4909 3170 4961 de
3198 4907 3346 4970 Juda,
3376 4919 3430 4960 et

1902 5002 2073 5057 omnis
2102 5002 2292 5053 unctio.
2323 4996 2475 5051 Venit
2498 5012 2614 5051 cum
2647 5007 2856 5066 pastore
2890 4999 3074 5068 llyras.
3103 4997 3426 5052 Odolamites

1901 5095 2269 5161 interpretatur
2314 5089 2668 5143 testimonium
2717 5089 2767 5142 in
2790 5102 2949 5154 aquas
2975 5105 2986 5138 :
3015 5102 3129 5141 cum
3152 5087 3251 5138 hoc
3281 5087 3430 5153 plane

1905 5180 2205 5236 testimonio
2225 5179 2469 5232 Dominus
2487 5177 2644 5240 venit,
2666 5179 2860 5230 habens
2883 5177 3232 5229 testimonium
3261 5177 3428 5246 majus

1903 5271 2123 5326 Joanne.
2167 5268 2333 5336 Hyras
2379 5266 2748 5333 interpretatur
2788 5263 2962 5317 fratris
2993 5263 3093 5315 mei
3116 5263 3264 5316 visio.
3298 5263 3431 5318 Vidit

1904 5361 2118 5414 omnino
2163 5355 2374 5409 fratrem
2413 5369 2568 5408 suum
2610 5353 2864 5417 Joannes,
2911 5352 3120 5406 fratrem
3151 5352 3432 5406 secundum

1908 5464 2085 5503 semen
2136 5444 2393 5500 Abraham
2443 5443 2570 5494 vidit
2615 5441 2848 5494 omnino.
2881 5441 2943 5494 Et
2972 5441 3087 5494 ideo
3115 5443 3250 5494 inter
3278 5451 3430 5496 natos

1907 5541 2184 5594 mulierum
2215 5550 2315 5588 non
2337 5533 2563 5587 surrexit
2592 5530 2761 5598 major
2789 5533 2988 5587 Joanne
3004 5532 3253 5601 Baptista.
3274 5533 3431 5594 Vidit.

1909 5629 2117 5696 quando
2146 5621 2348 5681 diccbtit
2371 5640 2382 5676 :
2419 5620 2543 5675 Ecce
2565 5636 2720 5689 agnus
2739 5621 2850 5676 Dei.
2875 5622 3013 5676 Vidit
3032 5622 3170 5689 quod
3189 5621 3336 5677 multi
3357 5621 3435 5676 isti

3021 5712 3056 5768 9
