3872 6262
154 423 259 480 209

920 428 986 488 ιδ
1027 433 1576 496 PEN'I‘ATEUCIIUM
1616 437 2096 500 COMMENTARII.
2141 475 2210 490 -—
2248 448 2554 513 GENESIS.

3259 479 3367 539 ατο

153 542 285 596 viam
311 539 532 596 Domini.
566 542 734 598 liabet
758 543 916 599 alium
940 553 1706 615 prmconemwoeemsrchan-
1734 553 1780 613 Α
1810 552 2044 607 omnium
2089 557 2321 629 quinque
2359 575 2610 622 sensuum
2667 573 2986 641 multiplices
3013 580 3357 659 disciplinas;

157 633 258 659 ..-ιι
284 647 344 659 Α..
359 633 478 659 ...ιη
497 632 585 659 ηηε
629 633 952 659 ιτ---...-..--..
981 637 1160 659 l---_L
1184 639 1348 659 I!__.__
1390 640 1436 659 l5
1475 643 1603 659 _,_.-~
1629 657 1638 659 _
1662 658 1668 659 ,
1810 655 1909 659 μ---
1929 642 2058 659 ..ιιιΔ
2116 646 2128 658 ο
2169 649 2200 659 μ
2316 649 2352 659 -
2429 653 2440 659 -
2559 658 2566 659 ,
2601 658 2604 659 ,

156 633 260 704 geli
274 647 344 712 es
359 633 481 687 tuba
496 632 608 688 Dei.
629 633 956 706 Vocaturque
970 637 1166 708 Joseph
1184 639 1354 709 lingua
1369 640 1676 712 Egyptiaca
1687 683 1702 707 ,

151 705 381 778 salvator
406 722 587 778 mundi
621 741 632 777 :
666 705 1002 782 manifestum
1129 730 1198 784 de
1224 705 1708 800 Christorquando

150 812 251 865 sub
301 814 461 881 ligura
503 812 701 882 Josepb
749 815 983 870 salvator
1034 819 1332 896 ostenditur
1361 837 1465 877 nun
1503 832 1704 878 tantum

150 901 306 954 unius
357 911 513 955 terra
565 902 803 974 Egypti,
859 907 950 960 sed
971 915 1025 960 et
1046 908 1206 962 totius
1233 909 1439 965 mundi.
1470 911 1706 980 Triginta

146 1004 407 1044 annorum
439 990 533 1045 fuit
553 991 749 1061 .loseph
779 993 989 1063 quando
1017 994 1069 1049 in
1097 1009 1385 1065 conspectu
1413 1000 1552 1068 regis
1580 1001 1706 1056 Pha-

145 1081 328 1133 raonis
347 1081 489 1134 stetit
509 1098 533 1159 ιε
569 1084 784 1138 totidem
798 1098 1056 1139 annorum
1071 1085 1483 1146 fuisseCltristus
1497 1091 1702 1159 legitur,

143 1168 357 1237 quando
401 1171 455 1223 in
484 1149 768 1240 conspectu
800 1173 956 1243 hujus
983 1176 1164 1231 mundi
1186 1177 1285 1232 sub
1307 1188 1431 1250 typo
1463 1149 1697 1236 Pharao;

143 1261 232 1315 nis
278 1262 481 1330 aperuit
529 1264 778 1318 revelata.
811 1266 1029 1336 Accepit
1053 1282 1183 1338 ergo
1205 1283 1271 1325 es
1298 1271 1540 1339 gentibus
1571 1288 1704 1328 uxo-

142 1367 282 1416 rem,
324 1352 375 1406 id
402 1363 485 1408 est
505 1352 816 1411 Ecclesiam.
852 1357 924 1411 Es
965 1373 1067 1428 qua
1095 1363 1279 1428 genuit
1303 1361 1436 1416 duos
1467 1362 1624 1430 filios,
1653 1363 1702 1418 id

139 1449 247 1505 cst,
275 1438 410 1496 duos
440 1442 681 1511 populos,
712 1458 776 1497 es
808 1444 1008 1501 ludatis
1037 1456 1091 1502 et
1110 1464 1176 1503 ex
1203 1450 1450 1517 gentibus
1473 1465 1701 1522 congre-

137 1537 312 1598 gatos.
339 1529 637 1601 lgitur‘post
659 1534 910 1590 ubertatis
947 1550 1115 1591 annos
1154 1536 1316 1594 fames
1346 1540 1622 1611 praevaluit
1648 1542 1701 1599 in

139 1619 394 1675 universo
441 1623 660 1688 mundo,
711 1626 900 1681 merito
925 1627 1044 1697 quia
1099 1643 1203 1684 non
1248 1639 1361 1686 erat
1389 1631 1478 1701 qui
1509 1632 1705 1690 laceret

139 1709 449 1766 bonitatem.
477 1712 596 1768 Post
625 1714 736 1770 haec
759 1715 951 1786 .loseplt
970 1734 996 1770 a
1016 1720 1228 1788 penuria
1255 1721 1500 1780 frumenti
1528 1724 1701 1781 salvat

1807 642 2064 708 praeeilit
2115 646 2272 714 igitur
2316 649 2524 710 Paulos.
2557 658 2696 714 lllius
2724 665 2976 723 exuberat
3000 642 3177 740 portio
3203 642 3364 739 tueri:

1805 738 2007 798 torum;
2040 734 2132 790 sed
2156 745 2328 794 tamen
2357 741 2553 800 habent
2581 746 2788 818 fratres,
2837 755 2886 810 id
2911 734 3014 826 est,
3042 766 3130 838 alii
3161 734 3369 838 praelii-

1804 828 2018 877 catores
2044 828 2265 894 gratiam
2290 845 2460 886 suam.
2508 834 2663 893 Binas
2690 844 2868 909 stolas,
2904 846 2954 900 id
2983 833 3092 915 est,
3114 828 3176 910 υἱ
3196 866 3362 919 conli-

1807 914 2015 965 teantur
2041 911 2309 971 Christum
2342 918 2509 976 Deum
2536 937 2653 981 esse
2674 939 2726 982 et
2743 929 3025 991 hominem.
3045 911 3355 1017 Juxtaquoil

1807 995 1860 1050 in
1911 999 2210 1060 Proverbiis
2256 1007 2484 1077 legitur:
2522 1013 2710 1071 Omnes
2754 1023 3012 1081 domestici
3034 1033 3170 1088 illius
3197 995 3360 1095 τειιὶιὶ

1805 1097 1920 1141 sunt
1947 1090 2251 1163 duplicibus,
2282 1097 2333 1151 id
2357 1110 2457 1165 est,
2499 1108 2718 1174 mystica
2750 1112 2828 1168 t‘el
2857 1119 3038 1173 morali
3071 1090 3354 1197 intelligent

1806 1179 1897 1231 tia.
1952 1179 2226 1239 Mittuntur
2276 1195 2331 1242 et
2377 1192 2511 1256 patri
2562 1209 2799 1252 munera.
2833 1200 2996 1259 Filius
3028 1179 3361 1286 smmis}...

1806 1277 1957 1324 trem.
2012 1269 2258 1330 Christus
2314 1283 2559 1348 populum
2612 1299 2764 1342 suum
2843 1296 3114 1360 promissis
3175 1269 3359 1362 invitat

1807 1362 2136 1418 muneribus.
2184 1365 2405 1425 Portant
2445 1372 2558 1427 haec
2608 1391 2825 1434 munera
2853 1384 3009 1452 asini,
3040 1389 3111 1444 illi
3140 1398 3358 1462 gentili-is

1805 1462 1856 1504 et
1882 1450 2096 1510 inutiles
2153 1465 2206 1511 et
2253 1457 2522 1520 laboriosi.
2571 1463 2721 1522 Nunc
2776 1473 2929 1528 utiles
2975 1450 3026 1531 hi
3070 1450 3356 1547 portantia

1806 1553 1984 1614 typum
2028 1545 2221 1602 Christi
2265 1565 2502 1617 munera,
2547 1569 2758 1625 portant
2785 1561 2838 1615 in
2871 1545 3203 1637 Evangelium
3235 1591 3350 1631 mn-

1805 1649 1988 1690 nerum
2022 1635 2348 1708 largitorem.
2373 1643 2521 1700 Nunc
2561 1664 2680 1718 qua:
2715 1660 3064 1721 praetermissa
3094 1675 3218 1720 sunt
3243 1669 3360 1724 bri--

1803 1724 1938 1778 viter
1965 1739 2263 1783 sumamus.
2319 1729 2468 1796 Quod
2525 1735 2719 1808 .loseph
2767 1742 2939 1798 dicit:
2983 1747 3356 1813 Παιιίωιιιτιε

137 1800 452 1870 Emptum,
510 1812 566 1859 ει
609 1803 856 1862 Christus
892 1824 921 1862 ε
965 1809 1102 1865 tame
1140 1812 1286 1867 verbi
1337 1814 1425 1870 θεῖ
1459 1815 1702 1873 liberam
1730 1886 1776 1904 ﬁ
1802 1810 1958 1882 hujus
2001 1817 2206 1872 venistis
2255 1821 2597 1892 considerare,
2655 1837 2854 1889 terrere
2877 1835 3136 1896 desiderat
3166 1842 3358 1904 fratres

132 1893 415 1947 mundum.
447 1894 666 1964 Aperuit
693 1902 832 1952 enim
862 1900 1050 1956 horrea
1071 1917 1193 1956 sua:
1218 1902 1456 1961 Christus
1479 1907 1532 1962 in
1556 1909 1699 1964 omni
1730 1886 1777 1945 Β
1809 1918 1904 1972 pro
1932 1905 2159 1962 vindicta
2178 1924 2291 1966 sua:
2316 1886 2740 1986 venundationis,
2769 1933 2817 1978 et
2841 1925 3108 1986 inChristi
3138 1935 3355 2008 ﬁguram

142 1981 274 2008 ML-
322 1990 580 2008 ,_________
613 1996 658 2008 μ
690 1989 984 2008 “At---
1024 1992 1046 2008 ..
1233 1995 1264 2008 ,.
1365 1997 1376 2008 .
1529 2000 1541 2008 .
1640 1999 1651 2008 .
1806 1993 1820 2008 .
1956 1997 1977 2008 -
2038 1997 2050 2008 .
2132 1999 2180 2008 -.
2379 2005 2389 2008 -

139 1981 275 2036 orbe
322 1990 581 2038 terrarum
607 1996 660 2040 et
685 1989 992 2057 erogatione
1023 1992 1266 2047 frumenti
1296 1997 1376 2050 sui
1400 2000 1542 2053 omni
1573 1999 1696 2055 sub-

129 2055 355 2139 iugavit.
404 2071 511 2127 Nisi
565 2075 704 2129 enim
748 2055 1102 2134 vendidissent
1142 2082 1336 2153 .losepb
1367 2087 1577 2153 fratres,
1608 2090 1700 2146 de-

133 2159 320 2215 llceret
350 2161 645 2234 Egyptus;
675 2169 773 2220 nisi
804 2170 1194 2228 crucillsissent
1221 2175 1386 2231 Judaei
1406 2178 1696 2248 Christum,

133 2259 280 2307 totus
327 2255 554 2310 mundus
607 2260 818 2326 periret.
867 2260 1064 2333 Joseph
1110 2277 1283 2323 autem
1329 2269 1700 2341 interpretatur

131 2348 515 2412 augmentatio,
560 2349 671 2405 sive
719 2353 1092 2420 amplificatio;
1144 2359 1236 2412 sed
1291 2362 1340 2414 in
1386 2360 1473 2416 illo
1498 2362 1695 2433 Joseph

129 2437 600 2503 ampliﬁcationem
651 2458 753 2496 non
802 2445 1002 2510 habuit,
1035 2447 1134 2499 uisi
1175 2449 1286 2503 sola
1321 2448 1607 2521 Egyptus.
1640 2456 1694 2511 In

132 2533 318 2578 nostro
349 2541 477 2581 vero
502 2527 696 2598 Joseplt
721 2542 1063 2600 augmentum
1098 2535 1292 2593 habere
1323 2543 1552 2595 mundus
1580 2559 1699 2597 om-

131 2611 221 2666 nis
244 2616 448 2671 meruit.
487 2617 576 2673 ille
596 2621 836 2690 erogavit
863 2623 1110 2691 triticum;
1129 2637 1324 2694 uoster,
1342 2630 1430 2687 Dei
1455 2635 1690 2690 verbum.

132 2702 189 2756 ln
217 2718 427 2764 onmem
456 2715 593 2765 enim
626 2722 821 2769 terram
851 2716 1012 2780 esivit
1034 2732 1197 2776 sonus
1227 2737 1434 2780 eorum.

698 2826 922 2882 CAPUT
953 2829 1106 2885 XLII.

207 2895 349 2951 Dixit
395 2901 554 2955 Jacob
580 2903 697 2970 ﬁliis
727 2909 830 2958 suis
860 2923 877 2960 :
914 2908 1000 2962 Eat
1031 2914 1334 2978 [ruutmtum
1356 2917 1407 2968 in
1437 2917 1686 2988 /Egypto.

129 2983 268 3038 Dicit
293 2996 345 3040 et
369 2987 503 3043 Deus
529 3001 674 3060 pater
706 3012 718 3046 :
750 2992 829 3047 Ea:
851 2995 1079 3068 xqupto
1107 2990 1277 3056 uocari
1303 3005 1468 3072 [ilium
1497 2983 1682 3066 meum.

128 3075 530 3136 Descenderam
583 3072 745 3154 igitur.
784 3087 964 3143 decem
999 3093 1363 3160 perfectiores,
1419 3099 1467 3151 td
1491 3111 1590 3164 est,
1619 3104 1684 3158 de

121 3166 369 3238 catalogo
417 3170 564 3239 legis,
614 3173 666 3229 id
712 3183 813 3239 est,
865 3181 1135 3234 constituti
1186 3184 1234 3237 in
1265 3201 1504 3242 numero.
1542 3190 1681 3256 Quos

123 3256 243 3327 ipse
261 3274 586 3332 cognoscens,
603 3280 701 3323 non
726 3276 800 3325 est
828 3270 1031 3343 agnitus
1051 3271 1111 3326 ab
1140 3273 1261 3334 illis.
1285 3274 1681 3348 Cognoscuutur

122 3361 178 3404 et
225 3351 430 3408 Hebraei
479 3373 504 3408 a
535 3357 768 3429 Christo,
799 3363 897 3430 ipsi
925 3382 1028 3420 non
1057 3384 1350 3438 agnoscunt
1381 3377 1546 3431 illum.
1579 3380 1681 3435 De-

119 3443 321 3498 derunt
368 3446 441 3500 illi
489 3451 762 3516 pecuniam
789 3471 804 3519 ;
834 3457 926 3528 sed
956 3458 1175 3529 Josepb,
1200 3464 1248 3516 id
1282 3475 1385 3533 est,
1417 3465 1677 3536 Christus,

119 3531 362 3612 triticum
390 3537 552 3602 dedit,
575 3548 625 3592 et
649 3553 921 3611 argentum
952 3549 1144 3613 reddit,
1175 3554 1292 3617 quia
1323 3531 1425 3608 non
1461 3531 1678 3623 pecunia

113 3608 315 3673 emitur
358 3623 620 3692 Christus,
670 3608 761 3683 sed
801 3635 986 3695 gratia.
1024 3608 1160 3690 Vidit
1189 3608 1380 3706 .Ioseplt
1409 3608 1676 3713 Benjamin

113 3709 386 3784 parvulum
437 3713 668 3781 fratrem.
727 3719 946 3788 Mystice
985 3739 1193 3793 q'toqtte
1249 3709 1521 3786 Dominus
1549 3738 1676 3791 vidit

115 3799 365 3869 Paulum,
412 3805 621 3876 quando
667 3807 756 3863 lux
803 3813 1152 3869 circumfulsit
1196 3818 1340 3874 illum
1380 3827 1670 3891 parvulum.

114 3890 255 3944 Dicit
283 3893 510 3959 quando.
560 3897 801 3954 Nondum
830 3906 1038 3971 quando
1072 3890 1414 3976 lapitlantiutn
1448 3916 1676 3986 Stepha-

111 3994 244 4032 num
297 3983 607 4039 vestimenta
647 3991 900 4054 servavit,
936 3994 1196 4060 perlectus
1226 4014 1357 4060 erat.
1391 3983 1554 4062 Flevit
1586 4012 1674 4065 Jo-

108 4070 282 4138 seph;
309 4077 589 4132 etcmcitas
619 4078 761 4134 Pauli
788 4081 944 4138 fletus
967 4095 1048 4141 est
1076 4088 1290 4145 Christi.
1314 4096 1460 4150 Lavit
1485 4100 1667 4155 fax-ient

105 4161 376 4230 Christus,
432 4183 552 4222 cum
607 4171 899 4240 baptizatus
918 4187 1001 4232 est
1023 4179 1230 4249 Paulus,
1263 4181 1530 4245 peronem
1565 4189 1668 4243 Do-

111 4251 294 4306 minus
320 4253 471 4310 Jesus
493 4273 521 4310 a
553 4261 794 4327 pluritnis
826 4267 1112 4322 videretur.

183 4327 380 4399 Dehinc
396 4349 614 4417 scyphus
640 4364 902 4423 argenteus
928 4360 1027 4412 soli
1054 4364 1258 4416 sacculo
1276 4367 1498 4434 junioris
1527 4372 1664 4425 inse-

104 4431 264 4495 ritur,
292 4435 377 4500 qui
412 4437 637 4490 inventus
687 4452 756 4492 est
785 4442 837 4494 in
869 4447 1070 4500 sacculo
1101 4431 1386 4522 Benjamin.
1420 4455 1658 4527 Scypluts

1805 1993 1906 2049 hoc
1953 1997 2095 2056 facit.
2128 1999 2276 2055 Sicut
2305 2005 2447 2059 enim
2479 2009 2761 2066 vindicavit
2784 2014 3004 2088 Juseph,
3037 2032 3091 2078 et
3113 1993 3217 2081 non
3246 1993 3357 2084 vin.

1798 2083 2012 2152 dicavit,
2036 2087 2114 2142 sic
2143 2099 2196 2143 et
2224 2090 2468 2150 Christus
2497 2100 2782 2156 vindicavit
2811 2083 2950 2174 quod
2987 2083 3090 2166 non
3123 2083 3354 2176 vindica-

1798 2176 1892 2228 vit.
1943 2175 2128 2232 Irrita
2169 2179 2276 2233 Ilaec
2319 2185 2562 2252 patimur,
2584 2190 2705 2257 quia
2730 2197 3044 2260 peccauimus
3073 2203 3122 2256 in
3143 2207 3353 2274 fratrem

1797 2276 2048 2323 nostrum.
2096 2270 2170 2335 Ex
2202 2287 2420 2342 persona
2446 2276 2746 2336 Juda'orum
2785 2297 2960 2353 potest
2985 2270 3186 2364 accipi;
3216 2315 3278 2355 ac
3307 2308 3351 2357 si

1798 2355 2036 2414 dicerent
2081 2377 2094 2413 :
2145 2360 2200 2416 lo
2249 2363 2482 2420 vindicta
2529 2372 2700 2426 crucis
2759 2377 2950 2451 merito
3003 2355 3229 2450 patimur
3257 2394 3352 2447 has

1801 2444 2004 2516 plagas;
2026 2455 2078 2504 et
2104 2463 2168 2504 ex
2199 2465 2423 2520 persona
2455 2444 2808 2525 perlectoruin
2827 2465 2876 2520 iu
2897 2444 3078 2526 eadem
3098 2444 3347 2542 vindicta,

1798 2539 1939 2607 quod
1986 2540 2119 2597 dixit
2147 2541 2334 2601 Ruben
2369 2588 2381 2600 .
2415 2547 2664 2621 Nunquid
2695 2571 2794 2610 non
2823 2559 2931 2614 dixi
2970 2565 3105 2621 vobis
3125 2582 3144 2620 :
3176 2539 3350 2626 Nolite

1795 2646 2003 2697 peccare
2021 2634 2074 2687 in
2098 2652 2132 2703 p
2144 2639 2320 2691 Iterum
2345 2639 2369 2691 .9

2233 2745 2456 2804 CAPUT
2500 2750 2678 2816 XLIII,
2728 2755 2906 2813 XLlV.

1866 2815 2005 2872 Dixit
2050 2819 2216 2876 Judas
2256 2827 2389 2892 patri
2428 2844 2521 2882 suo
2557 2846 2574 2882 :
2617 2815 2764 2888 illius
2811 2855 3019 2906 puerum
3064 2847 3344 2908 nobiscum.

1796 2905 2151 2964 llistorialiter
2197 2915 2458 2983 significat
2485 2923 2624 2987 quod
2647 2924 2826 2980 abillo
2858 2936 3201 3002 pr.ucipatum
3230 2957 3348 3011 post

1790 3001 2096 3067 accepisset.
2151 3001 2252 3058 Per
2297 3021 2513 3063 munera
2556 3022 2730 3069 autem
2763 3033 2878 3086 qua:
2908 3037 2935 3073 a
2965 3001 3130 3082 Jarob
3156 3001 3315 3086 διά-,ιο

1790 3091 1920 3160 seph
1949 3094 2247 3162 mittuntur,
2276 3097 2636 3170 intelliguntur
2657 3121 2874 3164 munera
2902 3116 3034 3181 spei,
3053 3127 3106 3171 et
3125 3119 3270 3188 ﬁdei,
3295 3138 3348 3178 et

1791 3182 2104 3252 rltatitatis,
2153 3187 2265 3244 sive
2310 3191 2668 3262 cogitationis,
2719 3211 2774 3255 et
2817 3206 3001 3272 verbi,
3053 3220 3108 3264 et
3145 3218 3341 3282 operis.

1789 3271 2070 3341 Frumenti
2119 3277 2418 3352 signiﬁcant
2468 3289 2680 3358 prtetnia
2726 3271 3066 3358 sempiterna.
3114 3271 3340 3364 Pis-cuum

1787 3369 2047 3438 duplicem
2072 3373 2342 3432 historiam
2357 3388 2414 3436 et
2429 3397 2667 3451 sensum,
2694 3390 2793 3442 .ive
2813 3406 3006 3462 corpus
3019 3410 3070 3452 et
3085 3404 3311 3458 animam
3323 3445 3336 3459 .

1789 3459 1972 3516 Ponite
2015 3480 2188 3531 partes,
2239 3477 2292 3520 et
2333 3471 2553 3537 reliqua.
2585 3473 2707 3529 llaec
2735 3480 2890 3534 trium
2911 3459 3335 3558 possessionum,

1783 3566 1900 3618 quae
1950 3567 2068 3606 esse
2120 3554 2202 3608 hic
2232 3555 2621 3628 describuntur,
2653 3566 2999 3628 diﬂerentiam
3032 3554 3336 3638 meritorum

1781 3639 2062 3693 ostendunt
2104 3641 2157 3694 in
2190 3643 2383 3713 futuro,
2422 3656 2477 3702 ut
2503 3650 2724 3708 dicitur:
2761 3657 2952 3716 Reddet
2980 3663 3118 3722 Deus
3140 3674 3338 3726 unicui-

1779 3745 1874 3796 que
1895 3734 2172 3786 secundum
2200 3751 2325 3804 apus
2348 3754 2512 3794 suum.
2541 3743 2811 3813 Benjamin
2846 3767 2990 3821 vero,
3017 3770 3071 3813 ut
3091 3766 3335 3830 superius

1779 3819 2112 3887 explanatum
2143 3833 2244 3888 est.
2278 3825 2492 3882 Paulum
2517 3832 2806 3903 signiﬁcat;
2840 3841 2933 3895 sed
2959 3819 3334 3917 aliiinquirunt

1778 3909 1829 3962 in
1881 3926 1984 3979 quo
2023 3915 2329 3970 ostendatur
2359 3919 2525 3989 major
2553 3924 2764 3980 dilectio
2794 3929 2937 3986 Pauli
2970 3948 3092 3990 cum
3117 3909 3331 3995 Christo

1774 3998 2057 4058 dilectiOne
2103 4006 2326 4062 aliorum
2379 4013 2778 4081 apostolorum;
2810 4007 2949 4087 quod
2999 4026 3067 4079 ita
3091 4031 3324 4098 solvunt,

1773 4092 1890 4157 quia
1943 4089 2130 4145 Paulus
2173 4107 2353 4162 raptus
2383 4109 2463 4152 est
2495 4115 2659 4169 usque
2684 4105 2746 4157 ad
2779 4110 2987 4164 tertium
3016 4115 3227 4171 cadum.
3261 4122 3329 4175 Et

1771 4180 1908 4246 quol
1956 4181 2153 4232 audivit
2199 4184 2357 4236 verba
2409 4185 2656 4250 inaudita.
2702 4199 2919 4264 etquod
2946 4216 2975 4253 a
3009 4202 3115 4258 Deo
3145 4206 3324 4264 doceri

1773 4277 1888 4334 post
1911 4273 2348 4328 resurrectionem
2371 4278 2580 4342 meruit,
2608 4283 2745 4350 quod
2762 4290 2848 4340 alii
2876 4305 2977 4346 non
2997 4309 3317 4357 meruerunt.

1771 4359 1823 4412 ltt
1854 4361 1969 4414 aliis
1999 4378 2112 4428 qua:
2141 4379 2452 4435 sequuntur,
2486 4373 2792 4431 manifestus
2815 4391 2898 4435 est
2926 4399 3149 4453 sensus;
3185 4404 3239 4446 et
3269 4397 3318 4448 in

1767 4465 1831 4504 eo
1860 4453 1996 4520 quod
2028 4455 2215 4510 dicitur
2246 4475 2258 4510 :
2292 4458 2532 4518 Biberunt
2561 4477 2608 4520 et
2634 4469 2866 4528 inebriuti
2889 4489 3025 4545 sunt,
3046 4483 3321 4540 iuehriatio

1879 4519 1885 4520 '
2568 4519 2575 4520 ’
2638 4519 2735 4522 ""'
2749 4519 2757 4523 ’
2775 4519 2864 4528 "“'
2889 4519 3025 4545 V"",
3046 4519 3182 4536 ιηνυι
3196 4519 3317 4540 ισιιυ

108 4519 336 4586 Ιοδερίιν
385 4522 435 4574 in
463 4538 703 4592 corpore
736 4528 880 4583 Pauli
905 4532 1159 4590 doctrime
1183 4519 1412 4596 caelestis
1444 4519 1657 4612 ρέᾠιηι-
1698 4567 1746 4624 D
1773 4539 2285 4608 Et‘t-‘leSionctrina
2307 4551 2533 4617 Spiritus
2547 4560 2715 4613 sancti
2738 4563 3058 4634 intelligitur.
3078 4571 3317 4640 lmpletio

114 4609 272 4640 ηοιισιι
323 4609 582 4640 Alt-tnui“...
660 4615 780 4640 4..--
837 4635 911 4640 _-_
932 4633 969 4640 κ-
1130 4628 1182 4640 ..ν
1307 4636 1316 4640 -
1387 4637 1394 4640 .

113 4609 276 4674 gebat
323 4609 607 4681 eloquium,
657 4615 781 4670 dum
831 4633 973 4675 esset
1015 4628 1257 4686 eruditus
1305 4636 1355 4686 itt
1384 4637 1517 4706 lege,
1542 4643 1660 4709 quia

107 4699 380 4764 subjectus
432 4716 534 4754 non
565 4716 698 4760 erat.
730 4709 868 4765 Intra
904 4730 1111 4772 saccum
1139 4733 1249 4776 erat
1276 4699 1527 4795 scyphus,
1559 4699 1666 4788 udo-

101 4791 278 4839 etrina
311 4789 440 4843 intra
490 4792 680 4862 legem,
729 4798 943 4856 lucerna
991 4807 1124 4862 intra
1157 4815 1410 4883 modium,
1441 4821 1663 4882 missus.

103 4877 307 4931 Tamen
359 4879 584 4937 Ananias
631 4902 842 4945 manum
888 4898 1078 4962 posuit,
1104 4907 1424 4972 marsupium
1459 4914 1613 4968 solvit
1645 4933 1657 4969 :

103 4970 380 5036 marsupio
408 4973 599 5037 soluto,
635 4991 907 5048 argentum
933 4970 1368 5055 resplentlttit._Et
1387 4998 1661 5058 dehiscen-

104 5146 243 5209 lnto,
294 5149 344 5200 id
365 5160 465 5212 est,
519 5155 758 5223 deposito
810 5167 937 5232 legis
994 5169 1276 5236 velamine,
1325 5177 1545 5245 adeptus
1576 5195 1660 5239 est

103 5236 328 5300 gratiam
386 5239 660 5312 libertatis,
707 5259 759 5302 et
787 5258 1011 5307 revelata
1037 5259 1171 5312 facie
1198 5269 1456 5321 sermonis
1487 5271 1656 5328 Evan-

103 5323 228 5390 gelii
286 5328 550 5391 prodeat.
604 5338 716 5391 Dati
769 5353 890 5396 sunt
937 5346 1008 5400 illi
1040 5351 1246 5417 triginta
1278 5363 1506 5424 argentei
1535 5376 1654 5418 cum

102 5415 341 5482 quinque
387 5422 535 5476 stolis
576 5429 805 5492 eptimis.
848 5436 1078 5505 Triginta
1106 5455 1381 5510 argenteos
1408 5454 1596 5522 accipit
1623 5473 1652 5512 a

1768 4641 1942 4686 autem
1983 4650 2257 4692 saccorum
2305 4642 2594 4711 frumento,
2627 4648 2982 4717 impletionem
3030 4673 3312 4729 corporum

1765 4734 2061 4779 sanctorum
2088 4732 2315 4796 prazmiis
2335 4735 2674 4801 sempiternis
2700 4740 2750 4793 in
2781 4741 3012 4802 fututum
3030 4749 3312 4821 signiﬁcat.

2326 4841 2551 4899 CAPUT
2588 4846 2740 4904 XLV.

1837 4924 1934 4989 Qui
1985 4927 2102 4992 {erit
2155 4944 2230 4980 me
2268 4933 2414 4996 quasi
2459 4946 2650 5004 patrem
2689 4940 2995 5003 Pharaonis.
3030 4952 3227 5011 Pharao
3257 4961 3307 5013 in

1764 5015 1863 5068 hoc
1891 5017 2006 5069 loco
2055 5019 2271 5085 ligarant
2322 5027 2494 5092 populi
2543 5028 2831 5090 Christiani
2877 5041 3071 5096 dicitur
3101 5056 3305 5110 tenere,

1634 5125 1659 5136 -
1760 5109 1840 5160 cui
1868 5120 2012 5175 pater
2040 5122 2119 5163 est
2147 5111 2363 5181 Joseplt,
2387 5118 2433 5171 id
2461 5131 2561 5186 est,
2592 5121 2853 5181 Christus.
2874 5132 3174 5200 Quodqued
3198 5109 3302 5194 cit;

1762 5195 1843 5250 Ne
1867 5200 2124 5253 dimittatis
2164 5205 2434 5273 quidquam
2479 5209 2542 5262 de
2568 5216 2869 5281 supellectili
2893 5195 3070 5286 uestra,
3099 5227 3300 5292 signiﬁ-

1759 5295 1843 5339 cat
1872 5288 2006 5354 quod
2057 5303 2158 5342 non
2206 5302 2413 5358 oportet
2462 5313 2558 5352 nos
2606 5302 2903 5370 relnquere
2941 5307 3132 5363 bonum
3163 5320 3299 5380 quod

1759 5376 2054 5443 incipimus,
2108 5381 2317 5447 quando
2371 5386 2608 5440 venimus
2663 5391 2726 5441 ad
2778 5391 3071 5449 Christum.
3104 5376 3305 5456 Diiltisil

1757 5464 1945 5532 Jtseph
1991 5469 2175 5531 fratres
2198 5487 2334 5535 suos,
2361 5476 2449 5542 qui
2478 5479 2830 5532 nuntiaverunt
2862 5487 3013 5550 patri,
3047 5489 3262 5548 dicentes
3289 5514 3298 5548 :

99 5504 336 5569 Christo,
371 5512 665 5582 quicunque
700 5526 942 5584 praedicat
972 5530 1020 5580 in
1046 5532 1304 5590 Trinitate
1326 5545 1407 5593 vel
1438 5561 1650 5605 crucem

100 5592 324 5647 Christi.
382 5598 602 5669 ldquue
654 5607 842 5664 Paulus
872 5617 941 5668 ait
974 5635 986 5670 :
1023 5618 1129 5672 Nec
1158 5626 1290 5678 enim
1320 5631 1540 5690 indicaui
1571 5657 1649 5694 me

103 5691 231 5735 scire
268 5687 457 5754 a’iquid
502 5694 628 5746 inter
651 5711 756 5761 vos,
795 5703 892 5755 nisi
935 5707 1111 5760 Iesum
1140 5711 1416 5786 Christum,
1451 5739 1499 5778 et
1520 5729 1653 5783 [tunc

106 5775 417 5840 .tuciﬁtttm.
449 5780 687 5855 Quinque
716 5791 852 5845 cnim
895 5799 1057 5853 stolas
1079 5803 1392 5869 sapientium
1420 5823 1642 5889 accepit,

1753 5554 1940 5622 Joscplt
1990 5557 2128 5623 filius
2170 5572 2284 5614 tuus
2314 5567 2448 5629 vivit,
2496 5577 2544 5620 et
2599 5571 2704 5636 ipsc
2729 5582 2803 5624 est
2837 5574 3080 5631 Dominus
3110 5586 3159 5634 in
3192 5590 3306 5637 uni-

1752 5659 1892 5696 versa
1919 5643 2168 5715 zEgypto.
2203 5650 2417 5721 Expavit
2437 5668 2598 5711 autent
2626 5658 2804 5714 Iacob.
2833 5663 2984 5720 Plebs
3016 5670 3302 5732 incredula.

1753 5736 1844 5787 sed
1895 5746 2014 5804 post
2061 5745 2307 5809 cognovit
2371 5747 2568 5803 Christi
2599 5764 2766 5820 gesta,
2797 5759 3058 5813 reviviscit
3085 5766 3301 5829 spiritus

1755 5827 1912 5892 illius,
1968 5838 2019 5883 et
2048 5833 2134 5897 qui
2165 5834 2435 5894 videbatur
2465 5854 2721 5912 mortuus,
2755 5857 2968 5905 vocatur
2999 5851 3100 5908 llde
3124 5870 3298 5909 remr—
