3872 6262
554 411 645 465 Sil

1037 410 1234 470 usus
1273 413 1712 471 \‘ENEllABiLlS
1748 391 2070 472 oreituui

2172 413 2231 472 ιε
2260 409 2350 472 ii.‘
2371 443 2438 456 -
2477 414 2880 473 EXEGETICA‘
2897 415 3194 472 GENIIINA

3612 414 3729 470 υς

546 520 790 577 rectionis
837 520 1045 578 Christi.
1104 524 1402 578 Vivilicatur
1450 539 1576 598 ergo
1622 540 1653 578 a
1712 525 1828 578 filiis
1852 526 1986 588 suis.
2017 524 2070 580 id
2097 530 2142 588 Α
2174 534 2316 595 ptum
2342 504 2425 581 est
2454 543 2470 579 :
2499 525 2564 581 Et
2588 527 2800 581 obtinuit
2827 527 2942 582 illos
2967 530 3147 598 fama.
3175 524 3411 596 ,ευριὶί
3441 525 3593 582 fante
3614 540 3726 596 op-

409 639 427 656 ο
545 626 646 676 ω,
687 626 714 664 a
764 611 938 676 Petro,
981 624 1034 668 et
1077 614 1254 679 Paulo,
1285 624 1340 670 et
1359 612 1580 670 Joanne.
1608 615 1832 684 Populus
1855 615 2068 672 iudico-

544 718 661 757 rum
707 703 951 757 invitatur
1003 703 1068 758 ad
1113 704 1901 773 graliam,occurrits'lliIudas,
1931 705 2068 776 quod

546 793 916 862 interpretatur
937 793 1222 856 confessio,
1251 794 1369 863 quia
1406 795 1654 862 praecedit
1673 795 1782 863 jam
1808 795 2071 851 confessio

542 895 674 949 quos
701 889 822 935 ante
848 881 1059 948 perlidia
1091 881 1409 949 possidebat.
1438 882 1585 950 Quod
1613 892 1785 937 autem
1816 884 1880 938 ad
1908 883 2072 939 Iacob

537 969 729 1023 dicitur
752 985 767 1023 :
791 966 979 1035 Ioseph
1019 982 1168 1038 ponet
1217 985 1420 1023 mortem
1445 987 1596 1039 super
1620 975 1794 1027 oculos
1815 982 1944 1038 tuos,
1975 988 2071 1042 po-

542 1067 643 1112 test
669 1057 962 1128 signiﬁcare
999 1060 1136 1126 quod
1157 1058 1221 1113 de
1243 1059 1386 1114 tribu
1407 1057 1619 1129 -Iosepb
1646 1060 2067 1128 fuit-Ieroboam,

543 1143 634 1213 qui
665 1129 786 1198 fecit
834 1144 966 1198 duos
1011 1146 1195 1201 vitulos
1213 1161 1420 1210 aureos,
1452 1156 1510 1200 ut
1529 1148 1804 1202 reducent
1821 1149 2069 1217 populum

539 1234 762 1286 adorare
805 1242 1040 1297 eos;-et
1084 1248 1178 1300 per
1222 1234 1342 1300 boc,
1377 1235 1519 1291 velut
1545 1235 1801 1302 impositis
1829 1235 2071 1290 manibus

539 1322 655 1375 suis
698 1321 983 1374 occaecavit
1033 1331 1085 1376 et
1106 1321 1296 1376 clausit-
1317 1325 1502 1378 ocules
1531 1323 1809 1388 lsrael,-ne
1835 1325 2075 1380 viderent

539 1408 858 1477 impietatem
883 1424 1052 1473 uiam,
1074 1411 1159 1464 vel
1185 1420 1330 1465 certe
1357 1411 1531 1479 specie
1560 1411 1787 1479 pietatis.
1821 1413 1945 1468 lico
1967 1415 2072 1469 sub

541 1498 718 1565 specie
763 1486 921 1551 futuri
968 1512 998 1550 a
1026 1497 1248 1553 Domino
1275 1499 1408 1552 dicta
1438 1508 1578 1554 sunt.
1608 1500 1892 1556 Pessnus
1913 1503 2069 1558 etiam

540 1585 739 1651 dicere,
781 1587 901 1655 quia
920 1586 1060 1641 velut
1079 1587 1272 1656 Ioseph
1311 1589 1564 1644 Dominus
1589 1598 1770 1646 noster
1797 1594 1934 1648 sicut
1955 1606 2074 1647 eor-

538 1674 771 1742 poralem
824 1689 1033 1729 manum
1079 1691 1225 1731 suam
1266 1679 1432 1746 posuit
1462 1693 1618 1747 super
1643 1681 1822 1734 oculos
1841 1680 1989 1745 caci,
2018 1687 2074 1734 et

539 1765 704 1819 visum
749 1765 978 1834 recepit;
1029 1767 1098 1821 ita
1121 1767 1278 1821 etiam
1299 1767 1622 1836 spiritualem
1652 1784 1864 1824 manum
1895 1771 2075 1839 posuit

2177 617 2501 686 primuntur;
2524 615 2688 672 Iacob
2713 627 2889 671 autem
2926 626 2982 671 et
3012 617 3146 672 Ilios
3165 617 3314 672 illius
3344 631 3450 670 non
3478 615 3725 672 deti-uis

2169 703 2356 758 Iames.
2389 703 2535 758 Licet
2575 704 2715 758 enim
2745 705 2989 759 scribitur
3023 703 3164 774 quod
3195 704 3469 773 prmvaluit
3510 705 3720 763 fames.

2169 807 2274 846 non
2339 790 2513 846 tamen
2559 794 2807 847 scribitur
2839 793 2988 862 quod
3053 792 3280 848 obtinuit
3323 794 3464 848 lilioa
3519 792 3720 847 latael-

2169 878 2404 948 Di-nique
2428 881 2667 949 superius
2693 881 2946 949 scriptum
2975 899 2988 934 :
3029 879 3298 936 Descendit
3349 880 3610 934 Αιηιω-
3655 880 3725 932 in

2168 966 2450 1040 Egyptian
2485 1011 2499 1036 ,
2544 970 2663 1038 quia
2707 970 2964 1036 praealtis
3007 960 3166 1038 [nates
3222 971 3276 1024 in
3319 978 3456 1023 tare
3497 969 3726 1021 Iudas.

2170 1057 2370 1125 Quanta
2396 1060 2595 1113 cautela
2625 1059 2876 1128 scriptum
2903 1069 2986 1114 est
3008 1059 3074 1115 de
3101 1061 3299 1115 sanctis
3323 1100 3341 1122 .
3371 1059 3511 1128 quod
3539 1058 3728 1112 lamas

2171 1144 2224 1199 in
2259 1155 2396 1200 terra
2426 1148 2694 1214 prcvaluit
2719 1189 2735 1212 ,
2771 1145 2996 1202 refertur
3019 1186 3034 1210 ,
3078 1161 3198 1202 cum
3251 1148 3319 1202 de
3359 1147 3538 1214 impiis
3583 1145 3726 1201 dicit

2171 1234 2312 1303 ipsos
2340 1235 2474 1289 fame
2498 1234 2764 1298 obtentos;
2805 1249 2974 1306 neque
3002 1235 3288 1299 Abraham.
3325 1249 3496 1305 neque
3527 1235 3716 1297 isaae.

2171 1336 2340 1392 neque
2361 1321 2522 1378 Iacob
2545 1362 2560 1386 .
2587 1338 2686 1378 nec
2715 1324 2851 1378 lilios
2876 1340 3056 1380 eorum
3083 1324 3307 1379 detinuit
3331 1325 3524 1378 fames.
3554 1324 3719 1389 Quod

2170 1412 2474 1480 ergojustis
2499 1413 2810 1467 exercitium
2837 1422 2918 1466 est
2945 1413 3176 1476 virtutis,
3199 1413 3300 1466 hoc
3320 1411 3536 1482 iniustis
3554 1426 3725 1480 ναοί

2171 1509 2257 1555 est
2309 1501 2528 1568 peccati.
2587 1499 2868 1565 Quienim
2897 1501 3182 1556 naiadum
3212 1511 3408 1556 ternm
3458 1503 3726 1570 sapient,

2171 1586 2442 1654 patiuntur
2462 1587 2652 1642 famem
2683 1588 2829 1642 verbi
2856 1587 2951 1642 Dei
2977 1630 2992 1654 ,
3022 1591 3144 1656 quia
3177 1590 3428 1658 pravaiet
3461 1590 3636 1644 fames
3666 1591 3726 1641 in

2175 1684 2333 1728 terre.
2351 1674 2505 1730 Justi
2523 1686 2688 1730 autem
2713 1715 2730 1742 ,
2760 1678 2895 1732 sicut
2921 1678 3172 1746 scriptum
3199 1688 3311 1742 est.
3338 1679 3392 1732 iis
3416 1679 3602 1732 dubus
3632 1680 3730 1745 {a-

2171 1767 2266 1819 ntis
2305 1765 2689 1822 saturabantsr.
2738 1766 2980 1822 invenies
3023 1777 3229 1832 autem,
3257 1767 3346 1837 qui
3394 1769 3465 1822 de
3503 1769 3729 1823 semine

543 1867 703 1921 super
727 1855 908 1908 oculos
935 1854 1083 1924 legis,
1112 1857 1198 1920 qui
1219 1871 1315 1924 per
1343 1857 1736 1927 intelligentiam
1765 1859 2066 1915 Scribaru
2101 1841 2147 1904 Β
2178 1852 2398 1908 Mlan
2439 1861 2760 1919 υιιευηιυιλο
2801 1853 3138 1910 ἀαιοοαάίηο
3183 1855 3236 1908 in
3277 1853 3611 1924 Esmun;
3660 1863 3722 1908 α

535 1949 593 1995 et
617 1940 995 1996 Pharisaeorum
1021 1944 1268 1998 excaecati
1292 1953 1437 2011 sunt,
1466 1954 1520 2000 et
1538 1945 1765 2000 reddidit
1783 1947 1854 2001 illi
1873 1948 2062 2016 visunt,
2177 1940 2385 2002 rursus.
2413 1939 2546 1993 alios
2584 1939 2738 1994 tam!
2766 1940 3064 1996 ascendisse
3091 1940 3158 1995 de
3179 1938 3437 2010 Ευριοο
3469 1942 3721 2011 Denique

537 2039 596 2085 ut
621 2031 702 2085 his
729 2032 915 2100 quibus
941 2033 1145 2102 aperuit
1171 2047 1356 2090 sensus
1389 2035 1714 2106 spirituales,
1741 2035 1798 2092 in
1821 2037 1959 2108 iege,
1989 2039 2070 2095 vi-

533 2132 626 2175 sus
645 2129 705 2176 et
726 2119 1021 2178 intellectus
1046 2132 1317 2192 appareat.

1087 2209 1309 2265 CAPUT
1359 2210 1541 2266 ηνι.

605 2294 866 2366 Profectus
891 2311 1007 2369 ergo
1038 2294 1201 2352 Israel
1235 2299 1361 2353 venit
1386 2301 1454 2352 ad
1481 2312 1684 2370 puteum
1703 2341 1719 2367 ,
1739 2308 1803 2356 'el
1828 2301 2070 2373 eiditper

539 2385 775 2439 visionem
800 2397 970 2449 nocte,
1022 2397 1076 2442 et
1104 2387 1322 2458 reliqua.
1355 2389 1428 2443 De
1456 2389 1556 2444 hoc
1582 2391 1670 2445 alii
1706 2390 1778 2444 ita
1806 2391 2068 2454 sentiunt,

538 2477 677 2545 quod
717 2491 870 2533 nemo
895 2477 1027 2533 vidit
1055 2478 1247 2543 Deum,
1291 2479 1390 2532 nisi
1421 2480 1483 2532 ad
1523 2479 1838 2546 baptismum
1882 2495 2072 2548 perve-

536 2565 704 2627 nerit,
737 2571 792 2618 et
817 2563 880 2616 ad
912 2565 1138 2630 perfecta
1178 2578 1373 2632 opera;
1415 2555 1750 2619 sicut'Iacob
1785 2565 1848 2619 ad
1873 2580 2062 2635 aquam

537 2650 830 2718 pervenerit
851 2652 1160 2719 juramenti,
1191 2662 1243 2706 et
1272 2662 1390 2720 post
1427 2651 1752 2707 victimarum
1779 2656 2057 2710 mactatio-

545 2753 666 2794 nem
693 2739 801 2795 Deo
828 2739 1083 2796 audiverit
1109 2741 1252 2795 illum
1281 2755 1376 2810 per
1406 2739 1680 2798 visionem.

1064 2846 1289 2902 CAPUT
1344 2847 1545 2902 XLVII.

592 2934 808 2989 Pharae
833 2944 998 2989 autem
1021 2936 1194 2989 inritat
1222 2933 1386 2989 Israel
1412 2945 1458 2989 et
1485 2933 1618 3005 ﬁlios
1647 2937 1806 2992 illius.
1834 2936 2054 3006 Signiﬁ-

535 3035 620 3079 cat
649 3034 845 3092 partem
890 3023 1156 3078 fortiorem
1195 3023 1369 3092 populi
1409 3022 1690 3079 Christiani
1733 3025 1973 3080 inlirmos
1997 3024 2064 3079 ad

535 3115 823 3211 doctrinam
849 3113 1168 3181 spirituaietn
1193 3112 1847 3211 iii-Ecclesiainvitantem.
1873 3116 2058 3170 Postea
2089 3148 2137 3211 ο

535 3217 665 3258 vero
691 3200 883 3269 Ioseph
911 3202 1157 3264 occurrit,
1179 3201 1266 3267 qui
1294 3214 1473 3254 semen
1498 3201 1604 3270 iam
1633 3211 1786 3257 actate
1811 3217 2060 3270 suscepe-

535 3299 616 3346 rat
659 3289 711 3343 in
743 3289 936 3343 ultimis
966 3287 1287 3356 temperihus
1318 3289 1562 3357 populum
1591 3288 1888 3344 Iud-.eorum
1909 3329 1925 3354 ,
1959 3305 2060 3344 non

537 3379 820 3435 secundum
869 3379 1175 3432 electionem
1205 3379 1383 3446 gratim
1412 3392 1540 3432 aute.
1585 3378 1807 3445 lmponit
1854 3393 2066 3432 manum

534 3485 694 3539 super
729 3469 906 3524 oculos
957 3469 1127 3532 illius,
1169 3469 1456 3522 caecitatem
1496 3467 1688 3523 aufert.
1738 3468 1896 3537 Cujus
1945 3469 2064 3544 ideo

536 3559 735 3614 distulit
779 3559 1090 3622 caecitatem,
1120 3567 1177 3610 ut
1206 3568 1470 3634 postremo
1519 3558 1795 3612 crederent
1827 3557 1915 3626 qui
1946 3565 2068 3611 ante

538 3650 788 3721 putabant
817 3663 917 3701 nul.
949 3661 1067 3701 esse
1095 3647 1432 3700 credendum.
1462 3646 1608 3701 Unde
1635 3651 1913 3716 Apostolus
1943 3651 2065 3703 ait»:

537 3739 669 3803 Quia
692 3737 892 3791 recitas
911 3751 972 3789 ea:
999 3745 1137 3803 parte
1168 3733 1328 3788 Israel
1352 3735 1489 3802 facta
1509 3745 1579 3788 est
1597 3775 1611 3799 ,
1634 3737 1788 3788 donec
1813 3737 2072 3804 plenitudo

537 3828 756 3898 gentium
805 3827 1050 3891 intraret,
1089 3834 1134 3878 et
1177 3825 1248 3877 sic
1297 3826 1457 3876 omnis
1493 3822 1657 3877 Israel
1709 3825 1872 3876 salvus
1911 3826 2070 3890 ﬁeret.

538 3917 720 3970 Tradit
755 3925 866 3985 post
895 3916 999 3967 Iure
1039 3912 1230 3981 Ioseph
1274 3914 1558 3982 parentibus
1593 3922 1640 3966 et
1690 3914 1927 3981 fratribus
1967 3917 2072 3967 suis

537 4014 724 4058 terram
753 4005 974 4070 opimam
999 4002 1231 4065 Cessent,
1273 4002 1498 4071 praberts
1537 4001 1646 4054 illis
1687 4003 1906 4068 cibaria,
1945 4005 2066 4070 quia

539 4093 1014 4164 [anteslpossederal
1042 4102 1248 4146 terram.
1273 4091 1358 4147 Sic
1384 4101 1437 4146 et
1475 4091 1718 4147 Dominus
1755 4093 1914 4162 elegit
1966 4104 2072 4147 ter-

2172 2035 2228 2082 et
2253 2025 2322 2081 de
2348 2027 2463 2105 ipso
2497 2027 2761 2082 Abraham
2790 2029 2982 2090 dicitur
3018 2047 3031 2083 :
3077 2029 3314 2083 Ascendit
3342 2031 3617 2084 Abraham
3652 2032 3728 2083 de

2171 2111 2421 2185 Egypto,
2447 2115 2553 2185 ipse
2576 2127 2764 2170 «uxor
2783 2115 2949 2183 illius,
2981 2128 3026 2172 et
3046 2119 3216 2171 omnia
3242 2134 3355 2187 qua
3378 2119 3530 2173 illius
3555 2129 3727 2173 mut.

2172 2203 2240 2259 Et
2267 2205 2332 2259 ad
2360 2207 2502 2260 Isaac
2529 2206 2719 2261 dicitur
2749 2224 2769 2262 :
2788 2205 2869 2260 Ne
2893 2207 3161 2261 descendas
3181 2207 3234 2260 in
3262 2205 3586 2277 ﬁgyptunt.
3617 2207 3728 2262 Sed

2171 2299 2225 2345 et
2252 2291 2556 2356 ismaelitte,
2604 2294 2692 2360 qui
2723 2294 2998 2361 portabant
3035 2295 3374 2364 thymiamata
3417 2333 3437 2360 ,
3479 2306 3542 2350 et
3587 2301 3728 2350 res:

2173 2395 2292 2435 nam
2321 2390 2375 2436 et
2417 2391 2613 2449 guttam
2634 2424 2650 2450 ,
2692 2383 2778 2452 qui
2809 2392 2861 2438 et
2905 2384 3004 2452 ipsi
3037 2385 3239 2438 semine
3277 2385 3509 2440 Abraha:
3537 2387 3730 2442 venie-

2171 2471 2338 2540 bant,
2387 2473 2723 2529 descendisse
2768 2473 3010 2530 dicuntur
3055 2476 3108 2530 in
3135 2474 3440 2546 Egyptum.
3487 2476 3564 2531 Et
3608 2487 3730 2546 post

2173 2577 2335 2631 pauca
2367 2581 2378 2615 :
2420 2560 2826 2630 Descendcrunt,
2873 2565 3070 2631 inquit,
3099 2565 3279 2634 fratres
3315 2566 3367 2617 in
3397 2563 3721 2637 κεςςμιιι.

2171 2652 2238 2708 Et
2264 2662 2378 2724 post
2406 2669 2568 2722 pauca
2597 2673 2610 2708 :
2648 2654 2988 2710 Ascutderunt
3022 2655 3084 2710 de
3111 2655 3340 2726 Egypto
3359 2695 3373 2718 ,
3402 2667 3452 2708 et
3472 2667 3725 2711 uenerunt

2169 2745 2237 2798 ad
2268 2754 2460 2816 patrem
2499 2761 2644 2799 suum
2671 2746 2724 2798 in
2753 2757 2885 2800 terra
2911 2745 3184 2812 Chanaan,
3230 2758 3282 2802 et
3323 2747 3508 2801 dicunt
3543 2764 3567 2801 :
3623 2747 3726 2801 Io-

2167 2833 2287 2904 seph
2325 2833 2463 2902 ﬁlius
2513 2843 2626 2888 tuus
2661 2835 2806 2900 vivit,
2835 2845 2880 2890 el
2903 2837 3010 2904 ipse
3039 2835 3287 2890 Dominus
3315 2836 3367 2889 in
3400 2839 3549 2890 omni
3586 2846 3726 2890 terra

2161 2921 2406 2994 -£gypti.
2442 2924 2563 2979 litae
2590 2926 2656 2978 ad
2685 2940 2914 2994 praesens
2956 2927 3024 2980 de
3050 2927 3362 2982 ascensione
3403 2937 3458 2982 et
3489 2927 3726 2981 desecti-

2179 3013 2329 3068 sione
2396 3023 2670 3082 potuerunt
2724 3014 2974 3069 studiosis
3016 3015 3307 3084 quibusque
3369 3017 3721 3071 occasionem

2183 3105 2438 3171 prebere.
2475 3104 2621 3170 Quod
2671 3113 2844 3158 autem
2875 3105 3066 3158 dicitur
3105 3122 3118 3157 :
3165 3103 3355 3172 Ioseph
3381 3106 3543 3172 .ﬁlius
3607 3119 3724 3159 luas

2170 3195 2330 3260 sivit,
2362 3204 2416 3249 et
2458 3195 2690 3264 reliqua,
2738 3210 2840 3249 non
2877 3196 3046 3250 otiose
3085 3195 3281 3249 dictum
3313 3206 3413 3250 est.
3462 3197 3523 3251 Si
3578 3199 3723 3252 enim

2171 3284 2423 3352 potuisset
2471 3285 2602 3338 vinci
2653 3298 2680 3336 a
2707 3285 2948 3358 libidine.
2975 3285 3081 3340 hoc
3107 3285 3173 3340 de
3213 3300 3280 3340 eo
3323 3286 3550 3341 fortasse
3581 3303 3722 3340 nun—

2174 3371 2352 3425 tiatum
2396 3387 2496 3426 non
2527 3373 2707 3428 luisset
2739 3375 2867 3440 patri
2893 3373 3059 3427 illius.
3103 3372 3218 3428 Hoc
3262 3375 3409 3428 enim
3457 3375 3590 3430 sine
3622 3377 3720 3429 du-

2171 3460 2260 3515 bio
2288 3461 2332 3514 si
2363 3460 2605 3524 fecisset,
2639 3475 2742 3514 non
2772 3461 2997 3515 vivebat.
3029 3461 3212 3514 Anima
3232 3465 3364 3514 enim
3391 3479 3722 3533 σωρεία-

2170 3551 2322 3615 eerit,
2350 3550 2459 3617 ipsa
2499 3550 2752 3602 morietur.
2787 3548 3037 3618 Quodque
3077 3551 3306 3604 dicitur:
3345 3551 3465 3620 Ipse
3500 3566 3583 3608 est
3612 3555 3721 3608 Do-

2170 3641 2332 3692 minus
2373 3641 2423 3692 in
2465 3641 2598 3692 omni
2627 3649 2758 3692 terra
2787 3638 3027 3710 ﬁgypti,
3061 3642 3157 3695 hoc
3201 3657 3325 3696 vere
3350 3659 3608 3714 magnum
3641 3659 3722 3700 est
3831 3679 3833 3709 ι

2171 3728 2248 3782 illi
2271 3765 2286 3792 ,
2318 3730 2452 3796 quod
2489 3730 2540 3782 in
2571 3729 2820 3784 ditionem
2843 3743 2990 3783 suam
3019 3731 3205 3799 redigit
3232 3731 3555 3801 Egyptum.
3589 3736 3720 3789 Cai-

2169 3830 2291 3870 care
2341 3818 2640 3883 libidinem,
2689 3816 3186 3885 l’ugerelusuriam,
3235 3835 3532 3890 omnesque
3562 3827 3721 3878 volu-

2173 3915 2340 3973 ptates
2367 3907 2537 3983 carnis
2560 3920 2794 3973 premere
2809 3920 2874 3959 ac
2903 3907 3187 3971 refrenare,
3221 3908 3320 3960 hoc
3336 3919 3417 3962 est
3441 3911 3720 3980 principa-

2177 4004 2279 4049 tum
2315 4011 2495 4064 gerere
2553 3996 2712 4050 totius
2756 3995 2987 4064 Egypti.
3025 3995 3078 4050 Si
3127 3998 3245 4061 quis
3282 4013 3408 4052 vero
3456 4009 3538 4053 est
3564 4042 3582 4066 ,
3633 4003 3719 4069 qui

2173 4088 2339 4155 aliqua
2365 4087 2574 4155 ‘quidem
2603 4088 2720 4140 vitia
2766 4089 2936 4140 carnis
2965 4087 3192 4156 subigit,
3226 4088 3342 4141 aliis
3377 4104 3503 4144 vero
3533 4094 3716 4153 cedit,

538 4201 651 4240 rain
678 4186 925 4250 Optimam
945 4183 1266 4251 parentibus,
1300 4182 1350 4236 id
1379 4194 1492 4246 est,
1526 4183 1833 4248 putriarcbis
1859 4192 1913 4236 et
1952 4198 2071 4249 pro-
2171 4175 2236 4229 de
2261 4177 2365 4230 isto
2412 4191 2522 4228 non.
2546 4177 2741 4245 integre
2773 4175 2961 4230 dicitur
2987 4178 3103 4244 quia
3167 4177 3513 4246 principatum
3551 4182 3719 4233 totius

542 4272 740 4338 pinetis,
773 4283 838 4323 ex
865 4270 1054 4337 quibus
1083 4276 1234 4321 natus
1257 4276 1342 4321 est
1359 4269 1604 4321 Christus
1631 4269 1916 4322 secundum
1955 4283 2072 4321 car-
2174 4275 2325 4317 terra:
2353 4263 2561 4333 ωαγνιὶ
2592 4305 2606 4328 ,
2651 4264 2739 4316 sed
2772 4267 2922 4318 unius
2951 4264 3170 4330 fortasse
3217 4267 3297 4320 vei
3352 4269 3584 4322 duarum
3636 4272 3715 4323 vel

545 4373 664 4414 nem
685 4397 700 4423 ,
729 4358 839 4411 sive
865 4357 1109 4410 omnibus
1138 4358 1330 4408 sanctis
1350 4396 1365 4422 ,
1394 4357 1461 4408 de
1487 4357 1676 4422 quibus
1703 4357 1752 4408 in
1783 4355 2070 4423 Evangelio
2175 4351 2328 4404 trium
2357 4353 2619 4404 civitatum
2655 4351 2993 4418 principatum
3020 4352 3278 4407 videbitur
3328 4369 3536 4429 get-ere.
3564 4357 3716 4422 Quod

540 4447 610 4502 ait
657 4464 673 4502 :
718 4446 790 4500 lli
833 4453 952 4497 sunt
1005 4444 1182 4513 fratres
1219 4444 1349 4507 mei,
1387 4445 1472 4510 qui
1517 4444 1710 4510 Iccium
1763 4444 2063 4497 uoluntatem
2099 4472 2152 4531 Β
2177 4451 2347 4495 autem
2377 4456 2478 4494 non
2508 4444 2557 4494 in
2591 4443 2866 4508 praesentia
2889 4443 3083 4510 Ioseph
3115 4457 3262 4512 pater
3291 4454 3343 4496 et
3373 4443 3604 4501 fratres.
3641 4448 3716 4498 εἰ·
3813 4503 3815 4531 i

542 4552 720 4590 meum.
746 4535 837 4588 liis
867 4535 1020 4603 igitur
1048 4532 1136 4585 dat
1181 4541 1375 4586 terram
1419 4533 1780 4598 promissionis
1801 4573 1816 4598 ,
1843 4548 2058 4602 regnum
2099 4528 2134 4531 ⁷
2176 4529 2381 4597 gnificat
2409 4530 2544 4598 quod
2571 4530 2621 4583 in
2661 4531 2933 4596 praesentia
2961 4543 3056 4582 nos
3085 4528 3348 4583 Christum
3370 4545 3470 4596 per
3505 4547 3718 4602 specu—

541 4623 652 4677 Dei.
689 4625 758 4677 De
786 4627 880 4677 hac
911 4622 1164 4690 Propheta
1190 4621 1289 4674 ait:
1315 4620 1473 4674 Credo
1503 4622 1665 4673 cidere
1692 4623 1823 4674 bona
1855 4622 2058 4676 Domini

541 4716 595 4764 in
623 4722 754 4762 terra
777 4711 1062 4764 uiuentium.
1090 4711 1186 4764 Alii
1218 4724 1342 4764 vero
1370 4711 1566 4774 dicunt,
1591 4725 1682 4779 per
1710 4720 1899 4765 terram
1929 4712 2060 4766 Ges-

550 4815 664 4853 sem
691 4835 707 4860 ,
736 4799 874 4866 quod
904 4801 1276 4866 interpretatur
1303 4802 1626 4867 proximitas,
1657 4800 1943 4856 Eccicsiam
1973 4804 2068 4858 de-

546 4890 779 4958 signari,
812 4903 926 4954 qua:
987 4891 1218 4955 proxima
1263 4900 1345 4943 est
1406 4906 1564 4960 regno
1623 4893 1912 4960 calorum,
1962 4896 2071 4947 sive

544 4974 757 5032 mundo.
801 4977 1042 5040 Quodque
1067 4973 1221 5028 Iacob
1242 4977 1456 5030 tulerunt
1483 4979 1576 5045 ﬁlii
1605 4978 1787 5043 Israel,
1816 4979 2072 5048 signiﬁcat

553 5066 796 5136 pupulum
819 5063 1172 5118 Christianum
1213 5077 1388 5116 secum
1418 5066 1481 5118 ad
1513 5066 1666 5118 fidem
1693 5077 1937 5134 portare,
1966 5069 2076 5122 sive

551 5159 614 5212 ad
647 5167 842 5226 partem
871 5155 1148 5223 (iuniorem
1180 5151 1420 5206 Ecclesia:
1448 5154 1713 5221 inﬁrmus,
1749 5165 1807 5208 ut
1832 5158 2069 5225 supeiiua

499 5224 505 5230 ’
547 5251 613 5302 de
642 5224 910 5302 i‘haraone
934 5243 1176 5297 diximus.
1208 5239 1416 5294 Parvuli
1440 5253 1602 5296 autem
1654 5253 1699 5296 et
1732 5224 1961 5300 mulieres
1995 5248 2079 5300 si-

2175 4619 2277 4672 lum
2308 4620 2560 4685 videmus,
2593 4630 2650 4672 et
2677 4621 2726 4671 in
2755 4619 3049 4686 aenigmate.
3080 4618 3335 4688 Quodque
3364 4624 3496 4676 dicit
3527 4641 3542 4676 :
3587 4623 3718 4678 loli

2173 4718 2217 4762 et
2245 4709 2382 4773 parci
2408 4717 2525 4760 sunt
2548 4709 2684 4770 dies,
2714 4707 2790 4761 sic
2823 4706 3246 4776 lnteiligendn,
3291 4711 3440 4778 quasi
3470 4713 3712 4768 diceret:

2175 4797 2379 4851 Utinam
2423 4797 2638 4850 fuissent
2682 4792 2794 4850 dies
2840 4797 2940 4851 mei
2989 4799 3146 4866 longe
3197 4810 3439 4869 tempore
3483 4804 3538 4855 in
3581 4820 3717 4872 pr:-

2173 4885 2343 4940 sentil
2375 4885 2539 4940 Aliter
2562 4886 3070 4967 sententiam‘populi
3100 4886 3373 4941 Christiani
3417 4900 3539 4956 post
3566 4892 3715 4949 babi-

2179 4975 2425 5030 tatiunetn
2473 4973 2625 5041 hujus
2654 4974 2834 5030 mundi
2861 4975 3138 5042 significat.
3175 4974 3325 5030 Parvi
3353 4979 3496 5032 cui
3531 4983 3716 5038 siden-

2177 5074 2258 5119 tur
2288 5074 2380 5133 pro
2406 5067 2632 5132 inaniis
2659 5080 2773 5132 quae
2811 5065 3138 5130 accipiuntur
3182 5065 3233 5118 in
3267 5064 3471 5135 futuro,
3514 5081 3574 5125 et
3603 5089 3714 5128 ιη-

2179 5156 2212 5206 li
2247 5155 2296 5207 in
2347 5155 2740 5221 comparatione
2784 5163 2906 5206 sunt
2955 5153 3158 5206 dierum
3209 5153 3526 5213 futurorum.
3585 5161 3714 5216 Post

2178 5245 2281 5296 lm'c
2310 5193 2504 5296 dicitur
2519 5244 2648 5311 quod
2674 5240 2858 5309 Ioseph
2891 5255 3086 5293 omnem
3117 5249 3300 5296 ter-rans
3326 5193 3712 5314 £9,3i,$
3797 5193 3801 5314 β

551 5339 794 5407 gnificant
824 5335 1165 5388 dili‘erentiain
1207 5344 1549 5400 personarum
1581 5333 1630 5384 in
1679 5335 1778 5388 lide
1801 5375 1816 5399 ,
1846 5337 1957 5389 sive
1987 5353 2075 5389 ru-
2178 5336 2398 5387 dentibus
2422 5334 2632 5402 singulis
2655 5333 2984 5400 possessiones
3011 5347 3157 5396 suas,
3187 5334 3400 5404 subjecit
3419 5335 3710 5395 Pharaoni.

551 5433 644 5482 des
690 5442 872 5480 sensus
937 5425 1142 5477 anima.
1193 5424 1427 5478 Plaustra
1462 5463 1478 5488 ,
1540 5427 1777 5492 exempla
1814 5425 2076 5492 justorum
2177 5427 2289 5480 Iunt
2313 5430 2482 5480 nullus
2509 5437 2590 5480 est
2618 5427 2752 5480 liber
2777 5425 2828 5478 in
2850 5422 3099 5494 Aigypto.
3129 5425 3332 5478 Pharao
3355 5431 3498 5482 enim
3519 5443 3714 5501 omnes

555 5517 664 5568 sive
716 5513 953 5565 mandata
1015 5511 1328 5577 Scriptura,
1374 5511 1425 5564 in
1494 5511 1679 5578 quibus
1747 5527 2079 5567 successores
2180 5518 2275 5570 sibi
2300 5517 2541 5584 subjecit.
2571 5515 2636 5569 Et
2666 5516 2883 5568 fortasse
2911 5512 3029 5566 ideo
3058 5513 3293 5567 dicitur:
3333 5515 3445 5583 Ego
3476 5533 3592 5570 se.
3617 5518 3716 5571 Do-

558 5605 734 5674 p0puli
761 5603 1009 5655 tolluntur
1033 5601 1095 5652 ad
1122 5603 1368 5654 unitatem
1405 5603 1678 5666 Ecclesiae,
1734 5614 1789 5658 tit
1824 5608 1907 5660 flat
1943 5624 2070 5661 unus

2180 5607 2340 5658 minus
2365 5603 2501 5657 Deus
2541 5613 2656 5656 tuus
2678 5641 2694 5664 ,
2730 5601 2813 5667 qui
2854 5600 3004 5652 eduxi
3043 5609 3102 5650 te.
3129 5600 3193 5653 de
3223 5611 3358 5654 terra
3383 5601 3630 5670 £996,
3659 5609 3716 5658 de

561 5696 792 5764 populus.
829 5694 1056 5760 Di-rique
1107 5694 1157 5747 iii
1203 5693 1538 5764 Septuaginta
1574 5696 1910 5752 translaticio
1948 5700 2080 5753 scti-
2195 5699 2342 5752 domo
2390 5696 2649 5752 servitutis.
2687 5692 2797 5748 iam
2825 5691 2888 5750 de
2917 5690 3148 5747 licbrtcis
3172 5689 3397 5760 dicitur,
3425 5697 3570 5765 quod
3608 5699 3712 5753 vio~
