  <div class='ocr_page' id='page_1' title='image "/cluster/home/n/w/nwhite01/storage/ocr_20150623/90-91/uva.x000827075/774.png"; bbox 0 0 3872 6262; ppageno 0'>
   <div class='ocr_carea' id='block_1_1' title="bbox 257 357 1821 436">
    <p class='ocr_par' dir='ltr' id='par_1_1' title="bbox 257 359 1821 431">
     <span class='ocr_line' id='line_1_1' title="bbox 257 359 1821 431; baseline -0.008 0"><span class='ocrx_word' id='word_1_1' title='bbox 257 371 378 431; x_wconf 67' lang='grc' dir='ltr'><strong>ω’</strong></span> <span class='ocrx_word' id='word_1_2' title='bbox 1023 368 1103 426; x_wconf 67' lang='grc' dir='ltr'><strong>ΙΝ</strong></span> <span class='ocrx_word' id='word_1_3' title='bbox 1125 363 1678 426; x_wconf 68' lang='grc' dir='ltr'><strong>ΡΡΜΑτευοιιυιι</strong></span> <span class='ocrx_word' id='word_1_4' title='bbox 1714 359 1821 420; x_wconf 85' lang='lat' dir='ltr'><strong>COI</strong></span> 
     </span>
    </p>
   </div>
   <div class='ocr_carea' id='block_1_2' title="bbox 1922 357 3432 436">
    <p class='ocr_par' dir='ltr' id='par_1_2' title="bbox 1922 359 3432 436">
     <span class='ocr_line' id='line_1_2' title="bbox 1922 359 3432 436; baseline 0.013 -20"><span class='ocrx_word' id='word_1_5' title='bbox 1922 359 2201 421; x_wconf 73' lang='lat' dir='ltr'><strong>BNTARII.</strong></span> <span class='ocrx_word' id='word_1_6' title='bbox 2240 395 2308 408; x_wconf 89' lang='lat'><em>-</em></span> <span class='ocrx_word' id='word_1_7' title='bbox 2344 367 2642 428; x_wconf 78' lang='lat' dir='ltr'><strong>CENESIS.</strong></span> <span class='ocrx_word' id='word_1_8' title='bbox 2939 364 2942 365; x_wconf 34' lang='grc'><strong><em>⁷</em></strong></span> <span class='ocrx_word' id='word_1_9' title='bbox 3321 376 3432 436; x_wconf 67' lang='grc' dir='ltr'><strong>επ</strong></span> 
     </span>
    </p>
   </div>
   <div class='ocr_carea' id='block_1_3' title="bbox 263 470 3427 554">
    <p class='ocr_par' dir='ltr' id='par_1_3' title="bbox 263 470 3427 554">
     <span class='ocr_line' id='line_1_3' title="bbox 263 470 3427 554; baseline 0 -13"><span class='ocrx_word' id='word_1_10' title='bbox 263 485 434 541; x_wconf 86' lang='lat' dir='ltr'><strong>ieater</strong></span> <span class='ocrx_word' id='word_1_11' title='bbox 467 482 521 537; x_wconf 85' lang='lat' dir='ltr'><strong>in</strong></span> <span class='ocrx_word' id='word_1_12' title='bbox 565 480 873 537; x_wconf 82' lang='lat' dir='ltr'><strong>servitan</strong></span> <span class='ocrx_word' id='word_1_13' title='bbox 919 479 1121 536; x_wconf 88' lang='lat' dir='ltr'><strong>redacti</strong></span> <span class='ocrx_word' id='word_1_14' title='bbox 1147 487 1293 537; x_wconf 89' lang='lat' dir='ltr'><strong>sunt.</strong></span> <span class='ocrx_word' id='word_1_15' title='bbox 1319 472 1621 549; x_wconf 65' lang='lat' dir='ltr'><strong>Egyptium</strong></span> <span class='ocrx_word' id='word_1_16' title='bbox 1667 489 1794 530; x_wconf 89' lang='lat' dir='ltr'><strong>vero</strong></span> <span class='ocrx_word' id='word_1_17' title='bbox 1824 470 1876 532; x_wconf 76' lang='grc' dir='ltr'><strong>Α</strong></span> <span class='ocrx_word' id='word_1_18' title='bbox 1899 473 2042 541; x_wconf 88' lang='lat' dir='ltr'><strong>lius,</strong></span> <span class='ocrx_word' id='word_1_19' title='bbox 2093 478 2364 549; x_wconf 73' lang='lat' dir='ltr'><strong>sexaginta</strong></span> <span class='ocrx_word' id='word_1_20' title='bbox 2391 492 2486 536; x_wconf 79' lang='lat' dir='ltr'><strong>sex</strong></span> <span class='ocrx_word' id='word_1_21' title='bbox 2512 481 2739 548; x_wconf 68' lang='lat' dir='ltr'><strong>anime,</strong></span> <span class='ocrx_word' id='word_1_22' title='bbox 2784 495 2906 554; x_wconf 65' lang='lat' dir='ltr'><strong>quae</strong></span> <span class='ocrx_word' id='word_1_23' title='bbox 2950 496 3175 554; x_wconf 67' lang='lat' dir='ltr'><strong>egressa</strong></span> <span class='ocrx_word' id='word_1_24' title='bbox 3212 497 3335 544; x_wconf 90' lang='lat' dir='ltr'><strong>sunt</strong></span> <span class='ocrx_word' id='word_1_25' title='bbox 3359 491 3427 546; x_wconf 73' lang='lat' dir='ltr'><strong>de</strong></span> 
     </span>
    </p>
   </div>
   <div class='ocr_carea' id='block_1_4' title="bbox 265 563 3426 644">
    <p class='ocr_par' dir='ltr' id='par_1_4' title="bbox 265 563 3426 644">
     <span class='ocr_line' id='line_1_4' title="bbox 265 563 3426 644; baseline 0.001 -17"><span class='ocrx_word' id='word_1_26' title='bbox 265 572 542 642; x_wconf 77' lang='lat' dir='ltr'><strong>populum.</strong></span> <span class='ocrx_word' id='word_1_27' title='bbox 571 569 725 625; x_wconf 73' lang='lat' dir='ltr'><strong>facile</strong></span> <span class='ocrx_word' id='word_1_28' title='bbox 747 569 799 623; x_wconf 92' lang='lat' dir='ltr'><strong>in</strong></span> <span class='ocrx_word' id='word_1_29' title='bbox 829 570 1138 626; x_wconf 97' lang='lat' dir='ltr'><strong>servitutem</strong></span> <span class='ocrx_word' id='word_1_30' title='bbox 1182 570 1386 640; x_wconf 87' lang='lat' dir='ltr'><strong>redegit</strong></span> <span class='ocrx_word' id='word_1_31' title='bbox 1432 569 1654 624; x_wconf 83' lang='lat' dir='ltr'><strong>Pharao.</strong></span> <span class='ocrx_word' id='word_1_32' title='bbox 1694 565 1799 620; x_wconf 86' lang='lat' dir='ltr'><strong>Per</strong></span> <span class='ocrx_word' id='word_1_33' title='bbox 1898 563 2186 620; x_wconf 86' lang='lat' dir='ltr'><strong>femoribus</strong></span> <span class='ocrx_word' id='word_1_34' title='bbox 2213 566 2376 622; x_wconf 91' lang='lat' dir='ltr'><strong>Iacoh</strong></span> <span class='ocrx_word' id='word_1_35' title='bbox 2405 605 2422 633; x_wconf 93' lang='lat'><strong>,</strong></span> <span class='ocrx_word' id='word_1_36' title='bbox 2469 577 2524 623; x_wconf 90' lang='lat' dir='ltr'><strong>et</strong></span> <span class='ocrx_word' id='word_1_37' title='bbox 2563 569 2874 624; x_wconf 89' lang='lat' dir='ltr'><strong>introierunt</strong></span> <span class='ocrx_word' id='word_1_38' title='bbox 2899 573 2952 626; x_wconf 91' lang='lat' dir='ltr'><strong>in</strong></span> <span class='ocrx_word' id='word_1_39' title='bbox 2980 571 3283 644; x_wconf 66' lang='lat' dir='ltr'><strong>Egyptum,</strong></span> <span class='ocrx_word' id='word_1_40' title='bbox 3316 575 3426 631; x_wconf 84' lang='lat' dir='ltr'><strong>ani-</strong></span> 
     </span>
    </p>
   </div>
   <div class='ocr_carea' id='block_1_5' title="bbox 261 655 3423 731">
    <p class='ocr_par' dir='ltr' id='par_1_5' title="bbox 261 655 3423 731">
     <span class='ocr_line' id='line_1_5' title="bbox 261 655 3423 731; baseline 0.002 -16"><span class='ocrx_word' id='word_1_41' title='bbox 261 660 638 729; x_wconf 70' lang='lat' dir='ltr'><strong>.loeeplmutuis</strong></span> <span class='ocrx_word' id='word_1_42' title='bbox 666 668 798 713; x_wconf 86' lang='lat' dir='ltr'><strong>terra</strong></span> <span class='ocrx_word' id='word_1_43' title='bbox 815 656 1030 730; x_wconf 62' lang='lat' dir='ltr'><strong>Egypti</strong></span> <span class='ocrx_word' id='word_1_44' title='bbox 1055 657 1320 714; x_wconf 70' lang='lat' dir='ltr'><strong>Pharaoni</strong></span> <span class='ocrx_word' id='word_1_45' title='bbox 1340 659 1576 722; x_wconf 86' lang='lat' dir='ltr'><strong>traditur,</strong></span> <span class='ocrx_word' id='word_1_46' title='bbox 1605 655 1671 712; x_wconf 88' lang='lat' dir='ltr'><strong>de</strong></span> <span class='ocrx_word' id='word_1_47' title='bbox 1696 669 1800 726; x_wconf 91' lang='lat' dir='ltr'><strong>quo</strong></span> <span class='ocrx_word' id='word_1_48' title='bbox 1898 668 2012 710; x_wconf 85' lang='lat' dir='ltr'><strong>mas</strong></span> <span class='ocrx_word' id='word_1_49' title='bbox 2060 670 2270 710; x_wconf 89' lang='lat' dir='ltr'><strong>novem.</strong></span> <span class='ocrx_word' id='word_1_50' title='bbox 2304 657 2540 713; x_wconf 75' lang='lat' dir='ltr'><strong>Sciamus</strong></span> <span class='ocrx_word' id='word_1_51' title='bbox 2586 659 2642 714; x_wconf 89' lang='lat' dir='ltr'><strong>in</strong></span> <span class='ocrx_word' id='word_1_52' title='bbox 2685 659 2905 715; x_wconf 68' lang='lat' dir='ltr'><strong>Iiebraio</strong></span> <span class='ocrx_word' id='word_1_53' title='bbox 2951 676 3048 731; x_wconf 87' lang='lat' dir='ltr'><strong>pro</strong></span> <span class='ocrx_word' id='word_1_54' title='bbox 3090 677 3276 719; x_wconf 87' lang='lat' dir='ltr'><strong>novem</strong></span> <span class='ocrx_word' id='word_1_55' title='bbox 3305 678 3423 720; x_wconf 88' lang='lat' dir='ltr'><strong>esse</strong></span> 
     </span>
    </p>
   </div>
   <div class='ocr_carea' id='block_1_6' title="bbox 263 745 1802 814">
    <p class='ocr_par' dir='ltr' id='par_1_6' title="bbox 263 745 1802 814">
     <span class='ocr_line' id='line_1_6' title="bbox 263 745 1802 814; baseline -0.003 -12"><span class='ocrx_word' id='word_1_56' title='bbox 263 747 420 802; x_wconf 72' lang='lat' dir='ltr'><strong>facile</strong></span> <span class='ocrx_word' id='word_1_57' title='bbox 447 754 736 802; x_wconf 70' lang='lat' dir='ltr'><strong>excusatur</strong></span> <span class='ocrx_word' id='word_1_58' title='bbox 777 745 970 814; x_wconf 88' lang='lat' dir='ltr'><strong>Ioseph</strong></span> <span class='ocrx_word' id='word_1_59' title='bbox 991 786 1008 812; x_wconf 92' lang='lat'><strong>,</strong></span> <span class='ocrx_word' id='word_1_60' title='bbox 1049 745 1402 801; x_wconf 85' lang='lat' dir='ltr'><strong>vendiderunt</strong></span> <span class='ocrx_word' id='word_1_61' title='bbox 1441 746 1582 803; x_wconf 88' lang='lat' dir='ltr'><strong>enim</strong></span> <span class='ocrx_word' id='word_1_62' title='bbox 1611 752 1802 799; x_wconf 81' lang='lat' dir='ltr'><strong>semet-</strong></span> 
     </span>
    </p>
   </div>
   <div class='ocr_carea' id='block_1_7' title="bbox 265 831 1803 904">
    <p class='ocr_par' dir='ltr' id='par_1_7' title="bbox 265 831 1803 904">
     <span class='ocr_line' id='line_1_7' title="bbox 265 831 1803 904; baseline -0.003 -15"><span class='ocrx_word' id='word_1_63' title='bbox 265 835 435 904; x_wconf 88' lang='lat' dir='ltr'><strong>ipsos.-</strong></span> <span class='ocrx_word' id='word_1_64' title='bbox 479 834 589 889; x_wconf 88' lang='lat' dir='ltr'><strong>iioc</strong></span> <span class='ocrx_word' id='word_1_65' title='bbox 647 832 838 888; x_wconf 75' lang='lat' dir='ltr'><strong>Paulus</strong></span> <span class='ocrx_word' id='word_1_66' title='bbox 865 831 1026 898; x_wconf 87' lang='lat' dir='ltr'><strong>fecit,</strong></span> <span class='ocrx_word' id='word_1_67' title='bbox 1080 847 1203 888; x_wconf 81' lang='lat' dir='ltr'><strong>cum</strong></span> <span class='ocrx_word' id='word_1_68' title='bbox 1246 833 1390 888; x_wconf 87' lang='lat' dir='ltr'><strong>illum</strong></span> <span class='ocrx_word' id='word_1_69' title='bbox 1435 832 1524 902; x_wconf 89' lang='lat' dir='ltr'><strong>qui</strong></span> <span class='ocrx_word' id='word_1_70' title='bbox 1563 831 1803 900; x_wconf 86' lang='lat' dir='ltr'><strong>indignus</strong></span> 
     </span>
    </p>
   </div>
   <div class='ocr_carea' id='block_1_8' title="bbox 263 914 1807 986">
    <p class='ocr_par' dir='ltr' id='par_1_8' title="bbox 263 914 1807 986">
     <span class='ocr_line' id='line_1_8' title="bbox 263 914 1807 986; baseline -0.002 -7"><span class='ocrx_word' id='word_1_71' title='bbox 263 933 378 979; x_wconf 89' lang='lat' dir='ltr'><strong>erat</strong></span> <span class='ocrx_word' id='word_1_72' title='bbox 415 931 714 978; x_wconf 88' lang='lat' dir='ltr'><strong>sanctorum</strong></span> <span class='ocrx_word' id='word_1_73' title='bbox 759 923 1064 986; x_wconf 85' lang='lat' dir='ltr'><strong>consortio,</strong></span> <span class='ocrx_word' id='word_1_74' title='bbox 1091 914 1339 978; x_wconf 80' lang='lat' dir='ltr'><strong>traderet</strong></span> <span class='ocrx_word' id='word_1_75' title='bbox 1385 921 1615 978; x_wconf 63' lang='lat' dir='ltr'><strong>Satanas.</strong></span> <span class='ocrx_word' id='word_1_76' title='bbox 1641 921 1807 976; x_wconf 84' lang='lat' dir='ltr'><strong>Nemo</strong></span> 
     </span>
    </p>
   </div>
   <div class='ocr_carea' id='block_1_9' title="bbox 238 1004 1805 1082">
    <p class='ocr_par' dir='ltr' id='par_1_9' title="bbox 238 1004 1805 1082">
     <span class='ocr_line' id='line_1_9' title="bbox 238 1004 1805 1082; baseline 0.001 -19"><span class='ocrx_word' id='word_1_77' title='bbox 238 1004 450 1077; x_wconf 79' lang='lat' dir='ltr'><strong>itaque</strong></span> <span class='ocrx_word' id='word_1_78' title='bbox 500 1011 714 1066; x_wconf 84' lang='lat' dir='ltr'><strong>Paulum</strong></span> <span class='ocrx_word' id='word_1_79' title='bbox 759 1009 953 1066; x_wconf 77' lang='lat' dir='ltr'><strong>dixerit</strong></span> <span class='ocrx_word' id='word_1_80' title='bbox 996 1012 1366 1082; x_wconf 84' lang='lat' dir='ltr'><strong>dureegisse,</strong></span> <span class='ocrx_word' id='word_1_81' title='bbox 1409 1013 1497 1080; x_wconf 93' lang='lat' dir='ltr'><strong>qui</strong></span> <span class='ocrx_word' id='word_1_82' title='bbox 1539 1011 1805 1066; x_wconf 79' lang='lat' dir='ltr'><strong>hominem</strong></span> 
     </span>
    </p>
   </div>
   <div class='ocr_carea' id='block_1_10' title="bbox 265 1101 1809 1173">
    <p class='ocr_par' dir='ltr' id='par_1_10' title="bbox 265 1101 1809 1173">
     <span class='ocr_line' id='line_1_10' title="bbox 265 1101 1809 1173; baseline 0.002 -17"><span class='ocrx_word' id='word_1_83' title='bbox 265 1105 336 1157; x_wconf 85' lang='lat' dir='ltr'><strong>de</strong></span> <span class='ocrx_word' id='word_1_84' title='bbox 363 1101 598 1156; x_wconf 85' lang='lat' dir='ltr'><strong>Ecclesia</strong></span> <span class='ocrx_word' id='word_1_85' title='bbox 635 1101 877 1170; x_wconf 71' lang='lat' dir='ltr'><strong>eiecerit,</strong></span> <span class='ocrx_word' id='word_1_86' title='bbox 908 1114 965 1156; x_wconf 86' lang='lat' dir='ltr'><strong>ut</strong></span> <span class='ocrx_word' id='word_1_87' title='bbox 1001 1102 1248 1173; x_wconf 79' lang='lat' dir='ltr'><strong>expulsus</strong></span> <span class='ocrx_word' id='word_1_88' title='bbox 1283 1103 1512 1160; x_wconf 74' lang='lat' dir='ltr'><strong>disceret</strong></span> <span class='ocrx_word' id='word_1_89' title='bbox 1537 1118 1642 1158; x_wconf 84' lang='lat' dir='ltr'><strong>non</strong></span> <span class='ocrx_word' id='word_1_90' title='bbox 1673 1104 1809 1159; x_wconf 61' lang='lat' dir='ltr'><strong>blasc</strong></span> 
     </span>
    </p>
   </div>
   <div class='ocr_carea' id='block_1_11' title="bbox 269 1189 1809 1262">
    <p class='ocr_par' dir='ltr' id='par_1_11' title="bbox 269 1189 1809 1262">
     <span class='ocr_line' id='line_1_11' title="bbox 269 1189 1809 1262; baseline 0.003 -17"><span class='ocrx_word' id='word_1_91' title='bbox 269 1191 541 1258; x_wconf 72' lang='lat' dir='ltr'><strong>phemarc.</strong></span> <span class='ocrx_word' id='word_1_92' title='bbox 566 1189 909 1246; x_wconf 75' lang='lat' dir='ltr'><strong>Vendiderunt</strong></span> <span class='ocrx_word' id='word_1_93' title='bbox 922 1191 996 1246; x_wconf 69' lang='lat' dir='ltr'><strong>1E</strong></span> <span class='ocrx_word' id='word_1_94' title='bbox 999 1194 1161 1262; x_wconf 73' lang='lat' dir='ltr'><strong>gyptii</strong></span> <span class='ocrx_word' id='word_1_95' title='bbox 1182 1203 1364 1248; x_wconf 70' lang='lat' dir='ltr'><strong>terrane</strong></span> <span class='ocrx_word' id='word_1_96' title='bbox 1375 1210 1516 1248; x_wconf 76' lang='lat' dir='ltr'><strong>suam</strong></span> <span class='ocrx_word' id='word_1_97' title='bbox 1531 1193 1809 1250; x_wconf 78' lang='lat' dir='ltr'><strong>Pharaoni.</strong></span> 
     </span>
    </p>
   </div>
   <div class='ocr_carea' id='block_1_12' title="bbox 269 1277 1811 1352">
    <p class='ocr_par' dir='ltr' id='par_1_12' title="bbox 269 1277 1811 1352">
     <span class='ocr_line' id='line_1_12' title="bbox 269 1277 1811 1352; baseline 0.005 -20"><span class='ocrx_word' id='word_1_98' title='bbox 269 1277 630 1345; x_wconf 81' lang='lat' dir='ltr'><strong>Spirituaiiter</strong></span> <span class='ocrx_word' id='word_1_99' title='bbox 679 1289 854 1335; x_wconf 84' lang='lat' dir='ltr'><strong>autem</strong></span> <span class='ocrx_word' id='word_1_100' title='bbox 903 1280 1004 1336; x_wconf 84' lang='lat' dir='ltr'><strong>hoc</strong></span> <span class='ocrx_word' id='word_1_101' title='bbox 1050 1282 1305 1351; x_wconf 88' lang='lat' dir='ltr'><strong>signiﬁcat</strong></span> <span class='ocrx_word' id='word_1_102' title='bbox 1348 1321 1365 1348; x_wconf 96' lang='lat'><strong>,</strong></span> <span class='ocrx_word' id='word_1_103' title='bbox 1409 1286 1530 1352; x_wconf 83' lang='lat' dir='ltr'><strong>quia</strong></span> <span class='ocrx_word' id='word_1_104' title='bbox 1570 1284 1811 1340; x_wconf 80' lang='lat' dir='ltr'><strong>Christus</strong></span> 
     </span>
    </p>
   </div>
   <div class='ocr_carea' id='block_1_13' title="bbox 271 1367 1812 1440">
    <p class='ocr_par' dir='ltr' id='par_1_13' title="bbox 271 1367 1812 1440">
     <span class='ocr_line' id='line_1_13' title="bbox 271 1367 1812 1440; baseline 0.004 -19"><span class='ocrx_word' id='word_1_105' title='bbox 271 1368 570 1422; x_wconf 79' lang='lat' dir='ltr'><strong>universum</strong></span> <span class='ocrx_word' id='word_1_106' title='bbox 618 1367 870 1422; x_wconf 88' lang='lat' dir='ltr'><strong>mundum</strong></span> <span class='ocrx_word' id='word_1_107' title='bbox 919 1383 1011 1423; x_wconf 86' lang='lat' dir='ltr'><strong>sua</strong></span> <span class='ocrx_word' id='word_1_108' title='bbox 1064 1370 1302 1424; x_wconf 87' lang='lat' dir='ltr'><strong>doctrina</strong></span> <span class='ocrx_word' id='word_1_109' title='bbox 1340 1378 1394 1426; x_wconf 89' lang='lat' dir='ltr'><strong>et</strong></span> <span class='ocrx_word' id='word_1_110' title='bbox 1447 1385 1545 1426; x_wconf 77' lang='lat' dir='ltr'><strong>suo</strong></span> <span class='ocrx_word' id='word_1_111' title='bbox 1591 1386 1812 1440; x_wconf 78' lang='lat' dir='ltr'><strong>corpore</strong></span> 
     </span>
    </p>
   </div>
   <div class='ocr_carea' id='block_1_14' title="bbox 270 1455 1814 1530">
    <p class='ocr_par' dir='ltr' id='par_1_14' title="bbox 270 1455 1814 1530">
     <span class='ocr_line' id='line_1_14' title="bbox 270 1455 1814 1530; baseline 0.003 -20"><span class='ocrx_word' id='word_1_112' title='bbox 270 1464 500 1511; x_wconf 80' lang='lat' dir='ltr'><strong>emerat.</strong></span> <span class='ocrx_word' id='word_1_113' title='bbox 532 1455 788 1524; x_wconf 81' lang='lat' dir='ltr'><strong>Quodque</strong></span> <span class='ocrx_word' id='word_1_114' title='bbox 829 1457 998 1512; x_wconf 86' lang='lat' dir='ltr'><strong>dicit:</strong></span> <span class='ocrx_word' id='word_1_115' title='bbox 1045 1458 1212 1514; x_wconf 85' lang='lat' dir='ltr'><strong>Serite</strong></span> <span class='ocrx_word' id='word_1_116' title='bbox 1257 1475 1430 1528; x_wconf 84' lang='lat' dir='ltr'><strong>agros,</strong></span> <span class='ocrx_word' id='word_1_117' title='bbox 1471 1474 1689 1530; x_wconf 89' lang='lat' dir='ltr'><strong>corpora</strong></span> <span class='ocrx_word' id='word_1_118' title='bbox 1738 1460 1814 1515; x_wconf 74' lang='lat' dir='ltr'><strong>si-</strong></span> 
     </span>
    </p>
   </div>
   <div class='ocr_carea' id='block_1_15' title="bbox 272 1545 1813 1620">
    <p class='ocr_par' dir='ltr' id='par_1_15' title="bbox 272 1545 1813 1620">
     <span class='ocr_line' id='line_1_15' title="bbox 272 1545 1813 1620; baseline 0.005 -23"><span class='ocrx_word' id='word_1_119' title='bbox 272 1545 518 1616; x_wconf 85' lang='lat' dir='ltr'><strong>gniﬁcat;</strong></span> <span class='ocrx_word' id='word_1_120' title='bbox 551 1561 644 1614; x_wconf 89' lang='lat' dir='ltr'><strong>per</strong></span> <span class='ocrx_word' id='word_1_121' title='bbox 670 1546 846 1616; x_wconf 88' lang='lat' dir='ltr'><strong>fruges</strong></span> <span class='ocrx_word' id='word_1_122' title='bbox 872 1562 998 1602; x_wconf 93' lang='lat' dir='ltr'><strong>vero</strong></span> <span class='ocrx_word' id='word_1_123' title='bbox 1021 1563 1208 1604; x_wconf 80' lang='lat' dir='ltr'><strong>sensus</strong></span> <span class='ocrx_word' id='word_1_124' title='bbox 1231 1551 1318 1618; x_wconf 91' lang='lat' dir='ltr'><strong>qui</strong></span> <span class='ocrx_word' id='word_1_125' title='bbox 1343 1550 1581 1620; x_wconf 87' lang='lat' dir='ltr'><strong>quotidie</strong></span> <span class='ocrx_word' id='word_1_126' title='bbox 1604 1548 1813 1605; x_wconf 80' lang='lat' dir='ltr'><strong>Christo</strong></span> 
     </span>
    </p>
   </div>
   <div class='ocr_carea' id='block_1_16' title="bbox 272 1631 1814 1704">
    <p class='ocr_par' dir='ltr' id='par_1_16' title="bbox 272 1631 1814 1704">
     <span class='ocr_line' id='line_1_16' title="bbox 272 1631 1814 1704; baseline 0.004 -18"><span class='ocrx_word' id='word_1_127' title='bbox 272 1631 612 1699; x_wconf 86' lang='lat' dir='ltr'><strong>redduntur;</strong></span> <span class='ocrx_word' id='word_1_128' title='bbox 657 1647 749 1701; x_wconf 90' lang='lat' dir='ltr'><strong>per</strong></span> <span class='ocrx_word' id='word_1_129' title='bbox 775 1633 1022 1702; x_wconf 77' lang='lat' dir='ltr'><strong>reliquias</strong></span> <span class='ocrx_word' id='word_1_130' title='bbox 1049 1650 1168 1703; x_wconf 67' lang='lat' dir='ltr'><strong>qua</strong></span> <span class='ocrx_word' id='word_1_131' title='bbox 1194 1637 1562 1704; x_wconf 89' lang='lat' dir='ltr'><strong>dimittuntur,</strong></span> <span class='ocrx_word' id='word_1_132' title='bbox 1591 1637 1696 1692; x_wconf 88' lang='lat' dir='ltr'><strong>vita</strong></span> <span class='ocrx_word' id='word_1_133' title='bbox 1724 1651 1814 1692; x_wconf 85' lang='lat' dir='ltr'><strong>ae-</strong></span> 
     </span>
    </p>
   </div>
   <div class='ocr_carea' id='block_1_17' title="bbox 275 1720 1809 1792">
    <p class='ocr_par' dir='ltr' id='par_1_17' title="bbox 275 1720 1809 1792">
     <span class='ocr_line' id='line_1_17' title="bbox 275 1720 1809 1792; baseline 0.005 -19"><span class='ocrx_word' id='word_1_134' title='bbox 275 1720 436 1775; x_wconf 78' lang='lat' dir='ltr'><strong>tualis</strong></span> <span class='ocrx_word' id='word_1_135' title='bbox 464 1721 794 1790; x_wconf 69' lang='lat' dir='ltr'><strong>ostenditur,</strong></span> <span class='ocrx_word' id='word_1_136' title='bbox 842 1736 964 1792; x_wconf 69' lang='lat' dir='ltr'><strong>quas</strong></span> <span class='ocrx_word' id='word_1_137' title='bbox 1008 1723 1159 1778; x_wconf 86' lang='lat' dir='ltr'><strong>nobis</strong></span> <span class='ocrx_word' id='word_1_138' title='bbox 1195 1724 1472 1779; x_wconf 73' lang='lat' dir='ltr'><strong>dimittitur</strong></span> <span class='ocrx_word' id='word_1_139' title='bbox 1509 1740 1539 1778; x_wconf 92' lang='lat' dir='ltr'><strong>a</strong></span> <span class='ocrx_word' id='word_1_140' title='bbox 1566 1726 1809 1791; x_wconf 81' lang='lat' dir='ltr'><strong>Christo,</strong></span> 
     </span>
    </p>
   </div>
   <div class='ocr_carea' id='block_1_18' title="bbox 1897 744 3429 819">
    <p class='ocr_par' dir='ltr' id='par_1_18' title="bbox 1897 744 3429 819">
     <span class='ocr_line' id='line_1_18' title="bbox 1897 744 3429 819; baseline 0.005 -21"><span class='ocrx_word' id='word_1_141' title='bbox 1897 744 2050 799; x_wconf 88' lang='lat' dir='ltr'><strong>duas.</strong></span> <span class='ocrx_word' id='word_1_142' title='bbox 2116 745 2364 815; x_wconf 82' lang='lat' dir='ltr'><strong>Epitraitn</strong></span> <span class='ocrx_word' id='word_1_143' title='bbox 2431 749 2660 817; x_wconf 77' lang='lat' dir='ltr'><strong>quippe,</strong></span> <span class='ocrx_word' id='word_1_144' title='bbox 2705 757 2758 802; x_wconf 89' lang='lat' dir='ltr'><strong>et</strong></span> <span class='ocrx_word' id='word_1_145' title='bbox 2815 749 3098 814; x_wconf 73' lang='lat' dir='ltr'><strong>Manasse,</strong></span> <span class='ocrx_word' id='word_1_146' title='bbox 3151 759 3429 819; x_wconf 81' lang='lat' dir='ltr'><strong>antequam</strong></span> 
     </span>
    </p>
   </div>
   <div class='ocr_carea' id='block_1_19' title="bbox 1900 831 3430 909">
    <p class='ocr_par' dir='ltr' id='par_1_19' title="bbox 1900 831 3430 909">
     <span class='ocr_line' id='line_1_19' title="bbox 1900 831 3430 909; baseline 0.003 -21"><span class='ocrx_word' id='word_1_147' title='bbox 1900 831 2062 888; x_wconf 86' lang='lat' dir='ltr'><strong>Iacob</strong></span> <span class='ocrx_word' id='word_1_148' title='bbox 2091 835 2311 888; x_wconf 84' lang='lat' dir='ltr'><strong>intraret</strong></span> <span class='ocrx_word' id='word_1_149' title='bbox 2336 835 2621 905; x_wconf 68' lang='lat' dir='ltr'><strong>Egyptum</strong></span> <span class='ocrx_word' id='word_1_150' title='bbox 2657 846 2712 892; x_wconf 87' lang='lat' dir='ltr'><strong>et</strong></span> <span class='ocrx_word' id='word_1_151' title='bbox 2740 836 2889 891; x_wconf 89' lang='lat' dir='ltr'><strong>famis</strong></span> <span class='ocrx_word' id='word_1_152' title='bbox 2912 846 3117 907; x_wconf 86' lang='lat' dir='ltr'><strong>tempus</strong></span> <span class='ocrx_word' id='word_1_153' title='bbox 3145 840 3430 909; x_wconf 87' lang='lat' dir='ltr'><strong>ingrueret,</strong></span> 
     </span>
    </p>
   </div>
   <div class='ocr_carea' id='block_1_20' title="bbox 1903 922 3426 998">
    <p class='ocr_par' dir='ltr' id='par_1_20' title="bbox 1903 922 3426 998">
     <span class='ocr_line' id='line_1_20' title="bbox 1903 922 3426 998; baseline 0.004 -22"><span class='ocrx_word' id='word_1_154' title='bbox 1903 922 2009 976; x_wconf 92' lang='lat' dir='ltr'><strong>nati</strong></span> <span class='ocrx_word' id='word_1_155' title='bbox 2037 931 2158 977; x_wconf 83' lang='lat' dir='ltr'><strong>sunt</strong></span> <span class='ocrx_word' id='word_1_156' title='bbox 2186 923 2251 978; x_wconf 84' lang='lat' dir='ltr'><strong>de</strong></span> <span class='ocrx_word' id='word_1_157' title='bbox 2279 925 2510 979; x_wconf 80' lang='lat' dir='ltr'><strong>Asenatit</strong></span> <span class='ocrx_word' id='word_1_158' title='bbox 2553 925 2656 978; x_wconf 83' lang='lat' dir='ltr'><strong>ﬁlia</strong></span> <span class='ocrx_word' id='word_1_159' title='bbox 2691 925 2936 993; x_wconf 78' lang='lat' dir='ltr'><strong>Putiphar</strong></span> <span class='ocrx_word' id='word_1_160' title='bbox 2965 927 3015 981; x_wconf 88' lang='lat' dir='ltr'><strong>in</strong></span> <span class='ocrx_word' id='word_1_161' title='bbox 3046 929 3291 998; x_wconf 64' lang='lat' dir='ltr'><strong>Aigypto.</strong></span> <span class='ocrx_word' id='word_1_162' title='bbox 3321 930 3426 983; x_wconf 87' lang='lat' dir='ltr'><strong>Sed</strong></span> 
     </span>
    </p>
   </div>
   <div class='ocr_carea' id='block_1_21' title="bbox 1904 1011 3432 1084">
    <p class='ocr_par' dir='ltr' id='par_1_21' title="bbox 1904 1011 3432 1084">
     <span class='ocr_line' id='line_1_21' title="bbox 1904 1011 3432 1084; baseline 0.001 -17"><span class='ocrx_word' id='word_1_163' title='bbox 1904 1020 1957 1067; x_wconf 92' lang='lat' dir='ltr'><strong>et</strong></span> <span class='ocrx_word' id='word_1_164' title='bbox 1987 1011 2112 1067; x_wconf 86' lang='lat' dir='ltr'><strong>illud</strong></span> <span class='ocrx_word' id='word_1_165' title='bbox 2136 1013 2280 1081; x_wconf 87' lang='lat' dir='ltr'><strong>quod</strong></span> <span class='ocrx_word' id='word_1_166' title='bbox 2311 1028 2471 1082; x_wconf 83' lang='lat' dir='ltr'><strong>supra</strong></span> <span class='ocrx_word' id='word_1_167' title='bbox 2518 1014 2765 1084; x_wconf 88' lang='lat' dir='ltr'><strong>legimus.</strong></span> <span class='ocrx_word' id='word_1_168' title='bbox 2815 1014 2958 1070; x_wconf 75' lang='lat' dir='ltr'><strong>Facti</strong></span> <span class='ocrx_word' id='word_1_169' title='bbox 2989 1025 3111 1070; x_wconf 90' lang='lat' dir='ltr'><strong>sunt</strong></span> <span class='ocrx_word' id='word_1_170' title='bbox 3134 1024 3306 1070; x_wconf 87' lang='lat' dir='ltr'><strong>autem</strong></span> <span class='ocrx_word' id='word_1_171' title='bbox 3336 1015 3432 1070; x_wconf 75' lang='lat' dir='ltr'><strong>ﬁlii</strong></span> 
     </span>
    </p>
   </div>
   <div class='ocr_carea' id='block_1_22' title="bbox 1907 1103 3432 1172">
    <p class='ocr_par' dir='ltr' id='par_1_22' title="bbox 1907 1103 3432 1172">
     <span class='ocr_line' id='line_1_22' title="bbox 1907 1103 3432 1172; baseline -0.002 -14"><span class='ocrx_word' id='word_1_172' title='bbox 1907 1103 2184 1168; x_wconf 70' lang='lat' dir='ltr'><strong>lianasse,</strong></span> <span class='ocrx_word' id='word_1_173' title='bbox 2226 1103 2364 1170; x_wconf 91' lang='lat' dir='ltr'><strong>quod</strong></span> <span class='ocrx_word' id='word_1_174' title='bbox 2414 1106 2594 1172; x_wconf 80' lang='lat' dir='ltr'><strong>genuit</strong></span> <span class='ocrx_word' id='word_1_175' title='bbox 2637 1105 2926 1158; x_wconf 82' lang='lat' dir='ltr'><strong>concubina</strong></span> <span class='ocrx_word' id='word_1_176' title='bbox 2971 1119 3064 1160; x_wconf 89' lang='lat' dir='ltr'><strong>sua</strong></span> <span class='ocrx_word' id='word_1_177' title='bbox 3097 1104 3330 1168; x_wconf 74' lang='lat' dir='ltr'><strong>Macbir,</strong></span> <span class='ocrx_word' id='word_1_178' title='bbox 3374 1115 3432 1160; x_wconf 87' lang='lat' dir='ltr'><strong>et</strong></span> 
     </span>
    </p>
   </div>
   <div class='ocr_carea' id='block_1_23' title="bbox 1910 1189 3433 1262">
    <p class='ocr_par' dir='ltr' id='par_1_23' title="bbox 1910 1189 3433 1262">
     <span class='ocr_line' id='line_1_23' title="bbox 1910 1189 3433 1262; baseline 0.002 -17"><span class='ocrx_word' id='word_1_179' title='bbox 1910 1189 2106 1247; x_wconf 81' lang='lat' dir='ltr'><strong>Iiacbir</strong></span> <span class='ocrx_word' id='word_1_180' title='bbox 2156 1189 2593 1262; x_wconf 30' lang='lat' dir='ltr'><strong>genuitvCaIaad.</strong></span> <span class='ocrx_word' id='word_1_181' title='bbox 2649 1191 2763 1247; x_wconf 81' lang='lat' dir='ltr'><strong>Filii</strong></span> <span class='ocrx_word' id='word_1_182' title='bbox 2811 1201 2984 1248; x_wconf 84' lang='lat' dir='ltr'><strong>autem</strong></span> <span class='ocrx_word' id='word_1_183' title='bbox 3030 1192 3214 1247; x_wconf 79' lang='lat' dir='ltr'><strong>Esrem</strong></span> <span class='ocrx_word' id='word_1_184' title='bbox 3256 1192 3433 1248; x_wconf 78' lang='lat' dir='ltr'><strong>fratris</strong></span> 
     </span>
    </p>
   </div>
   <div class='ocr_carea' id='block_1_24' title="bbox 1909 1280 3436 1347">
    <p class='ocr_par' dir='ltr' id='par_1_24' title="bbox 1909 1280 3436 1347">
     <span class='ocr_line' id='line_1_24' title="bbox 1909 1280 3436 1347; baseline 0.001 -12"><span class='ocrx_word' id='word_1_185' title='bbox 1909 1280 2148 1336; x_wconf 78' lang='lat' dir='ltr'><strong>lianasae</strong></span> <span class='ocrx_word' id='word_1_186' title='bbox 2193 1281 2439 1337; x_wconf 85' lang='lat' dir='ltr'><strong>Sudaiam</strong></span> <span class='ocrx_word' id='word_1_187' title='bbox 2469 1292 2522 1335; x_wconf 91' lang='lat' dir='ltr'><strong>et</strong></span> <span class='ocrx_word' id='word_1_188' title='bbox 2548 1280 2764 1347; x_wconf 79' lang='lat' dir='ltr'><strong>Taban,</strong></span> <span class='ocrx_word' id='word_1_189' title='bbox 2825 1281 2916 1336; x_wconf 88' lang='lat' dir='ltr'><strong>ﬁlii</strong></span> <span class='ocrx_word' id='word_1_190' title='bbox 2959 1281 3145 1338; x_wconf 88' lang='lat' dir='ltr'><strong>Sudaia</strong></span> <span class='ocrx_word' id='word_1_191' title='bbox 3193 1283 3436 1347; x_wconf 65' lang='lat' dir='ltr'><strong>“edem,</strong></span> 
     </span>
    </p>
   </div>
   <div class='ocr_carea' id='block_1_25' title="bbox 1909 1368 3434 1440">
    <p class='ocr_par' dir='ltr' id='par_1_25' title="bbox 1909 1368 3434 1440">
     <span class='ocr_line' id='line_1_25' title="bbox 1909 1368 3434 1440; baseline 0.001 -18"><span class='ocrx_word' id='word_1_192' title='bbox 1909 1368 2144 1424; x_wconf 89' lang='lat' dir='ltr'><strong>additum</strong></span> <span class='ocrx_word' id='word_1_193' title='bbox 2185 1380 2306 1436; x_wconf 78' lang='lat' dir='ltr'><strong>est,</strong></span> <span class='ocrx_word' id='word_1_194' title='bbox 2348 1369 2604 1440; x_wconf 88' lang='lat' dir='ltr'><strong>siquidem</strong></span> <span class='ocrx_word' id='word_1_195' title='bbox 2654 1370 2705 1424; x_wconf 92' lang='lat' dir='ltr'><strong>id</strong></span> <span class='ocrx_word' id='word_1_196' title='bbox 2747 1371 2882 1438; x_wconf 87' lang='lat' dir='ltr'><strong>quod</strong></span> <span class='ocrx_word' id='word_1_197' title='bbox 2938 1380 3116 1440; x_wconf 89' lang='lat' dir='ltr'><strong>postea</strong></span> <span class='ocrx_word' id='word_1_198' title='bbox 3174 1371 3434 1439; x_wconf 82' lang='lat' dir='ltr'><strong>legimus,</strong></span> 
     </span>
    </p>
   </div>
   <div class='ocr_carea' id='block_1_26' title="bbox 1909 1456 3434 1526">
    <p class='ocr_par' dir='ltr' id='par_1_26' title="bbox 1909 1456 3434 1526">
     <span class='ocr_line' id='line_1_26' title="bbox 1909 1456 3434 1526; baseline 0.007 -18"><span class='ocrx_word' id='word_1_199' title='bbox 1909 1456 2034 1526; x_wconf 85' lang='lat' dir='ltr'><strong>quia</strong></span> <span class='ocrx_word' id='word_1_200' title='bbox 2060 1471 2154 1526; x_wconf 88' lang='lat' dir='ltr'><strong>per</strong></span> <span class='ocrx_word' id='word_1_201' title='bbox 2197 1458 2622 1526; x_wconf 85' lang='lat' dir='ltr'><strong>anticipationem</strong></span> <span class='ocrx_word' id='word_1_202' title='bbox 2677 1457 2869 1514; x_wconf 79' lang='lat' dir='ltr'><strong>factum</strong></span> <span class='ocrx_word' id='word_1_203' title='bbox 2916 1473 3036 1515; x_wconf 85' lang='lat' dir='ltr'><strong>esse</strong></span> <span class='ocrx_word' id='word_1_204' title='bbox 3081 1458 3434 1519; x_wconf 85' lang='lat' dir='ltr'><strong>describitur;</strong></span> 
     </span>
    </p>
   </div>
   <div class='ocr_carea' id='block_1_27' title="bbox 1911 1545 3439 1616">
    <p class='ocr_par' dir='ltr' id='par_1_27' title="bbox 1911 1545 3439 1616">
     <span class='ocr_line' id='line_1_27' title="bbox 1911 1545 3439 1616; baseline 0.003 -18"><span class='ocrx_word' id='word_1_205' title='bbox 1911 1558 2081 1612; x_wconf 89' lang='lat' dir='ltr'><strong>neque</strong></span> <span class='ocrx_word' id='word_1_206' title='bbox 2107 1545 2246 1599; x_wconf 87' lang='lat' dir='ltr'><strong>enim</strong></span> <span class='ocrx_word' id='word_1_207' title='bbox 2275 1546 2464 1615; x_wconf 89' lang='lat' dir='ltr'><strong>legitur</strong></span> <span class='ocrx_word' id='word_1_208' title='bbox 2485 1585 2502 1610; x_wconf 92' lang='lat'><strong>,</strong></span> <span class='ocrx_word' id='word_1_209' title='bbox 2533 1548 2624 1600; x_wconf 89' lang='lat' dir='ltr'><strong>illo</strong></span> <span class='ocrx_word' id='word_1_210' title='bbox 2656 1556 2890 1616; x_wconf 89' lang='lat' dir='ltr'><strong>tempore</strong></span> <span class='ocrx_word' id='word_1_211' title='bbox 2914 1562 3017 1614; x_wconf 89' lang='lat' dir='ltr'><strong>quo</strong></span> <span class='ocrx_word' id='word_1_212' title='bbox 3065 1548 3327 1616; x_wconf 89' lang='lat' dir='ltr'><strong>ingressus</strong></span> <span class='ocrx_word' id='word_1_213' title='bbox 3356 1558 3439 1603; x_wconf 76' lang='lat' dir='ltr'><strong>est</strong></span> 
     </span>
    </p>
   </div>
   <div class='ocr_carea' id='block_1_28' title="bbox 1912 1632 3440 1705">
    <p class='ocr_par' dir='ltr' id='par_1_28' title="bbox 1912 1632 3440 1705">
     <span class='ocr_line' id='line_1_28' title="bbox 1912 1632 3440 1705; baseline 0 -17"><span class='ocrx_word' id='word_1_214' title='bbox 1912 1633 2073 1690; x_wconf 87' lang='lat' dir='ltr'><strong>Iacob</strong></span> <span class='ocrx_word' id='word_1_215' title='bbox 2120 1632 2400 1705; x_wconf 63' lang='lat' dir='ltr'><strong>Egyptum</strong></span> <span class='ocrx_word' id='word_1_216' title='bbox 2430 1676 2446 1701; x_wconf 97' lang='lat'><strong>,</strong></span> <span class='ocrx_word' id='word_1_217' title='bbox 2496 1635 2585 1690; x_wconf 91' lang='lat' dir='ltr'><strong>illa</strong></span> <span class='ocrx_word' id='word_1_218' title='bbox 2638 1645 2791 1693; x_wconf 65' lang='lat' dir='ltr'><strong>etate</strong></span> <span class='ocrx_word' id='word_1_219' title='bbox 2858 1643 3010 1692; x_wconf 75' lang='lat' dir='ltr'><strong>erant</strong></span> <span class='ocrx_word' id='word_1_220' title='bbox 3071 1635 3331 1690; x_wconf 78' lang='lat' dir='ltr'><strong>Iianasses</strong></span> <span class='ocrx_word' id='word_1_221' title='bbox 3381 1646 3440 1691; x_wconf 94' lang='lat' dir='ltr'><strong>et</strong></span> 
     </span>
    </p>
   </div>
   <div class='ocr_carea' id='block_1_29' title="bbox 1917 1725 3439 1799">
    <p class='ocr_par' dir='ltr' id='par_1_29' title="bbox 1917 1725 3439 1799">
     <span class='ocr_line' id='line_1_29' title="bbox 1917 1725 3439 1799; baseline 0.003 -21"><span class='ocrx_word' id='word_1_222' title='bbox 1917 1725 2206 1797; x_wconf 82' lang='lat' dir='ltr'><strong>Ephraim,</strong></span> <span class='ocrx_word' id='word_1_223' title='bbox 2269 1735 2326 1781; x_wconf 93' lang='lat' dir='ltr'><strong>ut</strong></span> <span class='ocrx_word' id='word_1_224' title='bbox 2373 1725 2510 1783; x_wconf 84' lang='lat' dir='ltr'><strong>ﬁlios</strong></span> <span class='ocrx_word' id='word_1_225' title='bbox 2555 1742 2809 1798; x_wconf 87' lang='lat' dir='ltr'><strong>generare</strong></span> <span class='ocrx_word' id='word_1_226' title='bbox 2859 1735 3173 1799; x_wconf 89' lang='lat' dir='ltr'><strong>potuerunt;</strong></span> <span class='ocrx_word' id='word_1_227' title='bbox 3221 1742 3284 1782; x_wconf 79' lang='lat' dir='ltr'><strong>ex</strong></span> <span class='ocrx_word' id='word_1_228' title='bbox 3335 1741 3439 1797; x_wconf 86' lang='lat' dir='ltr'><strong>quo</strong></span> 
     </span>
    </p>
   </div>
   <div class='ocr_carea' id='block_1_30' title="bbox 276 1785 3442 1883">
    <p class='ocr_par' dir='ltr' id='par_1_30' title="bbox 276 1785 3442 1883">
     <span class='ocr_line' id='line_1_30' title="bbox 276 1785 3442 1883; baseline 0.002 -22"><span class='ocrx_word' id='word_1_229' title='bbox 276 1808 327 1861; x_wconf 86' lang='lat' dir='ltr'><strong>si</strong></span> <span class='ocrx_word' id='word_1_230' title='bbox 355 1816 496 1862; x_wconf 89' lang='lat' dir='ltr'><strong>recte</strong></span> <span class='ocrx_word' id='word_1_231' title='bbox 525 1817 730 1862; x_wconf 88' lang='lat' dir='ltr'><strong>utamur</strong></span> <span class='ocrx_word' id='word_1_232' title='bbox 754 1785 985 1880; x_wconf 74' lang='lat' dir='ltr'><strong>quinque</strong></span> <span class='ocrx_word' id='word_1_233' title='bbox 1028 1811 1470 1879; x_wconf 87' lang='lat' dir='ltr'><strong>sensibus..Quod</strong></span> <span class='ocrx_word' id='word_1_234' title='bbox 1525 1821 1698 1866; x_wconf 88' lang='lat' dir='ltr'><strong>autem</strong></span> <span class='ocrx_word' id='word_1_235' title='bbox 1733 1785 1812 1867; x_wconf 53' lang='lat' dir='ltr'><strong>di;</strong></span> <span class='ocrx_word' id='word_1_236' title='bbox 1844 1785 2245 1864; x_wconf 65' lang='lat' dir='ltr'><strong>Bmanifestum</strong></span> <span class='ocrx_word' id='word_1_237' title='bbox 2275 1818 2379 1874; x_wconf 88' lang='lat' dir='ltr'><strong>est,</strong></span> <span class='ocrx_word' id='word_1_238' title='bbox 2428 1785 2612 1866; x_wconf 61' lang='lat' dir='ltr'><strong>omnes</strong></span> <span class='ocrx_word' id='word_1_239' title='bbox 2661 1785 2874 1866; x_wconf 47' lang='lat' dir='ltr'><strong>animas.</strong></span> <span class='ocrx_word' id='word_1_240' title='bbox 2899 1828 3015 1882; x_wconf 75' lang='lat' dir='ltr'><strong>qum</strong></span> <span class='ocrx_word' id='word_1_241' title='bbox 3044 1785 3292 1883; x_wconf 65' lang='lat' dir='ltr'><strong>ingressa:</strong></span> <span class='ocrx_word' id='word_1_242' title='bbox 3318 1785 3442 1870; x_wconf 71' lang='lat' dir='ltr'><strong>sunt</strong></span> 
     </span>
    </p>
   </div>
   <div class='ocr_carea' id='block_1_31' title="bbox 276 1895 1815 1969">
    <p class='ocr_par' dir='ltr' id='par_1_31' title="bbox 276 1895 1815 1969">
     <span class='ocr_line' id='line_1_31' title="bbox 276 1895 1815 1969; baseline 0.004 -21"><span class='ocrx_word' id='word_1_243' title='bbox 276 1896 418 1948; x_wconf 75' lang='lat' dir='ltr'><strong>citur</strong></span> <span class='ocrx_word' id='word_1_244' title='bbox 450 1912 463 1948; x_wconf 87' lang='lat'><strong>:</strong></span> <span class='ocrx_word' id='word_1_245' title='bbox 512 1895 666 1950; x_wconf 83' lang='lat' dir='ltr'><strong>Salus</strong></span> <span class='ocrx_word' id='word_1_246' title='bbox 690 1909 864 1951; x_wconf 84' lang='lat' dir='ltr'><strong>nostra</strong></span> <span class='ocrx_word' id='word_1_247' title='bbox 905 1900 959 1951; x_wconf 83' lang='lat' dir='ltr'><strong>in</strong></span> <span class='ocrx_word' id='word_1_248' title='bbox 997 1915 1154 1952; x_wconf 78' lang='lat' dir='ltr'><strong>manu</strong></span> <span class='ocrx_word' id='word_1_249' title='bbox 1189 1909 1275 1953; x_wconf 87' lang='lat' dir='ltr'><strong>tua</strong></span> <span class='ocrx_word' id='word_1_250' title='bbox 1307 1909 1380 1954; x_wconf 85' lang='lat' dir='ltr'><strong>est</strong></span> <span class='ocrx_word' id='word_1_251' title='bbox 1393 1917 1416 1968; x_wconf 27' lang='lat' dir='ltr'><strong>i‘,</strong></span> <span class='ocrx_word' id='word_1_252' title='bbox 1445 1899 1705 1969; x_wconf 88' lang='lat' dir='ltr'><strong>signiﬁcat</strong></span> <span class='ocrx_word' id='word_1_253' title='bbox 1719 1914 1815 1954; x_wconf 81' lang='lat' dir='ltr'><strong>&#39;sa-</strong></span> 
     </span>
    </p>
   </div>
   <div class='ocr_carea' id='block_1_32' title="bbox 277 1984 1811 2057">
    <p class='ocr_par' dir='ltr' id='par_1_32' title="bbox 277 1984 1811 2057">
     <span class='ocr_line' id='line_1_32' title="bbox 277 1984 1811 2057; baseline 0.005 -22"><span class='ocrx_word' id='word_1_254' title='bbox 277 1985 440 2036; x_wconf 85' lang='lat' dir='ltr'><strong>lutem</strong></span> <span class='ocrx_word' id='word_1_255' title='bbox 471 1993 704 2045; x_wconf 90' lang='lat' dir='ltr'><strong>nostram</strong></span> <span class='ocrx_word' id='word_1_256' title='bbox 725 1984 777 2038; x_wconf 89' lang='lat' dir='ltr'><strong>in</strong></span> <span class='ocrx_word' id='word_1_257' title='bbox 807 1985 997 2040; x_wconf 84' lang='lat' dir='ltr'><strong>Christi</strong></span> <span class='ocrx_word' id='word_1_258' title='bbox 1024 2002 1142 2042; x_wconf 88' lang='lat' dir='ltr'><strong>esse</strong></span> <span class='ocrx_word' id='word_1_259' title='bbox 1171 1997 1428 2057; x_wconf 76' lang='lat' dir='ltr'><strong>potestate</strong></span> <span class='ocrx_word' id='word_1_260' title='bbox 1454 1989 1811 2044; x_wconf 86' lang='lat' dir='ltr'><strong>constitutam.</strong></span> 
     </span>
    </p>
   </div>
   <div class='ocr_carea' id='block_1_33' title="bbox 275 2070 1818 2148">
    <p class='ocr_par' dir='ltr' id='par_1_33' title="bbox 275 2070 1818 2148">
     <span class='ocr_line' id='line_1_33' title="bbox 275 2070 1818 2148; baseline 0.006 -24"><span class='ocrx_word' id='word_1_261' title='bbox 275 2070 444 2126; x_wconf 83' lang='lat' dir='ltr'><strong>Terra</strong></span> <span class='ocrx_word' id='word_1_262' title='bbox 484 2082 657 2128; x_wconf 86' lang='lat' dir='ltr'><strong>autem</strong></span> <span class='ocrx_word' id='word_1_263' title='bbox 683 2074 1037 2141; x_wconf 85' lang='lat' dir='ltr'><strong>sacerdotum,</strong></span> <span class='ocrx_word' id='word_1_264' title='bbox 1066 2091 1184 2146; x_wconf 75' lang='lat' dir='ltr'><strong>qua:</strong></span> <span class='ocrx_word' id='word_1_265' title='bbox 1212 2077 1374 2132; x_wconf 90' lang='lat' dir='ltr'><strong>libera</strong></span> <span class='ocrx_word' id='word_1_266' title='bbox 1403 2077 1530 2143; x_wconf 90' lang='lat' dir='ltr'><strong>fuit,</strong></span> <span class='ocrx_word' id='word_1_267' title='bbox 1560 2079 1818 2148; x_wconf 82' lang='lat' dir='ltr'><strong>signiﬁcat</strong></span> 
     </span>
    </p>
   </div>
   <div class='ocr_carea' id='block_1_34' title="bbox 281 2161 1814 2236">
    <p class='ocr_par' dir='ltr' id='par_1_34' title="bbox 281 2161 1814 2236">
     <span class='ocr_line' id='line_1_34' title="bbox 281 2161 1814 2236; baseline 0.003 -19"><span class='ocrx_word' id='word_1_268' title='bbox 281 2161 574 2225; x_wconf 70' lang='lat' dir='ltr'><strong>Ecclesium</strong></span> <span class='ocrx_word' id='word_1_269' title='bbox 618 2162 838 2219; x_wconf 88' lang='lat' dir='ltr'><strong>liberam</strong></span> <span class='ocrx_word' id='word_1_270' title='bbox 877 2179 996 2222; x_wconf 81' lang='lat' dir='ltr'><strong>esse</strong></span> <span class='ocrx_word' id='word_1_271' title='bbox 1034 2180 1064 2220; x_wconf 95' lang='lat' dir='ltr'><strong>a</strong></span> <span class='ocrx_word' id='word_1_272' title='bbox 1089 2181 1249 2222; x_wconf 87' lang='lat' dir='ltr'><strong>censu</strong></span> <span class='ocrx_word' id='word_1_273' title='bbox 1278 2167 1476 2222; x_wconf 89' lang='lat' dir='ltr'><strong>mundi.</strong></span> <span class='ocrx_word' id='word_1_274' title='bbox 1510 2168 1814 2236; x_wconf 80' lang='lat' dir='ltr'><strong>Aliquorum</strong></span> 
     </span>
    </p>
   </div>
   <div class='ocr_carea' id='block_1_35' title="bbox 276 2243 1824 2324">
    <p class='ocr_par' dir='ltr' id='par_1_35' title="bbox 276 2243 1824 2324">
     <span class='ocr_line' id='line_1_35' title="bbox 276 2243 1824 2324; baseline 0.003 -20"><span class='ocrx_word' id='word_1_275' title='bbox 276 2243 631 2306; x_wconf 81' lang='lat' dir='ltr'><strong>sacerdotium</strong></span> <span class='ocrx_word' id='word_1_276' title='bbox 682 2253 943 2320; x_wconf 85' lang='lat' dir='ltr'><strong>duplicem</strong></span> <span class='ocrx_word' id='word_1_277' title='bbox 1016 2256 1266 2310; x_wconf 87' lang='lat' dir='ltr'><strong>honorem</strong></span> <span class='ocrx_word' id='word_1_278' title='bbox 1310 2256 1600 2324; x_wconf 87' lang='lat' dir='ltr'><strong>signiﬁcat,</strong></span> <span class='ocrx_word' id='word_1_279' title='bbox 1636 2266 1824 2310; x_wconf 52' lang='lat' dir='ltr'><strong>centu.</strong></span> 
     </span>
    </p>
   </div>
   <div class='ocr_carea' id='block_1_36' title="bbox 279 2340 1820 2414">
    <p class='ocr_par' dir='ltr' id='par_1_36' title="bbox 279 2340 1820 2414">
     <span class='ocr_line' id='line_1_36' title="bbox 279 2340 1820 2414; baseline 0.004 -23"><span class='ocrx_word' id='word_1_280' title='bbox 279 2342 426 2406; x_wconf 85' lang='lat' dir='ltr'><strong>plum</strong></span> <span class='ocrx_word' id='word_1_281' title='bbox 458 2340 578 2408; x_wconf 85' lang='lat' dir='ltr'><strong>hic,</strong></span> <span class='ocrx_word' id='word_1_282' title='bbox 607 2349 660 2395; x_wconf 92' lang='lat' dir='ltr'><strong>et</strong></span> <span class='ocrx_word' id='word_1_283' title='bbox 688 2341 740 2397; x_wconf 90' lang='lat' dir='ltr'><strong>iu</strong></span> <span class='ocrx_word' id='word_1_284' title='bbox 766 2342 939 2398; x_wconf 74' lang='lat' dir='ltr'><strong>iuturo</strong></span> <span class='ocrx_word' id='word_1_285' title='bbox 980 2345 1214 2413; x_wconf 68' lang='lat' dir='ltr'><strong>praemia.</strong></span> <span class='ocrx_word' id='word_1_286' title='bbox 1258 2343 1366 2399; x_wconf 83' lang='lat' dir='ltr'><strong>Sub</strong></span> <span class='ocrx_word' id='word_1_287' title='bbox 1403 2347 1608 2414; x_wconf 72' lang='lat' dir='ltr'><strong>femore.</strong></span> <span class='ocrx_word' id='word_1_288' title='bbox 1633 2344 1820 2400; x_wconf 81' lang='lat' dir='ltr'><strong>Tribus</strong></span> 
     </span>
    </p>
   </div>
   <div class='ocr_carea' id='block_1_37' title="bbox 277 2429 1822 2506">
    <p class='ocr_par' dir='ltr' id='par_1_37' title="bbox 277 2429 1822 2506">
     <span class='ocr_line' id='line_1_37' title="bbox 277 2429 1822 2506; baseline 0.004 -22"><span class='ocrx_word' id='word_1_289' title='bbox 277 2429 459 2489; x_wconf 81' lang='lat' dir='ltr'><strong>causis</strong></span> <span class='ocrx_word' id='word_1_290' title='bbox 501 2429 664 2485; x_wconf 89' lang='lat' dir='ltr'><strong>Iacob</strong></span> <span class='ocrx_word' id='word_1_291' title='bbox 708 2432 904 2488; x_wconf 89' lang='lat' dir='ltr'><strong>dicitur</strong></span> <span class='ocrx_word' id='word_1_292' title='bbox 943 2436 1043 2490; x_wconf 87' lang='lat' dir='ltr'><strong>sub</strong></span> <span class='ocrx_word' id='word_1_293' title='bbox 1084 2434 1284 2492; x_wconf 88' lang='lat' dir='ltr'><strong>femore</strong></span> <span class='ocrx_word' id='word_1_294' title='bbox 1325 2437 1592 2506; x_wconf 86' lang='lat' dir='ltr'><strong>postulare</strong></span> <span class='ocrx_word' id='word_1_295' title='bbox 1631 2454 1646 2490; x_wconf 90' lang='lat'><strong>:</strong></span> <span class='ocrx_word' id='word_1_296' title='bbox 1693 2445 1752 2491; x_wconf 92' lang='lat' dir='ltr'><strong>ut</strong></span> <span class='ocrx_word' id='word_1_297' title='bbox 1775 2436 1822 2490; x_wconf 94' lang='lat' dir='ltr'><strong>si</strong></span> 
     </span>
    </p>
   </div>
   <div class='ocr_carea' id='block_1_38' title="bbox 239 2519 1820 2592">
    <p class='ocr_par' dir='ltr' id='par_1_38' title="bbox 239 2519 1820 2592">
     <span class='ocr_line' id='line_1_38' title="bbox 239 2519 1820 2592; baseline 0.008 -23"><span class='ocrx_word' id='word_1_298' title='bbox 239 2537 241 2539; x_wconf 59' lang='grc' dir='ltr'>ί</span> <span class='ocrx_word' id='word_1_299' title='bbox 284 2519 745 2586; x_wconf 80' lang='lat' dir='ltr'><strong>transgrederetur</strong></span> <span class='ocrx_word' id='word_1_300' title='bbox 767 2522 964 2589; x_wconf 88' lang='lat' dir='ltr'><strong>Ioseph</strong></span> <span class='ocrx_word' id='word_1_301' title='bbox 997 2525 1353 2592; x_wconf 85' lang='lat' dir='ltr'><strong>juramentum</strong></span> <span class='ocrx_word' id='word_1_302' title='bbox 1380 2525 1478 2580; x_wconf 91' lang='lat' dir='ltr'><strong>sub</strong></span> <span class='ocrx_word' id='word_1_303' title='bbox 1501 2525 1703 2581; x_wconf 89' lang='lat' dir='ltr'><strong>femore</strong></span> <span class='ocrx_word' id='word_1_304' title='bbox 1722 2567 1738 2592; x_wconf 93' lang='lat'><strong>,</strong></span> <span class='ocrx_word' id='word_1_305' title='bbox 1769 2525 1820 2580; x_wconf 83' lang='lat' dir='ltr'><strong>id</strong></span> 
     </span>
    </p>
   </div>
   <div class='ocr_carea' id='block_1_39' title="bbox 281 2607 1825 2684">
    <p class='ocr_par' dir='ltr' id='par_1_39' title="bbox 281 2607 1825 2684">
     <span class='ocr_line' id='line_1_39' title="bbox 281 2607 1825 2684; baseline 0.009 -27"><span class='ocrx_word' id='word_1_306' title='bbox 281 2613 370 2659; x_wconf 89' lang='lat' dir='ltr'><strong>est</strong></span> <span class='ocrx_word' id='word_1_307' title='bbox 390 2647 406 2671; x_wconf 91' lang='lat'><strong>,</strong></span> <span class='ocrx_word' id='word_1_308' title='bbox 453 2608 552 2664; x_wconf 86' lang='lat' dir='ltr'><strong>sub</strong></span> <span class='ocrx_word' id='word_1_309' title='bbox 583 2611 1168 2684; x_wconf 83' lang='lat' dir='ltr'><strong>membroseminandi,</strong></span> <span class='ocrx_word' id='word_1_310' title='bbox 1196 2607 1376 2670; x_wconf 85' lang='lat' dir='ltr'><strong>semen</strong></span> <span class='ocrx_word' id='word_1_311' title='bbox 1406 2614 1544 2671; x_wconf 89' lang='lat' dir='ltr'><strong>illius</strong></span> <span class='ocrx_word' id='word_1_312' title='bbox 1572 2629 1674 2671; x_wconf 90' lang='lat' dir='ltr'><strong>non</strong></span> <span class='ocrx_word' id='word_1_313' title='bbox 1698 2616 1825 2671; x_wconf 88' lang='lat' dir='ltr'><strong>fuis-</strong></span> 
     </span>
    </p>
   </div>
   <div class='ocr_carea' id='block_1_40' title="bbox 288 2697 1824 2776">
    <p class='ocr_par' dir='ltr' id='par_1_40' title="bbox 288 2697 1824 2776">
     <span class='ocr_line' id='line_1_40' title="bbox 288 2697 1824 2776; baseline 0.006 -25"><span class='ocrx_word' id='word_1_314' title='bbox 288 2705 398 2751; x_wconf 85' lang='lat' dir='ltr'><strong>set.</strong></span> <span class='ocrx_word' id='word_1_315' title='bbox 428 2697 550 2753; x_wconf 90' lang='lat' dir='ltr'><strong>Sive</strong></span> <span class='ocrx_word' id='word_1_316' title='bbox 582 2709 638 2754; x_wconf 92' lang='lat' dir='ltr'><strong>ut</strong></span> <span class='ocrx_word' id='word_1_317' title='bbox 663 2701 861 2763; x_wconf 79' lang='lat' dir='ltr'><strong>iuraret</strong></span> <span class='ocrx_word' id='word_1_318' title='bbox 886 2704 984 2760; x_wconf 87' lang='lat' dir='ltr'><strong>sub</strong></span> <span class='ocrx_word' id='word_1_319' title='bbox 1013 2705 1281 2772; x_wconf 86' lang='lat' dir='ltr'><strong>membro,</strong></span> <span class='ocrx_word' id='word_1_320' title='bbox 1308 2720 1338 2760; x_wconf 93' lang='lat' dir='ltr'><strong>a</strong></span> <span class='ocrx_word' id='word_1_321' title='bbox 1367 2721 1472 2776; x_wconf 90' lang='lat' dir='ltr'><strong>quo</strong></span> <span class='ocrx_word' id='word_1_322' title='bbox 1494 2706 1593 2761; x_wconf 90' lang='lat' dir='ltr'><strong>fuit</strong></span> <span class='ocrx_word' id='word_1_323' title='bbox 1617 2708 1824 2776; x_wconf 88' lang='lat' dir='ltr'><strong>signum</strong></span> 
     </span>
    </p>
   </div>
   <div class='ocr_carea' id='block_1_41' title="bbox 287 2784 1825 2859">
    <p class='ocr_par' dir='ltr' id='par_1_41' title="bbox 287 2784 1825 2859">
     <span class='ocr_line' id='line_1_41' title="bbox 287 2784 1825 2859; baseline 0.007 -22"><span class='ocrx_word' id='word_1_324' title='bbox 287 2784 605 2852; x_wconf 27' lang='lat' dir='ltr'><strong>avDomino,</strong></span> <span class='ocrx_word' id='word_1_325' title='bbox 648 2789 710 2842; x_wconf 84' lang='lat' dir='ltr'><strong>id</strong></span> <span class='ocrx_word' id='word_1_326' title='bbox 741 2799 861 2856; x_wconf 90' lang='lat' dir='ltr'><strong>est,</strong></span> <span class='ocrx_word' id='word_1_327' title='bbox 891 2791 1099 2859; x_wconf 90' lang='lat' dir='ltr'><strong>signum</strong></span> <span class='ocrx_word' id='word_1_328' title='bbox 1139 2791 1584 2859; x_wconf 87' lang='lat' dir='ltr'><strong>circumcisionis;</strong></span> <span class='ocrx_word' id='word_1_329' title='bbox 1614 2794 1726 2849; x_wconf 89' lang='lat' dir='ltr'><strong>sive</strong></span> <span class='ocrx_word' id='word_1_330' title='bbox 1767 2804 1825 2848; x_wconf 89' lang='lat' dir='ltr'><strong>ut</strong></span> 
     </span>
    </p>
   </div>
   <div class='ocr_carea' id='block_1_42' title="bbox 281 2873 1824 2951">
    <p class='ocr_par' dir='ltr' id='par_1_42' title="bbox 281 2873 1824 2951">
     <span class='ocr_line' id='line_1_42' title="bbox 281 2873 1824 2951; baseline 0.005 -24"><span class='ocrx_word' id='word_1_331' title='bbox 281 2873 486 2942; x_wconf 72' lang='lat' dir='ltr'><strong>iuraret</strong></span> <span class='ocrx_word' id='word_1_332' title='bbox 505 2876 607 2929; x_wconf 90' lang='lat' dir='ltr'><strong>sub</strong></span> <span class='ocrx_word' id='word_1_333' title='bbox 635 2877 903 2947; x_wconf 89' lang='lat' dir='ltr'><strong>membro,</strong></span> <span class='ocrx_word' id='word_1_334' title='bbox 927 2889 983 2933; x_wconf 94' lang='lat' dir='ltr'><strong>ut</strong></span> <span class='ocrx_word' id='word_1_335' title='bbox 1004 2880 1129 2934; x_wconf 89' lang='lat' dir='ltr'><strong>alibi</strong></span> <span class='ocrx_word' id='word_1_336' title='bbox 1157 2881 1558 2948; x_wconf 72' lang='lat' dir='ltr'><strong>explanat-imus</strong></span> <span class='ocrx_word' id='word_1_337' title='bbox 1582 2921 1599 2948; x_wconf 93' lang='lat'><strong>,</strong></span> <span class='ocrx_word' id='word_1_338' title='bbox 1625 2895 1692 2936; x_wconf 80' lang='lat' dir='ltr'><strong>es</strong></span> <span class='ocrx_word' id='word_1_339' title='bbox 1719 2896 1824 2951; x_wconf 92' lang='lat' dir='ltr'><strong>quo</strong></span> 
     </span>
    </p>
   </div>
   <div class='ocr_carea' id='block_1_43' title="bbox 284 2960 1825 3036">
    <p class='ocr_par' dir='ltr' id='par_1_43' title="bbox 284 2960 1825 3036">
     <span class='ocr_line' id='line_1_43' title="bbox 284 2960 1825 3036; baseline 0.005 -19"><span class='ocrx_word' id='word_1_340' title='bbox 284 2972 428 3017; x_wconf 74' lang='lat' dir='ltr'><strong>esset</strong></span> <span class='ocrx_word' id='word_1_341' title='bbox 466 2960 658 3019; x_wconf 82' lang='lat' dir='ltr'><strong>Christi</strong></span> <span class='ocrx_word' id='word_1_342' title='bbox 682 2968 956 3035; x_wconf 84' lang='lat' dir='ltr'><strong>generatio</strong></span> <span class='ocrx_word' id='word_1_343' title='bbox 980 3006 996 3032; x_wconf 92' lang='lat'><strong>,</strong></span> <span class='ocrx_word' id='word_1_344' title='bbox 1039 2977 1094 3024; x_wconf 91' lang='lat' dir='ltr'><strong>et</strong></span> <span class='ocrx_word' id='word_1_345' title='bbox 1117 2968 1308 3025; x_wconf 87' lang='lat' dir='ltr'><strong>deinde</strong></span> <span class='ocrx_word' id='word_1_346' title='bbox 1345 2969 1425 3024; x_wconf 80' lang='lat' dir='ltr'><strong>les</strong></span> <span class='ocrx_word' id='word_1_347' title='bbox 1455 2979 1568 3036; x_wconf 89' lang='lat' dir='ltr'><strong>est,</strong></span> <span class='ocrx_word' id='word_1_348' title='bbox 1600 2977 1659 3023; x_wconf 91' lang='lat' dir='ltr'><strong>ut</strong></span> <span class='ocrx_word' id='word_1_349' title='bbox 1680 2983 1825 3024; x_wconf 79' lang='lat' dir='ltr'><strong>corn-</strong></span> 
     </span>
    </p>
   </div>
   <div class='ocr_carea' id='block_1_44' title="bbox 286 3052 1832 3130">
    <p class='ocr_par' dir='ltr' id='par_1_44' title="bbox 286 3052 1832 3130">
     <span class='ocr_line' id='line_1_44' title="bbox 286 3052 1832 3130; baseline 0.006 -26"><span class='ocrx_word' id='word_1_350' title='bbox 286 3052 494 3120; x_wconf 83' lang='lat' dir='ltr'><strong>pierent</strong></span> <span class='ocrx_word' id='word_1_351' title='bbox 545 3053 638 3108; x_wconf 86' lang='lat' dir='ltr'><strong>ﬁlii</strong></span> <span class='ocrx_word' id='word_1_352' title='bbox 668 3063 721 3110; x_wconf 89' lang='lat' dir='ltr'><strong>et</strong></span> <span class='ocrx_word' id='word_1_353' title='bbox 751 3066 968 3122; x_wconf 85' lang='lat' dir='ltr'><strong>nepotes</strong></span> <span class='ocrx_word' id='word_1_354' title='bbox 999 3056 1358 3126; x_wconf 72' lang='lat' dir='ltr'><strong>iuramentum</strong></span> <span class='ocrx_word' id='word_1_355' title='bbox 1405 3059 1570 3126; x_wconf 87' lang='lat' dir='ltr'><strong>patris</strong></span> <span class='ocrx_word' id='word_1_356' title='bbox 1594 3059 1676 3114; x_wconf 87' lang='lat' dir='ltr'><strong>sui</strong></span> <span class='ocrx_word' id='word_1_357' title='bbox 1705 3068 1832 3130; x_wconf 85' lang='lat' dir='ltr'><strong>post</strong></span> 
     </span>
    </p>
   </div>
   <div class='ocr_carea' id='block_1_45' title="bbox 283 3141 1824 3215">
    <p class='ocr_par' dir='ltr' id='par_1_45' title="bbox 283 3141 1824 3215">
     <span class='ocr_line' id='line_1_45' title="bbox 283 3141 1824 3215; baseline 0.007 -21"><span class='ocrx_word' id='word_1_358' title='bbox 283 3156 370 3196; x_wconf 82' lang='lat' dir='ltr'><strong>se.</strong></span> <span class='ocrx_word' id='word_1_359' title='bbox 417 3141 485 3196; x_wconf 82' lang='lat' dir='ltr'><strong>Et</strong></span> <span class='ocrx_word' id='word_1_360' title='bbox 536 3146 694 3215; x_wconf 80' lang='lat' dir='ltr'><strong>facias</strong></span> <span class='ocrx_word' id='word_1_361' title='bbox 734 3146 857 3200; x_wconf 78' lang='lat' dir='ltr'><strong>mihi</strong></span> <span class='ocrx_word' id='word_1_362' title='bbox 900 3147 1334 3214; x_wconf 73' lang='lat' dir='ltr'><strong>misericordiam,</strong></span> <span class='ocrx_word' id='word_1_363' title='bbox 1371 3148 1428 3203; x_wconf 97' lang='lat' dir='ltr'><strong>id</strong></span> <span class='ocrx_word' id='word_1_364' title='bbox 1450 3158 1529 3204; x_wconf 84' lang='lat' dir='ltr'><strong>est</strong></span> <span class='ocrx_word' id='word_1_365' title='bbox 1551 3191 1568 3215; x_wconf 98' lang='lat'><strong>,</strong></span> <span class='ocrx_word' id='word_1_366' title='bbox 1617 3157 1675 3204; x_wconf 87' lang='lat' dir='ltr'><strong>nt</strong></span> <span class='ocrx_word' id='word_1_367' title='bbox 1719 3165 1824 3205; x_wconf 87' lang='lat' dir='ltr'><strong>non</strong></span> 
     </span>
    </p>
   </div>
   <div class='ocr_carea' id='block_1_46' title="bbox 285 3231 1831 3306">
    <p class='ocr_par' dir='ltr' id='par_1_46' title="bbox 285 3231 1831 3306">
     <span class='ocr_line' id='line_1_46' title="bbox 285 3231 1831 3306; baseline 0.009 -25"><span class='ocrx_word' id='word_1_368' title='bbox 285 3231 518 3298; x_wconf 87' lang='lat' dir='ltr'><strong>sepelias</strong></span> <span class='ocrx_word' id='word_1_369' title='bbox 547 3248 633 3288; x_wconf 89' lang='lat' dir='ltr'><strong>me</strong></span> <span class='ocrx_word' id='word_1_370' title='bbox 681 3234 733 3289; x_wconf 88' lang='lat' dir='ltr'><strong>in</strong></span> <span class='ocrx_word' id='word_1_371' title='bbox 763 3233 1012 3306; x_wconf 67' lang='lat' dir='ltr'><strong>Egypto.</strong></span> <span class='ocrx_word' id='word_1_372' title='bbox 1042 3235 1112 3290; x_wconf 83' lang='lat' dir='ltr'><strong>Et</strong></span> <span class='ocrx_word' id='word_1_373' title='bbox 1137 3237 1432 3306; x_wconf 71' lang='lat' dir='ltr'><strong>ueritatem,</strong></span> <span class='ocrx_word' id='word_1_374' title='bbox 1479 3237 1529 3293; x_wconf 90' lang='lat' dir='ltr'><strong>id</strong></span> <span class='ocrx_word' id='word_1_375' title='bbox 1555 3248 1656 3304; x_wconf 86' lang='lat' dir='ltr'><strong>est,</strong></span> <span class='ocrx_word' id='word_1_376' title='bbox 1687 3253 1831 3294; x_wconf 81' lang='lat' dir='ltr'><strong>com-</strong></span> 
     </span>
    </p>
   </div>
   <div class='ocr_carea' id='block_1_47' title="bbox 291 3311 1831 3394">
    <p class='ocr_par' dir='ltr' id='par_1_47' title="bbox 291 3311 1831 3394">
     <span class='ocr_line' id='line_1_47' title="bbox 291 3311 1831 3394; baseline 0.01 -24"><span class='ocrx_word' id='word_1_377' title='bbox 291 3318 578 3390; x_wconf 79' lang='lat' dir='ltr'><strong>pletionem</strong></span> <span class='ocrx_word' id='word_1_378' title='bbox 601 3320 908 3390; x_wconf 77' lang='lat' dir='ltr'><strong>juramenti.</strong></span> <span class='ocrx_word' id='word_1_379' title='bbox 942 3323 1218 3380; x_wconf 79' lang='lat' dir='ltr'><strong>Conuersus</strong></span> <span class='ocrx_word' id='word_1_380' title='bbox 1259 3327 1327 3379; x_wconf 87' lang='lat' dir='ltr'><strong>ad</strong></span> <span class='ocrx_word' id='word_1_381' title='bbox 1355 3311 1505 3394; x_wconf 85' lang='lat' dir='ltr'><strong>caput</strong></span> <span class='ocrx_word' id='word_1_382' title='bbox 1528 3328 1738 3384; x_wconf 87' lang='lat' dir='ltr'><strong>lectuli:</strong></span> <span class='ocrx_word' id='word_1_383' title='bbox 1777 3329 1831 3384; x_wconf 91' lang='lat' dir='ltr'><strong>in</strong></span> 
     </span>
    </p>
   </div>
   <div class='ocr_carea' id='block_1_48' title="bbox 286 3408 1673 3483">
    <p class='ocr_par' dir='ltr' id='par_1_48' title="bbox 286 3408 1673 3483">
     <span class='ocr_line' id='line_1_48' title="bbox 286 3408 1673 3483; baseline 0.006 -22"><span class='ocrx_word' id='word_1_384' title='bbox 286 3408 396 3463; x_wconf 79' lang='lat' dir='ltr'><strong>hoc</strong></span> <span class='ocrx_word' id='word_1_385' title='bbox 424 3409 746 3480; x_wconf 76' lang='lat' dir='ltr'><strong>signiﬁcatur</strong></span> <span class='ocrx_word' id='word_1_386' title='bbox 781 3413 923 3482; x_wconf 80' lang='lat' dir='ltr'><strong>quod</strong></span> <span class='ocrx_word' id='word_1_387' title='bbox 948 3412 1015 3468; x_wconf 92' lang='lat' dir='ltr'><strong>de</strong></span> <span class='ocrx_word' id='word_1_388' title='bbox 1044 3413 1298 3483; x_wconf 86' lang='lat' dir='ltr'><strong>petitione</strong></span> <span class='ocrx_word' id='word_1_389' title='bbox 1320 3429 1537 3470; x_wconf 89' lang='lat' dir='ltr'><strong>securus</strong></span> <span class='ocrx_word' id='word_1_390' title='bbox 1560 3415 1673 3470; x_wconf 88' lang='lat' dir='ltr'><strong>sit..</strong></span> 
     </span>
    </p>
   </div>
   <div class='ocr_carea' id='block_1_49' title="bbox 772 3517 1382 3574">
    <p class='ocr_par' dir='ltr' id='par_1_49' title="bbox 772 3517 1382 3574">
     <span class='ocr_line' id='line_1_49' title="bbox 772 3517 1382 3574; baseline 0.007 -4"><span class='ocrx_word' id='word_1_391' title='bbox 772 3517 1002 3573; x_wconf 77' lang='lat' dir='ltr'><strong>CAPUT</strong></span> <span class='ocrx_word' id='word_1_392' title='bbox 1058 3517 1258 3573; x_wconf 77' lang='lat' dir='ltr'><strong>XLVIII</strong></span> <span class='ocrx_word' id='word_1_393' title='bbox 1282 3546 1302 3559; x_wconf 80' lang='grc' dir='ltr'><strong><em>ο</em></strong></span> <span class='ocrx_word' id='word_1_394' title='bbox 1321 3518 1382 3574; x_wconf 65' lang='grc' dir='ltr'><strong>[ε.</strong></span> 
     </span>
    </p>
   </div>
   <div class='ocr_carea' id='block_1_50' title="bbox 369 3601 1833 3674">
    <p class='ocr_par' dir='ltr' id='par_1_50' title="bbox 369 3601 1833 3674">
     <span class='ocr_line' id='line_1_50' title="bbox 369 3601 1833 3674; baseline 0.001 -18"><span class='ocrx_word' id='word_1_395' title='bbox 369 3603 559 3657; x_wconf 77' lang='lat' dir='ltr'><strong>Deinde</strong></span> <span class='ocrx_word' id='word_1_396' title='bbox 576 3601 767 3670; x_wconf 78' lang='lat' dir='ltr'><strong>Ioseph</strong></span> <span class='ocrx_word' id='word_1_397' title='bbox 798 3604 1041 3670; x_wconf 76' lang='lat' dir='ltr'><strong>festinans</strong></span> <span class='ocrx_word' id='word_1_398' title='bbox 1073 3606 1298 3671; x_wconf 87' lang='lat' dir='ltr'><strong>accipere</strong></span> <span class='ocrx_word' id='word_1_399' title='bbox 1316 3604 1711 3659; x_wconf 76' lang='lat' dir='ltr'><strong>benedictionem</strong></span> <span class='ocrx_word' id='word_1_400' title='bbox 1739 3621 1833 3674; x_wconf 87' lang='lat' dir='ltr'><strong>pa-</strong></span> 
     </span>
    </p>
   </div>
   <div class='ocr_carea' id='block_1_51' title="bbox 287 3688 1830 3757">
    <p class='ocr_par' dir='ltr' id='par_1_51' title="bbox 287 3688 1830 3757">
     <span class='ocr_line' id='line_1_51' title="bbox 287 3688 1830 3757; baseline 0.002 -13"><span class='ocrx_word' id='word_1_401' title='bbox 287 3692 385 3744; x_wconf 76' lang='lat' dir='ltr'><strong>tris</strong></span> <span class='ocrx_word' id='word_1_402' title='bbox 406 3690 530 3743; x_wconf 85' lang='lat' dir='ltr'><strong>duos</strong></span> <span class='ocrx_word' id='word_1_403' title='bbox 558 3689 692 3757; x_wconf 72' lang='lat' dir='ltr'><strong>filios</strong></span> <span class='ocrx_word' id='word_1_404' title='bbox 706 3705 822 3743; x_wconf 82' lang='lat' dir='ltr'><strong>suos</strong></span> <span class='ocrx_word' id='word_1_405' title='bbox 843 3688 1046 3754; x_wconf 77' lang='lat' dir='ltr'><strong>obtulit,</strong></span> <span class='ocrx_word' id='word_1_406' title='bbox 1074 3690 1358 3745; x_wconf 79' lang='lat' dir='ltr'><strong>Ilanassctu</strong></span> <span class='ocrx_word' id='word_1_407' title='bbox 1379 3699 1426 3744; x_wconf 80' lang='lat' dir='ltr'><strong>et</strong></span> <span class='ocrx_word' id='word_1_408' title='bbox 1452 3689 1830 3757; x_wconf 76' lang='lat' dir='ltr'><strong>Ephraim,etc.</strong></span> 
     </span>
    </p>
   </div>
   <div class='ocr_carea' id='block_1_52' title="bbox 289 3781 1836 3852">
    <p class='ocr_par' dir='ltr' id='par_1_52' title="bbox 289 3781 1836 3852">
     <span class='ocr_line' id='line_1_52' title="bbox 289 3781 1836 3852; baseline 0.002 -17"><span class='ocrx_word' id='word_1_409' title='bbox 289 3783 528 3847; x_wconf 75' lang='lat' dir='ltr'><strong>Quorum</strong></span> <span class='ocrx_word' id='word_1_410' title='bbox 579 3781 844 3836; x_wconf 73' lang='lat' dir='ltr'><strong>Monaeses</strong></span> <span class='ocrx_word' id='word_1_411' title='bbox 869 3821 886 3847; x_wconf 88' lang='lat'><strong>,</strong></span> <span class='ocrx_word' id='word_1_412' title='bbox 914 3781 1003 3849; x_wconf 91' lang='lat' dir='ltr'><strong>qui</strong></span> <span class='ocrx_word' id='word_1_413' title='bbox 1049 3781 1435 3852; x_wconf 49' lang='lat' dir='ltr'><strong>«interpretatur</strong></span> <span class='ocrx_word' id='word_1_414' title='bbox 1477 3781 1712 3848; x_wconf 84' lang='lat' dir='ltr'><strong>oblivio,</strong></span> <span class='ocrx_word' id='word_1_415' title='bbox 1763 3784 1836 3838; x_wconf 89' lang='lat' dir='ltr'><strong>ai-</strong></span> 
     </span>
    </p>
   </div>
   <div class='ocr_carea' id='block_1_53' title="bbox 291 3869 1836 3942">
    <p class='ocr_par' dir='ltr' id='par_1_53' title="bbox 291 3869 1836 3942">
     <span class='ocr_line' id='line_1_53' title="bbox 291 3869 1836 3942; baseline 0.001 -18"><span class='ocrx_word' id='word_1_416' title='bbox 291 3871 518 3942; x_wconf 76' lang='lat' dir='ltr'><strong>gniﬁcat</strong></span> <span class='ocrx_word' id='word_1_417' title='bbox 545 3869 756 3926; x_wconf 71' lang='lat' dir='ltr'><strong>Iudaeos</strong></span> <span class='ocrx_word' id='word_1_418' title='bbox 783 3871 870 3938; x_wconf 88' lang='lat' dir='ltr'><strong>qui</strong></span> <span class='ocrx_word' id='word_1_419' title='bbox 901 3870 1048 3925; x_wconf 88' lang='lat' dir='ltr'><strong>obliti</strong></span> <span class='ocrx_word' id='word_1_420' title='bbox 1093 3880 1215 3925; x_wconf 90' lang='lat' dir='ltr'><strong>sunt</strong></span> <span class='ocrx_word' id='word_1_421' title='bbox 1241 3871 1521 3930; x_wconf 82' lang='lat' dir='ltr'><strong>Dominum</strong></span> <span class='ocrx_word' id='word_1_422' title='bbox 1555 3886 1727 3926; x_wconf 86' lang='lat' dir='ltr'><strong>suum.</strong></span> <span class='ocrx_word' id='word_1_423' title='bbox 1762 3870 1836 3926; x_wconf 88' lang='lat' dir='ltr'><strong>De</strong></span> 
     </span>
    </p>
   </div>
   <div class='ocr_carea' id='block_1_54' title="bbox 290 3956 1833 4026">
    <p class='ocr_par' dir='ltr' id='par_1_54' title="bbox 290 3956 1833 4026">
     <span class='ocr_line' id='line_1_54' title="bbox 290 3956 1833 4026; baseline 0 -15"><span class='ocrx_word' id='word_1_424' title='bbox 290 3959 486 4025; x_wconf 85' lang='lat' dir='ltr'><strong>quibus</strong></span> <span class='ocrx_word' id='word_1_425' title='bbox 521 3957 748 4013; x_wconf 85' lang='lat' dir='ltr'><strong>dicitur:</strong></span> <span class='ocrx_word' id='word_1_426' title='bbox 780 3957 950 4012; x_wconf 75' lang='lat' dir='ltr'><strong>Obliti-</strong></span> <span class='ocrx_word' id='word_1_427' title='bbox 979 3966 1095 4026; x_wconf 73' lang='lat' dir='ltr'><strong>sunt</strong></span> <span class='ocrx_word' id='word_1_428' title='bbox 1137 3956 1298 4011; x_wconf 86' lang='lat' dir='ltr'><strong>Deum</strong></span> <span class='ocrx_word' id='word_1_429' title='bbox 1336 3959 1423 4026; x_wconf 76' lang='lat' dir='ltr'><strong>qui</strong></span> <span class='ocrx_word' id='word_1_430' title='bbox 1448 3958 1654 4012; x_wconf 77' lang='lat' dir='ltr'><strong>saluauit</strong></span> <span class='ocrx_word' id='word_1_431' title='bbox 1698 3958 1833 4012; x_wconf 72' lang='lat' dir='ltr'><strong>illos.</strong></span> 
     </span>
    </p>
   </div>
   <div class='ocr_carea' id='block_1_55' title="bbox 213 4045 1832 4119">
    <p class='ocr_par' dir='ltr' id='par_1_55' title="bbox 213 4045 1832 4119">
     <span class='ocr_line' id='line_1_55' title="bbox 213 4045 1832 4119; baseline 0.001 -23"><span class='ocrx_word' id='word_1_432' title='bbox 213 4093 218 4096; x_wconf 88' lang='lat'><strong><em>_</em></strong></span> <span class='ocrx_word' id='word_1_433' title='bbox 296 4045 554 4115; x_wconf 76' lang='lat' dir='ltr'><strong>Epitraim</strong></span> <span class='ocrx_word' id='word_1_434' title='bbox 577 4055 752 4100; x_wconf 89' lang='lat' dir='ltr'><strong>autem</strong></span> <span class='ocrx_word' id='word_1_435' title='bbox 779 4046 961 4114; x_wconf 86' lang='lat' dir='ltr'><strong>junior</strong></span> <span class='ocrx_word' id='word_1_436' title='bbox 989 4085 1005 4111; x_wconf 93' lang='lat'><strong>,</strong></span> <span class='ocrx_word' id='word_1_437' title='bbox 1046 4045 1544 4114; x_wconf 86' lang='lat' dir='ltr'><strong>qui-interpretatur</strong></span> <span class='ocrx_word' id='word_1_438' title='bbox 1584 4046 1794 4119; x_wconf 59' lang='lat' dir='ltr'><strong>ubertas</strong></span> <span class='ocrx_word' id='word_1_439' title='bbox 1816 4084 1832 4108; x_wconf 93' lang='lat'><strong>,</strong></span> 
     </span>
    </p>
   </div>
   <div class='ocr_carea' id='block_1_56' title="bbox 292 4132 1836 4205">
    <p class='ocr_par' dir='ltr' id='par_1_56' title="bbox 292 4132 1836 4205">
     <span class='ocr_line' id='line_1_56' title="bbox 292 4132 1836 4205; baseline -0.004 -15"><span class='ocrx_word' id='word_1_440' title='bbox 292 4135 558 4205; x_wconf 78' lang='lat' dir='ltr'><strong>significat</strong></span> <span class='ocrx_word' id='word_1_441' title='bbox 603 4135 858 4203; x_wconf 82' lang='lat' dir='ltr'><strong>populum</strong></span> <span class='ocrx_word' id='word_1_442' title='bbox 905 4135 1289 4197; x_wconf 67' lang='lat' dir='ltr'><strong>Christianum,</strong></span> <span class='ocrx_word' id='word_1_443' title='bbox 1321 4132 1408 4201; x_wconf 88' lang='lat' dir='ltr'><strong>qui</strong></span> <span class='ocrx_word' id='word_1_444' title='bbox 1453 4133 1693 4186; x_wconf 85' lang='lat' dir='ltr'><strong>ubertate</strong></span> <span class='ocrx_word' id='word_1_445' title='bbox 1717 4148 1836 4200; x_wconf 85' lang='lat' dir='ltr'><strong>gra-</strong></span> 
     </span>
    </p>
   </div>
   <div class='ocr_carea' id='block_1_57' title="bbox 295 4221 1838 4291">
    <p class='ocr_par' dir='ltr' id='par_1_57' title="bbox 295 4221 1838 4291">
     <span class='ocr_line' id='line_1_57' title="bbox 295 4221 1838 4291; baseline -0.003 -13"><span class='ocrx_word' id='word_1_446' title='bbox 295 4223 390 4278; x_wconf 86' lang='lat' dir='ltr'><strong>ti:e</strong></span> <span class='ocrx_word' id='word_1_447' title='bbox 419 4223 692 4277; x_wconf 87' lang='lat' dir='ltr'><strong>redundat.</strong></span> <span class='ocrx_word' id='word_1_448' title='bbox 742 4222 847 4277; x_wconf 81' lang='lat' dir='ltr'><strong>llos</strong></span> <span class='ocrx_word' id='word_1_449' title='bbox 894 4226 1102 4291; x_wconf 81' lang='lat' dir='ltr'><strong>quidem</strong></span> <span class='ocrx_word' id='word_1_450' title='bbox 1152 4237 1268 4276; x_wconf 89' lang='lat' dir='ltr'><strong>cum</strong></span> <span class='ocrx_word' id='word_1_451' title='bbox 1317 4221 1630 4276; x_wconf 88' lang='lat' dir='ltr'><strong>benedicere</strong></span> <span class='ocrx_word' id='word_1_452' title='bbox 1677 4221 1838 4275; x_wconf 89' lang='lat' dir='ltr'><strong>vellet</strong></span> 
     </span>
    </p>
   </div>
   <div class='ocr_carea' id='block_1_58' title="bbox 293 4310 1834 4383">
    <p class='ocr_par' dir='ltr' id='par_1_58' title="bbox 293 4310 1834 4383">
     <span class='ocr_line' id='line_1_58' title="bbox 293 4310 1834 4383; baseline -0.003 -14"><span class='ocrx_word' id='word_1_453' title='bbox 293 4313 464 4369; x_wconf 79' lang='lat' dir='ltr'><strong>Iacob</strong></span> <span class='ocrx_word' id='word_1_454' title='bbox 490 4355 504 4379; x_wconf 94' lang='lat'><strong>,</strong></span> <span class='ocrx_word' id='word_1_455' title='bbox 543 4311 717 4383; x_wconf 83' lang='lat' dir='ltr'><strong>posuit</strong></span> <span class='ocrx_word' id='word_1_456' title='bbox 753 4311 948 4381; x_wconf 84' lang='lat' dir='ltr'><strong>Ioseph</strong></span> <span class='ocrx_word' id='word_1_457' title='bbox 995 4313 1061 4366; x_wconf 88' lang='lat' dir='ltr'><strong>ad</strong></span> <span class='ocrx_word' id='word_1_458' title='bbox 1105 4313 1367 4368; x_wconf 86' lang='lat' dir='ltr'><strong>sinistram</strong></span> <span class='ocrx_word' id='word_1_459' title='bbox 1412 4311 1691 4381; x_wconf 79' lang='lat' dir='ltr'><strong>prraim,</strong></span> <span class='ocrx_word' id='word_1_460' title='bbox 1724 4310 1834 4365; x_wconf 72' lang='lat' dir='ltr'><strong>hia-</strong></span> 
     </span>
    </p>
   </div>
   <div class='ocr_carea' id='block_1_59' title="bbox 1852 3105 1898 3168">
    <p class='ocr_par' dir='ltr' id='par_1_59' title="bbox 1852 3105 1898 3168">
     <span class='ocr_line' id='line_1_59' title="bbox 1852 3105 1898 3168; baseline 0 0"><span class='ocrx_word' id='word_1_461' title='bbox 1852 3105 1898 3168; x_wconf 89' lang='lat' dir='ltr'><strong>C</strong></span> 
     </span>
    </p>
   </div>
   <div class='ocr_carea' id='block_1_60' title="bbox 1913 1897 3438 1973">
    <p class='ocr_par' dir='ltr' id='par_1_60' title="bbox 1913 1897 3438 1973">
     <span class='ocr_line' id='line_1_60' title="bbox 1913 1897 3438 1973; baseline 0.004 -21"><span class='ocrx_word' id='word_1_462' title='bbox 1913 1897 2217 1968; x_wconf 69' lang='lat' dir='ltr'><strong>Egyptum,</strong></span> <span class='ocrx_word' id='word_1_463' title='bbox 2233 1899 2298 1954; x_wconf 90' lang='lat' dir='ltr'><strong>de</strong></span> <span class='ocrx_word' id='word_1_464' title='bbox 2320 1898 2603 1955; x_wconf 87' lang='lat' dir='ltr'><strong>femoribus</strong></span> <span class='ocrx_word' id='word_1_465' title='bbox 2616 1900 2961 1956; x_wconf 78' lang='lat' dir='ltr'><strong>Iaeobfuisse</strong></span> <span class='ocrx_word' id='word_1_466' title='bbox 2979 1904 3300 1973; x_wconf 91' lang='lat' dir='ltr'><strong>septuaginta</strong></span> <span class='ocrx_word' id='word_1_467' title='bbox 3317 1919 3404 1959; x_wconf 78' lang='lat' dir='ltr'><strong>sex</strong></span> <span class='ocrx_word' id='word_1_468' title='bbox 3425 1923 3438 1958; x_wconf 93' lang='lat'>:</span> 
     </span>
    </p>
   </div>
   <div class='ocr_carea' id='block_1_61' title="bbox 1913 1987 3443 2061">
    <p class='ocr_par' dir='ltr' id='par_1_61' title="bbox 1913 1987 3443 2061">
     <span class='ocr_line' id='line_1_61' title="bbox 1913 1987 3443 2061; baseline 0.003 -19"><span class='ocrx_word' id='word_1_469' title='bbox 1913 1997 2248 2056; x_wconf 82' lang='lat' dir='ltr'><strong>posteaquam</strong></span> <span class='ocrx_word' id='word_1_470' title='bbox 2265 1997 2387 2042; x_wconf 90' lang='lat' dir='ltr'><strong>sunt</strong></span> <span class='ocrx_word' id='word_1_471' title='bbox 2407 1987 2671 2055; x_wconf 73' lang='lat' dir='ltr'><strong>ingressa,</strong></span> <span class='ocrx_word' id='word_1_472' title='bbox 2693 2000 3000 2058; x_wconf 89' lang='lat' dir='ltr'><strong>repererunt</strong></span> <span class='ocrx_word' id='word_1_473' title='bbox 3017 1990 3074 2045; x_wconf 87' lang='lat' dir='ltr'><strong>in</strong></span> <span class='ocrx_word' id='word_1_474' title='bbox 3099 1991 3320 2061; x_wconf 61' lang='lat' dir='ltr'><strong>Egypto</strong></span> <span class='ocrx_word' id='word_1_475' title='bbox 3336 2001 3443 2047; x_wconf 89' lang='lat' dir='ltr'><strong>trcs</strong></span> 
     </span>
    </p>
   </div>
   <div class='ocr_carea' id='block_1_62' title="bbox 1911 2075 3443 2145">
    <p class='ocr_par' dir='ltr' id='par_1_62' title="bbox 1911 2075 3443 2145">
     <span class='ocr_line' id='line_1_62' title="bbox 1911 2075 3443 2145; baseline 0.005 -15"><span class='ocrx_word' id='word_1_476' title='bbox 1911 2077 2136 2143; x_wconf 88' lang='lat' dir='ltr'><strong>animas,</strong></span> <span class='ocrx_word' id='word_1_477' title='bbox 2154 2075 2344 2145; x_wconf 85' lang='lat' dir='ltr'><strong>Ioseph</strong></span> <span class='ocrx_word' id='word_1_478' title='bbox 2374 2075 2630 2143; x_wconf 90' lang='lat' dir='ltr'><strong>videlicet,</strong></span> <span class='ocrx_word' id='word_1_479' title='bbox 2663 2092 2780 2132; x_wconf 90' lang='lat' dir='ltr'><strong>cum</strong></span> <span class='ocrx_word' id='word_1_480' title='bbox 2805 2079 3006 2134; x_wconf 84' lang='lat' dir='ltr'><strong>duobus</strong></span> <span class='ocrx_word' id='word_1_481' title='bbox 3034 2077 3149 2135; x_wconf 86' lang='lat' dir='ltr'><strong>ﬁliis</strong></span> <span class='ocrx_word' id='word_1_482' title='bbox 3169 2080 3324 2135; x_wconf 90' lang='lat' dir='ltr'><strong>illius.</strong></span> <span class='ocrx_word' id='word_1_483' title='bbox 3347 2081 3443 2137; x_wconf 62' lang='lat' dir='ltr'><strong>Sec</strong></span> 
     </span>
    </p>
   </div>
   <div class='ocr_carea' id='block_1_63' title="bbox 1916 2163 3442 2236">
    <p class='ocr_par' dir='ltr' id='par_1_63' title="bbox 1916 2163 3442 2236">
     <span class='ocr_line' id='line_1_63' title="bbox 1916 2163 3442 2236; baseline 0.003 -19"><span class='ocrx_word' id='word_1_484' title='bbox 1916 2165 2265 2235; x_wconf 70' lang='lat' dir='ltr'><strong>ptinget-imus</strong></span> <span class='ocrx_word' id='word_1_485' title='bbox 2285 2172 2456 2220; x_wconf 88' lang='lat' dir='ltr'><strong>autem</strong></span> <span class='ocrx_word' id='word_1_486' title='bbox 2480 2165 2591 2234; x_wconf 85' lang='lat' dir='ltr'><strong>ipse</strong></span> <span class='ocrx_word' id='word_1_487' title='bbox 2607 2165 2700 2219; x_wconf 86' lang='lat' dir='ltr'><strong>fuit</strong></span> <span class='ocrx_word' id='word_1_488' title='bbox 2719 2163 2896 2220; x_wconf 88' lang='lat' dir='ltr'><strong>Iacob.</strong></span> <span class='ocrx_word' id='word_1_489' title='bbox 2916 2166 3250 2236; x_wconf 76' lang='lat' dir='ltr'><strong>Septuaginta</strong></span> <span class='ocrx_word' id='word_1_490' title='bbox 3269 2178 3442 2222; x_wconf 87' lang='lat' dir='ltr'><strong>autem</strong></span> 
     </span>
    </p>
   </div>
   <div class='ocr_carea' id='block_1_64' title="bbox 1916 2253 3444 2327">
    <p class='ocr_par' dir='ltr' id='par_1_64' title="bbox 1916 2253 3444 2327">
     <span class='ocr_line' id='line_1_64' title="bbox 1916 2253 3444 2327; baseline 0.002 -20"><span class='ocrx_word' id='word_1_491' title='bbox 1916 2254 1968 2307; x_wconf 91' lang='lat' dir='ltr'><strong>in</strong></span> <span class='ocrx_word' id='word_1_492' title='bbox 1992 2253 2396 2309; x_wconf 87' lang='lat' dir='ltr'><strong>Deuteronomio</strong></span> <span class='ocrx_word' id='word_1_493' title='bbox 2411 2254 2652 2309; x_wconf 82' lang='lat' dir='ltr'><strong>dixerunt</strong></span> <span class='ocrx_word' id='word_1_494' title='bbox 2671 2255 2809 2325; x_wconf 88' lang='lat' dir='ltr'><strong>quod</strong></span> <span class='ocrx_word' id='word_1_495' title='bbox 2832 2256 2881 2310; x_wconf 89' lang='lat' dir='ltr'><strong>iu</strong></span> <span class='ocrx_word' id='word_1_496' title='bbox 2905 2257 3232 2327; x_wconf 82' lang='lat' dir='ltr'><strong>septuaginta</strong></span> <span class='ocrx_word' id='word_1_497' title='bbox 3247 2257 3444 2310; x_wconf 56' lang='lat' dir='ltr'><strong>animae</strong></span> 
     </span>
    </p>
   </div>
   <div class='ocr_carea' id='block_1_65' title="bbox 1915 2341 3448 2413">
    <p class='ocr_par' dir='ltr' id='par_1_65' title="bbox 1915 2341 3448 2413">
     <span class='ocr_line' id='line_1_65' title="bbox 1915 2341 3448 2413; baseline 0.002 -16"><span class='ocrx_word' id='word_1_498' title='bbox 1915 2341 2015 2399; x_wconf 78' lang='lat' dir='ltr'><strong>bus</strong></span> <span class='ocrx_word' id='word_1_499' title='bbox 2025 2341 2183 2398; x_wconf 82' lang='lat' dir='ltr'><strong>Iacob</strong></span> <span class='ocrx_word' id='word_1_500' title='bbox 2203 2342 2470 2398; x_wconf 84' lang='lat' dir='ltr'><strong>descendit</strong></span> <span class='ocrx_word' id='word_1_501' title='bbox 2488 2343 2539 2398; x_wconf 89' lang='lat' dir='ltr'><strong>in</strong></span> <span class='ocrx_word' id='word_1_502' title='bbox 2552 2343 2852 2413; x_wconf 61' lang='lat' dir='ltr'><strong>Egyptum.</strong></span> <span class='ocrx_word' id='word_1_503' title='bbox 2873 2346 3035 2400; x_wconf 84' lang='lat' dir='ltr'><strong>Lucas</strong></span> <span class='ocrx_word' id='word_1_504' title='bbox 3052 2353 3224 2400; x_wconf 83' lang='lat' dir='ltr'><strong>autem</strong></span> <span class='ocrx_word' id='word_1_505' title='bbox 3244 2348 3294 2400; x_wconf 91' lang='lat' dir='ltr'><strong>in</strong></span> <span class='ocrx_word' id='word_1_506' title='bbox 3310 2345 3448 2400; x_wconf 72' lang='lat' dir='ltr'><strong>Acti-</strong></span> 
     </span>
    </p>
   </div>
   <div class='ocr_carea' id='block_1_66' title="bbox 1920 2421 3448 2510">
    <p class='ocr_par' dir='ltr' id='par_1_66' title="bbox 1920 2421 3448 2510">
     <span class='ocr_line' id='line_1_66' title="bbox 1920 2421 3448 2510; baseline -0.001 -22"><span class='ocrx_word' id='word_1_507' title='bbox 1920 2434 2016 2488; x_wconf 89' lang='lat' dir='ltr'><strong>bus</strong></span> <span class='ocrx_word' id='word_1_508' title='bbox 2039 2432 2390 2502; x_wconf 84' lang='lat' dir='ltr'><strong>apostolorum</strong></span> <span class='ocrx_word' id='word_1_509' title='bbox 2413 2435 2735 2502; x_wconf 87' lang='lat' dir='ltr'><strong>septuaginta</strong></span> <span class='ocrx_word' id='word_1_510' title='bbox 2773 2421 2973 2510; x_wconf 80' lang='lat' dir='ltr'><strong>animas</strong></span> <span class='ocrx_word' id='word_1_511' title='bbox 3003 2432 3188 2502; x_wconf 84' lang='lat' dir='ltr'><strong>posuit,</strong></span> <span class='ocrx_word' id='word_1_512' title='bbox 3214 2448 3278 2487; x_wconf 90' lang='lat' dir='ltr'><strong>ne</strong></span> <span class='ocrx_word' id='word_1_513' title='bbox 3300 2433 3448 2486; x_wconf 85' lang='lat' dir='ltr'><strong>vide-</strong></span> 
     </span>
    </p>
   </div>
   <div class='ocr_carea' id='block_1_67' title="bbox 1921 2523 3444 2596">
    <p class='ocr_par' dir='ltr' id='par_1_67' title="bbox 1921 2523 3444 2596">
     <span class='ocr_line' id='line_1_67' title="bbox 1921 2523 3444 2596; baseline 0 -19"><span class='ocrx_word' id='word_1_514' title='bbox 1921 2533 2068 2579; x_wconf 87' lang='lat' dir='ltr'><strong>retur</strong></span> <span class='ocrx_word' id='word_1_515' title='bbox 2089 2525 2414 2593; x_wconf 89' lang='lat' dir='ltr'><strong>septuaginta</strong></span> <span class='ocrx_word' id='word_1_516' title='bbox 2445 2523 2813 2591; x_wconf 81' lang='lat' dir='ltr'><strong>interpretibus</strong></span> <span class='ocrx_word' id='word_1_517' title='bbox 2839 2538 2956 2579; x_wconf 85' lang='lat' dir='ltr'><strong>esse</strong></span> <span class='ocrx_word' id='word_1_518' title='bbox 2983 2523 3444 2596; x_wconf 87' lang='lat' dir='ltr'><strong>contrarius,cum</strong></span> 
     </span>
    </p>
   </div>
   <div class='ocr_carea' id='block_1_68' title="bbox 1923 2612 3442 2682">
    <p class='ocr_par' dir='ltr' id='par_1_68' title="bbox 1923 2612 3442 2682">
     <span class='ocr_line' id='line_1_68' title="bbox 1923 2612 3442 2682; baseline 0 -15"><span class='ocrx_word' id='word_1_519' title='bbox 1923 2628 2122 2680; x_wconf 66' lang='lat' dir='ltr'><strong>magnae</strong></span> <span class='ocrx_word' id='word_1_520' title='bbox 2149 2612 2476 2670; x_wconf 82' lang='lat' dir='ltr'><strong>auctoritatis</strong></span> <span class='ocrx_word' id='word_1_521' title='bbox 2507 2628 2611 2666; x_wconf 93' lang='lat' dir='ltr'><strong>non</strong></span> <span class='ocrx_word' id='word_1_522' title='bbox 2643 2613 2929 2668; x_wconf 83' lang='lat' dir='ltr'><strong>habeantur</strong></span> <span class='ocrx_word' id='word_1_523' title='bbox 2957 2613 3142 2666; x_wconf 82' lang='lat' dir='ltr'><strong>inisto</strong></span> <span class='ocrx_word' id='word_1_524' title='bbox 3187 2622 3442 2682; x_wconf 88' lang='lat' dir='ltr'><strong>tempore.</strong></span> 
     </span>
    </p>
   </div>
   <div class='ocr_carea' id='block_1_69' title="bbox 1925 2703 3446 2775">
    <p class='ocr_par' dir='ltr' id='par_1_69' title="bbox 1925 2703 3446 2775">
     <span class='ocr_line' id='line_1_69' title="bbox 1925 2703 3446 2775; baseline -0.003 -17"><span class='ocrx_word' id='word_1_525' title='bbox 1925 2703 1989 2758; x_wconf 80' lang='lat' dir='ltr'><strong>Et</strong></span> <span class='ocrx_word' id='word_1_526' title='bbox 2013 2720 2104 2775; x_wconf 73' lang='lat' dir='ltr'><strong>ego</strong></span> <span class='ocrx_word' id='word_1_527' title='bbox 2119 2703 2238 2757; x_wconf 82' lang='lat' dir='ltr'><strong>dedi</strong></span> <span class='ocrx_word' id='word_1_528' title='bbox 2260 2703 2347 2757; x_wconf 83' lang='lat' dir='ltr'><strong>tibi</strong></span> <span class='ocrx_word' id='word_1_529' title='bbox 2369 2711 2557 2773; x_wconf 83' lang='lat' dir='ltr'><strong>partem</strong></span> <span class='ocrx_word' id='word_1_530' title='bbox 2580 2714 2895 2756; x_wconf 68' lang='lat' dir='ltr'><strong>unam-extra</strong></span> <span class='ocrx_word' id='word_1_531' title='bbox 2919 2703 3095 2770; x_wconf 61' lang='grc' dir='ltr'><strong>βαίνει</strong></span> <span class='ocrx_word' id='word_1_532' title='bbox 3122 2711 3233 2755; x_wconf 86' lang='lat' dir='ltr'><strong>tuos</strong></span> <span class='ocrx_word' id='word_1_533' title='bbox 3249 2740 3264 2766; x_wconf 91' lang='lat'><strong>,</strong></span> <span class='ocrx_word' id='word_1_534' title='bbox 3295 2716 3446 2770; x_wconf 81' lang='lat' dir='ltr'><strong>quant</strong></span> 
     </span>
    </p>
   </div>
   <div class='ocr_carea' id='block_1_70' title="bbox 1923 2789 3450 2867">
    <p class='ocr_par' dir='ltr' id='par_1_70' title="bbox 1923 2789 3450 2867">
     <span class='ocr_line' id='line_1_70' title="bbox 1923 2789 3450 2867; baseline -0.003 -20"><span class='ocrx_word' id='word_1_535' title='bbox 1923 2795 2016 2867; x_wconf 79' lang='lat' dir='ltr'><strong>tuli</strong></span> <span class='ocrx_word' id='word_1_536' title='bbox 2061 2793 2125 2847; x_wconf 84' lang='lat' dir='ltr'><strong>de</strong></span> <span class='ocrx_word' id='word_1_537' title='bbox 2167 2808 2319 2847; x_wconf 76' lang='lat' dir='ltr'><strong>manu</strong></span> <span class='ocrx_word' id='word_1_538' title='bbox 2345 2791 2625 2846; x_wconf 65' lang='lat' dir='ltr'><strong>Amorraei</strong></span> <span class='ocrx_word' id='word_1_539' title='bbox 2669 2792 2721 2844; x_wconf 80' lang='lat' dir='ltr'><strong>in</strong></span> <span class='ocrx_word' id='word_1_540' title='bbox 2749 2789 2920 2861; x_wconf 83' lang='lat' dir='ltr'><strong>gladio</strong></span> <span class='ocrx_word' id='word_1_541' title='bbox 2969 2799 3168 2844; x_wconf 84' lang='lat' dir='ltr'><strong>et-arcu</strong></span> <span class='ocrx_word' id='word_1_542' title='bbox 3209 2804 3337 2842; x_wconf 73' lang='lat' dir='ltr'><strong>meo.</strong></span> <span class='ocrx_word' id='word_1_543' title='bbox 3364 2789 3450 2844; x_wconf 82' lang='lat' dir='ltr'><strong>Si-</strong></span> 
     </span>
    </p>
   </div>
   <div class='ocr_carea' id='block_1_71' title="bbox 1923 2877 3446 2949">
    <p class='ocr_par' dir='ltr' id='par_1_71' title="bbox 1923 2877 3446 2949">
     <span class='ocr_line' id='line_1_71' title="bbox 1923 2877 3446 2949; baseline -0.003 -15"><span class='ocrx_word' id='word_1_544' title='bbox 1923 2879 2148 2934; x_wconf 87' lang='lat' dir='ltr'><strong>chimam</strong></span> <span class='ocrx_word' id='word_1_545' title='bbox 2183 2880 2256 2935; x_wconf 91' lang='lat' dir='ltr'><strong>iiii</strong></span> <span class='ocrx_word' id='word_1_546' title='bbox 2287 2881 2396 2946; x_wconf 90' lang='lat' dir='ltr'><strong>dat,</strong></span> <span class='ocrx_word' id='word_1_547' title='bbox 2425 2893 2543 2949; x_wconf 61' lang='lat' dir='ltr'><strong>quae</strong></span> <span class='ocrx_word' id='word_1_548' title='bbox 2567 2889 2648 2936; x_wconf 84' lang='lat' dir='ltr'><strong>est</strong></span> <span class='ocrx_word' id='word_1_549' title='bbox 2672 2879 2899 2935; x_wconf 85' lang='lat' dir='ltr'><strong>Sichem.</strong></span> <span class='ocrx_word' id='word_1_550' title='bbox 2927 2880 3118 2937; x_wconf 78' lang='lat' dir='ltr'><strong>Areum</strong></span> <span class='ocrx_word' id='word_1_551' title='bbox 3141 2887 3196 2933; x_wconf 86' lang='lat' dir='ltr'><strong>et</strong></span> <span class='ocrx_word' id='word_1_552' title='bbox 3221 2877 3446 2946; x_wconf 82' lang='lat' dir='ltr'><strong>gladium</strong></span> 
     </span>
    </p>
   </div>
   <div class='ocr_carea' id='block_1_72' title="bbox 1928 2965 3453 3039">
    <p class='ocr_par' dir='ltr' id='par_1_72' title="bbox 1928 2965 3453 3039">
     <span class='ocr_line' id='line_1_72' title="bbox 1928 2965 3453 3039; baseline -0.001 -18"><span class='ocrx_word' id='word_1_553' title='bbox 1928 2971 2106 3024; x_wconf 78' lang='lat' dir='ltr'><strong>vocari</strong></span> <span class='ocrx_word' id='word_1_554' title='bbox 2129 2968 2380 3039; x_wconf 76' lang='lat' dir='ltr'><strong>justitiam</strong></span> <span class='ocrx_word' id='word_1_555' title='bbox 2400 3008 2418 3037; x_wconf 94' lang='lat'><strong>,</strong></span> <span class='ocrx_word' id='word_1_556' title='bbox 2448 2983 2548 3038; x_wconf 86' lang='lat' dir='ltr'><strong>qua</strong></span> <span class='ocrx_word' id='word_1_557' title='bbox 2578 2969 2809 3024; x_wconf 84' lang='lat' dir='ltr'><strong>inierunt</strong></span> <span class='ocrx_word' id='word_1_558' title='bbox 2839 2967 3124 3022; x_wconf 87' lang='lat' dir='ltr'><strong>interfecto</strong></span> <span class='ocrx_word' id='word_1_559' title='bbox 3151 2965 3366 3022; x_wconf 83' lang='lat' dir='ltr'><strong>Sicbem</strong></span> <span class='ocrx_word' id='word_1_560' title='bbox 3393 2974 3453 3020; x_wconf 79' lang='lat' dir='ltr'><strong>et</strong></span> 
     </span>
    </p>
   </div>
   <div class='ocr_carea' id='block_1_73' title="bbox 1929 3053 3455 3128">
    <p class='ocr_par' dir='ltr' id='par_1_73' title="bbox 1929 3053 3455 3128">
     <span class='ocr_line' id='line_1_73' title="bbox 1929 3053 3455 3128; baseline -0.01 -14"><span class='ocrx_word' id='word_1_561' title='bbox 1929 3060 2126 3126; x_wconf 83' lang='lat' dir='ltr'><strong>Emor,</strong></span> <span class='ocrx_word' id='word_1_562' title='bbox 2155 3057 2386 3114; x_wconf 89' lang='lat' dir='ltr'><strong>liberari.</strong></span> <span class='ocrx_word' id='word_1_563' title='bbox 2427 3057 2528 3114; x_wconf 78' lang='lat' dir='ltr'><strong>Alii</strong></span> <span class='ocrx_word' id='word_1_564' title='bbox 2555 3066 2727 3113; x_wconf 89' lang='lat' dir='ltr'><strong>autem</strong></span> <span class='ocrx_word' id='word_1_565' title='bbox 2768 3056 2979 3124; x_wconf 89' lang='lat' dir='ltr'><strong>dicunt,</strong></span> <span class='ocrx_word' id='word_1_566' title='bbox 3008 3069 3103 3128; x_wconf 89' lang='lat' dir='ltr'><strong>per</strong></span> <span class='ocrx_word' id='word_1_567' title='bbox 3147 3068 3324 3109; x_wconf 87' lang='lat' dir='ltr'><strong>arcum</strong></span> <span class='ocrx_word' id='word_1_568' title='bbox 3368 3053 3455 3122; x_wconf 57' lang='lat' dir='ltr'><strong>in.</strong></span> 
     </span>
    </p>
   </div>
   <div class='ocr_carea' id='block_1_74' title="bbox 1927 3145 3109 3219">
    <p class='ocr_par' dir='ltr' id='par_1_74' title="bbox 1927 3145 3109 3219">
     <span class='ocr_line' id='line_1_74' title="bbox 1927 3145 3109 3219; baseline -0.005 -13"><span class='ocrx_word' id='word_1_569' title='bbox 1927 3151 2146 3214; x_wconf 84' lang='lat' dir='ltr'><strong>stitiam,</strong></span> <span class='ocrx_word' id='word_1_570' title='bbox 2188 3163 2280 3218; x_wconf 91' lang='lat' dir='ltr'><strong>per</strong></span> <span class='ocrx_word' id='word_1_571' title='bbox 2301 3148 2530 3218; x_wconf 89' lang='lat' dir='ltr'><strong>gladium</strong></span> <span class='ocrx_word' id='word_1_572' title='bbox 2556 3145 2788 3219; x_wconf 81' lang='lat' dir='ltr'><strong>laborem</strong></span> <span class='ocrx_word' id='word_1_573' title='bbox 2811 3145 3109 3217; x_wconf 81' lang='lat' dir='ltr'><strong>signiﬁcari.</strong></span> 
     </span>
    </p>
   </div>
   <div class='ocr_carea' id='block_1_75' title="bbox 1999 3234 3451 3310">
    <p class='ocr_par' dir='ltr' id='par_1_75' title="bbox 1999 3234 3451 3310">
     <span class='ocr_line' id='line_1_75' title="bbox 1999 3234 3451 3310; baseline -0.006 -16"><span class='ocrx_word' id='word_1_574' title='bbox 1999 3239 2176 3294; x_wconf 76' lang='lat' dir='ltr'><strong>Ruben</strong></span> <span class='ocrx_word' id='word_1_575' title='bbox 2206 3237 2587 3310; x_wconf 68' lang='lat' dir='ltr'><strong>primogenita,</strong></span> <span class='ocrx_word' id='word_1_576' title='bbox 2627 3243 2683 3290; x_wconf 86' lang='lat' dir='ltr'><strong>tu</strong></span> <span class='ocrx_word' id='word_1_577' title='bbox 2727 3235 2966 3307; x_wconf 79' lang='lat' dir='ltr'><strong>fortitudo</strong></span> <span class='ocrx_word' id='word_1_578' title='bbox 2995 3251 3121 3300; x_wconf 86' lang='lat' dir='ltr'><strong>mea,</strong></span> <span class='ocrx_word' id='word_1_579' title='bbox 3152 3234 3451 3303; x_wconf 75' lang='lat' dir='ltr'><strong>principium</strong></span> 
     </span>
    </p>
   </div>
   <div class='ocr_carea' id='block_1_76' title="bbox 1929 3322 3456 3396">
    <p class='ocr_par' dir='ltr' id='par_1_76' title="bbox 1929 3322 3456 3396">
     <span class='ocr_line' id='line_1_76' title="bbox 1929 3322 3456 3396; baseline -0.007 -12"><span class='ocrx_word' id='word_1_580' title='bbox 1929 3329 2120 3384; x_wconf 83' lang='lat' dir='ltr'><strong>doloris</strong></span> <span class='ocrx_word' id='word_1_581' title='bbox 2157 3329 2273 3382; x_wconf 68' lang='lat' dir='ltr'><strong>utri.</strong></span> <span class='ocrx_word' id='word_1_582' title='bbox 2317 3327 2468 3382; x_wconf 86' lang='lat' dir='ltr'><strong>Prior</strong></span> <span class='ocrx_word' id='word_1_583' title='bbox 2510 3326 2564 3379; x_wconf 89' lang='lat' dir='ltr'><strong>iu</strong></span> <span class='ocrx_word' id='word_1_584' title='bbox 2601 3325 2782 3390; x_wconf 87' lang='lat' dir='ltr'><strong>donis,</strong></span> <span class='ocrx_word' id='word_1_585' title='bbox 2825 3326 2989 3396; x_wconf 78' lang='lat' dir='ltr'><strong>ntajo‘r</strong></span> <span class='ocrx_word' id='word_1_586' title='bbox 3015 3324 3066 3377; x_wconf 85' lang='lat' dir='ltr'><strong>in</strong></span> <span class='ocrx_word' id='word_1_587' title='bbox 3109 3325 3350 3391; x_wconf 86' lang='lat' dir='ltr'><strong>imperio,</strong></span> <span class='ocrx_word' id='word_1_588' title='bbox 3379 3322 3456 3388; x_wconf 78' lang='lat' dir='ltr'><strong>ef-</strong></span> 
     </span>
    </p>
   </div>
   <div class='ocr_carea' id='block_1_77' title="bbox 1929 3410 3461 3490">
    <p class='ocr_par' dir='ltr' id='par_1_77' title="bbox 1929 3410 3461 3490">
     <span class='ocr_line' id='line_1_77' title="bbox 1929 3410 3461 3490; baseline -0.008 -16"><span class='ocrx_word' id='word_1_589' title='bbox 1929 3421 2071 3490; x_wconf 76' lang='lat' dir='ltr'><strong>fusus</strong></span> <span class='ocrx_word' id='word_1_590' title='bbox 2116 3419 2246 3472; x_wconf 80' lang='lat' dir='ltr'><strong>sicut</strong></span> <span class='ocrx_word' id='word_1_591' title='bbox 2285 3432 2448 3485; x_wconf 80' lang='lat' dir='ltr'><strong>aqua,</strong></span> <span class='ocrx_word' id='word_1_592' title='bbox 2491 3430 2590 3472; x_wconf 80' lang='lat' dir='ltr'><strong>nou</strong></span> <span class='ocrx_word' id='word_1_593' title='bbox 2633 3429 2848 3477; x_wconf 86' lang='lat' dir='ltr'><strong>crescas,</strong></span> <span class='ocrx_word' id='word_1_594' title='bbox 2873 3413 2988 3481; x_wconf 86' lang='lat' dir='ltr'><strong>quia</strong></span> <span class='ocrx_word' id='word_1_595' title='bbox 3015 3410 3283 3465; x_wconf 71' lang='lat' dir='ltr'><strong>ostendisti</strong></span> <span class='ocrx_word' id='word_1_596' title='bbox 3302 3410 3461 3462; x_wconf 84' lang='lat' dir='ltr'><strong>cubile</strong></span> 
     </span>
    </p>
   </div>
   <div class='ocr_carea' id='block_1_78' title="bbox 1930 3498 3459 3575">
    <p class='ocr_par' dir='ltr' id='par_1_78' title="bbox 1930 3498 3459 3575">
     <span class='ocr_line' id='line_1_78' title="bbox 1930 3498 3459 3575; baseline -0.005 -18"><span class='ocrx_word' id='word_1_597' title='bbox 1930 3506 2087 3575; x_wconf 83' lang='lat' dir='ltr'><strong>patris</strong></span> <span class='ocrx_word' id='word_1_598' title='bbox 2115 3505 2190 3558; x_wconf 84' lang='lat' dir='ltr'><strong>tui</strong></span> <span class='ocrx_word' id='word_1_599' title='bbox 2223 3510 2270 3556; x_wconf 85' lang='lat' dir='ltr'><strong>et</strong></span> <span class='ocrx_word' id='word_1_600' title='bbox 2298 3500 2561 3556; x_wconf 84' lang='lat' dir='ltr'><strong>maculosti</strong></span> <span class='ocrx_word' id='word_1_601' title='bbox 2593 3510 2805 3556; x_wconf 87' lang='lat' dir='ltr'><strong>stratum</strong></span> <span class='ocrx_word' id='word_1_602' title='bbox 2831 3500 2988 3554; x_wconf 87' lang='lat' dir='ltr'><strong>illius.</strong></span> <span class='ocrx_word' id='word_1_603' title='bbox 3019 3498 3109 3553; x_wconf 76' lang='lat' dir='ltr'><strong>Est</strong></span> <span class='ocrx_word' id='word_1_604' title='bbox 3137 3505 3306 3552; x_wconf 88' lang='lat' dir='ltr'><strong>autem</strong></span> <span class='ocrx_word' id='word_1_605' title='bbox 3333 3510 3459 3550; x_wconf 80' lang='lat' dir='ltr'><strong>sen-</strong></span> 
     </span>
    </p>
   </div>
   <div class='ocr_carea' id='block_1_79' title="bbox 1930 3586 3452 3660">
    <p class='ocr_par' dir='ltr' id='par_1_79' title="bbox 1930 3586 3452 3660">
     <span class='ocr_line' id='line_1_79' title="bbox 1930 3586 3452 3660; baseline -0.007 -11"><span class='ocrx_word' id='word_1_606' title='bbox 1930 3607 2023 3649; x_wconf 80' lang='lat' dir='ltr'><strong>sus</strong></span> <span class='ocrx_word' id='word_1_607' title='bbox 2050 3593 2170 3648; x_wconf 78' lang='lat' dir='ltr'><strong>hic:</strong></span> <span class='ocrx_word' id='word_1_608' title='bbox 2193 3591 2271 3648; x_wconf 81' lang='lat' dir='ltr'><strong>Tu</strong></span> <span class='ocrx_word' id='word_1_609' title='bbox 2299 3590 2762 3660; x_wconf 45' lang='lat' dir='ltr'><strong>esvprimogenitus</strong></span> <span class='ocrx_word' id='word_1_610' title='bbox 2789 3603 2936 3644; x_wconf 89' lang='lat' dir='ltr'><strong>meus</strong></span> <span class='ocrx_word' id='word_1_611' title='bbox 2969 3587 3134 3657; x_wconf 71' lang='lat' dir='ltr'><strong>maior</strong></span> <span class='ocrx_word' id='word_1_612' title='bbox 3160 3587 3209 3640; x_wconf 94' lang='lat' dir='ltr'><strong>in</strong></span> <span class='ocrx_word' id='word_1_613' title='bbox 3238 3586 3414 3641; x_wconf 86' lang='lat' dir='ltr'><strong>liberis</strong></span> <span class='ocrx_word' id='word_1_614' title='bbox 3436 3624 3452 3647; x_wconf 93' lang='lat'><strong>,</strong></span> 
     </span>
    </p>
   </div>
   <div class='ocr_carea' id='block_1_80' title="bbox 1931 3675 3462 3751">
    <p class='ocr_par' dir='ltr' id='par_1_80' title="bbox 1931 3675 3462 3751">
     <span class='ocr_line' id='line_1_80' title="bbox 1931 3675 3462 3751; baseline -0.007 -12"><span class='ocrx_word' id='word_1_615' title='bbox 1931 3693 1988 3739; x_wconf 90' lang='lat' dir='ltr'><strong>et</strong></span> <span class='ocrx_word' id='word_1_616' title='bbox 2012 3682 2230 3739; x_wconf 85' lang='lat' dir='ltr'><strong>sedebas</strong></span> <span class='ocrx_word' id='word_1_617' title='bbox 2253 3682 2398 3751; x_wconf 79' lang='lat' dir='ltr'><strong>juxta</strong></span> <span class='ocrx_word' id='word_1_618' title='bbox 2422 3681 2654 3735; x_wconf 85' lang='lat' dir='ltr'><strong>ordinem</strong></span> <span class='ocrx_word' id='word_1_619' title='bbox 2677 3677 2958 3734; x_wconf 88' lang='lat' dir='ltr'><strong>nativitatis</strong></span> <span class='ocrx_word' id='word_1_620' title='bbox 2986 3685 3105 3741; x_wconf 76' lang='lat' dir='ltr'><strong>tute,</strong></span> <span class='ocrx_word' id='word_1_621' title='bbox 3131 3675 3462 3742; x_wconf 76' lang='lat' dir='ltr'><strong>quarprimo-</strong></span> 
     </span>
    </p>
   </div>
   <div class='ocr_carea' id='block_1_81' title="bbox 1931 3754 3462 3844">
    <p class='ocr_par' dir='ltr' id='par_1_81' title="bbox 1931 3754 3462 3844">
     <span class='ocr_line' id='line_1_81' title="bbox 1931 3754 3462 3844; baseline -0.009 -15"><span class='ocrx_word' id='word_1_622' title='bbox 1931 3773 2118 3844; x_wconf 82' lang='lat' dir='ltr'><strong>genitis</strong></span> <span class='ocrx_word' id='word_1_623' title='bbox 2171 3754 2296 3827; x_wconf 86' lang='lat' dir='ltr'><strong>vere</strong></span> <span class='ocrx_word' id='word_1_624' title='bbox 2336 3769 2621 3825; x_wconf 88' lang='lat' dir='ltr'><strong>debebatur</strong></span> <span class='ocrx_word' id='word_1_625' title='bbox 2642 3808 2657 3833; x_wconf 96' lang='lat'><strong>,</strong></span> <span class='ocrx_word' id='word_1_626' title='bbox 2711 3764 3034 3821; x_wconf 83' lang='lat' dir='ltr'><strong>sacerdotale</strong></span> <span class='ocrx_word' id='word_1_627' title='bbox 3082 3765 3319 3831; x_wconf 87' lang='lat' dir='ltr'><strong>accipere</strong></span> <span class='ocrx_word' id='word_1_628' title='bbox 3376 3760 3462 3816; x_wconf 47' lang='lat' dir='ltr'><strong>re;</strong></span> 
     </span>
    </p>
   </div>
   <div class='ocr_carea' id='block_1_82' title="bbox 1932 3851 3464 3933">
    <p class='ocr_par' dir='ltr' id='par_1_82' title="bbox 1932 3851 3464 3933">
     <span class='ocr_line' id='line_1_82' title="bbox 1932 3851 3464 3933; baseline -0.008 -15"><span class='ocrx_word' id='word_1_629' title='bbox 1932 3861 2234 3933; x_wconf 58' lang='lat' dir='ltr'><strong>gnum-ilic</strong></span> <span class='ocrx_word' id='word_1_630' title='bbox 2273 3861 2464 3930; x_wconf 71' lang='lat' dir='ltr'><strong>quippe</strong></span> <span class='ocrx_word' id='word_1_631' title='bbox 2491 3856 2542 3913; x_wconf 90' lang='lat' dir='ltr'><strong>in</strong></span> <span class='ocrx_word' id='word_1_632' title='bbox 2571 3855 2822 3926; x_wconf 85' lang='lat' dir='ltr'><strong>portando</strong></span> <span class='ocrx_word' id='word_1_633' title='bbox 2867 3855 3063 3909; x_wconf 86' lang='lat' dir='ltr'><strong>honore</strong></span> <span class='ocrx_word' id='word_1_634' title='bbox 3101 3862 3152 3907; x_wconf 90' lang='lat' dir='ltr'><strong>et</strong></span> <span class='ocrx_word' id='word_1_635' title='bbox 3179 3851 3464 3923; x_wconf 69' lang='lat' dir='ltr'><strong>pravalido</strong></span> 
     </span>
    </p>
   </div>
   <div class='ocr_carea' id='block_1_83' title="bbox 1934 3943 3466 4016">
    <p class='ocr_par' dir='ltr' id='par_1_83' title="bbox 1934 3943 3466 4016">
     <span class='ocr_line' id='line_1_83' title="bbox 1934 3943 3466 4016; baseline -0.009 -6"><span class='ocrx_word' id='word_1_636' title='bbox 1934 3954 2121 4010; x_wconf 88' lang='lat' dir='ltr'><strong>robore</strong></span> <span class='ocrx_word' id='word_1_637' title='bbox 2146 3953 2504 4015; x_wconf 90' lang='lat' dir='ltr'><strong>demonstrat;</strong></span> <span class='ocrx_word' id='word_1_638' title='bbox 2547 3962 2725 4004; x_wconf 89' lang='lat' dir='ltr'><strong>verum</strong></span> <span class='ocrx_word' id='word_1_639' title='bbox 2771 3947 2889 4016; x_wconf 88' lang='lat' dir='ltr'><strong>quia</strong></span> <span class='ocrx_word' id='word_1_640' title='bbox 2917 3943 3180 4015; x_wconf 89' lang='lat' dir='ltr'><strong>peccasti,</strong></span> <span class='ocrx_word' id='word_1_641' title='bbox 3221 3953 3274 3998; x_wconf 92' lang='lat' dir='ltr'><strong>et</strong></span> <span class='ocrx_word' id='word_1_642' title='bbox 3317 3943 3466 4012; x_wconf 78' lang='lat' dir='ltr'><strong>quasi</strong></span> 
     </span>
    </p>
   </div>
   <div class='ocr_carea' id='block_1_84' title="bbox 1935 4029 3466 4111">
    <p class='ocr_par' dir='ltr' id='par_1_84' title="bbox 1935 4029 3466 4111">
     <span class='ocr_line' id='line_1_84' title="bbox 1935 4029 3466 4111; baseline -0.007 -13"><span class='ocrx_word' id='word_1_643' title='bbox 1935 4058 2064 4111; x_wconf 90' lang='lat' dir='ltr'><strong>aqua</strong></span> <span class='ocrx_word' id='word_1_644' title='bbox 2092 4029 2208 4111; x_wconf 66' lang='lat' dir='ltr'><strong>qua:</strong></span> <span class='ocrx_word' id='word_1_645' title='bbox 2231 4038 2438 4094; x_wconf 85' lang='lat' dir='ltr'><strong>vasculo</strong></span> <span class='ocrx_word' id='word_1_646' title='bbox 2467 4051 2568 4092; x_wconf 91' lang='lat' dir='ltr'><strong>non</strong></span> <span class='ocrx_word' id='word_1_647' title='bbox 2615 4046 2839 4100; x_wconf 78' lang='lat' dir='ltr'><strong>tenetur,</strong></span> <span class='ocrx_word' id='word_1_648' title='bbox 2881 4035 3159 4088; x_wconf 87' lang='lat' dir='ltr'><strong>voluntatis</strong></span> <span class='ocrx_word' id='word_1_649' title='bbox 3192 4033 3383 4089; x_wconf 79' lang='lat' dir='ltr'><strong>eﬁosus</strong></span> <span class='ocrx_word' id='word_1_650' title='bbox 3407 4046 3466 4088; x_wconf 84' lang='lat' dir='ltr'><strong>es</strong></span> 
     </span>
    </p>
   </div>
   <div class='ocr_carea' id='block_1_85' title="bbox 1929 4121 3462 4197">
    <p class='ocr_par' dir='ltr' id='par_1_85' title="bbox 1929 4121 3462 4197">
     <span class='ocr_line' id='line_1_85' title="bbox 1929 4121 3462 4197; baseline -0.007 -14"><span class='ocrx_word' id='word_1_651' title='bbox 1929 4130 1986 4183; x_wconf 89' lang='lat' dir='ltr'><strong>in</strong></span> <span class='ocrx_word' id='word_1_652' title='bbox 2012 4131 2229 4197; x_wconf 87' lang='lat' dir='ltr'><strong>impetu,</strong></span> <span class='ocrx_word' id='word_1_653' title='bbox 2261 4125 2452 4181; x_wconf 87' lang='lat' dir='ltr'><strong>ideirco</strong></span> <span class='ocrx_word' id='word_1_654' title='bbox 2481 4122 2724 4192; x_wconf 68' lang='lat' dir='ltr'><strong>praccipio</strong></span> <span class='ocrx_word' id='word_1_655' title='bbox 2753 4122 2840 4175; x_wconf 90' lang='lat' dir='ltr'><strong>tibi</strong></span> <span class='ocrx_word' id='word_1_656' title='bbox 2879 4129 2934 4174; x_wconf 92' lang='lat' dir='ltr'><strong>ut</strong></span> <span class='ocrx_word' id='word_1_657' title='bbox 2961 4121 3093 4174; x_wconf 89' lang='lat' dir='ltr'><strong>ultra</strong></span> <span class='ocrx_word' id='word_1_658' title='bbox 3124 4133 3225 4174; x_wconf 89' lang='lat' dir='ltr'><strong>non</strong></span> <span class='ocrx_word' id='word_1_659' title='bbox 3255 4134 3462 4188; x_wconf 86' lang='lat' dir='ltr'><strong>pecces.</strong></span> 
     </span>
    </p>
   </div>
   <div class='ocr_carea' id='block_1_86' title="bbox 1935 4211 3465 4290">
    <p class='ocr_par' dir='ltr' id='par_1_86' title="bbox 1935 4211 3465 4290">
     <span class='ocr_line' id='line_1_86' title="bbox 1935 4211 3465 4290; baseline -0.011 -13"><span class='ocrx_word' id='word_1_660' title='bbox 1935 4222 2125 4290; x_wconf 86' lang='lat' dir='ltr'><strong>Sicque</strong></span> <span class='ocrx_word' id='word_1_661' title='bbox 2172 4220 2222 4273; x_wconf 93' lang='lat' dir='ltr'><strong>in</strong></span> <span class='ocrx_word' id='word_1_662' title='bbox 2267 4212 2744 4271; x_wconf 73' lang='lat' dir='ltr'><strong>fratrum‘niinimo</strong></span> <span class='ocrx_word' id='word_1_663' title='bbox 2779 4225 2962 4282; x_wconf 65' lang='lat' dir='ltr'><strong>poenas</strong></span> <span class='ocrx_word' id='word_1_664' title='bbox 3008 4212 3202 4278; x_wconf 88' lang='lat' dir='ltr'><strong>peccati</strong></span> <span class='ocrx_word' id='word_1_665' title='bbox 3247 4211 3421 4278; x_wconf 81' lang='lat' dir='ltr'><strong>lugens</strong></span> <span class='ocrx_word' id='word_1_666' title='bbox 3447 4247 3465 4272; x_wconf 91' lang='lat'><strong>,</strong></span> 
     </span>
    </p>
   </div>
   <div class='ocr_carea' id='block_1_87' title="bbox 1935 4297 3464 4382">
    <p class='ocr_par' dir='ltr' id='par_1_87' title="bbox 1935 4297 3464 4382">
     <span class='ocr_line' id='line_1_87' title="bbox 1935 4297 3464 4382; baseline -0.012 -15"><span class='ocrx_word' id='word_1_667' title='bbox 1935 4312 2072 4382; x_wconf 92' lang='lat' dir='ltr'><strong>quod</strong></span> <span class='ocrx_word' id='word_1_668' title='bbox 2141 4307 2368 4380; x_wconf 81' lang='lat' dir='ltr'><strong>perdidit</strong></span> <span class='ocrx_word' id='word_1_669' title='bbox 2439 4301 2765 4373; x_wconf 89' lang='lat' dir='ltr'><strong>primogeniti</strong></span> <span class='ocrx_word' id='word_1_670' title='bbox 2831 4300 3086 4357; x_wconf 89' lang='lat' dir='ltr'><strong>ordinem.</strong></span> <span class='ocrx_word' id='word_1_671' title='bbox 3154 4297 3464 4366; x_wconf 83' lang='lat' dir='ltr'><strong>Principium</strong></span> 
     </span>
    </p>
   </div>
   <div class='ocr_carea' id='block_1_88' title="bbox 297 4386 3470 4480">
    <p class='ocr_par' dir='ltr' id='par_1_88' title="bbox 297 4386 3470 4480">
     <span class='ocr_line' id='line_1_88' title="bbox 297 4386 3470 4480; baseline -0.006 -24"><span class='ocrx_word' id='word_1_672' title='bbox 297 4419 516 4480; x_wconf 71' lang='lat' dir='ltr'><strong>nossem</strong></span> <span class='ocrx_word' id='word_1_673' title='bbox 546 4404 612 4458; x_wconf 88' lang='lat' dir='ltr'><strong>ad</strong></span> <span class='ocrx_word' id='word_1_674' title='bbox 639 4403 911 4458; x_wconf 67' lang='lat' dir='ltr'><strong>desieram</strong></span> <span class='ocrx_word' id='word_1_675' title='bbox 955 4411 1127 4455; x_wconf 89' lang='lat' dir='ltr'><strong>autem</strong></span> <span class='ocrx_word' id='word_1_676' title='bbox 1158 4403 1466 4468; x_wconf 81' lang='lat' dir='ltr'><strong>constituit;</strong></span> <span class='ocrx_word' id='word_1_677' title='bbox 1495 4411 1545 4455; x_wconf 92' lang='lat' dir='ltr'><strong>at</strong></span> <span class='ocrx_word' id='word_1_678' title='bbox 1585 4402 1682 4456; x_wconf 81' lang='lat' dir='ltr'><strong>ilic-</strong></span> <span class='ocrx_word' id='word_1_679' title='bbox 1713 4415 1837 4456; x_wconf 92' lang='lat' dir='ltr'><strong>can-</strong></span> <span class='ocrx_word' id='word_1_680' title='bbox 1861 4411 1914 4474; x_wconf 78' lang='grc' dir='ltr'>ο</span> <span class='ocrx_word' id='word_1_681' title='bbox 1939 4408 2136 4475; x_wconf 7' lang='lat' dir='ltr'><strong>autem,</strong></span> <span class='ocrx_word' id='word_1_682' title='bbox 2165 4396 2361 4453; x_wconf 88' lang='lat' dir='ltr'><strong>doloris</strong></span> <span class='ocrx_word' id='word_1_683' title='bbox 2407 4402 2488 4450; x_wconf 88' lang='lat' dir='ltr'><strong>est</strong></span> <span class='ocrx_word' id='word_1_684' title='bbox 2531 4392 2703 4448; x_wconf 91' lang='lat' dir='ltr'><strong>omnis</strong></span> <span class='ocrx_word' id='word_1_685' title='bbox 2749 4387 3154 4457; x_wconf 83' lang='lat' dir='ltr'><strong>primogenitus,</strong></span> <span class='ocrx_word' id='word_1_686' title='bbox 3207 4386 3326 4459; x_wconf 86' lang='lat' dir='ltr'><strong>quia</strong></span> <span class='ocrx_word' id='word_1_687' title='bbox 3372 4401 3470 4458; x_wconf 88' lang='lat' dir='ltr'><strong>pro</strong></span> 
     </span>
    </p>
   </div>
   <div class='ocr_carea' id='block_1_89' title="bbox 297 4489 1833 4558">
    <p class='ocr_par' dir='ltr' id='par_1_89' title="bbox 297 4489 1833 4558">
     <span class='ocr_line' id='line_1_89' title="bbox 297 4489 1833 4558; baseline -0.002 -13"><span class='ocrx_word' id='word_1_688' title='bbox 297 4492 511 4545; x_wconf 82' lang='lat' dir='ltr'><strong>eellatis</strong></span> <span class='ocrx_word' id='word_1_689' title='bbox 562 4491 837 4556; x_wconf 84' lang='lat' dir='ltr'><strong>manibus,</strong></span> <span class='ocrx_word' id='word_1_690' title='bbox 893 4490 1064 4544; x_wconf 88' lang='lat' dir='ltr'><strong>crucis</strong></span> <span class='ocrx_word' id='word_1_691' title='bbox 1106 4489 1410 4558; x_wconf 77' lang='lat' dir='ltr'><strong>mysterium</strong></span> <span class='ocrx_word' id='word_1_692' title='bbox 1454 4489 1791 4557; x_wconf 68' lang='lat' dir='ltr'><strong>praeﬁgurans</strong></span> <span class='ocrx_word' id='word_1_693' title='bbox 1817 4531 1833 4555; x_wconf 91' lang='lat'><strong>,</strong></span> 
     </span>
    </p>
   </div>
   <div class='ocr_carea' id='block_1_90' title="bbox 1939 4481 3467 4556">
    <p class='ocr_par' dir='ltr' id='par_1_90' title="bbox 1939 4481 3467 4556">
     <span class='ocr_line' id='line_1_90' title="bbox 1939 4481 3467 4556; baseline -0.009 -11"><span class='ocrx_word' id='word_1_694' title='bbox 1939 4505 2004 4545; x_wconf 88' lang='lat' dir='ltr'><strong>eo</strong></span> <span class='ocrx_word' id='word_1_695' title='bbox 2045 4495 2439 4556; x_wconf 71' lang='lat' dir='ltr'><strong>commoventur</strong></span> <span class='ocrx_word' id='word_1_696' title='bbox 2466 4485 2685 4553; x_wconf 88' lang='lat' dir='ltr'><strong>primum</strong></span> <span class='ocrx_word' id='word_1_697' title='bbox 2715 4481 2909 4532; x_wconf 79' lang='lat' dir='ltr'><strong>viscera</strong></span> <span class='ocrx_word' id='word_1_698' title='bbox 2942 4487 3226 4545; x_wconf 83' lang='lat' dir='ltr'><strong>parentum.</strong></span> <span class='ocrx_word' id='word_1_699' title='bbox 3259 4481 3467 4534; x_wconf 82' lang='lat' dir='ltr'><strong>Simeon</strong></span> 
     </span>
    </p>
   </div>
   <div class='ocr_carea' id='block_1_91' title="bbox 300 4566 3470 4644">
    <p class='ocr_par' dir='ltr' id='par_1_91' title="bbox 300 4566 3470 4644">
     <span class='ocr_line' id='line_1_91' title="bbox 300 4566 3470 4644; baseline -0.004 -11"><span class='ocrx_word' id='word_1_700' title='bbox 300 4579 614 4633; x_wconf 78' lang='lat' dir='ltr'><strong>translatam</strong></span> <span class='ocrx_word' id='word_1_701' title='bbox 646 4580 698 4633; x_wconf 89' lang='lat' dir='ltr'><strong>in</strong></span> <span class='ocrx_word' id='word_1_702' title='bbox 729 4580 986 4634; x_wconf 88' lang='lat' dir='ltr'><strong>minorem</strong></span> <span class='ocrx_word' id='word_1_703' title='bbox 1017 4579 1284 4632; x_wconf 81' lang='lat' dir='ltr'><strong>dexteram</strong></span> <span class='ocrx_word' id='word_1_704' title='bbox 1313 4622 1326 4642; x_wconf 87' lang='lat'><strong>,</strong></span> <span class='ocrx_word' id='word_1_705' title='bbox 1356 4576 1542 4644; x_wconf 87' lang='lat' dir='ltr'><strong>majori</strong></span> <span class='ocrx_word' id='word_1_706' title='bbox 1577 4577 1838 4631; x_wconf 88' lang='lat' dir='ltr'><strong>sinistram</strong></span> <span class='ocrx_word' id='word_1_707' title='bbox 1937 4585 1987 4630; x_wconf 77' lang='lat' dir='ltr'><strong>et</strong></span> <span class='ocrx_word' id='word_1_708' title='bbox 2039 4573 2153 4626; x_wconf 76' lang='lat' dir='ltr'><strong>Levi</strong></span> <span class='ocrx_word' id='word_1_709' title='bbox 2204 4576 2415 4641; x_wconf 75' lang='lat' dir='ltr'><strong>fratres,</strong></span> <span class='ocrx_word' id='word_1_710' title='bbox 2469 4585 2584 4623; x_wconf 77' lang='lat' dir='ltr'><strong>uasa</strong></span> <span class='ocrx_word' id='word_1_711' title='bbox 2637 4566 2907 4633; x_wconf 81' lang='lat' dir='ltr'><strong>iniquitatis</strong></span> <span class='ocrx_word' id='word_1_712' title='bbox 2957 4567 3222 4632; x_wconf 74' lang='lat' dir='ltr'><strong>bellantia,</strong></span> <span class='ocrx_word' id='word_1_713' title='bbox 3260 4567 3311 4619; x_wconf 90' lang='lat' dir='ltr'><strong>in</strong></span> <span class='ocrx_word' id='word_1_714' title='bbox 3351 4581 3470 4619; x_wconf 81' lang='lat' dir='ltr'><strong>cott-</strong></span> 
     </span>
    </p>
   </div>
   <div class='ocr_carea' id='block_1_92' title="bbox 296 4654 3470 4737">
    <p class='ocr_par' dir='ltr' id='par_1_92' title="bbox 296 4654 3470 4737">
     <span class='ocr_line' id='line_1_92' title="bbox 296 4654 3470 4737; baseline -0.005 -15"><span class='ocrx_word' id='word_1_715' title='bbox 296 4666 642 4737; x_wconf 80' lang='lat' dir='ltr'><strong>snperposuit</strong></span> <span class='ocrx_word' id='word_1_716' title='bbox 666 4705 684 4729; x_wconf 88' lang='lat'><strong>,</strong></span> <span class='ocrx_word' id='word_1_717' title='bbox 725 4669 906 4734; x_wconf 88' lang='lat' dir='ltr'><strong>sicque</strong></span> <span class='ocrx_word' id='word_1_718' title='bbox 955 4666 1127 4721; x_wconf 86' lang='lat' dir='ltr'><strong>crucis</strong></span> <span class='ocrx_word' id='word_1_719' title='bbox 1175 4664 1463 4719; x_wconf 88' lang='lat' dir='ltr'><strong>similitudo</strong></span> <span class='ocrx_word' id='word_1_720' title='bbox 1487 4677 1646 4732; x_wconf 88' lang='lat' dir='ltr'><strong>super</strong></span> <span class='ocrx_word' id='word_1_721' title='bbox 1686 4673 1844 4732; x_wconf 86' lang='lat' dir='ltr'><strong>caput</strong></span> <span class='ocrx_word' id='word_1_722' title='bbox 1940 4663 2105 4717; x_wconf 81' lang='lat' dir='ltr'><strong>sitiam</strong></span> <span class='ocrx_word' id='word_1_723' title='bbox 2150 4676 2324 4714; x_wconf 75' lang='lat' dir='ltr'><strong>eorum</strong></span> <span class='ocrx_word' id='word_1_724' title='bbox 2365 4674 2426 4712; x_wconf 86' lang='lat' dir='ltr'><strong>ne</strong></span> <span class='ocrx_word' id='word_1_725' title='bbox 2475 4656 2839 4711; x_wconf 46' lang='lat' dir='ltr'><strong>ueniat‘oninta</strong></span> <span class='ocrx_word' id='word_1_726' title='bbox 2875 4671 3011 4719; x_wconf 82' lang='lat' dir='ltr'><strong>mea,</strong></span> <span class='ocrx_word' id='word_1_727' title='bbox 3040 4663 3085 4707; x_wconf 81' lang='lat' dir='ltr'><strong>et</strong></span> <span class='ocrx_word' id='word_1_728' title='bbox 3120 4654 3170 4708; x_wconf 91' lang='lat' dir='ltr'><strong>in</strong></span> <span class='ocrx_word' id='word_1_729' title='bbox 3199 4655 3330 4707; x_wconf 87' lang='lat' dir='ltr'><strong>coitu</strong></span> <span class='ocrx_word' id='word_1_730' title='bbox 3357 4654 3470 4708; x_wconf 74' lang='lat' dir='ltr'><strong>illo-</strong></span> 
     </span>
    </p>
   </div>
   <div class='ocr_carea' id='block_1_93' title="bbox 295 4741 3469 4828">
    <p class='ocr_par' dir='ltr' id='par_1_93' title="bbox 295 4741 3469 4828">
     <span class='ocr_line' id='line_1_93' title="bbox 295 4741 3469 4828; baseline -0.004 -21"><span class='ocrx_word' id='word_1_731' title='bbox 295 4773 486 4814; x_wconf 76' lang='lat' dir='ltr'><strong>eorum</strong></span> <span class='ocrx_word' id='word_1_732' title='bbox 513 4797 529 4820; x_wconf 90' lang='lat'><strong>,</strong></span> <span class='ocrx_word' id='word_1_733' title='bbox 558 4757 754 4812; x_wconf 66' lang='lat' dir='ltr'><strong>Iudaeis</strong></span> <span class='ocrx_word' id='word_1_734' title='bbox 780 4756 1080 4809; x_wconf 81' lang='lat' dir='ltr'><strong>scandalum</strong></span> <span class='ocrx_word' id='word_1_735' title='bbox 1114 4797 1128 4818; x_wconf 86' lang='lat'><strong>,</strong></span> <span class='ocrx_word' id='word_1_736' title='bbox 1166 4755 1377 4828; x_wconf 82' lang='lat' dir='ltr'><strong>populis</strong></span> <span class='ocrx_word' id='word_1_737' title='bbox 1404 4751 1718 4808; x_wconf 85' lang='lat' dir='ltr'><strong>Christianis</strong></span> <span class='ocrx_word' id='word_1_738' title='bbox 1758 4749 1841 4804; x_wconf 79' lang='lat' dir='ltr'><strong>tu-</strong></span> <span class='ocrx_word' id='word_1_739' title='bbox 1940 4767 2051 4804; x_wconf 80' lang='lat' dir='ltr'><strong>runt</strong></span> <span class='ocrx_word' id='word_1_740' title='bbox 2097 4764 2197 4802; x_wconf 86' lang='lat' dir='ltr'><strong>non</strong></span> <span class='ocrx_word' id='word_1_741' title='bbox 2238 4747 2302 4807; x_wconf 86' lang='lat' dir='ltr'><strong>sit</strong></span> <span class='ocrx_word' id='word_1_742' title='bbox 2349 4745 2511 4814; x_wconf 81' lang='lat' dir='ltr'><strong>gloria</strong></span> <span class='ocrx_word' id='word_1_743' title='bbox 2553 4760 2662 4798; x_wconf 83' lang='lat' dir='ltr'><strong>mea</strong></span> <span class='ocrx_word' id='word_1_744' title='bbox 2687 4786 2703 4811; x_wconf 92' lang='lat'><strong>,</strong></span> <span class='ocrx_word' id='word_1_745' title='bbox 2747 4744 2831 4812; x_wconf 76' lang='lat' dir='ltr'><strong>qui</strong></span> <span class='ocrx_word' id='word_1_746' title='bbox 2874 4744 2924 4795; x_wconf 84' lang='lat' dir='ltr'><strong>in</strong></span> <span class='ocrx_word' id='word_1_747' title='bbox 2969 4742 3136 4809; x_wconf 73' lang='lat' dir='ltr'><strong>lurore</strong></span> <span class='ocrx_word' id='word_1_748' title='bbox 3161 4757 3250 4795; x_wconf 84' lang='lat' dir='ltr'><strong>suo</strong></span> <span class='ocrx_word' id='word_1_749' title='bbox 3275 4741 3469 4794; x_wconf 78' lang='lat' dir='ltr'><strong>occide-</strong></span> 
     </span>
    </p>
   </div>
   <div class='ocr_carea' id='block_1_94' title="bbox 223 4829 3470 4918">
    <p class='ocr_par' dir='ltr' id='par_1_94' title="bbox 223 4829 3470 4918">
     <span class='ocr_line' id='line_1_94' title="bbox 223 4829 3470 4918; baseline -0.007 -13"><span class='ocrx_word' id='word_1_750' title='bbox 223 4891 232 4897; x_wconf 81' lang='lat'><strong>.</strong></span> <span class='ocrx_word' id='word_1_751' title='bbox 301 4862 479 4904; x_wconf 82' lang='lat' dir='ltr'><strong>turam</strong></span> <span class='ocrx_word' id='word_1_752' title='bbox 545 4847 763 4918; x_wconf 85' lang='lat' dir='ltr'><strong>gloriam</strong></span> <span class='ocrx_word' id='word_1_753' title='bbox 834 4846 1247 4914; x_wconf 54' lang='lat' dir='ltr'><strong>prteliguravit‘:</strong></span> <span class='ocrx_word' id='word_1_754' title='bbox 1308 4844 1676 4911; x_wconf 86' lang='lat' dir='ltr'><strong>senioremque</strong></span> <span class='ocrx_word' id='word_1_755' title='bbox 1751 4857 1846 4912; x_wconf 91' lang='lat' dir='ltr'><strong>pcr</strong></span> <span class='ocrx_word' id='word_1_756' title='bbox 1941 4848 2058 4893; x_wconf 85' lang='lat' dir='ltr'><strong>runt</strong></span> <span class='ocrx_word' id='word_1_757' title='bbox 2077 4837 2257 4897; x_wconf 79' lang='lat' dir='ltr'><strong>ritum,</strong></span> <span class='ocrx_word' id='word_1_758' title='bbox 2274 4836 2398 4888; x_wconf 81' lang='lat' dir='ltr'><strong>etin</strong></span> <span class='ocrx_word' id='word_1_759' title='bbox 2425 4834 2673 4887; x_wconf 70' lang='lat' dir='ltr'><strong>voluntate</strong></span> <span class='ocrx_word' id='word_1_760' title='bbox 2693 4849 2783 4886; x_wconf 83' lang='lat' dir='ltr'><strong>sua</strong></span> <span class='ocrx_word' id='word_1_761' title='bbox 2803 4831 3112 4896; x_wconf 74' lang='lat' dir='ltr'><strong>stt/foderunt</strong></span> <span class='ocrx_word' id='word_1_762' title='bbox 3132 4847 3344 4884; x_wconf 84' lang='lat' dir='ltr'><strong>murum.</strong></span> <span class='ocrx_word' id='word_1_763' title='bbox 3369 4829 3470 4918; x_wconf 76' lang='lat' dir='ltr'><strong>Ilit-</strong></span> 
     </span>
    </p>
   </div>
   <div class='ocr_carea' id='block_1_95' title="bbox 300 4917 3472 5005">
    <p class='ocr_par' dir='ltr' id='par_1_95' title="bbox 300 4917 3472 5005">
     <span class='ocr_line' id='line_1_95' title="bbox 300 4917 3472 5005; baseline -0.002 -30"><span class='ocrx_word' id='word_1_764' title='bbox 300 4936 482 4993; x_wconf 65' lang='grc' dir='ltr'><strong>ωυοῖ,</strong></span> <span class='ocrx_word' id='word_1_765' title='bbox 511 4917 824 5005; x_wconf 51' lang='lat' dir='ltr'><strong>mysterium</strong></span> <span class='ocrx_word' id='word_1_766' title='bbox 847 4971 862 4997; x_wconf 67' lang='grc'><em>,</em></span> <span class='ocrx_word' id='word_1_767' title='bbox 892 4933 1163 4986; x_wconf 68' lang='lat' dir='ltr'><strong>sinistrum</strong></span> <span class='ocrx_word' id='word_1_768' title='bbox 1196 4932 1389 4986; x_wconf 68' lang='lat' dir='ltr'><strong>factum</strong></span> <span class='ocrx_word' id='word_1_769' title='bbox 1432 4931 1499 4986; x_wconf 72' lang='lat' dir='ltr'><strong>de</strong></span> <span class='ocrx_word' id='word_1_770' title='bbox 1545 4931 1763 4994; x_wconf 72' lang='lat' dir='ltr'><strong>dextro,</strong></span> <span class='ocrx_word' id='word_1_771' title='bbox 1792 4940 1847 4984; x_wconf 76' lang='lat' dir='ltr'><strong>et</strong></span> <span class='ocrx_word' id='word_1_772' title='bbox 1945 4927 2148 4981; x_wconf 54' lang='lat' dir='ltr'><strong>indictus</strong></span> <span class='ocrx_word' id='word_1_773' title='bbox 2188 4923 2332 4990; x_wconf 83' lang='lat' dir='ltr'><strong>[uror</strong></span> <span class='ocrx_word' id='word_1_774' title='bbox 2367 4936 2542 4974; x_wconf 81' lang='lat' dir='ltr'><strong>eorum</strong></span> <span class='ocrx_word' id='word_1_775' title='bbox 2570 4961 2582 4983; x_wconf 92' lang='lat'><strong>,</strong></span> <span class='ocrx_word' id='word_1_776' title='bbox 2634 4920 2752 4987; x_wconf 86' lang='lat' dir='ltr'><strong>quia</strong></span> <span class='ocrx_word' id='word_1_777' title='bbox 2798 4921 3030 4987; x_wconf 63' lang='lat' dir='ltr'><strong>pnrtinax</strong></span> <span class='ocrx_word' id='word_1_778' title='bbox 3051 4957 3068 4981; x_wconf 93' lang='lat'><strong>,</strong></span> <span class='ocrx_word' id='word_1_779' title='bbox 3105 4928 3153 4972; x_wconf 85' lang='lat' dir='ltr'><strong>et</strong></span> <span class='ocrx_word' id='word_1_780' title='bbox 3194 4917 3472 4985; x_wconf 70' lang='lat' dir='ltr'><strong>indignatio</strong></span> 
     </span>
    </p>
   </div>
   <div class='ocr_carea' id='block_1_96' title="bbox 304 5007 3470 5093">
    <p class='ocr_par' dir='ltr' id='par_1_96' title="bbox 304 5007 3470 5093">
     <span class='ocr_line' id='line_1_96' title="bbox 304 5007 3470 5093; baseline -0.006 -17"><span class='ocrx_word' id='word_1_781' title='bbox 304 5023 568 5093; x_wconf 73' lang='lat' dir='ltr'><strong>iuniorem</strong></span> <span class='ocrx_word' id='word_1_782' title='bbox 609 5025 850 5080; x_wconf 79' lang='lat' dir='ltr'><strong>dextrum</strong></span> <span class='ocrx_word' id='word_1_783' title='bbox 889 5020 956 5075; x_wconf 87' lang='lat' dir='ltr'><strong>de</strong></span> <span class='ocrx_word' id='word_1_784' title='bbox 997 5021 1214 5074; x_wconf 78' lang='lat' dir='ltr'><strong>siuistio</strong></span> <span class='ocrx_word' id='word_1_785' title='bbox 1242 5062 1258 5084; x_wconf 89' lang='lat'><strong>,</strong></span> <span class='ocrx_word' id='word_1_786' title='bbox 1304 5025 1424 5090; x_wconf 84' lang='lat' dir='ltr'><strong>quia</strong></span> <span class='ocrx_word' id='word_1_787' title='bbox 1452 5021 1645 5076; x_wconf 75' lang='lat' dir='ltr'><strong>Iudzeis</strong></span> <span class='ocrx_word' id='word_1_788' title='bbox 1671 5021 1723 5075; x_wconf 84' lang='lat' dir='ltr'><strong>in</strong></span> <span class='ocrx_word' id='word_1_789' title='bbox 1753 5034 1844 5074; x_wconf 91' lang='lat' dir='ltr'><strong>no-</strong></span> <span class='ocrx_word' id='word_1_790' title='bbox 1943 5029 2112 5072; x_wconf 85' lang='lat' dir='ltr'><strong>eorum</strong></span> <span class='ocrx_word' id='word_1_791' title='bbox 2134 5051 2150 5076; x_wconf 91' lang='lat'><strong>,</strong></span> <span class='ocrx_word' id='word_1_792' title='bbox 2177 5010 2295 5080; x_wconf 80' lang='lat' dir='ltr'><strong>quia</strong></span> <span class='ocrx_word' id='word_1_793' title='bbox 2322 5012 2489 5075; x_wconf 76' lang='lat' dir='ltr'><strong>dura;</strong></span> <span class='ocrx_word' id='word_1_794' title='bbox 2522 5012 2742 5064; x_wconf 71' lang='lat' dir='ltr'><strong>dividam</strong></span> <span class='ocrx_word' id='word_1_795' title='bbox 2770 5009 2886 5062; x_wconf 84' lang='lat' dir='ltr'><strong>illos</strong></span> <span class='ocrx_word' id='word_1_796' title='bbox 2907 5011 2958 5062; x_wconf 87' lang='lat' dir='ltr'><strong>in</strong></span> <span class='ocrx_word' id='word_1_797' title='bbox 2984 5007 3184 5077; x_wconf 79' lang='lat' dir='ltr'><strong>Iacob,</strong></span> <span class='ocrx_word' id='word_1_798' title='bbox 3204 5015 3251 5059; x_wconf 90' lang='lat' dir='ltr'><strong>et</strong></span> <span class='ocrx_word' id='word_1_799' title='bbox 3276 5007 3470 5075; x_wconf 82' lang='lat' dir='ltr'><strong>disper-</strong></span> 
     </span>
    </p>
   </div>
   <div class='ocr_carea' id='block_1_97' title="bbox 302 5095 3472 5179">
    <p class='ocr_par' dir='ltr' id='par_1_97' title="bbox 302 5095 3472 5179">
     <span class='ocr_line' id='line_1_97' title="bbox 302 5095 3472 5179; baseline -0.005 -13"><span class='ocrx_word' id='word_1_800' title='bbox 302 5122 473 5166; x_wconf 83' lang='lat' dir='ltr'><strong>stram</strong></span> <span class='ocrx_word' id='word_1_801' title='bbox 503 5114 765 5168; x_wconf 86' lang='lat' dir='ltr'><strong>desertam</strong></span> <span class='ocrx_word' id='word_1_802' title='bbox 819 5109 1114 5164; x_wconf 86' lang='lat' dir='ltr'><strong>labentibus</strong></span> <span class='ocrx_word' id='word_1_803' title='bbox 1143 5148 1160 5172; x_wconf 93' lang='lat'><strong>,</strong></span> <span class='ocrx_word' id='word_1_804' title='bbox 1202 5125 1298 5162; x_wconf 91' lang='lat' dir='ltr'><strong>nos</strong></span> <span class='ocrx_word' id='word_1_805' title='bbox 1363 5112 1570 5165; x_wconf 90' lang='lat' dir='ltr'><strong>illorum</strong></span> <span class='ocrx_word' id='word_1_806' title='bbox 1629 5110 1845 5178; x_wconf 88' lang='lat' dir='ltr'><strong>gloriam</strong></span> <span class='ocrx_word' id='word_1_807' title='bbox 1944 5122 2061 5179; x_wconf 76' lang='lat' dir='ltr'><strong>gain</strong></span> <span class='ocrx_word' id='word_1_808' title='bbox 2077 5103 2196 5157; x_wconf 88' lang='lat' dir='ltr'><strong>illos</strong></span> <span class='ocrx_word' id='word_1_809' title='bbox 2221 5103 2274 5156; x_wconf 84' lang='lat' dir='ltr'><strong>in</strong></span> <span class='ocrx_word' id='word_1_810' title='bbox 2320 5100 2504 5155; x_wconf 79' lang='lat' dir='ltr'><strong>israel.</strong></span> <span class='ocrx_word' id='word_1_811' title='bbox 2545 5100 2831 5171; x_wconf 72' lang='lat' dir='ltr'><strong>Signiﬁcat</strong></span> <span class='ocrx_word' id='word_1_812' title='bbox 2857 5109 3029 5153; x_wconf 86' lang='lat' dir='ltr'><strong>autem</strong></span> <span class='ocrx_word' id='word_1_813' title='bbox 3059 5110 3161 5149; x_wconf 90' lang='lat' dir='ltr'><strong>non</strong></span> <span class='ocrx_word' id='word_1_814' title='bbox 3203 5097 3282 5150; x_wconf 91' lang='lat' dir='ltr'><strong>sui</strong></span> <span class='ocrx_word' id='word_1_815' title='bbox 3312 5095 3472 5150; x_wconf 83' lang='lat' dir='ltr'><strong>luisse</strong></span> 
     </span>
    </p>
   </div>
   <div class='ocr_carea' id='block_1_98' title="bbox 306 5186 3470 5276">
    <p class='ocr_par' dir='ltr' id='par_1_98' title="bbox 306 5186 3470 5276">
     <span class='ocr_line' id='line_1_98' title="bbox 306 5186 3470 5276; baseline -0.006 -18"><span class='ocrx_word' id='word_1_816' title='bbox 306 5204 493 5270; x_wconf 82' lang='lat' dir='ltr'><strong>adepti</strong></span> <span class='ocrx_word' id='word_1_817' title='bbox 522 5218 733 5276; x_wconf 76' lang='lat' dir='ltr'><strong>sumus,</strong></span> <span class='ocrx_word' id='word_1_818' title='bbox 789 5203 987 5270; x_wconf 84' lang='lat' dir='ltr'><strong>talique</strong></span> <span class='ocrx_word' id='word_1_819' title='bbox 1039 5212 1373 5253; x_wconf 78' lang='lat' dir='ltr'><strong>sacramento</strong></span> <span class='ocrx_word' id='word_1_820' title='bbox 1427 5200 1609 5268; x_wconf 79' lang='lat' dir='ltr'><strong>majori</strong></span> <span class='ocrx_word' id='word_1_821' title='bbox 1659 5200 1849 5270; x_wconf 90' lang='lat' dir='ltr'><strong>populo</strong></span> <span class='ocrx_word' id='word_1_822' title='bbox 1946 5196 2148 5256; x_wconf 88' lang='lat' dir='ltr'><strong>consilii</strong></span> <span class='ocrx_word' id='word_1_823' title='bbox 2188 5193 2326 5262; x_wconf 91' lang='lat' dir='ltr'><strong>quod</strong></span> <span class='ocrx_word' id='word_1_824' title='bbox 2355 5207 2448 5262; x_wconf 88' lang='lat' dir='ltr'><strong>per</strong></span> <span class='ocrx_word' id='word_1_825' title='bbox 2475 5191 2686 5247; x_wconf 88' lang='lat' dir='ltr'><strong>Sichem</strong></span> <span class='ocrx_word' id='word_1_826' title='bbox 2715 5199 2771 5245; x_wconf 91' lang='lat' dir='ltr'><strong>et</strong></span> <span class='ocrx_word' id='word_1_827' title='bbox 2799 5189 2992 5244; x_wconf 88' lang='lat' dir='ltr'><strong>iletnor</strong></span> <span class='ocrx_word' id='word_1_828' title='bbox 3021 5186 3300 5241; x_wconf 73' lang='lat' dir='ltr'><strong>fmderatos</strong></span> <span class='ocrx_word' id='word_1_829' title='bbox 3328 5186 3470 5276; x_wconf 77' lang='lat' dir='ltr'><strong>viros</strong></span> 
     </span>
    </p>
   </div>
   <div class='ocr_carea' id='block_1_99' title="bbox 307 5273 3474 5360">
    <p class='ocr_par' dir='ltr' id='par_1_99' title="bbox 307 5273 3474 5360">
     <span class='ocr_line' id='line_1_99' title="bbox 307 5273 3474 5360; baseline -0.005 -19"><span class='ocrx_word' id='word_1_830' title='bbox 307 5273 613 5348; x_wconf 67' lang='lat' dir='ltr'><strong>Iudaeorum</strong></span> <span class='ocrx_word' id='word_1_831' title='bbox 644 5291 955 5358; x_wconf 65' lang='lat' dir='ltr'><strong>praepositus</strong></span> <span class='ocrx_word' id='word_1_832' title='bbox 983 5298 1061 5343; x_wconf 89' lang='lat' dir='ltr'><strong>est</strong></span> <span class='ocrx_word' id='word_1_833' title='bbox 1109 5287 1277 5341; x_wconf 88' lang='lat' dir='ltr'><strong>minor</strong></span> <span class='ocrx_word' id='word_1_834' title='bbox 1305 5288 1532 5356; x_wconf 88' lang='lat' dir='ltr'><strong>populus</strong></span> <span class='ocrx_word' id='word_1_835' title='bbox 1575 5289 1846 5357; x_wconf 88' lang='lat' dir='ltr'><strong>gentium;</strong></span> <span class='ocrx_word' id='word_1_836' title='bbox 1875 5285 1908 5320; x_wconf 72' lang='grc'><strong>’⁸</strong></span> <span class='ocrx_word' id='word_1_837' title='bbox 1948 5283 2338 5342; x_wconf 88' lang='lat' dir='ltr'><strong>interﬁcerent,</strong></span> <span class='ocrx_word' id='word_1_838' title='bbox 2381 5289 2668 5360; x_wconf 73' lang='lat' dir='ltr'><strong>contraque</strong></span> <span class='ocrx_word' id='word_1_839' title='bbox 2717 5278 2766 5329; x_wconf 91' lang='lat' dir='ltr'><strong>in</strong></span> <span class='ocrx_word' id='word_1_840' title='bbox 2819 5276 2967 5344; x_wconf 87' lang='lat' dir='ltr'><strong>pacis</strong></span> <span class='ocrx_word' id='word_1_841' title='bbox 3013 5281 3246 5340; x_wconf 86' lang='lat' dir='ltr'><strong>tempore</strong></span> <span class='ocrx_word' id='word_1_842' title='bbox 3294 5273 3474 5360; x_wconf 48' lang='lat' dir='ltr'><strong>amicif</strong></span> 
     </span>
    </p>
   </div>
   <div class='ocr_carea' id='block_1_100' title="bbox 310 5358 3472 5444">
    <p class='ocr_par' dir='ltr' id='par_1_100' title="bbox 310 5358 3472 5444">
     <span class='ocr_line' id='line_1_100' title="bbox 310 5358 3472 5444; baseline -0.007 -12"><span class='ocrx_word' id='word_1_843' title='bbox 310 5378 454 5432; x_wconf 85' lang='lat' dir='ltr'><strong>unde</strong></span> <span class='ocrx_word' id='word_1_844' title='bbox 493 5376 688 5429; x_wconf 86' lang='lat' dir='ltr'><strong>eisdem</strong></span> <span class='ocrx_word' id='word_1_845' title='bbox 731 5377 1025 5430; x_wconf 82' lang='lat' dir='ltr'><strong>Patriarcits</strong></span> <span class='ocrx_word' id='word_1_846' title='bbox 1063 5377 1138 5430; x_wconf 89' lang='lat' dir='ltr'><strong>sic</strong></span> <span class='ocrx_word' id='word_1_847' title='bbox 1167 5373 1279 5428; x_wconf 88' lang='lat' dir='ltr'><strong>ait:</strong></span> <span class='ocrx_word' id='word_1_848' title='bbox 1314 5373 1416 5428; x_wconf 84' lang='lat' dir='ltr'><strong>llic</strong></span> <span class='ocrx_word' id='word_1_849' title='bbox 1450 5377 1648 5444; x_wconf 78' lang='lat' dir='ltr'><strong>quidem</strong></span> <span class='ocrx_word' id='word_1_850' title='bbox 1678 5380 1771 5430; x_wconf 66' lang='lat' dir='ltr'><strong>erit</strong></span> <span class='ocrx_word' id='word_1_851' title='bbox 1799 5378 1850 5430; x_wconf 87' lang='lat' dir='ltr'><strong>in</strong></span> <span class='ocrx_word' id='word_1_852' title='bbox 1952 5373 2141 5427; x_wconf 82' lang='lat' dir='ltr'><strong>tiarnm</strong></span> <span class='ocrx_word' id='word_1_853' title='bbox 2185 5368 2492 5434; x_wconf 88' lang='lat' dir='ltr'><strong>sanguinem</strong></span> <span class='ocrx_word' id='word_1_854' title='bbox 2540 5358 2784 5416; x_wconf 81' lang='lat' dir='ltr'><strong>fuderunt</strong></span> <span class='ocrx_word' id='word_1_855' title='bbox 2829 5363 3155 5416; x_wconf 80' lang='lat' dir='ltr'><strong>innocentem</strong></span> <span class='ocrx_word' id='word_1_856' title='bbox 3180 5399 3194 5422; x_wconf 89' lang='lat'><strong>,</strong></span> <span class='ocrx_word' id='word_1_857' title='bbox 3234 5368 3290 5412; x_wconf 92' lang='lat' dir='ltr'><strong>et</strong></span> <span class='ocrx_word' id='word_1_858' title='bbox 3326 5358 3472 5427; x_wconf 91' lang='lat' dir='ltr'><strong>quasi</strong></span> 
     </span>
    </p>
   </div>
   <div class='ocr_carea' id='block_1_101' title="bbox 309 5446 3472 5536">
    <p class='ocr_par' dir='ltr' id='par_1_101' title="bbox 309 5446 3472 5536">
     <span class='ocr_line' id='line_1_101' title="bbox 309 5446 3472 5536; baseline -0.006 -18"><span class='ocrx_word' id='word_1_859' title='bbox 309 5466 558 5536; x_wconf 75' lang='lat' dir='ltr'><strong>pupulum</strong></span> <span class='ocrx_word' id='word_1_860' title='bbox 582 5503 597 5526; x_wconf 90' lang='lat'><strong>,</strong></span> <span class='ocrx_word' id='word_1_861' title='bbox 641 5465 728 5517; x_wconf 77' lang='lat' dir='ltr'><strong>sed</strong></span> <span class='ocrx_word' id='word_1_862' title='bbox 755 5465 838 5517; x_wconf 86' lang='lat' dir='ltr'><strong>hic</strong></span> <span class='ocrx_word' id='word_1_863' title='bbox 876 5466 1179 5520; x_wconf 73' lang='lat' dir='ltr'><strong>excitabitur</strong></span> <span class='ocrx_word' id='word_1_864' title='bbox 1219 5477 1374 5527; x_wconf 86' lang='lat' dir='ltr'><strong>supra</strong></span> <span class='ocrx_word' id='word_1_865' title='bbox 1413 5479 1601 5518; x_wconf 83' lang='lat' dir='ltr'><strong>omnes.</strong></span> <span class='ocrx_word' id='word_1_866' title='bbox 1648 5465 1853 5519; x_wconf 73' lang='lat' dir='ltr'><strong>Anima:</strong></span> <span class='ocrx_word' id='word_1_867' title='bbox 1950 5459 2175 5532; x_wconf 86' lang='lat' dir='ltr'><strong>quodam</strong></span> <span class='ocrx_word' id='word_1_868' title='bbox 2207 5455 2384 5508; x_wconf 80' lang='lat' dir='ltr'><strong>furore</strong></span> <span class='ocrx_word' id='word_1_869' title='bbox 2410 5452 2487 5505; x_wconf 84' lang='lat' dir='ltr'><strong>sic</strong></span> <span class='ocrx_word' id='word_1_870' title='bbox 2526 5451 2840 5532; x_wconf 84' lang='lat' dir='ltr'><strong>crudelitate</strong></span> <span class='ocrx_word' id='word_1_871' title='bbox 2884 5449 3059 5517; x_wconf 90' lang='lat' dir='ltr'><strong>rapti,</strong></span> <span class='ocrx_word' id='word_1_872' title='bbox 3106 5460 3283 5502; x_wconf 89' lang='lat' dir='ltr'><strong>muros</strong></span> <span class='ocrx_word' id='word_1_873' title='bbox 3329 5446 3472 5536; x_wconf 79' lang='lat' dir='ltr'><strong>urbis</strong></span> 
     </span>
    </p>
   </div>
   <div class='ocr_carea' id='block_1_102' title="bbox 270 5535 3469 5628">
    <p class='ocr_par' dir='ltr' id='par_1_102' title="bbox 270 5535 3469 5628">
     <span class='ocr_line' id='line_1_102' title="bbox 270 5535 3469 5628; baseline -0.008 -17"><span class='ocrx_word' id='word_1_874' title='bbox 270 5622 274 5625; x_wconf 23' lang='grc' dir='ltr'><strong>Ι</strong></span> <span class='ocrx_word' id='word_1_875' title='bbox 464 5555 708 5622; x_wconf 68' lang='lat' dir='ltr'><strong>ingressa</strong></span> <span class='ocrx_word' id='word_1_876' title='bbox 732 5562 854 5606; x_wconf 92' lang='lat' dir='ltr'><strong>sunt</strong></span> <span class='ocrx_word' id='word_1_877' title='bbox 881 5571 999 5608; x_wconf 88' lang='lat' dir='ltr'><strong>cum</strong></span> <span class='ocrx_word' id='word_1_878' title='bbox 1028 5553 1189 5609; x_wconf 82' lang='lat' dir='ltr'><strong>Iacob</strong></span> <span class='ocrx_word' id='word_1_879' title='bbox 1219 5553 1268 5606; x_wconf 91' lang='lat' dir='ltr'><strong>in</strong></span> <span class='ocrx_word' id='word_1_880' title='bbox 1297 5550 1606 5620; x_wconf 61' lang='lat' dir='ltr'><strong>Egyptum,</strong></span> <span class='ocrx_word' id='word_1_881' title='bbox 1636 5562 1848 5622; x_wconf 82' lang='lat' dir='ltr'><strong>septua-</strong></span> <span class='ocrx_word' id='word_1_882' title='bbox 1950 5551 2267 5606; x_wconf 86' lang='lat' dir='ltr'><strong>everterunt.</strong></span> <span class='ocrx_word' id='word_1_883' title='bbox 2290 5539 2440 5597; x_wconf 85' lang='lat' dir='ltr'><strong>Unde</strong></span> <span class='ocrx_word' id='word_1_884' title='bbox 2463 5538 2615 5593; x_wconf 89' lang='lat' dir='ltr'><strong>dicit:</strong></span> <span class='ocrx_word' id='word_1_885' title='bbox 2648 5537 3112 5628; x_wconf 17' lang='lat' dir='ltr'><strong>Malediclusifuror</strong></span> <span class='ocrx_word' id='word_1_886' title='bbox 3134 5535 3469 5628; x_wconf 65' lang='lat' dir='ltr'><strong>eorum,‘quia</strong></span> 
     </span>
    </p>
   </div>
   <div class='ocr_carea' id='block_1_103' title="bbox 308 5621 3505 5718">
    <p class='ocr_par' dir='ltr' id='par_1_103' title="bbox 308 5621 3505 5718">
     <span class='ocr_line' id='line_1_103' title="bbox 308 5621 3505 5718; baseline -0.009 -17"><span class='ocrx_word' id='word_1_887' title='bbox 308 5621 459 5718; x_wconf 58' lang='lat' dir='ltr'><strong>ginta</strong></span> <span class='ocrx_word' id='word_1_888' title='bbox 504 5621 775 5714; x_wconf 77' lang='lat' dir='ltr'><strong>quinque,</strong></span> <span class='ocrx_word' id='word_1_889' title='bbox 822 5643 959 5709; x_wconf 89' lang='lat' dir='ltr'><strong>quod</strong></span> <span class='ocrx_word' id='word_1_890' title='bbox 984 5683 999 5710; x_wconf 88' lang='lat'><strong>,</strong></span> <span class='ocrx_word' id='word_1_891' title='bbox 1051 5650 1268 5710; x_wconf 82' lang='lat' dir='ltr'><strong>excepto</strong></span> <span class='ocrx_word' id='word_1_892' title='bbox 1292 5636 1505 5709; x_wconf 86' lang='lat' dir='ltr'><strong>’Ioseph</strong></span> <span class='ocrx_word' id='word_1_893' title='bbox 1535 5647 1589 5694; x_wconf 91' lang='lat' dir='ltr'><strong>et</strong></span> <span class='ocrx_word' id='word_1_894' title='bbox 1615 5639 1743 5697; x_wconf 84' lang='lat' dir='ltr'><strong>ﬁliis</strong></span> <span class='ocrx_word' id='word_1_895' title='bbox 1783 5641 1850 5698; x_wconf 83' lang='lat' dir='ltr'><strong>ii-</strong></span> <span class='ocrx_word' id='word_1_896' title='bbox 1952 5638 2217 5710; x_wconf 69' lang='lat' dir='ltr'><strong>pertinax,</strong></span> <span class='ocrx_word' id='word_1_897' title='bbox 2262 5641 2308 5687; x_wconf 90' lang='lat' dir='ltr'><strong>et</strong></span> <span class='ocrx_word' id='word_1_898' title='bbox 2349 5631 2629 5702; x_wconf 78' lang='lat' dir='ltr'><strong>dispergam</strong></span> <span class='ocrx_word' id='word_1_899' title='bbox 2674 5627 2788 5684; x_wconf 82' lang='lat' dir='ltr'><strong>illos</strong></span> <span class='ocrx_word' id='word_1_900' title='bbox 2841 5629 2894 5681; x_wconf 82' lang='lat' dir='ltr'><strong>in</strong></span> <span class='ocrx_word' id='word_1_901' title='bbox 2937 5627 3122 5681; x_wconf 81' lang='lat' dir='ltr'><strong>Israel.</strong></span> <span class='ocrx_word' id='word_1_902' title='bbox 3165 5625 3287 5680; x_wconf 83' lang='lat' dir='ltr'><strong>Levi</strong></span> <span class='ocrx_word' id='word_1_903' title='bbox 3329 5621 3505 5688; x_wconf 6' lang='lat' dir='ltr'><strong>enim,</strong></span> 
     </span>
    </p>
   </div>
  </div>
