3872 6262
497 311 597 366 975

985 312 1183 369 Βευίε
1225 313 1670 377 VENERABILIS
1706 310 1983 371 OPERUM
2023 310 2057 366 Ρ

2162 315 2200 370 S
2236 321 2298 370 ll.
2337 345 2408 356 —
2449 319 2847 376 EXEGETICA
2887 321 3205 378 GENUINA.

3612 322 3745 376 ετσ

499 441 858 498 hereditatem
895 445 1156 514 propriam
1186 461 1287 502 non
1312 451 1518 520 accepit
1539 493 1553 516 ,
1584 449 1678 506 sed
1705 465 1771 507 es
1802 447 2047 502 omnibus
2075 425 2122 484 Α
2153 450 2358 504 castoris
2385 449 2622 508 ltostihtls
2654 455 3001 524 triumphare,
3034 457 3172 525 quod
3204 456 3259 510 in
3300 453 3749 511 similitudinem

501 535 723 601 sceptris
767 549 958 601 paucas
1005 537 1165 591 urbes
1212 539 1279 593 ad
1327 540 1672 597 habitandum
1727 539 1930 594 habuit.
1975 537 2050 594 Dc

506 623 724 678 Sitneon
756 639 884 679 vero
932 628 980 679 in
1016 627 1151 682 libro
1179 628 1303 684 Jesu
1333 632 1589 701 scriptum
1616 639 1703 686 est
1740 668 1758 696 ,
1801 630 1940 697 quod
1973 627 2051 681 lu-

503 711 734 765 niculuin
765 713 1034 767 Gliristum
1086 732 1193 768 non
1224 718 1462 787 accepit,
1514 719 1607 773 sed
1656 717 1724 773 de
1753 715 1888 770 tribu
1918 714 2050 769 Juda

498 802 706 869 quidem
735 813 1072 866 acceperunt.
1129 803 1292 872 lucta,
1342 817 1387 861 te
1427 807 1704 861 laudabunt
1733 806 1916 876 fratres
1953 803 2082 864 tui,‘

500 907 678 946 silanus
723 902 824 947 tua
874 895 927 948 in
988 897 1259 952 cervicibus
1303 898 1622 953 inimicorum
1675 910 1911 963 tuorum,
1960 897 2054 949 ad-

501 985 714 1063 orabunt
758 995 801 1037 te
850 986 944 1050 lilii
989 991 1146 1056 patris
1187 990 1281 1043 tui.
1331 989 1540 1045 Catulus
1568 990 1727 1044 leonis
1776 988 1934 1052 Iuda,
1986 989 2053 1040 ad

503 1075 730 1140 pt‘wtlam
768 1078 1078 1143 mandisti,
1118 1081 1196 1148 fili
1261 1083 1330 1133 uti
1362 1121 1378 1147 ,
1415 1082 1729 1149 requiescens
1782 1080 2055 1133 accnbuisti

509 1174 560 1212 nt
627 1163 703 1215 leo
746 1204 761 1226 ,
827 1176 874 1219 et
911 1170 1053 1233 quasi
1109 1169 1266 1222 lra'tta
1298 1209 1315 1235 ,
1387 1171 1498 1237 quis
1552 1171 1810 1224 suscitabit
1861 1171 2056 1223 illum?

507 1254 640 1318 Quin
687 1256 816 1309 Juda
844 1259 1126 1323 confessio,
1171 1262 1282 1314 sive
1312 1264 1444 1326 laus,
1474 1262 1871 1327 interpretatur,
1913 1268 2056 1314 reete

509 1350 756 1402 scribitur
795 1349 948 1402 ludo.
998 1350 1399 1406 Conlitehuntur
1448 1354 1538 1406 libi
1589 1352 1780 1406 fratres
1829 1352 1936 1415 tui,
1975 1353 2053 1405 vel

513 1437 792 1490 laudabunt
820 1447 890 1492 te.
923 1437 1064 1492 Licet
1091 1439 1156 1493 de
1179 1441 1388 1495 Christo
1413 1442 1610 1511 grande
1633 1441 1938 1510 mysterinm
1964 1441 2054 1502 sit,

512 1541 684 1582 tamen
718 1529 1001 1584 secundum
1043 1531 1270 1586 litteram
1299 1533 1561 1600 signiﬁcat
1602 1533 1740 1600 quod
1772 1547 1864 1600 per
1896 1532 2055 1584 liavid

510 1618 728 1687 stirpem
758 1628 1073 1687 generantur
1103 1635 1286 1689 reges,
1336 1631 1390 1675 et
1431 1623 1569 1691 quod
1599 1623 1882 1676 adorarent
1909 1622 2057 1675 illum

510 1727 695 1764 mnnes
739 1712 935 1764 tribus..
963 1712 1074 1766 Non
1120 1715 1260 1766 enim
1309 1713 1418 1767 ait:
1457 1711 1576 1766 Filii
1607 1713 1780 1766 matris
1809 1724 1934 1774 true,
1964 1713 2054 1765 sed

512 1797 636 1852 Filii
683 1800 839 1866 patris
867 1801 960 1853 tui.
996 1799 1059 1853 Et
1097 1800 1235 1868 quod
1281 1800 1516 1868 sequitur
1546 1816 1560 1854 :
1589 1801 1664 1852 Ad
1694 1768 1952 1869 prtedam,
1982 1800 2056 1866 ﬁli
2091 1768 2130 1824 Β

510 1889 599 1953 uti,
631 1890 920 1956 ostendisti,
951 1890 1184 1944 ostendit
1211 1890 1475 1958 captivum
1523 1890 1770 1960 populum
1815 1891 2061 1944 reducto-

508 1990 642 2036 rum.
676 1984 729 2030 et
751 1975 898 2044 justa
932 1976 1328 2045 intelligentiam
1371 1980 1713 2033 sacratiorem
1757 1977 2060 2033 ascendisse

506 2068 558 2118 in
591 2063 774 2127 altum,
801 2064 1058 2132 captivam
1089 2065 1307 2119 duxisse
1334 2065 1703 2135 captivitatem
1721 2111 1736 2135 ,
1762 2067 1894 2132 sive,
1920 2069 2058 2136 quod

507 2152 694 2205 melius
725 2162 882 2220 puto,
926 2154 1202 2221 captivitas
1229 2157 1528 2222 passionem
1554 2198 1570 2222 ,
1598 2172 1850 2214 ascensus
1887 2175 2060 2215 resur-

511 2245 789 2301 rectionem
837 2246 1151 2315 signiﬁcant.
1200 2250 1430 2320 Allignns
1486 2251 1555 2304 ad
1612 2253 1803 2305 vineam
1862 2254 2060 2321 pullum

509 2351 674 2400 suum,
703 2346 752 2390 et
778 2337 846 2390 ad
871 2338 1014 2391 vitent
1044 2352 1187 2391 suam
1212 2340 1408 2392 asinam
1431 2356 1596 2395 suam.
1627 2341 1776 2406 Quod
1819 2341 2059 2394 videlicet

513 2424 705 2490 pullum
735 2425 914 2490 asina,
938 2427 1024 2481 cui
1049 2427 1348 2493 supersedit
1375 2426 1530 2480 lusus
1555 2465 1572 2491 ,
1607 2428 1707 2481 hoc
1735 2436 1820 2482 est
1839 2467 1857 2492 ,
1887 2429 2058 2495 genti-

514 2514 638 2566 lium
680 2515 926 2583 populum
970 2517 1137 2569 \ittetn
1183 2515 1580 2582 apostolorum,
1613 2517 1702 2586 qni
1745 2532 1816 2572 es
1865 2518 2060 2574 ludaais

513 2611 656 2668 sunt,
671 2602 1014 2668 copulaverit,
1033 2613 1088 2658 et
1106 2604 1169 2659 ad
1187 2606 1364 2670 vitem,
1382 2607 1492 2661 sive
1505 2607 1555 2661 in
1579 2608 1801 2665 llabreo
1819 2609 1973 2664 habet
1992 2610 2058 2664 atl

517 2689 736 2753 Soreth,
765 2690 816 2744 id
838 2702 942 2758 est,
977 2693 1194 2747 electam
1231 2695 1413 2757 vitem,
1438 2696 1728 2764 alligaverit
1755 2701 1953 2753 asinam
1975 2700 2057 2754 cui

513 2780 835 2848 supersedit,
871 2781 1160 2836 Ecclesiatn
1213 2798 1280 2837 es
1337 2785 1636 2840 nationibus
1664 2798 2055 2856 congregatam.

512 2872 661 2937 Quod
703 2882 873 2926 autem
915 2873 1107 2927 dicitur
1135 2893 1146 2925 :
1178 2873 1283 2928 Fili
1308 2877 1396 2940 uti,
1437 2877 1818 2947 apostrophen,
1862 2879 1912 2933 id
1953 2891 2052 2945 est,

514 2964 780 3026 repentina
829 2965 1106 3018 conversio
1154 2965 1220 3018 ad
1268 2966 1436 3036 ipsum
1484 2968 1675 3022 ludam
1725 2970 1889 3035 facit,
1917 2973 2055 3037 quod

512 3046 750 3102 Chrisrus
780 3050 864 3104 hic
890 3050 952 3103 sit
985 3051 1221 3104 universa
1251 3052 1504 3108 facturus.
1530 3055 1678 3120 Quod
1723 3068 1896 3110 autem
1926 3056 2058 3110 dicio
2087 3078 2132 3140 ο

516 3145 598 3184 tur
623 3151 636 3184 :
661 3133 921 3204 Sceptrum
959 3137 1020 3186 de
1059 3135 1195 3188 Iuda
1219 3177 1232 3199 ,
1263 3149 1310 3191 et
1349 3139 1454 3192 dux
1490 3141 1553 3192 de
1580 3142 1849 3208 femoribus
1889 3143 2058 3208 illitas,

515 3223 668 3275 donec
698 3226 850 3277 veniet
879 3225 966 3278 ille
1000 3226 1086 3296 qui
1118 3228 1384 3281 tttittendns
1412 3240 1508 3294 est,
1548 3239 1596 3283 et
1634 3231 1739 3299 ipse
1765 3233 1857 3284 erit
1881 3249 2060 3298 exspe-

514 3313 664 3364 ctatio
703 3314 953 3380 gentium,
983 3317 1241 3384 signiﬁcat
1271 3317 1408 3387 quod
1439 3335 1540 3371 tton
1581 3317 1887 3373 deleverunt
1917 3322 2061 3389 ptia-

512 3404 656 3470 cipes
684 3404 747 3457 de
776 3404 928 3470 Juda,
961 3422 1124 3475 usque
1151 3407 1212 3461 ad
1245 3421 1448 3477 tempus
1477 3424 1579 3476 quo
1607 3420 1760 3465 natus
1787 3421 1870 3466 est
1907 3413 2060 3466 Chri-

513 3505 650 3559 Stus,
680 3493 768 3558 qui
798 3496 987 3549 missus
1017 3513 1044 3546 ει
1074 3495 1227 3551 Patre
1273 3501 1596 3566 exspectatio
1627 3502 1882 3568 gentium.
1916 3500 2056 3556 issa-

512 3585 665 3647 char,
694 3589 919 3644 astutus.
953 3584 1123 3646 tortis,
1156 3589 1418 3640 accubans
1455 3588 1591 3641 inter
1622 3590 1897 3657 terminos,
1928 3591 2060 3644 vidit

514 3685 748 3735 requiem
778 3672 914 3736 quod
945 3681 1084 3726 esset
1114 3673 1267 3736 bona,
1290 3683 1342 3726 et
1366 3686 1557 3728 terram
1579 3678 1726 3743 quod
1742 3681 1974 3744 optima;
2006 3689 2060 3733 et

514 3761 782 3826 supposuit
830 3761 1101 3814 humerum
1129 3777 1278 3816 suum
1313 3763 1376 3816 ad
1409 3766 1719 3832 portandum
1740 3805 1754 3826 .
1788 3766 2057 3835 factusque

516 3857 600 3901 cst
646 3849 853 3902 tributis
900 3852 1156 3904 serviens.
1201 3851 1328 3918 Quia
1381 3867 1536 3921 supra
1566 3853 1799 3907 Zabulon
1852 3853 2062 3908 dixerat

517 3938 653 4004 quod
684 3939 844 3992 maris
875 3943 1044 4008 magni
1087 3940 1258 3994 littora
1308 3950 1448 3995 esset
1498 3955 1862 4011 passessurus.
1903 3941 2057 3997 Sido-

518 4040 740 4094 nemque
779 4037 832 4081 et
870 4028 1166 4085 Phoenicem
1216 4031 1444 4102 reliquas
1492 4031 1647 4088 urbes
1693 4035 2056 4103 contingeret,

517 4131 653 4169 nunc
682 4117 745 4171 ad
777 4118 1209 4176 inediterraneam
1239 4123 1558 4190 provinciam
1599 4124 1736 4180 redit
1761 4164 1776 4187 ,
1822 4134 1876 4180 et
1925 4126 2061 4180 Issa-

512 4206 658 4272 char,
691 4209 778 4278 qui
799 4211 942 4280 juxta
973 4211 1307 4283 Nephthalim
1338 4217 1742 4285 pulcherrimam
1765 4216 1816 4270 in
1841 4215 2058 4270 Galilaea

515 4309 781 4364 regionem
813 4313 1151 4366 possessurus
1182 4311 1283 4366 est,
1319 4301 1683 4357 benedictione
1711 4317 1808 4356 sua
1847 4302 2057 4356 habita-

2151 540 2350 594 coluhri
2383 544 2652 613 regulique
2689 545 2936 600 obsidens
2964 547 3097 603 vias.
3147 546 3350 600 nullum
3391 561 3494 614 per
3521 559 3746 600 terr-un

2152 627 2312 684 Israel
2338 633 2558 686 transire
2602 635 2890 698 permittit;
2919 634 3012 688 sed
3042 637 3201 689 etiam
3249 635 3293 689 si
3332 635 3456 702 quis
3488 647 3748 689 temera-

2155 719 2263 772 rius
2294 719 2389 772 luit
2417 720 2608 778 virtute
2635 737 2751 786 sua.
2783 727 2936 793 quasi
2967 724 3089 794 equi
3134 724 3415 778 velocitate
3457 723 3746 784 conﬁsus.

2152 809 2294 862 illum
2335 812 2556 864 voluerit
2575 813 2841 882 praedonis
2865 829 3012 868 more
3039 813 3294 882 populari,
3329 812 3577 883 el’ugere
3615 831 3748 865 non

2154 900 2343 953 valeat.
2389 899 2576 954 Totum
2606 912 2776 957 autem
2827 918 2921 972 per
2967 903 3326 970 metaphoram
3361 906 3642 970 serpentis
3679 915 3746 956 et

2154 990 2343 1057 equitis
2371 990 2595 1058 loquitur
2619 1009 2631 1054 ;
2658 995 2839 1048 videns
2863 995 3004 1049 enim
3028 993 3331 1048 Nasamon:
3359 1003 3467 1046 tam
3495 993 3744 1053 fortem,

2153 1094 2201 1134 et
2234 1082 2372 1147 quod
2406 1083 2516 1149 ipse
2542 1095 2753 1152 propter
2775 1085 3100 1138 meretricem
3129 1092 3368 1137 lllOl’ltllla
3391 1094 3498 1149 est,
3523 1093 3582 1136 et
3609 1097 3746 1136 mo-

2156 1172 2298 1222 riens
2327 1179 2537 1222 nostros
2557 1171 2748 1224 occidit
2769 1171 3027 1236 inimicos,
3053 1173 3250 1240 putavi,
3276 1185 3310 1223 ο
3334 1171 3502 1232 Deus.
3537 1172 3740 1240 ipsum

2155 1272 2275 1311 esse
2323 1257 2589 1311 Christum
2619 1258 2780 1312 lilium
2811 1269 2954 1313 tuum
2983 1274 3163 1313 verum
3196 1270 3297 1312 tam
3332 1259 3550 1322 fortem,
3599 1261 3744 1327 quia

2156 1359 2393 1403 mortuus
2421 1360 2528 1414 est,
2572 1358 2626 1404 et
2657 1356 2963 1412 resurrexit.
2992 1361 3042 1404 et
3089 1366 3292 1404 rursum
3319 1352 3572 1419 captivus
3620 1351 3743 1403 duo

2155 1446 2272 1491 ctus
2297 1447 2399 1492 est.
2445 1438 2591 1492 Alius
2633 1439 2773 1492 enim
2822 1437 3061 1492 Salvator
3110 1438 3288 1492 mundi
3350 1439 3455 1492 mei
3508 1440 3746 1507 generis

2160 1526 2543 1594 prwstolandus
2577 1536 2694 1591 est;
2727 1527 2922 1592 veniat,
2949 1528 3032 1580 cui
3062 1529 3293 1595 reposita
3338 1537 3467 1580 sunt
3515 1529 3743 1592 omnia,

2158 1623 2212 1668 et
2238 1618 2348 1681 ipse
2375 1624 2458 1669 est
2485 1617 2812 1683 exspectatio
2835 1615 3089 1684 gentium.
3137 1614 3252 1668 Gud
3293 1617 3558 1669 accinctus
3586 1633 3746 1685 pra:-

2162 1705 2363 1758 liubitur
2386 1716 2500 1759 ante
2539 1707 2702 1767 illum,
2744 1718 2792 1760 et
2821 1708 2924 1775 ipse
2951 1706 3240 1773 “cingetur
3281 1715 3590 1758 retrorsum.
3642 1706 3744 1760 Si-

2159 1794 2366 1863 gniﬁcat
2397 1807 2593 1857 autem.
2621 1796 2758 1865 quod
2788 1806 2911 1850 ante
2943 1796 3123 1851 lluhen
3146 1806 3198 1849 et
3218 1795 3498 1849 dimidiam
3527 1798 3742 1850 tribum

2161 1883 2396 1939 Manasse
2423 1886 2488 1938 ad
2523 1885 2655 1940 lilios
2680 1899 2813 1952 quos
2843 1897 2987 1940 trans
3009 1884 3293 1940 Jordanem
3327 1886 3380 1939 in
3414 1889 3732 1952 possessio-

2161 1986 2278 2025 nem
2307 1972 2526 2039 dimisit,
2570 1985 2689 2042 post
2739 1974 3136 2043 quatuordecim
3191 1989 3366 2028 annos
3416 1986 3741 2036 revertens.

2160 2064 2395 2132 praelium
2440 2063 2694 2118 adversus
2727 2064 2845 2118 illos
2889 2065 3160 2132 gentilium
3191 2065 3492 2118 vicinarum
3528 2065 3742 2134 grande

2159 2154 2384 2216 intenit,
2427 2163 2481 2207 et
2525 2154 2678 2208 victis
2709 2154 2968 2217 hostibus,
2996 2152 3202 2207 fortiter
3228 2153 3560 2206 dimicavit.-
3591 2155 3742 2222 Lege

2159 2244 2346 2297 librum
2393 2243 2517 2297 .lcsu
2573 2244 2714 2297 Nave
2762 2253 2816 2297 et
2866 2243 3320 2311 Paralipomenon.
3385 2243 3741 2306 Nephthalia

2158 2347 2326 2385 cervus
2357 2332 2586 2391 emissus.
2612 2335 2740 2384 darts
2759 2331 2957 2396 eloquia
2983 2331 3395 2398 pulchritudinis,
3420 2334 3532 2386 sive
3551 2333 3742 2402 Neph-

2159 2423 2336 2476 tltolint
2375 2439 2492 2492 ager
2528 2423 2768 2490 irrigans,
2796 2430 3077 2490 utrumque
3117 2421 3258 2475 enim
3306 2423 3582 2491 signiﬁcat
3626 2423 3742 2478 [le-

2159 2514 2356 2568 brzeum
2389 2513 2604 2567 verbum
2637 2512 2837 2566 anioala
2865 2511 3017 2566 silva.
3043 2511 3312 2580 Siguilicat
3349 2525 3566 2579 autem,
3587 2515 3735 2581 quod

2158 2620 2307 2674 aquae
2351 2604 2536 2659 calidre
2561 2603 2611 2658 in
2653 2605 2764 2673 ipsa
2791 2612 3080 2659 nascuntur
3111 2602 3272 2668 tribu,
3301 2603 3423 2657 sive
3451 2605 3604 2671 quod
3646 2604 3731 2656 la-

2158 2709 2252 2749 cus
2297 2695 2530 2750 Genesar
2573 2693 2763 2748 llucntct
2801 2691 3047 2748 Jordanis
3087 2692 3186 2746 luit
3213 2693 3472 2760 irriguos.
3512 2693 3731 2746 llebnci

2159 2795 2332 2837 autem
2361 2785 2538 2836 volunt
2567 2793 2780 2851 propter
2804 2781 3163 2844 Tiberiadetn,
3193 2796 3311 2850 qua:
3338 2783 3473 2850 lrgis
3501 2781 3730 2834 vitlebao

2161 2882 2244 2927 tor
2284 2873 2480 2926 habere
2521 2872 2784 2936 notitiam,
2826 2886 3006 2940 agrum
3063 2871 3349 2940 irriguum,
3408 2880 3464 2925 et
3519 2871 3736 2938 eloquia

2162 2963 2470 3029 prophetare
2517 2960 2952 3029 pulchritudinis;
2999 2974 3190 3014 cervus
3233 2969 3415 3013 autem
3462 2962 3731 3023 emissus,

2163 3057 2534 3113 temporaneas
2581 3047 2755 3116 fruges
2787 3056 2841 3101 et
2881 3046 3214 3100 velocitatem
3247 3043 3408 3099 terra:
3448 3048 3727 3100 uberioris

2161 3135 2419 3199 ostendit;
2448 3135 2540 3191 sed
2569 3137 2776 3202 melius,
2798 3138 2842 3190 si
2868 3136 2934 3189 ail
2963 3135 3252 3190 doctrinam
3283 3145 3474 3191 concta
3518 3138 3723 3190 relera-

2162 3241 2299 3291 mns,
2339 3225 2479 3293 quod
2524 3227 2592 3280 ibi
2636 3227 2717 3279 vel
2751 3225 2978 3280 maxime
3003 3226 3238 3280 docuerit
3267 3227 3543 3292 Salvator,
3575 3239 3631 3282 ut
3671 3229 3724 3282 in

2163 3316 2440 3384 Evangelio
2481 3331 2686 3386 quoque
2731 3315 2981 3384 scriptum
3010 3328 3090 3370 est
3119 3333 3132 3369 :
3167 3315 3215 3369 F
3216 3318 3331 3370 ilius
3369 3333 3516 3370 mus
3547 3334 3723 3371 acere-

2161 3405 2517 3472 sreosJoseph,
2539 3405 2674 3471 ﬁlius
2696 3420 2832 3458 meus
2852 3420 3152 3467 accrescens,
3169 3415 3216 3457 et
3239 3404 3450 3458 decorus
3478 3418 3724 3470 aspecta;

2161 3497 2283 3561 ﬁlia
2301 3497 2620 3550 decurrerunt
2643 3511 2789 3564 super
2809 3511 3026 3558 marum,
3041 3505 3088 3548 et
3109 3507 3533 3565 msperaverant
3555 3496 3721 3561 illum,

2159 3595 2206 3640 et
2233 3585 2420 3655 iurgati
2443 3593 2576 3649 sunt,
2609 3585 2988 3654 ittaideruntque
3012 3583 3109 3648 illi,
3137 3583 3373 3637 habentes
3391 3584 3620 3654 λιι-διας
3653 3602 3726 3639 se-

2158 3678 2230 3727 dit
2254 3675 2306 3727 in
2336 3675 2628 3742 fortitudine
2657 3690 2806 3728 arcus
2833 3674 2989 3739 illius,
3019 3683 3065 3726 et
3092 3673 3334 3728 dissoluta
3361 3684 3479 3727 sunt
3511 3677 3716 3728 vincula

2160 3760 2472 3812 brachiorum
2501 3762 2659 3824 illius,
2683 3771 2730 3813 et
2758 3776 3016 3826 manarum,
3043 3779 3134 3832 per
3161 3777 3339 3814 manus
3361 3770 3602 3826 potentes
3632 3759 3726 3812 ,ιι-

2160 3849 2270 3915 cob,
2290 3849 2406 3904 inde
2426 3860 2594 3917 pastor
2617 3866 2842 3918 egressas
2861 3859 2959 3915 est,
2975 3853 3104 3922 lapis
3128 3850 3310 3903 Israel.
3327 3850 3372 3902 0
3395 3849 3465 3901 lili
3489 3848 3722 3916 Josepb,

2159 3939 2248 4008 qui
2278 3949 2380 3992 tant
2412 3937 2624 4006 pulcher
2651 3953 2709 3992 es
2730 3978 2744 4002 ,
2773 3948 2829 3991 ut
2858 3950 2907 3992 te
2936 3947 3042 3993 tota
3086 3940 3152 3993 de
3183 3939 3348 3992 muris
3391 3945 3445 3990 et
3469 3942 3719 3992 turribus

2159 4045 2220 4085 ac
2237 4030 2474 4084 fenestris
2502 4027 2787 4096 puellarum
2810 4027 3020 4098 Egypti
3043 4029 3192 4082 turba
3217 4037 3518 4097 prospectet
3535 4071 3551 4092 .
3582 4031 3716 4084 iuvi-

2159 4119 2346 4172 dcrnnt
2366 4119 2478 4181 tibi,
2504 4127 2551 4172 et
2578 4128 2627 4172 te
2647 4118 2711 4170 ad
2735 4117 3053 4172 iracundiam
3078 4128 3497 4185 provocavernnt
3523 4119 3719 4174 fratres

2162 4207 2254 4270 ttti,
2285 4207 2537 4260 habentes
2565 4207 2740 4259 livoris
2759 4208 2994 4275 s'tgittas,
3016 4215 3068 4260 et
3092 4207 3186 4260 zeli
3211 4207 3397 4275 jacnlis
3420 4209 3708 4262 vulnerati.

2163 4297 2352 4349 Verum
2377 4309 2430 4348 ιιι
2453 4311 2627 4349 arcum
2659 4305 2800 4348 tuum
2830 4305 2884 4352 et
2911 4311 3056 4350 arma
3087 4298 3351 4367 pugnandi
3397 4298 3632 4367 posuisti
3664 4301 3711 4350 in

517 4396 682 4440 torem
713 4389 852 4441 iacit.
881 4389 1097 4445 Asinam
1142 4403 1315 4445 autem
1362 4391 1551 4445 fortem
1579 4401 1762 4458 vocat,
1793 4402 1847 4446 et
1873 4394 2057 4446 hume-

2167 4383 2294 4450 Deo,
2324 4388 2410 4453 qui
2434 4385 2582 4438 fortis
2604 4396 2959 4454 pr0pugnator
2985 4393 3098 4450 est;
3121 4398 3176 4442 et
3199 4386 3404 4439 vincula
3433 4396 3525 4438 tua
3547 4427 3564 4450 ,
3599 4385 3713 4452 qui-

519 4492 630 4528 rnm
661 4477 722 4529 ad
751 4480 1090 4546 portandum,
1136 4482 1254 4549 quia
1283 4483 1332 4534 in
1361 4482 1540 4537 labore
1567 4491 1722 4536 terra:
1745 4521 1760 4545 .
1792 4491 1846 4536 et
1875 4485 1927 4536 in
1969 4496 2060 4536 ve-

519 4565 702 4618 hendis
727 4569 792 4619 ad
833 4581 980 4622 mare
1026 4582 1143 4638 qua:
1193 4569 1244 4622 in
1293 4569 1402 4622 suis
1443 4567 1633 4621 ﬁnibus
1683 4570 2059 4631 nascebantur,

517 4655 792 4720 plurimum
845 4657 1128 4725 laboraret,
1178 4660 1390 4728 regibus
1438 4673 1647 4728 quoque
1689 4660 1882 4712 tributa
1914 4673 2059 4713 com-

518 4751 748 4806 portans.
783 4746 941 4820 Aiunt
967 4756 1142 4802 autem
1192 4747 1389 4802 llebres
1441 4763 1532 4816 per
1573 4747 1934 4817 metaphoram
1957 4785 1972 4810 ,
2006 4745 2057 4798 id

501 4841 596 4885 est
649 4833 1194 4900 transformationem,
1247 4836 1527 4904 signiﬁcari
1575 4838 1714 4905 quod
1763 4838 2061 4904 Scripturas

514 4935 691 4973 sacras
719 4919 805 4974 die
848 4934 910 4974 ac
952 4933 1102 4977 nocte
1132 4922 1423 4986 meditans,
1461 4924 1664 4979 dederit
1702 4926 1766 4979 ad
1819 4926 2059 4979 laboran-

512 5013 635 5064 dum
683 5011 913 5065 studium
955 5024 1140 5074 suum;
1170 5021 1222 5065 et
1250 5011 1443 5065 idcirco
1472 5013 1563 5066 illo
1590 5029 1775 5069 omnes
1802 5014 2056 5077 serviunt,

512 5103 656 5164 quasi
707 5103 955 5170 magistro
1002 5099 1140 5154 dona
1193 5110 1475 5166 portantes.
1527 5101 1640 5156 Dan
1681 5105 1942 5170 iudicabat
1969 5118 2059 5172 po-

512 5193 687 5255 pulum
729 5205 909 5256 stumi,
951 5193 1079 5245 sicut
1125 5193 1226 5245 alia
1272 5192 1427 5244 tribus
1455 5193 1506 5246 in
1546 5193 1728 5247 Israel.
1763 5193 1874 5248 Dan
1917 5195 2058 5246 colu-

511 5280 591 5328 lter
640 5281 689 5330 in
736 5281 849 5344 vin,
905 5291 1119 5333 cerastes
1172 5281 1224 5333 in
1285 5280 1501 5343 semita,
1555 5284 1789 5336 mordens
1845 5281 2060 5351 ungulas

509 5371 670 5432 equi,
737 5378 789 5420 ut
861 5372 1007 5422 cadat
1085 5386 1320 5424 ascensor
1396 5372 1534 5424 illius
1589 5384 1746 5427 retro.
1823 5374 2060 5429 Salutare

512 5462 654 5507 tuum
683 5461 1000 5524 exspectabo,
1046 5459 1275 5515 Domine.
1320 5460 1542 5518 Samson
1589 5461 1745 5532 iudex
1793 5463 1950 5518 Israel
1991 5463 2058 5516 de

512 5541 649 5594 tribu
695 5541 803 5595 Dan
835 5543 951 5598 fuit.
995 5547 1103 5599 lluc
1150 5561 1276 5614 ergo
1307 5548 1455 5611 dicit,
1511 5552 1704 5617 videns
1749 5553 1799 5608 in
1842 5551 2050 5621 spiritu,

511 5627 648 5696 quod
696 5643 896 5685 comam
943 5633 1167 5688 nutriret
1211 5635 1456 5702 Samson,
1489 5649 1542 5694 et
1589 5639 1892 5697 Nazarmum
1932 5654 2052 5696 cuin

2162 4473 2258 4528 bus
2290 4473 2579 4542 ligaverunt
2606 4483 2658 4528 te
2688 4477 2878 4529 fratres
2923 4475 3017 4536 tui,
3042 4475 3110 4527 ab
3148 4477 3264 4542 ipso
3293 4485 3418 4530 sunt
3447 4476 3632 4528 soluta
3670 4483 3719 4527 et

2157 4561 2410 4630 disrupta,
2441 4573 2576 4618 etes
2597 4565 2796 4618 semine
2821 4571 2911 4616 tuo
2935 4564 3104 4617 tribus
3131 4564 3366 4618 nascitur
3409 4563 3676 4633 Epiri-ain
3700 4604 3713 4626 .

2159 4649 2308 4704 fortis
2328 4660 2379 4705 et
2404 4650 2603 4704 sttbilis
2624 4690 2640 4715 ,
2665 4661 2717 4705 et
2749 4651 2936 4717 lapidis
2980 4651 3209 4707 durioris
3239 4653 3512 4722 injttucta.
3545 4653 3712 4720 impe-

2159 4753 2282 4792 rans
2309 4753 2518 4806 quoqne
2549 4739 2734 4793 decem
2764 4740 2934 4795 tribus
2965 4740 3147 4796 Israel.
3655 4761 3660 4764 ·

2227 4826 2494 4896 Βεοιξαηιίη
2536 4829 2684 4897 lupus
2729 4845 2913 4896 rapax,
2947 4845 3093 4883 mune
3121 4829 3340 4883 comedet
3387 4827 3651 4893 pnrdcnl.
3676 4835 3717 4879 et

2157 4902 2355 4988 vespere
2380 4920 2567 4973 dividet
2591 4921 2770 4989 spolia.
2801 4921 2949 4988 Quod
2975 4921 3041 4975 de
3066 4920 3227 4974 Paulo
3283 4915 3716 4971 manifestissima

2157 5012 2227 5064 sit
2271 5010 2564 5078 prophetia,
2595 5021 2736 5076 patet
2773 4995 3039 5070 omnibus.
3064 5007 3206 5076 quod
3255 5007 3308 5059 in
3357 5005 3715 5064 adolescentia

2160 5109 2466 5168 persecutus
2501 5099 2806 5163 Ecclesiatn,
2827 5103 2877 5153 in
2906 5107 3178 5154 senectute
3200 5095 3518 5163 pra-dicatur
3545 5099 3718 5153 Evano

2158 5190 2277 5262 gelii
2309 5189 2425 5244 fuit.
2460 5191 2662 5247 llebrmi
2690 5202 2865 5245 autem
2891 5191 2960 5244 ita
2992 5187 3498 5250 eilisserunt,altare
3529 5190 3590 5243 iu
3623 5205 3717 5260 quo

2161 5280 2351 5334 bosda
2380 5280 2808 5344 immolabantur,
2840 5289 2895 5333 et
2921 5277 3250 5330 victimarum
3271 5277 3489 5345 sanguis
3529 5277 3605 5331 ad
3637 5279 3718 5331 ba.

2158 5370 2258 5423 sim
2291 5371 2427 5425 illius
2457 5370 2800 5436 fundebatur,
2825 5369 2877 5421 in
2909 5375 3056 5434 parte
3085 5367 3251 5421 tribus
3282 5368 3563 5436 Beniamin
3607 5365 3714 5417 fuit.

2161 5459 2270 5512 lloc
2301 5459 2542 5530 inquiunt
2571 5475 2696 5528 ergo
2721 5456 3016 5526 signiﬁcare
3045 5454 3181 5524 quod
3211 5455 3520 5510 sacerdotes
3567 5465 3716 5504 uisae

2159 5548 2431 5606 immolent
2461 5549 2664 5604 hostias
2683 5590 2696 5612 ,
2730 5554 2784 5599 ct
2808 5544 2871 5595 ad
2902 5557 3178 5611 vesperum
3205 5544 3450 5598 dividunt
3478 5539 3574 5592 illa
3607 5552 3716 5606 qua:

2158 5639 2255 5697 sibi
2281 5655 2308 5694 a
2341 5645 2532 5712 populo
2559 5639 2797 5695 collecta.
2835 5634 3034 5711 Lupum
3066 5633 3489 5705 sanguinarium,
3534 5627 3713 5700 lupum
