3872 6262
181 263 303 316 277

982 262 1043 318 IN
1086 257 1638 318 PENTATEUCIIUM
1676 257 2156 312 COMSlENTARll.
2199 288 2266 298 —-
2303 258 2605 315 GENESIS.

3314 258 3414 314 378

183 390 451 430 “iracem
480 389 639 442 super
665 373 849 428 altaris
881 372 1368 442 interpretationem
1402 379 1655 439 ponentes
1676 357 1751 437 te,
1787 371 1828 426 Α
1861 343 2013 422 illius.
2049 369 2113 422 Et
2136 370 2258 423 alibi
2292 388 2304 422 :
2339 368 2551 422 Femina
2580 368 2907 421 circumdabit
2937 385 3120 421 mrum.
3174 369 3411 433 Su/I'ude-

186 467 500 531 spoliarunt
529 466 843 520 divisionem
875 479 1033 532 super
1056 463 1419 518 sacerdotibus
1447 465 1534 532 qui
1556 465 1759 517 servie-

187 563 330 608 runt
357 555 531 618 altari,
562 556 744 608 vivunt
770 555 834 606 de
863 554 1035 607 altari.
1092 553 1214 608 llzec
1261 561 1438 607 autem
1487 553 1755 606 historice.

180 642 555 712 Spiritualiter
583 655 754 698 autem
806 644 989 698 Ruben
1039 645 1285 711 primoris
1332 645 1503 712 populi
1554 644 1760 696 videtur

183 732 504 787 ostendisse
532 748 833 802 personam,
861 735 944 787 cui
982 749 1009 786 a
1041 732 1264 786 Domino
1308 749 1400 800 per
1450 732 1754 800 prophetam

181 819 396 873 dicitur
427 838 439 873 :
476 818 634 873 Israrl
662 821 1017 889 primogenitus
1045 824 1425 880 mens.-etenim
1445 821 1590 888 juxta
1615 820 1757 888 quod

185 910 587 976 primogenitae
634 909 878 970 debebat,
934 911 1096 978 ipsius
1143 919 1261 964 erat
1287 912 1530 978 acc'pere
1571 925 1750 964 sacer-

183 996 400 1047 dotium
440 1005 492 1050 et
522 1011 762 1065 regnum.
790 998 1010 1052 Additur
1054 1017 1066 1051 :
1113 999 1191 1052 Tu
1220 1001 1374 1052 virtus
1400 1017 1544 1064 mea;
1578 1001 1757 1068 utique

179 1085 317 1152 q‘nia
374 1100 435 1139 es
489 1087 605 1155 ipso
662 1089 854 1155 populo
906 1087 1301 1144 fundamentum
1356 1090 1587 1153 tidei,cx
1643 1092 1758 1160 ipso

185 1175 368 1226 virtus
399 1174 508 1239 Dei,
556 1164 640 1246 qui
670 1188 752 1232 est
778 1177 1045 1248 Christus,
1066 1181 1302 1234 advenit.
1342 1182 1618 1247 Quomodo
1652 1199 1759 1236 au-

181 1275 300 1317 tem
329 1265 443 1332 ipse
472 1267 539 1320 sit
563 1269 874 1336 principium
896 1269 1160 1335 dolorum,
1184 1286 1307 1324 vere
1327 1271 1450 1324 dum
1480 1273 1610 1340 patri
1656 1271 1756 1325 do-

175 1353 368 1407 Inruns
400 1370 610 1422 semper
654 1357 909 1424 irrogaret
936 1359 1201 1426 injuriam,
1228 1359 1352 1413 dum
1383 1363 1642 1415 convertit
1686 1361 1753 1415 ad

177 1443 340 1497 illum
369 1447 605 1509 dorsum,
637 1456 690 1499 et
727 1462 829 1501 non
875 1447 1082 1502 faciem.
1140 1448 1239 1504 Iste
1288 1450 1430 1517 prior
1477 1451 1528 1504 in
1575 1450 1750 1515 donis,

173 1535 308 1600 quia
335 1533 461 1602 ipsis
489 1535 689 1590 credita
741 1545 863 1589 sunt
921 1538 1144 1603 primum
1199 1539 1405 1609 eloquia
1461 1539 1658 1604 divina,
1699 1547 1755 1594 et

175 1625 325 1694 ivgis
381 1627 538 1686 satio,
589 1637 642 1681 et
687 1637 1082 1695 testamentum,
1131 1629 1243 1684 sive
1296 1631 1593 1696 promissio.
1653 1632 1752 1685 Iste

1861 472 1975 510 runt
2002 475 2222 523 marum,
2244 457 2294 511 id
2318 466 2417 520 est,
2437 457 2767 525 spirituaiem
2794 471 2999 511 murum
3033 457 3410 522 firmissimum,

1860 549 1948 616 qui
1967 549 2185 602 custodit
2231 548 2414 602 Israel.
2471 546 2669 600 Lancea
2701 547 3056 615 confoderunt.
3111 545 3411 607 Maledictns

1861 641 2003 706 furor
2029 655 2220 703 eorum,
2245 638 2361 704 quia
2383 639 2633 707 pertinax.
2663 636 2880 704 Quando
2904 635 3082 692 furore
3107 637 3314 691 accensi
3357 647 3417 692 ct.

1864 730 1959 792 ira,
1993 729 2297 784 obtulerunt
2338 727 2607 782 Christum
2664 727 2848 780 Pontio
2888 727 3075 790 Pilato,
3129 726 3404 781 dicentes:

1861 817 2129 888 Cruciﬁge,
2142 819 2276 871 cruci
2279 819 2396 887 ﬁge.
2418 816 2479 870 Et
2490 817 2772 885 indignatio
2785 832 2954 870 eorum
2964 856 2979 879 ,
2993 817 3108 884 quia
3121 815 3403 881 dura,duni

1864 908 2144 961 narrabam
2168 907 2424 961 latronem
2449 915 2706 975 peterent,
2721 915 2774 961 et
2793 905 3081 973 principem
3102 905 3219 958 vita:
3237 906 3404 958 cruci-

1860 999 2122 1066 figendum
2140 998 2484 1066 postularent.
2503 995 2738 1050 Dividam
2760 995 2877 1048 illos
2893 995 2944 1048 in
2961 993 3140 1058 Jacob,
3159 1003 3202 1047 et
3221 995 3402 1058 dispar.

1858 1106 1973 1158 gum
1996 1091 2112 1144 illos
2135 1090 2186 1142 in
2208 1088 2391 1142 Israel.
2410 1088 2538 1153 Quia
2563 1086 2800 1141 nonnulli
2819 1101 2882 1139 es
2906 1086 3032 1154 ipsis
3047 1085 3404 1149 crediderunt,

1858 1180 2066 1248 quidam
2094 1177 2148 1233 in
2176 1179 2481 1233 infidelitate
2512 1187 2930 1246 permanserunt.
2978 1177 3226 1230 Dicuntur
3263 1177 3404 1231 enim

1856 1267 2008 1320 divisi
2032 1267 2083 1320 hi
2108 1267 2197 1335 qui
2223 1266 2289 1319 ab
2314 1266 2414 1320 illis
2437 1274 2765 1334 separantur,
2785 1273 2837 1318 et
2861 1275 3112 1318 venerunt
3128 1265 3191 1316 ad
3213 1265 3366 1318 fidem
3389 1305 3403 1329 ,

1856 1355 2080 1423 dispersi
2125 1364 2323 1416 autem,
2355 1369 2576 1419 quorum
2609 1353 2773 1420 patria
2803 1353 3101 1421 temploque
3129 1354 3405 1418 subverso,

1856 1457 1949 1512 per
1971 1443 2151 1496 orbem
2180 1451 2335 1496 terrai
2366 1457 2532 1508 genus
2574 1442 2902 1495 incredulum
2950 1443 3230 1510 spargitur.
3272 1442 3403 1496 For-

1856 1541 1995 1586 tasse
2043 1530 2130 1586 isti
2182 1533 2273 1586 lilii
2328 1531 2509 1595 Jacob,
2543 1541 2651 1584 tres
2704 1533 2892 1584 animai
2943 1532 3185 1585 humana:
3229 1542 3402 1585 mutus

1853 1622 2184 1692 signiﬁcant,
2215 1622 2670 1689 concupiscibilem
2696 1660 2711 1685 ,
2741 1621 3058 1675 irascibilem
3077 1663 3090 1687 ,
3123 1622 3400 1677 rationabi-

182 1715 365 1778 tnajor
395 1715 638 1782 imperio,
667 1718 842 1786 utique
870 1734 965 1785 pro
996 1720 1355 1787 magnitudine
1383 1722 1594 1783 virium.
1625 1723 1726 1787 qui:

1852 1712 1972 1765 leni.
2002 1711 2454 1779 Concupiscentize
2483 1711 2710 1778 speciem
2743 1711 2910 1765 tenuit
2942 1711 3145 1776 Ruben,
3169 1713 3255 1781 qui
3277 1727 3399 1768 con-

170 1800 454 1868 c0piosius
476 1805 682 1858 caeteris
705 1805 755 1858 in
786 1806 886 1860 hoc
911 1808 1108 1861 mundo
1137 1809 1278 1863 idem
1311 1813 1537 1877 populus
1561 1828 1749 1879 regna-

170 1893 275 1946 vit.
311 1894 519 1948 Effusas
541 1905 716 1949 autem
746 1897 880 1950 sicut
930 1913 1087 1966 aqua,
1116 1901 1380 1965 peccando
1417 1901 1467 1954 in
1511 1899 1741 1963 Christo,

168 1984 333 2051 quasi
364 2000 480 2051 quae
514 1986 729 2038 vasculo
752 2001 856 2039 non
882 1993 1093 2040 tenetur
1114 1988 1399 2041 voluntatis
1435 1988 1631 2041 elTnsus
1661 1998 1745 2043 est

170 2075 228 2127 in
256 2077 474 2138 impetu.
500 2074 565 2129 Et
595 2074 792 2130 idcirco
820 2076 964 2130 addit
995 2095 1005 2129 :
1042 2075 1189 2130 Ultra
1219 2093 1317 2130 non
1351 2094 1547 2130 crescas
1575 2093 1592 2130 .'
1625 2077 1743 2146 quia

172 2168 296 2232 ipse
323 2164 546 2232 populus
596 2176 873 2234 postquam
925 2164 1176 2219 universo
1227 2152 1424 2220 mundo
1475 2166 1744 2234 dispersus

173 2261 286 2319 est,
304 2252 465 2306 valde
499 2253 806 2308 imminutus
837 2263 936 2308 est.
969 2254 1073 2308 Sed
1097 2269 1259 2324 quare
1281 2257 1402 2308 talia
1433 2256 1646 2321 meruit,
1675 2253 1743 2307 ita

172 2341 407 2410 subjecit
441 2361 452 2396 :
488 2345 620 2408 Quia
648 2346 915 2398 ascendisti
945 2345 1107 2398 cubile
1130 2347 1290 2414 patris
1320 2347 1412 2399 tui.
1441 2345 1549 2400 lloc
1577 2343 1743 2400 ,Ιυάιί

172 2431 243 2484 ad
277 2441 545 2499 stuprum,
565 2434 705 2500 quod
740 2435 920 2488 ltuben
952 2450 1072 2489 cum
1105 2435 1226 2488 Baia
1254 2438 1547 2490 concubina
1582 2435 1743 2503 patris

173 2521 260 2573 sui
289 2521 575 2586 commisit,
598 2521 849 2584 referunt,
882 2538 1002 2576 cum
1031 2523 1130 2577 hoc
1149 2524 1212 2576 ad
1233 2523 1558 2593 prophetiam
1581 2522 1742 2588 magis

176 2608 428 2675 pertinaci,
459 2608 580 2676 quia
619 2608 684 2662 de
715 2608 903 2661 futuris
950 2611 1214 2678 loquitur,
1248 2613 1327 2664 sic
1354 2614 1494 2664 cnim
1521 2611 1595 2663 ait
1624 2629 1634 2662 :
1673 2609 1741 2664 Ut

173 2697 471 2749 annuntiem
499 2697 630 2749 vobis
661 2712 772 2765 quia
812 2699 983 2762 [utaris
1018 2706 1134 2750 sunt
1164 2699 1215 2748 in
1240 2697 1520 2750 novissimis
1549 2707 1739 2764 tempo-

177 2788 336 2840 riius.
369 2785 738 2856 Priniogenita:
769 2799 943 2839 autent
972 2785 1143 2854 plebis
1165 2785 1435 2838 audaciam
1465 2784 1733 2852 pmdicat,

174 2891 296 2944 qua:
322 2878 552 2932 ascendit
578 2875 749 2930 cubile
780 2877 941 2944 patris
973 2875 1076 2940 sui,
1101 2887 1152 2930 et
1183 2875 1465 2929 maculavit
1511 2885 1734 2928 stratum

174 2965 336 3028 illius,
386 2964 593 3030 quando
630 2980 819 3033 corpus
849 2963 1191 3031 dominicum,
1235 2963 1286 3017 in
1331 2980 1434 3033 quo
1462 2964 1731 3031 plenitudo

173 3053 462 3106 divinitatis
503 3057 780 3124 requieth,
811 3049 1016 3125 raptum
1063 3058 1114 3110 in
1149 3071 1305 3111 eruce
1330 3056 1626 3124 suspendit,
1677 3067 1732 3111 et

176 3143 317 3196 ferro
342 3146 762 3199 conimarulavit.
786 3147 951 3202 Aliter
975 3147 1182 3200 thurmn
1213 3147 1521 3201 concubinae
1545 3145 1734 3215 polluit

172 3246 332 3299 quem
389 3234 658 3299 ascendit,
692 3235 742 3288 id
772 3245 874 3300 est,
908 3237 1078 3307 legem
1137 3236 1336 3291 Veteris
1384 3236 1730 3302 Testamenti,

174 3336 329 3389 quam
358 3336 498 3388 saepe
522 3325 913 3391 przcvaricando
944 3326 1243 3380 maculavit.
1266 3326 1414 3393 Quod
1442 3338 1619 3380 autem
1646 3327 1726 3381 Ics

175 3421 324 3463 vetns
355 3412 404 3464 in
436 3411 742 3466 concubinae
769 3428 989 3480 persona
1023 3417 1256 3482 ponitur,
1288 3415 1476 3468 Paulus
1527 3414 1724 3478 docuit,

171 3500 352 3552 dicens
382 3517 394 3552 :
430 3502 680 3553 Abraham
702 3504 827 3554 duos
849 3505 982 3568 ﬁlios
1003 3503 1198 3566 habuit,
1233 3521 1389 3556 unum
1420 3505 1482 3555 de
1511 3502 1717 3565 ancilla,

167 3598 214 3640 st
239 3603 390 3640 unum
415 3590 477 3640 de
505 3590 682 3644 libera.
712 3588 835 3644 llaec
865 3599 988 3644 sunt
1014 3591 1118 3646 duo
1161 3592 1521 3644 Testamenta.
1551 3590 1721 3644 Mora-

170 3678 290 3732 liter
315 3692 523 3746 quoque
545 3693 637 3746 per
661 3679 866 3744 ltuben,
887 3684 973 3749 qui
1001 3681 1335 3749 interpretari
1363 3689 1533 3748 potest
1554 3681 1720 3734 visio-

169 3770 251 3821 nis
277 3768 432 3833 illius,
453 3770 530 3820 vel
559 3767 730 3822 videte
762 3769 924 3822 lilium
953 3754 1522 3832 carnalem,htiminem
1552 3768 1718 3841 signi-

170 3859 287 3909 ticat
316 3857 590 3922 visibilem,
622 3859 740 3926 quia
770 3860 869 3912 etsi
893 3862 1033 3913 enim
1065 3861 1222 3913 homo
1267 3873 1444 3914 nosmr
1488 3862 1718 3915 exterior

162 3946 532 4013 corrumpitur,
590 3947 680 4000 sed
731 3948 954 4002 interior
998 3961 1298 4004 renovatur.
1348 3951 1523 4005 Primo
1570 3952 1711 4005 enim

161 4031 330 4083 omnis
353 4034 512 4088 homo
537 4037 584 4088 in
621 4035 721 4089 hoc.
752 4038 949 4091 mundo
963 4040 1246 4094 carnaliter
1269 4038 1415 4106 vivit,
1438 4049 1490 4093 et
1513 4054 1708 4093 secun-

163 4117 285 4169 dum
314 4131 524 4172 carnem
555 4135 817 4187 movetur,
850 4134 903 4178 et
933 4127 1130 4194 primus
1158 4136 1238 4181 est
1264 4128 1492 4182 carnalis
1535 4137 1711 4181 mutus

159 4207 215 4260 in
258 4208 671 4273 concupiscentia
722 4212 974 4278 libidinis,
1015 4230 1131 4282 quas
1160 4231 1277 4268 cum
1309 4217 1492 4284 prima:
1516 4214 1708 4284 juven-

1847 1801 2030 1853 cubuit
2050 1815 2169 1854 cum
2195 1801 2483 1855 concubina
2517 1801 2677 1868 patris
2706 1801 2807 1855 sui.
2841 1802 3138 1855 Secundam
3167 1804 3396 1871 speciem

1847 1888 1940 1941 ira
1966 1891 2130 1943 tenuit
2150 1891 2385 1956 Simeon,
2414 1905 2531 1958 qua:
2572 1891 2682 1958 ipsa
2704 1904 2768 1944 ex
2793 1888 2984 1944 furoris
3011 1891 3151 1945 illius
3181 1893 3393 1946 deman-

1845 1986 2042 2030 stratur
2067 1978 2369 2044 opprobrio.
2415 1977 2646 2032 Tertiam
2694 1982 2926 2044 speciem
2968 1979 3185 2033 rationis
3231 1985 3396 2033 tenuit

1846 2066 1991 2131 Levi,
2023 2069 2106 2120 cui
2133 2067 2382 2122 Ecclesia:
2425 2067 2589 2137 legem
2642 2081 2859 2122 servare
2903 2070 3244 2123 commissum
3292 2082 3394 2123 est.

1846 2155 1948 2210 llas
1977 2172 2102 2226 ergo
2127 2155 2331 2226 species
2353 2157 2736 2222 tres,vidclicet
2759 2159 2931 2212 omnis
2955 2158 3126 2212 anima
3157 2159 3391 2228 propriis,

1843 2261 1961 2314 qua:
1985 2245 2037 2300 in
2070 2249 2207 2301 hunc
2227 2245 2478 2301 mundum
2502 2249 2666 2310 venit,
2698 2247 2900 2315 primus
2942 2258 3120 2302 mutus
3163 2250 3392 2317 culpabi-

1845 2334 1965 2388 liter
1991 2348 2169 2403 agere,
2198 2335 2366 2389 donec
2392 2335 2649 2389 malorum
2680 2335 2928 2413 pondere.
2959 2347 3301 2404 pra-gravata,
3328 2341 3390 2390 ad

1845 2425 2017 2479 locum
2051 2426 2371 2493 paenitentia:
2403 2425 2567 2494 possit
2591 2427 2883 2496 pervenire.
2927 2426 3088 2492 Iuda,
3121 2437 3168 2481 ts
3213 2430 3391 2482 lauda.-

1845 2513 1968 2567 bunt
1997 2516 2179 2584 fratres
2208 2516 2302 2570 tui.
2337 2513 2436 2570 Per
2464 2514 2599 2570 hunc
2621 2515 2763 2570 enim
2792 2513 2979 2570 ludam
3013 2531 3164 2571 verus
3185 2517 3392 2573 confes-

1841 2617 1931 2657 sor
1959 2605 2269 2672 exprimitur
2312 2604 2571 2670 Christus,
2603 2607 2689 2674 qui
2727 2622 2789 2661 es
2835 2608 2972 2661 illius
3021 2608 3156 2660 tribu
3201 2623 3390 2662 secun-

1841 2695 1965 2750 dum
1988 2710 2202 2751 carnem
2221 2708 2301 2751 est
2323 2700 2547 2769 genitus.
2571 2701 2742 2767 Ipsum
2766 2701 3051 2754 laudabunt
3078 2702 3264 2757 fratres
3285 2706 3388 2766 sui,

1839 2785 2085 2851 apostoli,
2112 2787 2333 2851 scilicet,
2359 2797 2412 2840 et
2438 2803 2623 2842 omnes
2652 2790 2956 2845 cotneredes
2988 2790 3151 2857 illius,
3174 2794 3262 2858 qui
3295 2808 3389 2859 por

1837 2871 2171 2938 adoptionem
2223 2872 2314 2925 lilii
2368 2874 2473 2926 Deo
2521 2874 2658 2929 Patri
2702 2875 2874 2930 effecti
2919 2887 3059 2937 sunt.
3090 2886 3143 2932 et
3193 2879 3386 2933 Christi

1839 2958 2028 3014 fratres
2058 2959 2225 3014 effecti
2260 2976 2352 3029 per
2373 2963 2612 3030 gratiam,
2636 2977 2856 3032 quorum
2886 2975 2939 3018 ct
2964 2965 3075 3033 ipse
3100 2976 3182 3020 est
3210 2968 3382 3021 domi-

1838 3064 1934 3102 nus
1959 3065 2051 3116 per
2080 3060 2336 3104 naturam.
2363 3051 2545 3106 Manus
2571 3063 2669 3108 tute
2694 3055 2746 3108 in
2768 3056 3033 3109 cervicibus
3059 3058 3377 3111 inimicorum

1835 3150 2058 3195 tuorum.
2086 3140 2272 3195 iisdem
2302 3143 2540 3197 nianibus
2586 3144 2726 3198 enim
2775 3155 2932 3213 atque
2981 3148 3164 3200 eodem
3209 3149 3379 3204 crucis

1835 3236 2033 3294 tropmo
2060 3239 2114 3284 et
2140 3246 2263 3284 suos
2293 3233 2440 3295 terit,
2465 3240 2521 3286 et
2545 3231 2787 3286 inimicos
2814 3243 2869 3287 et
2909 3234 3241 3291 adversaries
3282 3255 3380 3305 po-

1832 3327 2047 3373 testates
2068 3325 2287 3373 curavit.
2335 3321 2488 3373 Juxta
2522 3321 2658 3387 quod
2708 3331 2778 3373 et.
2815 3322 2968 3374 Pater
3013 3324 3272 3389 promisit,
3299 3327 3382 3378 di-

1827 3419 1953 3459 cens
1983 3422 1994 3456 :
2030 3405 2160 3459 Sede
2189 3407 2256 3456 ad
2283 3407 2315 3458 d
2345 3417 2538 3459 xteram
2572 3423 2751 3465 meam.
2785 3410 2942 3462 donec
2983 3426 3166 3475 ponam
3211 3414 3378 3466 inimi-

1825 3508 1909 3546 cos
1939 3502 2050 3546 tuus
2097 3495 2370 3547 scabellnm
2395 3496 2574 3561 pedum
2600 3506 2818 3550 tuorum.
2864 3498 3151 3552 Adorabtmt
3187 3511 3233 3553 te
3282 3502 3379 3568 [iiii

1823 3583 1982 3650 patris
2012 3582 2106 3648 tui,
2137 3584 2345 3650 quando
2371 3585 2520 3639 inulti
2551 3601 2611 3640 es
2638 3585 2757 3640 liliis
2782 3586 2943 3641 lacob
2964 3588 3183 3642 adorant
3202 3589 3372 3655 illum,

1823 3685 1915 3740 per
1943 3672 2251 3727 electionem
2279 3676 2462 3742 gratiae
2489 3676 2617 3729 salvi
2646 3678 2786 3731 lacti.
2817 3677 3031 3732 Catulus
3081 3680 3244 3733 leonis
3281 3681 3372 3735 lu-

1820 3765 1907 3828 da,
1931 3765 2140 3835 quando
2172 3768 2434 3821 "3308"th
2467 3770 2710 3835 parvulus
2740 3772 2906 3825 factus
2930 3782 3029 3834 est,
3061 3773 3193 3824 sicut
3230 3774 3368 3826 scri-

1820 3865 1964 3924 ptum
1994 3866 2074 3909 est
2103 3874 2113 3908 :
2150 3855 2398 3910 Parvulas
2419 3859 2580 3927 factus
2605 3867 2678 3913 est
2707 3861 2865 3913 nobis.
2919 3862 2997 3914 Ad
3023 3862 3270 3929 predum,
3295 3866 3370 3930 ﬁli

1820 3943 1908 4001 mi,
1935 3943 2252 4008 descendisti,
2283 3945 2333 3998 id
2363 3956 2461 4009 est,
2484 3948 2773 4002 ascendens
2825 3950 2876 4003 in
2919 3964 3096 4014 cruce,
3123 3958 3358 4018 captivos

1818 4032 2036 4098 populos
2053 4032 2320 4086 redemisti
2346 4049 2361 4086 :
2383 4044 2436 4087 et
2456 4049 2587 4098 quos
2611 4035 2698 4089 ille
2720 4035 2802 4090 leo
2824 4039 3121 4092 contrarius
3148 4041 3358 4108 invasit,

1816 4128 1867 4171 tu
1916 4122 2148 4172 moriens
2193 4120 2466 4187 eripuisti;
2517 4123 2742 4190 denique
2788 4127 2999 4179 rediens
3041 4128 3107 4178 ab
3158 4129 3358 4195 inferis,

1812 4209 2096 4263 ascendiin
2118 4210 2168 4263 in
2197 4209 2382 4276 altum,
2415 4211 2672 4280 captivam
2720 4211 2916 4267 duxisti
2969 4217 3356 4284 captivitatem;

159 4297 282 4350 tutis
305 4295 570 4351 obsederit
597 4311 823 4366 tempus,
847 4303 1036 4355 durum
1068 4315 1120 4358 et
1156 4307 1496 4360 temerarium
1545 4306 1703 4361 simul
1734 4333 1786 4392 Β
1811 4299 2165 4368 requiescens,
2186 4301 2470 4355 accubuisti
2499 4312 2553 4356 ut
2575 4304 2675 4358 leo.
2690 4304 3106 4360 Manifestissiine
3121 4309 3362 4364 Christus

156 4402 210 4446 et
237 4394 480 4447 lascivum
513 4394 782 4449 hominem
833 4398 1078 4462 reddidit,
1110 4402 1478 4456 ascendentem
1534 4419 1698 4472 super

154 4479 321 4534 cubile
341 4481 520 4549 patris,
540 4494 594 4537 et
617 4484 937 4552 polluentem
968 4489 1174 4540 litorum
1203 4499 1497 4557 paternum,
1517 4492 1565 4544 id
1590 4502 1714 4561 est,-

153 4570 307 4623 etiam
336 4581 593 4637 pracepta
635 4580 691 4626 et
739 4576 938 4626 munita
989 4577 1239 4630 naturalis
1293 4578 1442 4645 legis,
1474 4595 1590 4648 quae
1648 4581 1700 4637 in

156 4661 303 4714 nobis
329 4672 429 4724 est,
461 4675 616 4730 quam
648 4677 789 4716 nunc
819 4671 968 4730 pater
990 4678 1170 4720 noster
1200 4681 1296 4721 nos
1334 4668 1458 4722 dicit
1491 4685 1698 4734 ιιι-πνει-

154 4749 384 4805 ricsntes.
421 4749 624 4805 Simeon
653 4761 700 4803 et
725 4750 842 4804 Levi
867 4755 1068 4820 fratres,
1096 4771 1213 4808 rasa
1253 4759 1532 4826 iniquitatis
1583 4761 1694 4813 bel-

151 4839 321 4892 lantia.
349 4840 448 4894 Per
467 4842 681 4896 Simeon
711 4848 765 4894 et
805 4839 952 4904 Levi,
980 4843 1179 4898 Scriba:
1230 4855 1284 4899 et
1338 4848 1584 4902 Pltariszei
1642 4861 1695 4904 et

150 4929 440 4984 sacerdotes
471 4931 672 4987 Judaici
703 4934 875 5000 populi
905 4933 1285 5001 intelliguntur.
1335 4937 1409 4991 De
1442 4939 1691 4996 Simeone

147 5014 335 5068 Scriba:
355 5014 505 5073 erant
529 5019 870 5077 Judazorum:
894 5021 960 5074 de
980 5022 1112 5074 tribu
1134 5036 1258 5075 vero
1279 5023 1426 5089 Levi,
1445 5028 1691 5098 princeps

146 5102 596 5177 sacerdotum,qui
636 5109 911 5164 consilium
942 5108 1180 5163 fecerunt
1219 5119 1273 5164 nt
1324 5112 1504 5168 desum
1563 5116 1687 5171 dolo

149 5199 372 5243 tenerent
424 5203 477 5247 et
521 5198 854 5265 occiderent,
886 5201 952 5252 de
977 5213 1082 5268 quo
1110 5199 1331 5251 consilio
1360 5202 1546 5257 dicitur
1574 5221 1588 5258 :
1621 5205 1686 5260 In

145 5278 339 5332 consilio
363 5281 564 5336 illorum
579 5302 644 5340 ne
666 5290 826 5342 veniat
845 5291 1016 5342 animo
1029 5304 1160 5341 mea.
1181 5288 1390 5343 Horruit
1408 5295 1548 5348 enim
1573 5305 1679 5350 tota

143 5371 328 5426 scelera
353 5387 468 5440 qua:
499 5377 548 5428 in
585 5376 886 5436 novissimis
915 5382 1239 5452 temporibus
1286 5383 1468 5440 facturi
1523 5399 1677 5444 erant

143 5460 319 5523 Judai,
341 5462 459 5528 quia
497 5465 547 5516 in
578 5463 758 5522 furore
778 5482 875 5524 suo
917 5471 1215 5525 occiderent
1256 5471 1447 5542 virum,
1496 5477 1546 5532 id
1597 5487 1680 5532 est

138 5550 389 5607 Christum
410 5592 422 5615 ,
453 5552 518 5607 de
572 5569 677 5624 quo
701 5558 890 5615 dicitur
924 5579 935 5614 :
974 5559 1102 5617 Ecce
1141 5561 1232 5626 vir,
1277 5560 1455 5619 Oriens
1489 5583 1669 5622 nomen

1813 4392 2044 4469 incubuit
2075 4390 2124 4444 in
2148 4393 2409 4469 passione,
2439 4395 2648 4461 quando
2673 4395 2919 4450 inclinato
2941 4398 3109 4464 capite
3139 4399 3355 4454 tradidit

1803 4467 2069 4549 spiritum,
2126 4467 2239 4536 sive
2290 4483 2500 4550 quando
2550 4484 2603 4537 in
2648 4486 2896 4553 sepulcro
2943 4501 3179 4554 securus,
3214 4493 3351 4546 velut

1801 4573 2031 4640 quodam
2058 4574 2296 4639 corporis
2325 4589 2512 4630 somno
2539 4577 2754 4644 quievit.
2782 4578 2886 4632 Sed
2936 4595 3100 4648 quare
3147 4593 3201 4637 ut
3249 4586 3344 4651 leo,

1801 4662 1880 4717 vel
1912 4672 1966 4717 ut
1995 4666 2198 4719 catulus
2230 4668 2429 4720 leonis?
2473 4668 2529 4721 In
2559 4683 2742 4722 somno
2773 4673 2910 4724 enim
2961 4687 3059 4727 suo
3104 4676 3185 4730 leo
3234 4675 3341 4748 fuit.

1799 4752 2005 4820 quando
2033 4766 2134 4805 non
2159 4755 2494 4819 necessitate,
2523 4757 2614 4810 sed
2640 4767 2896 4825 potestate
2921 4761 3017 4814 hoc
3049 4763 3219 4830 ipsum
3251 4765 3348 4818 ini-

1801 4846 1974 4911 plevit,
2006 4845 2141 4897 sicut
2167 4847 2279 4913 ipse
2301 4847 2430 4900 dicit
2463 4866 2473 4900 :
2507 4847 2669 4903 Nemo
2694 4852 2825 4905 tollit
2851 4868 2882 4904 a
2926 4869 3002 4906 me
3045 4852 3341 4918 Ecclesiam,

1794 4938 1882 4989 sed
1907 4951 1996 5006 ego
2027 4951 2156 5004 pono
2180 4952 2312 4990 eam.
2344 4938 2492 5006 Quod
2541 4955 2669 4995 vero
2717 4952 2771 4996 et
2813 4953 2868 4995 ut
2904 4944 3106 4997 catulus
3151 4944 3340 5005 leonis,

1792 5029 1913 5082 inde
1939 5029 2076 5080 enim
2105 5039 2365 5094 mortuus,
2391 5030 2530 5087 unde
2553 5042 2608 5087 et
2639 5043 2810 5087 natus.
2841 5033 3045 5103 Physici
3073 5043 3247 5086 autem
3273 5035 3338 5087 de

1791 5119 1963 5173 catulo
1984 5119 2151 5181 leonis
2174 5122 2413 5176 scribunt
2433 5123 2570 5192 quod
2593 5138 2711 5178 cum
2753 5135 2904 5177 natus
2945 5123 3123 5184 fuerit,
3167 5125 3333 5177 tribus

1788 5208 1971 5262 diebus
1994 5218 2046 5262 et
2079 5209 2244 5265 tribus
2267 5213 2511 5267 noctibus
2531 5213 2755 5277 dormit;
2785 5225 2906 5267 tunc
2933 5212 3122 5266 deinde
3170 5214 3329 5280 patris

1786 5297 1994 5351 fremitu
2031 5299 2116 5352 vel
2163 5302 2354 5371 rugitu,
2385 5301 2547 5356 veluti
2599 5303 2906 5356 tremefacto
2953 5303 3143 5358 cubitis
3190 5303 3329 5369 loco,

1783 5384 2022 5441 suscitari
2045 5387 2237 5443 dicitur
2267 5391 2473 5444 catulus
2499 5390 2788 5445 dormiens.
2815 5391 2963 5459 Quod
3015 5392 3165 5448 valde
3203 5407 3330 5448 θου-

1781 5477 2051 5530 venienter
2076 5477 2143 5532 de
2175 5479 2436 5546 passionis
2467 5490 2637 5534 morte
2664 5491 2870 5549 aptatur
2899 5483 2947 5536 in
2979 5482 3207 5550 Christo,
3236 5483 3328 5552 qui
3377 5546 3379 5548 η

1781 5568 1947 5625 tribus
1991 5567 2175 5623 diebus
2211 5577 2260 5624 et
2309 5569 2474 5627 tribus
2511 5571 2748 5627 noctibus
2794 5572 2846 5627 iu
2891 5573 3048 5629 cubiti
3101 5572 3328 5642 sepulcri
