3872 6262
464 414 566 470 279
949 411 1145 466 BEDJ‘J
1186 403 1624 463 VENERABILIS
1661 399 1938 456 OPERUM
1979 396 2152 467 PARS
2189 395 2256 450 ll.
2295 421 2362 436 —
2400 388 2786 448 EXEGETICA
2821 384 3132 444 GENUINA.
3535 375 3640 433 πθ

467 534 664 592 jaci-us,
689 539 924 577 smnnum
954 522 1136 575 mortis
1166 517 1416 587 implevit.
1442 517 1582 570 Bene
1611 526 1735 581 ergo
1758 509 1996 564 Christus
2026 509 2072 566 Α
2100 519 2197 559 nus
2243 499 2576 568 interpretari
2622 505 2816 567 potest,
2837 495 3096 564 signiﬁcat
3123 489 3259 558 quod
3292 497 3639 555 posteaquam

471 627 528 671 ut
556 618 636 670 leo
667 612 935 683 requievit,
967 613 1053 680 qui
1083 626 1184 665 non
1212 611 1380 663 solum
1429 605 1611 659 mortis
1659 601 1994 656 acerbitatem
2092 591 2156 644 ad
2188 588 2542 655 penitentiam
2566 599 2657 652 per
2678 581 3055 638 coniessionem
3082 577 3264 640 indas,
3284 574 3334 628 id
3355 584 3440 628 est
3458 578 3638 625 anima

473 660 528 671 ...
557 660 634 670 ...ν
668 660 935 683 .ν.,---.--,
971 660 1053 680 -,__
1214 660 1232 663 _
1276 660 1290 662 _
1316 660 1374 662 μ

473 722 574 759 non
598 705 788 767 timuit,
811 702 902 756 sed
920 703 1076 754 etiam
1102 701 1154 752 in
1174 700 1284 763 ipsa
1311 706 1480 749 morte
1510 692 1698 747 mortis
1724 687 1996 756 imperium
2092 689 2343 730 conversa
2372 673 2549 737 fuerit,
2572 671 2880 726 auferuntur
2908 668 2975 719 ab
3015 679 3076 719 ea
3106 673 3160 718 et
3185 662 3431 716 desinqu
3458 660 3641 712 omnia

469 798 646 850 vineit.
688 795 835 859 Quod
883 803 1051 844 autem
1084 791 1271 842 dicitur
1313 804 1326 840 :
1374 787 1499 852 Quis
1545 782 1799 838 suscitab'it
1843 778 2002 832 eum?

471 887 587 952 quia
619 884 789 936 nullus
821 882 920 935 nisi
952 882 1082 944 ipse,
1109 878 1258 945 juxta
1286 877 1424 944 quod
1456 878 1568 943 ipse
1593 873 1759 926 dixit:
1813 868 2000 924 Solvite

472 975 703 1041 templum
729 971 842 1033 hoc,
866 980 910 1022 et
937 970 988 1020 in
1014 968 1176 1019 triduo
1197 966 1441 1019 suscitabo
1468 962 1617 1016 illud.
1651 960 1767 1013 Non
1808 957 2000 1021 deﬁciet

470 1068 576 1117 dux
597 1066 657 1117 de
684 1063 821 1115 Iuda
848 1071 895 1114 et
924 1059 1104 1112 Israel.
1130 1058 1238 1111 Hoc
1265 1053 1683 1109 manifestissime
1717 1049 1781 1102 ad
1817 1047 1998 1101 ludam

472 1157 726 1214 refertur;
754 1151 932 1204 tandiu
959 1149 1098 1204 enim
1124 1145 1217 1201 fuit
1253 1161 1316 1200 ex
1357 1145 1555 1198 semine
1600 1141 1738 1194 illius
1785 1138 2001 1191 inteme-

472 1256 580 1297 rata
628 1243 763 1311 apud
803 1241 1008 1295 Iudaeos
1045 1238 1311 1291 successio
1351 1234 1518 1303 regni,
1549 1231 1716 1285 donec
1761 1227 2002 1281 Christus

476 1340 808 1394 nasceretur;
828 1339 879 1384 et
895 1330 990 1380 hoc
1010 1341 1161 1394 supra
1180 1325 1424 1378 diximus.
1457 1321 1690 1387 Alligans
1710 1316 1773 1369 ad
1799 1315 2000 1368 vineam

478 1423 668 1488 pullum
688 1435 862 1474 suum.
888 1417 1066 1471 Pullus
1087 1428 1213 1468 suus
1242 1410 1459 1478 papulas
1506 1416 1586 1461 est
1627 1421 1690 1460 ex
1736 1402 2000 1472 gentibus,

475 1511 557 1564 c‘ni
587 1511 754 1563 adhuc
779 1519 1039 1574 nunquam
1070 1503 1164 1557 fuit
1198 1502 1326 1569 legis
1347 1513 1476 1553 onus
1519 1497 1835 1563 impositum,
1865 1494 2004 1546 hunc

479 1599 738 1665 t‘npttluvit
760 1595 822 1649 ad
841 1597 1038 1647 vincant
1063 1591 1432 1658 apostolorum.
1449 1585 1614 1656 quiex
1631 1584 1828 1639 ludatis
1849 1590 1966 1635 sunt
1987 1598 2002 1644 ;

477 1703 597 1742 nam
631 1689 780 1739 vinea
809 1677 1015 1738 Domini
1038 1667 1265 1736 Sabaoth
1291 1678 1480 1732 domus
1507 1675 1685 1729 lsrael.
1728 1674 1790 1728 Et
1814 1671 1878 1726 ad
1925 1671 2004 1724 vi-

481 1791 583 1832 tem
610 1779 805 1832 asinam
833 1789 1000 1828 suam.
1024 1771 1136 1840 Ipse
1161 1773 1298 1826 enim
1325 1768 1450 1821 dicit
1472 1783 1492 1819 τ
1526 1764 1636 1834 Ego
1656 1780 1765 1818 sum
1792 1763 1902 1815 vitis
1925 1777 2004 1812 ve-

479 1884 568 1927 ra:
623 1867 686 1919 ad
719 1868 853 1916 hane
897 1877 1021 1930 ergo
1063 1860 1220 1912 vitem
1267 1857 1442 1923 alligat
1487 1856 1684 1906 asinam
1731 1856 2004 1912 suam,cui

485 1951 780 2021 supersedit
832 1947 1062 2004 Ecclesia
1092 1960 1153 1998 ex
1187 1943 1480 1997 nationibus
1505 1943 1837 2006 congregata.
1866 1933 2010 1987 Ilanc

485 2043 548 2095 nd
577 2043 732 2095 vitem
762 2037 994 2106 corporis
1019 2037 1096 2088 sui
1125 2034 1356 2100 alligavit
1402 2029 1610 2084 vinculo
1652 2023 1920 2081 charitatis
1961 2032 2014 2075 et

482 2129 766 2197 disciplinm
793 2123 1100 2193 evangelico
1145 2136 1300 2180 nexu,
1329 2127 1388 2172 ut
1429 2118 1497 2172 de
1538 2114 1823 2170 imitatione
1876 2111 2014 2164 illius

485 2221 664 2273 vivens
683 2214 938 2269 efﬁciatur
959 2211 1126 2266 hmres
1157 2209 1267 2262 Dei.
1298 2207 1398 2260 Alii
1427 2215 1610 2259 autem,
1628 2203 1764 2255 hanc
1813 2199 2025 2261 asinam,

489 2310 896 2373 interpretantur
945 2287 1668 2372 Synagogam,tardigradam
1715 2289 1933 2351 scilicet,
1967 2296 2021 2340 et

487 2396 632 2464 gravi
664 2392 889 2460 pondere
919 2389 1045 2458 legis
1073 2387 1392 2454 depressam.
1443 2382 1586 2435 Lavit
1615 2382 1666 2433 in
1697 2380 1809 2432 vino
1838 2377 2020 2430 stolam

490 2502 652 2549 suam,
675 2485 783 2538 sive
802 2495 1010 2536 carnem
1040 2492 1186 2532 suam
1216 2478 1266 2530 in
1309 2474 1558 2541 sanguine
1607 2470 1883 2534 passionis,
1910 2468 2019 2519 sive

488 2578 628 2631 illam
657 2573 939 2630 Ecclesium
959 2572 1051 2625 illo
1076 2570 1197 2621 vino
1222 2565 1357 2633 quod
1383 2576 1476 2630 pro
1506 2561 1681 2614 multis
1728 2557 2021 2613 cﬁ'undetur

490 2669 544 2719 in
574 2663 932 2718 remissionem
965 2664 1315 2725 peccatorum.
1347 2652 1410 2705 Et
1433 2654 1483 2704 in
1509 2650 1752 2720 sanguine
1778 2663 1884 2700 uvw
1911 2645 2022 2712 pal-

491 2755 614 2806 lium
652 2766 816 2804 sumn.
862 2747 1078 2802 Pallium
1122 2751 1303 2812 gentes
1345 2748 1487 2804 sunt,
1516 2753 1645 2806 quas
1676 2734 1881 2796 corpori
1928 2747 2024 2784 suo

491 2843 671 2910 vinxit,
696 2842 831 2895 sicut
856 2837 1102 2905 scriptum
1145 2842 1226 2887 est
1261 2849 1275 2886 :
1315 2831 1433 2883 Vivo
1461 2845 1581 2897 ego,
1609 2822 2022 2884 dicitDominus,

492 2933 592 2986 nisi
622 2932 711 2984 hos
737 2944 902 2981 onmes
929 2926 1137 2980 induam
1163 2923 1286 2974 sicut
1311 2920 1669 2972 vestimentum.
1705 2911 2026 2964 Pulcltriores

494 3023 626 3075 oculi
655 3023 762 3091 ejus
782 3019 912 3072 vino.
944 3015 1088 3070 Oculi
1111 3010 1301 3067 Christi
1331 3009 1546 3075 apostoli
1575 3014 1696 3061 sunt
1722 3013 1775 3058 et
1803 3015 2024 3068 evange-

504 3115 657 3175 listar,
685 3111 772 3177 qui
796 3110 967 3172 lumen
997 3103 1227 3158 scientiae
1252 3100 1500 3155 Ecclesiae
1523 3105 1788 3164 priestant,
1806 3103 2026 3160 quorum
2059 3102 2105 3166 ο

507 3208 762 3266 praecepta
786 3193 1138 3249 austeritatem
1166 3189 1301 3253 vini,
1325 3188 1373 3239 id
1398 3195 1476 3238 est
1507 3185 1689 3243 thriscae
1718 3178 1843 3246 legis
1870 3189 2029 3241 supe-

503 3299 639 3352 rant,
670 3288 786 3355 quia
815 3282 1126 3352 longazviora
1155 3286 1293 3332 sunt.
1327 3275 1390 3328 Et
1415 3275 1582 3326 dentes
1607 3273 1732 3324 lacte
1771 3266 2034 3321 candidio-

509 3395 607 3432 res.
641 3354 829 3430 Dentes
858 3378 1200 3442 prmceptores
1229 3372 1350 3419 sunt
1395 3362 1579 3424 sancti,
1623 3358 1709 3427 qui
1753 3354 2038 3424 praecidunt

508 3469 575 3520 ab
623 3441 886 3520 erroribus
933 3459 1186 3522 homines,
1216 3462 1270 3509 et
1319 3451 1436 3505 illos
1485 3450 1570 3518 qui
1617 3447 1667 3500 in
1714 3441 2038 3498 comedenda

512 3570 702 3624 corpus
724 3550 913 3606 Christi
936 3546 1308 3602 transmittunt.
1323 3539 1660 3603 Candidiores
1682 3542 1850 3587 autem
1868 3527 2039 3584 eil‘ecti

519 3653 640 3697 sunt
667 3641 907 3693 doctores
938 3632 1188 3687 Ecclesiae
1213 3632 1347 3682 lacte
1375 3625 1564 3680 veteris
1608 3623 1754 3691 legis,
1777 3621 1862 3686 qui
1911 3616 2041 3670 vali-

520 3733 642 3784 dum
671 3728 811 3781 verbi
833 3725 1004 3779 cibum
1031 3719 1280 3774 mandunt
1300 3726 1452 3782 atque
1478 3713 1882 3774 distribuunt,et
1910 3708 2044 3761 bene

520 3818 846 3874 candidiores
867 3813 1124 3866 dicuntur.
1150 3809 1341 3860 Omnes
1368 3803 1502 3857 enim
1531 3799 1615 3869 qui
1661 3796 2044 3864 Scripturarum

522 3911 668 3964 cibos
689 3903 936 3958 Ecclesiae
979 3896 1391 3954 subministrant,
1439 3886 1642 3942 candidi
1679 3897 1798 3939 esse
1847 3892 1900 3935 et
1951 3879 2049 3932 im-

525 3994 766 4052 maculati
795 3992 1005 4045 debent.
1032 3985 1255 4040 Zabulon
1284 3979 1518 4034 habitavit
1549 3978 1600 4029 in
1627 3977 1792 4028 littore
1820 3970 1969 4022 maris
2005 3976 2050 4020 et

521 4103 573 4139 in
599 4085 806 4138 statione
827 4079 1041 4133 navium.
1060 4072 1287 4128 Zahnlon
1310 4070 1676 4133 interpretatur
1699 4059 2050 4116 habitaculum

529 4171 943 4244 pulchritudinis,
979 4163 1258 4220 Ecclesium
1290 4156 1538 4229 signiﬁcat
1577 4173 1589 4208 :
1623 4154 1733 4206 huc
1777 4151 1828 4204 in
1876 4149 2053 4202 littore

529 4265 685 4320 maris
711 4262 926 4322 habitat,
955 4266 1005 4310 et
1028 4256 1078 4308 in
1108 4251 1333 4307 statione
1371 4250 1577 4300 navium
1599 4284 1613 4306 ,
1640 4251 1700 4294 ut
1723 4237 2054 4294 credentibus

532 4355 602 4406 sit
625 4347 971 4416 reingium,et
998 4337 1408 4409 periclitantibus
1436 4333 1760 4385 demonstret
1788 4325 1904 4377 ﬁdei
1938 4337 2056 4389 por-

531 4453 663 4493 tum.
689 4437 808 4490 llaec
832 4407 1014 4487 contra
1053 4440 1234 4480 omnes
1284 4421 1519 4474 turbines
1565 4417 1720 4482 hujus
1761 4412 1958 4472 mundi,
2005 4407 2053 4459 id
2081 4408 2132 4466 D

533 4539 632 4592 est,
684 4535 966 4582 concussus
1022 4517 1261 4571 ﬁrmitate
1298 4509 1485 4570 solida,
1537 4512 1590 4557 et
1632 4505 1893 4566 exspectat
1934 4509 2061 4548 nau-

540 4621 755 4690 fragium
803 4615 1100 4670 Jndceorum
1144 4614 1196 4659 et
1240 4598 1599 4654 lirereticorum
1647 4587 1918 4658 procellas,
1974 4583 2061 4652 qui

539 4707 972 4768 circumferuntur
999 4696 1139 4751 omni
1171 4701 1325 4747 vento
1368 4685 1649 4746 doctrinm;
1699 4692 1919 4749 quorum
1967 4675 2064 4730 etsi

542 4801 769 4855 tonditnr
816 4793 1075 4849 ﬂuctibus,
1112 4800 1213 4837 non
1264 4791 1432 4833 tamen
1485 4773 1756 4841 frangitur.
1802 4765 2068 4820 Peitendit

543 4904 714 4944 autem
746 4899 905 4948 usque
932 4861 994 4932 ad
1023 4876 1290 4932 Siduncm,
1315 4868 1411 4919 hoc
1438 4870 1546 4925 est,
1575 4872 1735 4926 usque
1774 4855 1837 4908 ad
1864 4862 2066 4922 gentes.

552 4980 760 5045 Legitur
790 4942 960 5026 autem
989 4972 1038 5020 in
1067 4960 1345 5026 Evangelio
1376 4953 1496 5007 inde
1537 4955 1828 5012 assumptus
1867 4942 2071 5010 aliquos

550 5031 901 5132 andetulorum
923 5054 1044 5106 etin
1070 5049 1194 5118 ipsis
1214 5044 1340 5099 locis
1363 5039 1636 5095 Dominum
1659 5047 1795 5101 saepe
1809 5031 2069 5092 docuisse,

547 5119 679 5217 sicut
709 5153 959 5218 scriptum
989 5151 1066 5195 est
1093 5157 1108 5190 :
1139 5138 1294 5189 Terra
1322 5132 1548 5185 Zubulon
1569 5137 1614 5180 et
1645 5136 1775 5179 terra
1803 5119 2075 5187 Neplitlm-

719 5208 931 5312 papirius
977 5231 1060 5300 qui
1118 5223 1411 5288 sedebat‘in
1465 5217 1692 5278 tenebris,
1740 5211 1859 5266 vidit
1913 5208 2079 5258 lumen

556 5304 806 5412 magnum.
864 5330 1024 5387 Sidon
1073 5324 1438 5384 interpretatur
1479 5316 1711 5368 venator,
1767 5304 1878 5356 sive
1927 5308 2080 5348 vena-

557 5392 682 5487 triai.
719 5427 1002 5481 Venatores
1029 5413 1113 5481 qui
1141 5417 1280 5471 sunt,
1308 5403 1404 5457 nisi
1435 5395 1692 5465 apostoli?
1720 5392 1825 5460 qui,
1846 5396 1900 5440 ut
1928 5395 2084 5487 supra

559 5520 806 5574 diximus,
835 5525 896 5563 ex
930 5506 1030 5558 illis
1060 5498 1186 5553 locis
1215 5488 1465 5556 assumpti
1491 5491 1631 5551 sunt,
1656 5481 1720 5534 de
1742 5477 1926 5544 quibus
1953 5469 2086 5566 dicio.

838 5555 896 5563 _-_
932 5555 957 5558 ν
992 5555 999 5556 ,
1400 5555 1406 5556 γ

563 5617 677 5659 tur:
713 5599 908 5651 Mi'tam
931 5597 1183 5642 narratores
1213 5596 1364 5641 meos,
1387 5589 1430 5629 et
1462 5571 1767 5627 venabantur
1797 5577 1881 5615 vos
1896 5561 1944 5612 in
1957 5555 2088 5610 omni

569 5654 750 5750 monte.
793 5681 1052 5740 Moraliter
1079 5686 1279 5745 quoque
1294 5665 1554 5726 Zabnlon,
1573 5661 1660 5729 qui
1688 5658 1854 5711 ﬂuxus
1883 5654 2088 5704 noctur—

2095 766 2182 820 illa
2209 777 2324 831 qum
2349 762 2511 831 gessit
2536 761 2585 813 in
2633 766 2785 811 nocte
2833 753 3158 824 ignorantiae,
3182 758 3239 804 et
3284 747 3536 802 extendit
3581 760 3642 800 se

2099 865 2262 918 usque
2283 850 2346 902 ad
2373 857 2668 910 venatores,
2696 855 2751 897 ut
2779 853 2831 896 et
2870 842 3034 896 discat
3079 836 3280 891 venari.
3326 835 3380 890 Si
3424 832 3644 903 quando

2097 941 2220 994 ferte
2247 941 2453 1006 aliqua,
2479 945 2568 988 aut
2592 936 2774 1002 vulpes
2801 932 3019 991 dolosa,
3042 927 3094 980 id
3121 935 3225 990 est,
3255 924 3534 978 daemones
3563 923 3639 975 vel

2097 1028 2434 1097 cogitationes
2457 1025 2702 1077 maxima:
2729 1033 2821 1074 cor
2849 1018 2986 1070 illius
3015 1016 3330 1078 irrumpunt,
3356 1020 3410 1064 et
3453 1009 3638 1062 volunt

2097 1129 2183 1171 ext
2207 1135 2236 1164 ει
2251 1115 2452 1167 minare
2481 1112 2688 1164 vineam
2711 1104 2916 1160 Domini
2943 1101 3261 1164 Sabaoth,et
3280 1098 3645 1167 apprehendat

2099 1205 2215 1258 illas
2244 1201 2496 1255 malarum
2525 1195 2899 1264 cogitationum
2930 1189 3206 1245 laudabilis
3250 1198 3470 1241 venator
3513 1184 3642 1238 επε-

2099 1301 2231 1344 ctus.
2258 1285 2498 1341 Issaclrar
2540 1285 2715 1336 asinus
2759 1281 2923 1351 fortis.
2981 1276 3220 1332 lssachar
3267 1275 3644 1340 interpre'atur

2100 1391 2302 1434 merces
2325 1393 2338 1428 :
2368 1375 2603 1429 referunt
2629 1371 2694 1425 ad
2726 1370 2969 1438 populum
2996 1365 3249 1436 gentium,
3271 1376 3425 1428 quem
3452 1359 3647 1413 Domi-

2102 1482 2198 1521 nus
2226 1464 2402 1535 populi
2447 1463 2528 1516 sui
2575 1459 2746 1529 pretio
2794 1465 2876 1510 est
2920 1461 3200 1507 mercatus.
3250 1450 3346 1502 llic
3403 1447 3646 1500 Issachar

2103 1534 2281 1608 asinus
2309 1552 2456 1606 tortis
2508 1545 2775 1610 scribitur,
2809 1544 2930 1612 quia
2975 1541 3121 1609 prius
3168 1537 3387 1606 populus
3433 1534 3648 1604 gentilis

2104 1644 2252 1713 quasi
2285 1641 2532 1695 tributum
2557 1645 2610 1692 et
2637 1633 2960 1689 luxuriosum
3003 1628 3195 1683 animal
3220 1635 3354 1688 erat,
3399 1625 3652 1690 nullaque

2106 1733 2307 1785 ratione
2332 1728 2653 1789 subsistens;
2706 1736 2844 1776 nunc
2893 1733 3019 1774 vero
3060 1716 3236 1778 fortis,
3283 1714 3653 1778 Redemptoris

1993 1847 2004 1874 ε
2039 1801 2083 1859 Β
2109 1817 2339 1873 dominio
2369 1816 2561 1869 collum
2604 1812 2834 1872 mittens,
2865 1817 2916 1860 et
2941 1807 3120 1874 iugum
3160 1799 3452 1866 disciplinae
3487 1813 3654 1868 evan.-

2111 1910 2287 1978 gelicae
2310 1905 2612 1975 praeferens.
2645 1899 2746 1954 Hic
2771 1897 3019 1961 accubans
3060 1894 3187 1945 inter
3228 1891 3488 1955 terminos,
3530 1887 3658 1940 vidit

2109 1975 2324 2062 requiem
2351 1993 2484 2062 quod
2503 1998 2624 2044 esset
2660 1989 2807 2052 bona,
2836 1996 2882 2038 et
2907 1995 3086 2036 terram
3109 1981 3244 2061 quod
3273 1979 3484 2046 optima.
3516 1975 3659 2028 Inter

2113 2050 2376 2138 terminos
2392 2088 2565 2133 autem
2586 2050 2802 2140 cubare,
2817 2082 2900 2129 est
2924 2050 3449 2141 prmiolando-hujns
3473 2063 3658 2116 mundi

2116 2174 2274 2227 ﬁnem
2306 2171 2660 2244 requiescere,
2690 2164 2923 2232 nihilque
2948 2161 3012 2214 de
3036 2160 3118 2212 his
3145 2171 3262 2226 qua:
3289 2169 3430 2209 utine
3455 2157 3505 2206 in
3545 2167 3658 2204 nie-

2115 2263 2203 2335 d_iu
2233 2239 2508 2316 versantur
2548 2267 2808 2325 quaerere,
2843 2251 2934 2304 sed
2982 2247 3277 2302 desiderare
3332 2242 3538 2294 ultima.
3597 2239 3660 2291 ει

2121 2332 2275 2405 ε’ξςτιὶε
2303 2350 2487 2404 asinus
2507 2345 2738 2413 requiem
2761 2352 2814 2395 et
2844 2351 3033 2392 terram
3069 2335 3316 2404 optimam
3365 2332 3513 2393 vidit,
3539 2344 3660 2383 cum

2122 2439 2343 2507 simplex
2373 2435 2638 2507 gentilitas
2681 2431 2880 2484 idcirco
2904 2443 2962 2482 se
3007 2430 3072 2479 ad
3111 2425 3270 2478 robur
3321 2422 3445 2475 boni
3484 2421 3660 2484 operis

2120 2531 2292 2598 erigit,
2321 2528 2440 2596 quia
2465 2526 2528 2579 ad
2559 2535 2807 2578 aeternam
2848 2520 2964 2572 vitae
3011 2515 3228 2583 patriam
3275 2510 3467 2565 tendit.
3515 2509 3662 2562 Unde

2120 2596 2276 2673 etiam
2306 2616 2444 2685 ponit
2464 2614 2724 2666 humerum
2757 2622 2901 2660 suum
2930 2605 2996 2656 ad
3026 2602 3351 2671 portandum,
3378 2597 3500 2665 quia
3535 2596 3659 2648 dum

2123 2711 2187 2763 ad
2216 2710 2532 2777 promissam
2560 2701 2790 2768 requiem
2823 2695 3094 2765 pervenire
3138 2689 3427 2750 desiderat,
3467 2695 3656 2739 cupita

2126 2795 2488 2849 mandatorum
2518 2785 2890 2843 honorabiliter
2912 2791 3102 2850 portat.
3134 2777 3282 2833 Unde
3301 2786 3353 2829 et
3399 2777 3564 2842 {actus
3595 2778 3663 2823 est

2126 2882 2320 2936 tributis
2353 2880 2585 2944 serviens,
2616 2876 2714 2928 hoc
2734 2881 2835 2939 est,
2867 2871 2975 2938 regi
3005 2877 3060 2923 et
3100 2865 3313 2921 Christo
3363 2863 3486 2915 ﬁdei
3528 2860 3662 2912 bona

2127 2986 2309 3042 opera,
2334 2972 2689 3034 bonorumque
2705 2977 2919 3031 operum
2951 2971 3166 3011 munera
3193 2954 3446 3008 ollerens.
3497 2949 3664 3003 ali-ra-

2134 3037 2251 3116 li-ter
2279 3070 2452 3114 autem
2474 3055 2797 3110 ostendimus
2819 3052 3081 3105 hominem
3099 3047 3184 3114 qui
3215 3043 3479 3110 tripartito
3506 3037 3661 3091 animi

2136 3158 2301 3212 motu,
2332 3155 2388 3199 ut
2414 3153 2513 3206 est,
2537 3140 2694 3195 totius
2715 3139 2904 3216 anitum
2924 3136 3176 3203 languore
3197 3129 3478 3194 erraverit,
3498 3126 3665 3192 quoad

2135 3253 2228 3310 per
2251 3233 2744 3304 concupiscentiam.
2777 3229 2958 3282 Ruben
2984 3227 3164 3287 etiam,
3194 3221 3408 3277 Simeon
3441 3228 3496 3272 et
3522 3215 3664 3279 Levi,

2137 3309 2466 3399 prudentiam
2522 3336 2625 3377 non
2681 3327 2824 3374 recte
2869 3315 3121 3370 direcmm
3174 3309 3472 3379 signiﬁcare
3520 3317 3668 3372 posse

2137 3392 2506 3477 distinximus;
2535 3412 2626 3466 sed
2659 3407 2866 3476 hicjam
2889 3406 2955 3457 ab
2989 3416 3172 3457 errore
3200 3399 3404 3452 invidia
3432 3392 3666 3448 oateudi-

2140 3524 2254 3565 mus
2284 3505 2717 3573 pmnitentem,et
2739 3499 2790 3550 iu
2813 3493 3045 3548 Zahulon
3067 3504 3134 3544 ex
3177 3487 3340 3541 multa
3380 3494 3670 3553 magnaque

2140 3596 2287 3671 parte
2308 3597 2374 3650 ad
2403 3590 2757 3664 paenitentiam
2779 3596 3107 3640 conversum.
3145 3577 3199 3632 In
3246 3575 3484 3630 issachar
3531 3584 3670 3632 vero,

2141 3662 2226 3758 qui
2253 3662 2474 3742 omni—in
2499 3683 2612 3735 loco
2633 3690 2835 3732 merces
2852 3675 3245 3736 interpretatur,
3269 3664 3512 3718 videmus
3533 3662 3670 3714 illum

2145 3750 2439 3831 mercedem
2467 3770 2589 3824 boni
2613 3764 2787 3835 operis
2815 3767 3226 3828 exspectantem,
3250 3752 3375 3820 quia
3415 3750 3531 3816 ipse
3575 3760 3674 3799 non

2144 3867 2311 3921 solum
2333 3861 2522 3931 abiecit
2542 3869 2698 3912 omne
2722 3853 2932 3915 malum,
2964 3848 3059 3903 sed
3087 3847 3245 3900 etiam
3265 3840 3533 3894 desiderat
3569 3835 3676 3887 sive

2149 3964 2292 4023 optat
2311 3923 2515 4017 semper
2541 3957 2693 4000 omne
2714 3943 2926 3999 bonum,
2952 3945 3005 3990 et
3030 3936 3168 4010 inter
3192 3930 3445 3983 terminos
3479 3923 3676 3976 medius

2151 4009 2370 4103 habitat,
2399 4009 2509 4091 sive
2536 4028 2832 4101 requiescit,
2866 4038 2962 4079 nec
2987 4021 3054 4074 ad
3080 4020 3346 4072 dexteram
3399 4026 3502 4066 nec
3525 4009 3588 4063 ad
3611 4011 3678 4063 si—

2152 4133 2369 4187 nistram
2420 4125 2709 4180 declinans.
2759 4114 2902 4168 Vidit
2949 4113 3184 4178 requiem
3239 4103 3359 4172 quia
3407 4103 3586 4161 bona,
3631 4104 3680 4149 et

2156 4185 2344 4274 terram
2370 4216 2490 4283 quia
2519 4211 2734 4279 Optima.
2760 4204 3039 4269 Postquam
3069 4203 3243 4249 autem
3285 4189 3459 4245 carnis
3487 4197 3543 4241 et
3583 4185 3681 4251 spi-

2155 4273 2286 4363 ritus
2312 4273 2531 4374 pugnam
2555 4273 2771 4364 dispulit
2804 4300 2858 4345 et
2891 4286 3137 4347 exclusit,
3180 4279 3438 4349 requievit
3476 4273 3682 4344 spiritus

2160 4400 2296 4451 illius
2313 4368 2536 4454 inDeo;
2566 4396 2619 4440 et
2658 4394 2782 4437 tunc
2816 4378 2942 4433 vidit
2984 4385 3176 4430 terram
3231 4370 3352 4438 quia
3400 4368 3537 4418 bona
3587 4369 3681 4422 est,

2158 4482 2362 4552 quando
2392 4490 2600 4532 carnem
2627 4485 2776 4526 suam
2809 4483 2839 4522 a
2864 4465 3005 4520 vitiis
3031 4469 3084 4514 et
3119 4451 3561 4520 concupiscentiis
3598 4461 3682 4502 es-

2159 4543 2456 4644 pngnabat;
2486 4576 2538 4620 et
2565 4562 2772 4632 quando
2799 4554 2973 4610 diﬂert
3002 4555 3198 4603 fructus
3221 4544 3440 4618 iustitia:
3470 4543 3525 4594 in
3565 4551 3683 4604 ope-

2160 4631 2306 4718 iilius
2351 4658 2521 4718 bonis,
2551 4631 2826 4719 supposuit
2863 4643 3138 4701 humerum
3174 4648 3323 4688 suum
3370 4631 3435 4684 ad
3481 4640 3684 4697 portau-

2348 4745 2416 4798 Et
2457 4713 2876 4794 factus-tributis
2919 4727 3186 4788 serviens,
3225 4736 3343 4775 cum
3386 4732 3524 4772 onus
3565 4713 3686 4768 illud

2165 4834 2519 4905 evangelicum
2546 4821 2826 4879 admodum
2847 4819 2960 4871 leve
2987 4815 3218 4868 humeris
3263 4809 3453 4862 animas
3501 4809 3686 4870 portet,

2167 4893 2220 4982 et
2239 4893 2515 4981 reddiderit
2539 4915 2668 4968 Deo.
2695 4908 2806 4961 Dan
2820 4905 3068 4977 judicabit
3099 4900 3335 4969 populum
3362 4910 3512 4948 suum
3530 4934 3546 4957 ,
3573 4893 3689 4946 sicut

2169 5017 2270 5069 alia
2291 5010 2442 5065 tribus
2471 5006 2521 5057 iu
2547 4999 2726 5055 Israel.
2755 4994 2872 5049 Fiat
2915 4993 3026 5044 Dan
3049 4991 3247 5043 coluber
3272 4985 3326 5036 in
3368 4983 3466 5043 vis,
3493 4994 3691 5035 cautes

2171 5111 2222 5160 in
2251 5103 2446 5162 semita,
2474 5105 2527 5150 et
2571 5085 3022 5159 reliqua.,Diount
3070 5079 3280 5149 quidam
3325 5073 3692 5127 Antichrismn

2177 5211 2267 5262 per
2296 5195 2407 5246 huic
2435 5160 2590 5241 verba
2619 5177 2826 5250 prtedici
2857 5177 2923 5229 de
2943 5176 3039 5226 ista
3064 5167 3201 5221 tribu
3231 5163 3496 5228 futurum;
3527 5161 3612 5216 alii
3637 5160 3696 5213 de

2179 5253 2328 5344 inda,
2358 5295 2386 5333 a
2412 5292 2514 5345 quo
2544 5271 2760 5327 traditus
2781 5274 2862 5320 est
2890 5261 3159 5319 Dominus,
3191 5254 3303 5308 haec
3327 5253 3696 5323 pronuntiant,

2181 5383 2231 5424 et
2258 5368 2483 5439 equitem
2512 5372 2563 5417 et
2587 5372 2776 5428 equum
2807 5351 3056 5407 Dominus
3098 5359 3217 5398 cum
3264 5357 3427 5404 carne
3469 5345 3698 5404 suscepta

2182 5424 2457 5529 designare
2486 5451 2684 5505 volunt.
2725 5447 3028 5501 lietrorsum
3073 5445 3242 5489 autem
3285 5431 3518 5492 cadere,
3559 5437 3616 5478 ut
3655 5424 3700 5474 in

2188 5509 2402 5611 terra},
2430 5541 2566 5597 unde
2602 5541 2898 5599 assumptus
2941 5535 3040 5580 est.
3090 5523 3194 5578 Sed
3239 5519 3380 5586 quod
3427 5517 3516 5611 die
3563 5509 3702 5611 teris

2189 5598 2432 5698 surrexit,
2477 5630 2594 5686 ideo
2647 5625 2718 5679 ait
2750 5598 3025 5674 :CSulutare
3073 5626 3213 5669 tuum
3251 5603 3574 5677 “spectabo,
3604 5598 3698 5655 υ..
