3872 6262
194 331 304 387 εει

978 332 1043 390 ΙΝ
1081 332 1634 412 νωτιλτευσηωι
1672 331 2159 402 εονπεΝτΑιιιι.
2199 375 2268 390 -
2306 349 2605 410 οωεειε.

199 449 371 510 mine;
399 461 498 499 son
518 445 762 514 relinques
790 447 942 513 enim,
965 447 1148 517 inquit,
1189 448 1242 501 ia
1281 449 1479 514 inferno
1517 449 1737 502 animus
1765 447 1814 503 A
1839 449 1950 512 vias
1972 452 2227 523 Iordeat,
2258 458 2377 528 equi
2400 457 2726 525 ealcantium,
2758 458 2961 517 faciens
2991 461 3130 533 quod
3160 465 3384 533 Aposto-

198 551 388 600 meetn,
417 549 504 588 nee
522 535 661 588 dabis
679 549 842 588 setttea
866 543 1006 587 tuast
1026 536 1195 590 videre
1221 537 1613 603 corruptionem.
1638 535 1740 589 Alii

197 631 401 686 autem,
435 633 493 676 ut
542 621 897 692 pradiximus,
925 622 1062 678 hanc
1105 622 1432 690 prophetiam
1479 622 1542 675 ad
1592 621 1740 675 Anti-

196 714 460 767 cltristum
481 712 822 776 transierunt,
845 705 1026 780 pro'eo
1053 713 1188 779 quod
1219 711 1317 765 hoc
1361 711 1480 765 loco
1534 709 1644 763 Dan
1688 719 1743 762 et

199 802 424 857 coluber
450 799 722 863 asseritur,
743 807 796 854 et
825 799 1087 853 mordens.
1117 801 1180 853 Et
1207 799 1345 866 quod
1379 800 1576 864 primus
1628 796 1735 850 Dan

203 891 349 945 inter
377 888 542 942 tribus
570 887 728 943 Israel
757 886 823 940 ad
847 886 1154 954 Aquilonem
1198 892 1599 939 castrametatus
1638 890 1749 946 est,

199 978 352 1034 illutn
381 977 638 1046 signiﬁcat
663 976 752 1044 qui
792 990 850 1028 se
875 977 924 1027 in
955 974 1203 1027 lateribus
1233 972 1508 1040 Aquilonis
1548 971 1735 1025 sedere

199 1067 354 1128 dicit,
385 1078 436 1120 et
463 1067 530 1119 de
553 1079 658 1132 quo
711 1063 997 1130 ﬁguraliter
1039 1063 1285 1129 prepheta
1326 1060 1452 1112 dicit
1480 1078 1494 1110 :
1527 1059 1570 1112 Α
1625 1058 1738 1111 Das

195 1156 408 1209 auditus
430 1163 502 1206 est
529 1155 755 1222 fremitus
778 1165 1016 1220 equorum
1042 1151 1172 1220 ejus,
1203 1149 1288 1215 qui
1313 1163 1414 1202 non
1442 1147 1610 1199 solum
1640 1160 1742 1199 co-

200 1245 378 1307 luber,
434 1244 524 1298 sed
570 1233 727 1298 etiam
777 1249 1006 1296 cerastes
1061 1225 1290 1293 vocatur.
1341 1237 1553 1291 Cerasta
1596 1235 1737 1290 enim

193 1332 383 1387 Graece
406 1345 597 1386 cornua
624 1332 884 1384 dicuntur.
913 1329 1145 1396 Serpens
1191 1328 1280 1381 ille
1321 1335 1569 1381 cornutos
1620 1338 1738 1385 esse

189 1423 521 1491 perhibetur,
545 1437 636 1491 per
653 1435 807 1490 quem
828 1419 982 1487 digne
992 1416 1337 1472 Antichristus
1352 1414 1624 1476 asseritur,
1649 1412 1734 1481 qui

187 1521 377 1566 contra
402 1511 561 1566 vitam
585 1510 814 1564 ﬁdelium
844 1522 961 1561 cum
991 1516 1166 1558 morsu
1197 1503 1458 1570 pestiferae
1484 1499 1738 1570 praedica-

187 1600 351 1654 tionis
371 1598 655 1653 armabitur
668 1598 825 1651 etiam
841 1595 1084 1649 cornibus
1104 1593 1393 1660 potestatis.
1413 1592 1540 1656 Quis
1561 1599 1733 1645 autem

1842 541 1922 595 lus
1947 542 2020 596 ait
2043 561 2056 596 :
2087 542 2293 598 lacere
2312 561 2498 612 corpus
2515 563 2699 612 meum,
2721 560 2772 602 et
2801 550 3019 618 reliqua.
3054 550 3176 605 liae
3203 562 3375 606 autem

1840 627 1984 694 facit,
2017 640 2074 683 ut
2097 632 2250 685 cadat
2273 647 2435 700 eques
2463 642 2769 689 retrorsum.
2795 634 2900 690 late
2921 637 3058 690 enim
3092 639 3211 692 talis
3240 655 3378 693 scm-

1841 728 1931 780 pur
1957 716 2207 772 elationes
2226 727 2282 772 et
2307 720 2608 799 altitudines
2638 723 2910 786 metuit,et
2939 727 3130 778 mavult
3149 724 3377 779 animam

1836 813 1984 852 suam
2011 803 2198 856 cadere
2223 805 2292 858 de
2319 808 2452 858 mata
2494 806 2772 862 altitudine
2800 810 2862 862 ad
2892 809 3082 864 bonam
3110 810 3376 864 humilita-

1839 897 1963 950 tem,
1993 897 2050 943 ut
2072 891 2241 948 discat
2266 908 2295 945 a
2323 892 2552 960 Christo,
2579 896 2666 964 qui
2690 897 2814 951 dicit
2847 916 2859 950 :
2891 898 3078 951 Discite
3097 915 3128 951 tt
3157 916 3234 951 me
3254 901 3376 965 quia

1839 979 1972 1030 mitis
1997 994 2106 1030 sum
2147 989 2193 1033 et
2229 981 2436 1036 humilis
2477 985 2645 1036 corde.
2677 984 2729 1038 Si
2753 1001 2876 1053 ergo
2906 996 3114 1039 rev-cat
3144 989 3372 1039 animam

1836 1062 1902 1117 de
1951 1065 2224 1122 altitudine
2263 1079 2588 1134 retrorsum,
2635 1082 2753 1137 post
2800 1074 3142 1126 humilitatrm
3181 1073 3372 1130 Christi

1837 1152 2067 1219 rediens,
2091 1155 2308 1208 salutem
2340 1167 2612 1226 exspectat
2650 1172 2678 1210 a
2709 1159 2948 1212 Domino.
2978 1158 3090 1214 Cod
3121 1164 3373 1215 accinctus

1833 1241 2139 1311 prcliabitnr
2180 1254 2296 1296 ante
2320 1259 2454 1297 eum.
2507 1243 2609 1299 Iste
2636 1244 2748 1298 Gad
2797 1248 3062 1300 accinctus
3092 1261 3367 1314 personam

1835 1327 2038 1382 Domini
2068 1330 2336 1397 exprimit,
2388 1330 2478 1399 qui
2507 1332 2560 1384 in
2593 1334 2763 1400 primo
2791 1333 3014 1386 adventu
3061 1333 3371 1388 humilitatis

1833 1431 1943 1469 suae
1972 1428 2095 1471 ante
2142 1419 2424 1471 adventum
2455 1419 2767 1488 Antichristi
2810 1421 3093 1488 pmliandu
3122 1424 3369 1484 occurrit,

1831 1503 2098 1558 accinctus
2119 1507 2295 1574 gladio
2315 1507 2462 1561 verbi
2485 1508 2596 1574 Dei,
2623 1507 2690 1563 de
2717 1523 2820 1573 quo
2847 1509 3038 1563 dicitur
3062 1526 3074 1561 :
3106 1510 3372 1579 Accingere

1818 1594 2001 1664 ,σιαάεο
2023 1603 2110 1648 tuo
2136 1612 2284 1664 super
2306 1600 2490 1664 femur,
2520 1599 2876 1665 potentissime.
2920 1599 3033 1662 Quo
3059 1600 3238 1666 utique
3269 1597 3367 1650 ini.

186 1687 392 1741 nesciat
420 1686 659 1742 semitam
681 1685 1033 1755 angustiorem
1061 1696 1178 1738 esse
1217 1695 1370 1749 quam
1411 1681 1582 1733 Viam?
1618 1679 1736 1732 Fiat
1834 1685 1995 1740 micos
2021 1685 2215 1751 divisit,
2244 1686 2293 1739 id
2322 1695 2420 1749 est,
2453 1687 2614 1740 ﬁlium
2659 1702 2688 1740 a
2719 1697 2888 1755 patre,
2915 1697 2968 1742 et
3000 1687 3160 1741 lilium
3192 1703 3218 1739 a
3261 1703 3370 1739 ma-

185 1789 318 1844 σεῖο
337 1777 612 1831 “hbui”
626 1775 858 1845 ἰ’ίθοίιυί³
880 1778 928 1827 in
957 1772 1227 1840 Ρτίεεθίηῖ³
1241 1767 1642 1823 νίιωιθδίῑυάίηθ
1666 1767 1734 1831 ίΙ-,
1756 1760 1800 1817 Β
1832 1785 1926 1838 tre,
1955 1783 2009 1827 et
2041 1776 2258 1841 reliqua.
2291 1773 2407 1827 Non
2431 1774 2558 1835 seni,
2608 1775 2799 1843 inquit,
2829 1792 3002 1843 pacem
3033 1778 3241 1838 mittere,
3281 1775 3370 1828 sed

183 1865 268 1919 los
279 1866 545 1921 ambulare
556 1874 820 1934 provocat,
835 1864 1025 1931 quibus
1038 1861 1184 1931 quasi
1198 1860 1454 1929 parcendo
1465 1865 1726 1927 provocat,

183 1969 296 2008 non
317 1955 598 2020 blanditur,
628 1953 720 2008 sed
747 1952 971 2016 mordet,
999 1952 1198 2006 scilicet
1225 1951 1342 2004 illos
1361 1951 1546 2020 quibus
1571 1949 1730 2003 liber-

183 2053 347 2097 tatem
369 2045 565 2109 tribuit,
587 2043 781 2098 erroris
805 2043 881 2096 sui
905 2055 1104 2095 veneno
1124 2042 1402 2094 consumit.
1431 2040 1510 2091 Fit
1537 2041 1728 2093 iterum

186 2143 422 2188 constes
446 2133 496 2187 in
527 2132 712 2188 semita
733 2171 749 2195 ,
773 2131 890 2198 quia
919 2145 1050 2199 quos
1076 2129 1256 2184 ﬁdeles
1282 2127 1504 2196 reperit,
1534 2137 1586 2183 et
1610 2141 1729 2202 sese

189 2223 334 2277 inter
360 2231 578 2291 angusta
607 2221 792 2277 itinera
821 2222 1061 2289 pracepti
1095 2219 1326 2275 celestis
1371 2219 1729 2286 constringere

189 2310 356 2371 videt,
378 2324 481 2363 non
506 2310 674 2363 solum
698 2309 926 2379 nequitia
953 2307 1156 2362 callidso
1184 2306 1536 2374 persuasionis
1562 2306 1728 2373 impe-

187 2398 272 2461 tit,
302 2412 481 2451 verum
524 2404 683 2452 etiam
733 2407 934 2452 terrore
980 2395 1252 2465 potestatis
1300 2394 1525 2463 perimit,
1567 2403 1621 2449 et
1674 2394 1726 2446 in

188 2486 568 2554 persecutionis
594 2497 787 2554 angore
810 2494 928 2554 post
968 2483 1217 2540 beneﬁcia
1260 2484 1393 2541 ﬁcta:
1439 2481 1728 2536 dulcedinis

185 2581 400 2628 exercet
423 2586 617 2626 cornua
648 2575 940 2642 potestatis.
984 2573 1082 2642 Qui
1114 2573 1166 2625 in
1193 2573 1307 2627 loco
1333 2573 1451 2642 equi
1500 2572 1730 2625 insinuat

184 2663 326 2715 hunc
356 2661 626 2726 mundum,
669 2662 759 2731 qui
807 2676 901 2730 per
946 2663 1225 2717 elationem
1273 2675 1421 2714 suam
1472 2658 1522 2711 in
1569 2673 1724 2712 cursu

182 2750 468 2805 labentium
499 2761 790 2818 temporum
816 2761 1041 2818 spumat.
1090 2753 1154 2803 Et
1200 2749 1320 2818 quia
1373 2749 1724 2802 Antichristus

179 2849 414 2894 extrema
447 2839 625 2893 mundi
675 2840 1070 2908 apprehendere
1116 2840 1315 2902 nititur,
1345 2847 1576 2892 cerastes
1625 2838 1723 2893 iste

181 2926 304 2995 equi
329 2928 547 2997 ungulas
575 2926 816 2982 mordere
856 2927 1175 2995 perhibetur.
1228 2925 1485 2996 Ungulam
1531 2925 1723 2994 quippe

180 3019 441 3083 mordere,
468 3029 550 3072 est
575 3026 807 3071 extrema
839 3017 990 3083 hujus
1021 3015 1199 3069 mundi
1245 3015 1477 3069 feriendo
1515 3018 1720 3068 contin-

179 3122 323 3177 gere.
353 3081 594 3160 Utrcadat
620 3121 850 3160 asceutor
890 3081 1029 3159 illius
1073 3114 1226 3159 retro.
1281 3106 1545 3158 Ascensur
1595 3095 1715 3172 equi
1745 3081 1791 3142 ε

178 3198 294 3263 ejus
321 3195 554 3262 quisquis
576 3195 626 3248 in
646 3194 994 3279 dignitatibus
1023 3193 1181 3260 lmjus
1206 3191 1382 3246 mundi
1423 3192 1715 3256 extollitur,

178 3285 292 3351 quis,
319 3295 460 3339 retro
511 3281 702 3338 cadere
740 3282 952 3346 dicitur,
984 3290 1038 3334 et
1084 3295 1187 3334 non
1241 3281 1292 3335 in
1322 3279 1538 3346 faciem,
1581 3279 1719 3333 sicut

177 3375 368 3430 Paulus
385 3373 640 3430 cecidisse
661 3381 1000 3427 memoratur.
1021 3369 1075 3425 in
1092 3371 1274 3424 faciem
1298 3379 1470 3424 autem
1498 3367 1714 3435 cadere,

169 3468 340 3526 estin
370 3467 468 3520 hac
515 3467 617 3519 vita
650 3477 1069 3531 unumquemque
1118 3475 1238 3516 suas
1285 3460 1469 3528 culpas
1521 3474 1718 3529 cogno-

176 3570 349 3622 scere,
371 3563 564 3621 easque
583 3553 883 3621 paenitendo
909 3551 1122 3606 deﬁere.
1148 3552 1305 3604 Retro
1327 3563 1589 3616 vero,qno
1609 3563 1713 3601 non

181 3646 380 3700 videtur
401 3643 613 3704 cadere,
637 3649 720 3695 est
743 3656 807 3694 ex
840 3641 935 3693 hac
955 3639 1056 3692 vita
1100 3647 1318 3705 repente
1367 3637 1632 3701 decidere,
1659 3642 1716 3691 et

175 3733 397 3806 quodad
436 3729 691 3799 supplicia
721 3729 939 3783 ducatur
966 3729 1224 3796 ignorare.
1255 3726 1317 3780 Et
1357 3725 1474 3795 quia
1523 3725 1710 3790 Judtel,

177 3821 372 3879 erroris
398 3820 480 3874 sui
506 3818 707 3886 laqueis
749 3816 907 3886 capti,
937 3831 1033 3885 pro
1078 3815 1290 3870 Christo
1336 3814 1710 3869 Autichristum

173 3919 496 3979 exspectant,
511 3911 644 3964 bene
665 3909 827 3964 Jacob
849 3907 1032 3963 eodem
1046 3907 1182 3968 loco,
1204 3913 1417 3972 repente
1441 3906 1492 3958 in
1513 3905 1712 3960 electo-

175 4015 292 4054 rum
344 3983 616 4053 numerum
661 4011 969 4060 conversus,
1026 3996 1152 4049 dicit
1198 4012 1212 4047 :
1268 3995 1506 4049 Salutate
1546 4002 1707 4058 tuttur,

176 4089 409 4151 Domine,
437 4086 767 4158 exspectabo;
787 4084 838 4139 id
865 4092 967 4150 est,
998 4083 1135 4138 sicut
1165 4081 1367 4146 ﬁdeles,
1409 4095 1512 4133 non
1563 4079 1710 4132 Anti-

173 4175 446 4254 christum,
479 4173 575 4229 sed
602 4173 861 4254 illumqui
903 4173 955 4227 in
1007 4168 1418 4238 redemptionem
1472 4175 1703 4222 nostram

175 4252 422 4332 venturus
445 4278 549 4332 est,
576 4283 760 4322 verum
776 4252 1054 4323 Christum
1082 4266 1291 4321 credam
1325 4262 1566 4317 ﬁdeliter.
1598 4259 1706 4313 Mo-

175 4364 352 4418 raliter
376 4373 582 4429 quoque
620 4366 790 4426 potest
826 4359 1044 4429 intelligi
1092 4359 1178 4412 ille
1221 4357 1306 4425 qui
1349 4355 1456 4422 jam
1507 4352 1701 4406 dudum

175 4452 428 4508 lliaacltar
459 4452 723 4516 profectus
761 4448 968 4515 dicitur,
1001 4451 1132 4503 etin
1181 4445 1436 4500 mandatis
1470 4443 1705 4510 requies-

173 4556 312 4604 cere,
339 4551 493 4608 atque
517 4537 704 4590 animae
725 4550 833 4589 ante
856 4537 1138 4605 agricolam
1182 4535 1370 4590 factum
1417 4545 1554 4584 nunc
1597 4529 1704 4598 jam

174 4632 240 4688 ad
267 4632 364 4684 hoc
391 4627 668 4696 proﬁcere,
699 4635 754 4678 ut
779 4625 962 4680 ludam
999 4626 1328 4695 discernendi
1361 4633 1413 4676 et
1437 4621 1702 4690 judicandi

174 4722 417 4792 populum
441 4736 612 4785 suum,
641 4720 690 4773 id
716 4726 799 4774 est
817 4718 1190 4786 cogitationum
1236 4717 1408 4771 cordis
1435 4713 1514 4769 sui
1549 4712 1707 4766 in'elo

175 4798 436 4882 ligentiam
465 4809 767 4878 sumpserit,
800 4817 1042 4874 tanquam
1094 4821 1192 4857 una
1243 4805 1471 4858 tribuum
1519 4799 1701 4864 Israel,

91 4914 106 4924 ‘
172 4899 224 4953 id
253 4910 350 4963 est,
377 4902 553 4954 omnia
584 4901 634 4952 in
663 4899 912 4952 unitatem
942 4900 1097 4960 atque
1123 4894 1458 4946 concordiam
1487 4903 1706 4944 revoca-

170 5001 260 5050 re;
286 4994 342 5040 ut
372 4988 743 5056 cogitationum
775 4987 826 5039 in
857 4983 944 5038 illo
964 4981 1034 5035 sit
1058 4979 1194 5032 nulla
1218 4980 1496 5041 dissensio,
1513 4973 1701 5044 ﬁatque

171 5075 307 5131 idem
354 5075 586 5141 coluber,
610 5075 759 5144 juxta
810 5080 1124 5142 praeceptum
1170 5067 1396 5138 Domini,
1423 5066 1647 5122 dicentis
1681 5080 1697 5118 :

172 5165 341 5221 Estote
390 5165 659 5230 prudentes
711 5165 839 5218 sicut
884 5167 1151 5230 serpentes.
1199 5156 1489 5212 Prudenter
1526 5163 1700 5209 autem

170 5269 322 5324 agere
350 5265 446 5304 nos
492 5251 756 5324 debemus
786 5253 837 5306 in
889 5251 993 5303 vita
1041 5246 1194 5313 hujus
1241 5245 1441 5310 mundi,
1493 5259 1588 5299 nec
1635 5241 1700 5296 ad

171 5348 401 5401 dextram
426 5355 520 5394 nec
539 5341 604 5393 ad
625 5335 888 5396 sinistram
914 5339 1262 5398 declinemus;
1308 5351 1477 5403 neque
1513 5351 1604 5404 per
1627 5337 1701 5388 la-

173 5447 276 5489 tam
301 5431 438 5484 viam
463 5429 784 5494 incedamus,
816 5445 930 5500 qua
959 5427 1101 5483 ducit
1127 5425 1190 5478 ad
1220 5435 1464 5488 mortem,
1495 5428 1585 5480 sed
1609 5438 1701 5493 per

169 5533 596 5595 angustam,-qtt:e
618 5520 758 5574 ducit
785 5522 850 5574 ad
879 5522 1059 5575 vitam.
1083 5517 1159 5572 Ad
1186 5517 1306 5585 hoc,
1324 5516 1463 5569 enim
1491 5516 1700 5570 additur

169 5626 394 5676 cerastes
420 5613 470 5670 in
495 5612 711 5677 semita;
769 5611 1031 5680 angustior
1051 5617 1132 5666 cst
1149 5607 1292 5664 enim
1314 5606 1496 5663 semita
1538 5621 1694 5676 qua

1828 1863 2076 1930 gladium.
2117 1863 2267 1930 Quod
2297 1845 2466 1916 autem
2494 1865 2569 1917 ait
2596 1881 2607 1916 :
2647 1863 2708 1916 Et
2738 1864 2846 1932 ipse
2868 1866 3158 1933 aecingetur
3182 1874 3368 1917 retror-

1826 1965 1936 2021 sum
1959 1989 1975 2015 ,
2023 1950 2255 2004 charitas
2285 1950 2491 2004 Domini
2534 1951 2587 2005 in
2613 1952 2846 2005 secundo
2869 1951 3092 2005 adventu
3136 1950 3368 2004 ostendi-

1827 2049 1932 2103 tur,
1959 2040 2080 2109 quia
2124 2055 2245 2094 cum
2295 2042 2496 2094 venerit
2541 2040 2924 2105 Antichristus,
2973 2042 3096 2096 item
3126 2052 3376 2096 occurret

1827 2137 1946 2197 post
1971 2128 2108 2184 illius
2132 2128 2350 2197 vestigia
2392 2126 2634 2182 Christus
2658 2129 2816 2183 celeri
2848 2133 3098 2194 adventu,
3130 2140 3187 2184 ut
3216 2131 3357 2186 Illum

1826 2218 2103 2273 interﬁciat
2146 2220 2338 2290 spiritu
2367 2220 2476 2275 oris
2504 2220 2616 2286 sui,
2663 2220 2798 2274 unde
2826 2229 2880 2274 et
2905 2220 3016 2274 Gad
3045 2221 3365 2279 latrunculus

1825 2310 2158 2377 interpretari
2209 2319 2405 2377 potest,
2453 2311 2666 2382 etquod
2695 2314 2977 2382 posterior,
3005 2314 3054 2366 id
3084 2325 3162 2368 est
3189 2327 3361 2374 serus,

1823 2398 2023 2464 species
2048 2399 2198 2467 quasi
2222 2399 2543 2454 latrunculus
2572 2401 2853 2468 improviso
2877 2403 3106 2457 adventu
3136 2404 3360 2458 exsiliat.

1825 2487 1973 2544 Sicut
1995 2489 2158 2554 enim,
2190 2489 2375 2558 inquit,
2408 2491 2493 2558 far
2527 2491 2580 2544 iu
2602 2499 2767 2558 nocte,
2816 2491 2887 2544 ita
2931 2489 3186 2547 Christus.
3219 2491 3358 2560 Ergo

1822 2591 1945 2632 ante
1973 2578 2352 2632 Antichristum
2385 2581 2436 2633 in
2487 2581 2624 2634 hunc
2651 2589 2767 2648 post
2795 2580 2938 2634 illum
2971 2581 3241 2650 majestate
3264 2595 3360 2635 oc-

1819 2665 2002 2719 currit.
2036 2664 2301 2721 Moraliter
2327 2681 2534 2736 quoque
2562 2667 2722 2721 homo
2748 2677 2945 2732 noster,
2989 2684 3140 2737 quem
3175 2680 3357 2735 supra-

1820 2752 1973 2805 dictis
2001 2753 2169 2808 modis
2219 2754 2597 2824 aliquantulum
2641 2754 2929 2822 profecisse
2963 2756 3359 2823 descripsimus,

1821 2854 2037 2895 necesse
2062 2849 2146 2894 est
2185 2849 2244 2895 ut
2267 2843 2528 2906 adveniat,
2574 2851 2634 2896 ut
2678 2851 2904 2896 tentetur
2931 2844 2999 2895 ab
3025 2843 3253 2906 inimico,
3302 2851 3362 2895 ut

1818 2928 2070 2994 prepositi
2110 2931 2405 2984 constantia
2456 2929 2729 2997 probetur,
2785 2934 2905 3000 quia
2949 2931 3026 2985 eir
3069 2931 3352 2983 ostentatus

1817 3029 2008 3094 nonest
2031 3017 2321 3086 probabilis.
2356 3013 2491 3071 Ante
2518 3026 2572 3070 et
2602 3029 2747 3073 retro
2791 3020 3147 3086 accingamur,
3195 3028 3250 3071 ut
3295 3032 3356 3071 ea

1818 3119 1937 3172 quae
1957 3102 2091 3159 facta
2110 3113 2231 3158 sunt
2256 3115 2308 3157 et
2333 3102 2500 3158 futura
2522 3105 2798 3174 diligenter
2822 3105 3180 3160 attendantur.
3210 3107 3357 3170 Aser,

1819 3193 2021 3265 pinguis
2060 3194 2201 3262 ponis
2232 3192 2396 3258 illius,
2435 3187 2484 3246 et
2521 3193 2703 3263 praebet
2731 3195 2928 3248 diuitias
2957 3195 3176 3266 regibus.
3204 3196 3355 3258 Aser,

1779 3321 1782 3324 .
1818 3284 1970 3350 cujus
2009 3297 2198 3337 nomen
2245 3284 2502 3352 signiﬁcat
2545 3283 2775 3348 dititias,
2825 3285 2945 3339 ideo
2990 3282 3227 3338 Christus
3251 3293 3356 3351 est,

1817 3370 1939 3439 quia
1966 3369 2186 3423 altitudo
2213 3369 2513 3423 divitiarum
2547 3368 2820 3435 sapientia:
2848 3377 2904 3422 et
2945 3370 3182 3423 scientia:
3216 3369 3357 3423 illius

1819 3461 2145 3516 iunumerata
2171 3467 2288 3513 est:
2337 3460 2458 3526 quia
2490 3473 2687 3528 pauper
2736 3473 2830 3526 pro
2860 3459 3015 3513 nobis
3058 3461 3226 3513 lactus
3252 3467 3355 3522 est,

1817 3555 1873 3601 ut
1897 3547 2046 3601 dives
2069 3553 2230 3601 esset.
2268 3545 2433 3615 Cujus
2473 3547 2623 3615 panis
2649 3548 2854 3616 pinguis
2881 3547 3046 3601 lactus
3068 3555 3186 3602 est:
3231 3561 3356 3601 caro

1813 3639 2018 3694 scilicet
2045 3636 2209 3704 illius,
2240 3651 2397 3706 quam
2425 3639 2469 3691 si
2495 3638 2612 3706 quis
2640 3637 3050 3698 manducaverit,
3091 3651 3195 3688 non
3242 3651 3355 3688 mo-

1815 3729 1980 3784 rietur
2003 3728 2055 3782 in
2083 3735 2359 3781 meritum.
2409 3726 2554 3779 Idem
2590 3725 2750 3779 etiam
2786 3725 2983 3791 praebet
3025 3723 3240 3775 delicias
3261 3736 3352 3775 sa-

1814 3824 2026 3894 pientia:
2082 3823 2314 3890 regibus,
2367 3820 2449 3874 bis
2494 3819 2693 3883 scilicet
2755 3818 2843 3886 qui
2886 3831 3072 3871 sensus
3111 3816 3352 3885 proprios

1814 3913 1946 3968 bene
1971 3918 2180 3979 regunt,
2209 3917 2262 3963 et
2287 3922 2381 3962 sua
2405 3921 2621 3976 corpora
2652 3907 2703 3960 in
2732 3908 3034 3961 servitutem
3087 3904 3352 3968 redigunt.

1811 4002 2032 4069 Quidam
2059 4001 2157 4069 hoc
2185 4002 2250 4052 de
2280 4006 2410 4052 Aser
2434 3998 2498 4050 ad
2528 3999 2732 4050 Annam
2759 3997 3158 4065 prophetissam,
3187 3995 3344 4048 ﬁliam

1810 4060 2064 4152 [:hanuel,
2097 4060 2349 4149 referunt,
2383 4087 2521 4153 quod
2561 4102 2679 4140 cum
2719 4060 2968 4140 Simeone
3018 4085 3085 4137 de
3131 4083 3347 4138 Christo

1811 4179 2153 4250 prophetans,
2185 4175 2376 4229 multas
2405 4174 2646 4242 praestitit
2671 4174 2883 4228 delicias
2911 4173 3140 4242 regibus,
3164 4172 3212 4224 id
3240 4180 3343 4234 est,

1808 4268 2079 4339 apostolis,
2111 4275 2166 4323 et
2191 4267 2396 4320 caeteris
2423 4265 2642 4318 sanctis.
2688 4264 2956 4318 Itoraliter
2982 4276 3190 4331 quoque
3217 4265 3347 4313 Aser

1808 4361 1896 4432 qui
1922 4363 2101 4414 beatus
2133 4358 2524 4424 interpretatur,
2558 4355 2780 4407 lortasse
2826 4354 2914 4407 ille
2965 4361 3045 4406 est
3102 4365 3256 4419 quem
3281 4348 3347 4400 ab

1805 4467 1984 4507 errore
2010 4450 2073 4503 ad
2105 4447 2465 4516 pmoitentiam
2489 4453 2811 4505 revocatum,
2843 4443 3089 4506 paulatim
3121 4454 3210 4504 per
3236 4439 3344 4491 sin-

1805 4539 1954 4609 gulos
1980 4538 2174 4604 gradus
2202 4549 2365 4600 usque
2405 4533 2470 4585 ad
2502 4528 2832 4585 beatitudinis
2878 4530 3199 4580 incrementa
3227 4540 3342 4593 per-

1804 4627 2083 4680 duximus:
2112 4621 2261 4688 cujus
2291 4631 2407 4689 post
2434 4615 2851 4676 Conversionem,
2879 4622 2997 4680 post
3044 4615 3340 4680 intelligen-

1808 4718 1929 4766 tiam
1953 4709 2295 4777 spiritualem,
2315 4716 2428 4774 post
2457 4704 2792 4757 tentationem
2820 4709 2873 4754 et
2902 4700 3190 4763 victoriam,
3223 4701 3339 4766 pin-

1804 4802 1918 4871 guis
1942 4807 2023 4853 est
2052 4798 2219 4864 panis.
2249 4795 2405 4849 Addit
2429 4793 2567 4846 enim
2599 4791 2742 4846 illum
2767 4804 2975 4859 panem,
3003 4789 3090 4853 qui
3118 4789 3184 4841 de
3205 4788 3339 4841 cmlo

1802 4886 2093 4949 descendit,
2144 4894 2200 4938 et
2222 4885 2313 4938 dat
2353 4882 2510 4937 vitam
2557 4884 2676 4937 huic
2720 4880 2933 4943 mundo,
2977 4887 3031 4931 et
3069 4880 3167 4931 iste
3193 4877 3335 4943 cujus

1797 4982 1905 5052 jam
1934 4976 2133 5050 pinguis
2165 4980 2314 5044 panis
2340 4985 2452 5040 est,
2483 4977 2639 5030 etiam
2665 4973 2879 5027 delicias
2920 4970 3127 5040 regibus
3168 4969 3331 5030 dabit,

1803 5087 1906 5127 non
1936 5064 2266 5137 pauperibus,
2309 5075 2400 5117 aut
2426 5062 2814 5131 insipientibus,
2861 5061 2953 5116 sed
2981 5058 3217 5125 regibus:
3249 5069 3333 5108 sa-

1803 5161 2045 5231 pientiam
2077 5155 2216 5210 enim
2265 5155 2525 5225 loquimur
2568 5153 2632 5207 ad
2671 5153 2950 5220 perfectos.
2982 5149 3332 5216 Nephthalim,

1800 5249 1936 5319 quod
1968 5247 2336 5310 interpretatur
2370 5240 2626 5306 dilatatio,
2648 5241 2913 5309 apostolos
2938 5249 2992 5292 et
3024 5238 3329 5306 przcdit-atu-

1803 5353 1887 5391 res
1907 5342 2114 5388 sanctos
2141 5331 2418 5402 signiﬁcat.
2446 5331 2680 5395 Quorum
2709 5328 2944 5383 doctrina
2975 5327 3025 5378 in
3056 5324 3326 5379 altitudin

1800 5425 1986 5481 diffusa
2030 5433 2109 5475 est
2152 5423 2302 5477 istius
2350 5419 2559 5484 mundi;
2605 5427 2660 5480 et
2701 5418 2917 5483 apostoli
2957 5430 3021 5470 ex
3058 5415 3154 5468 hac
3196 5414 3334 5468 tribu

1800 5518 2045 5587 plerique;
2061 5513 2283 5568 luerunt.
2317 5510 2515 5564 Dicitur
2540 5524 2606 5562 au
2630 5522 2714 5563 em
2740 5505 2926 5561 Cereus
2950 5509 3180 5567 emissus,
3212 5505 3331 5572 quia

1802 5605 2043 5663 nimirum
2074 5601 2297 5672 apostoli
2336 5598 2414 5655 vel
2439 5597 2814 5669 prtetlicamres
2837 5593 3000 5653 veloci
3029 5595 3162 5650 saltu
3183 5590 3321 5648 essi-
