3872 6262
478 330 584 388 ω

997 333 1196 388 DED/E
1243 331 1684 389 VENEllABlLIS
1721 331 1996 387 OP‘ERL'}!

2104 330 2216 386 ius
2257 331 2316 385 ll.
2359 360 2427 374 -
2464 309 2849 394 sxucu'rica
2887 336 3202 394 cavum.

3598 339 3693 394 184

481 443 690 507 lientes,
720 442 773 495 in
803 442 1012 495 nitidum
1060 425 1333 496 cervorum
1366 439 1750 495 transcendunt
1777 437 2024 506 implica-
2052 439 2103 498 Α
2129 447 2342 492 ventum
2374 439 2753 509 proplietsntes
2775 481 2792 509 ,
2841 456 2960 497 cum
2989 457 3181 514 magno
3207 443 3485 500 desiderio
3519 449 3692 502 incar-

477 538 654 584 menta
690 548 705 594 ;
735 545 796 584 ac
823 530 1029 586 excelsa
1059 545 1123 585 ae
1152 529 1393 585 sublimia
1427 530 1745 584 meditantes
1765 528 1892 582 dant
1916 529 2026 582 elo-

475 618 656 687 quium
688 617 1115 686 pulchritudinis,
1166 617 1519 686 pradicantes
1562 617 1826 672 universis
1854 616 2025 683 genti-

473 707 573 761 bus
625 708 918 762 doctrinam
969 709 1283 762 Salvatoris.
1315 706 1582 761 Horaliter
1621 722 1831 775 quoque
1863 707 2024 760 homo

473 806 653 852 noster
681 798 927 861 interior,
973 798 1063 865 qui
1095 797 1251 864 paulo
1297 807 1422 850 ante
1449 811 1582 864 pane
1625 797 1804 864 pingui
1833 809 2019 848 vesce-

472 886 643 952 batur,
674 887 761 954 qui
791 887 992 941 scilicet
1024 886 1172 952 panis
1200 884 1537 938 confirmavit
1566 899 1660 938 eor
1688 883 2017 949 hominibus.

472 993 575 1030 non
607 977 889 1043 incongrue
915 989 1104 1028 cervus
1130 975 1362 1028 emissus
1407 973 1622 1035 dicitur.
1672 975 1797 1041 quis
1837 971 2012 1026 omnia

473 1077 679 1122 ti-rrena
727 1065 1044 1132 despiciens,
1095 1079 1242 1118 more
1271 1077 1547 1118 cervorum
1579 1062 1632 1116 in
1662 1061 1896 1117 excelsis
1928 1075 2022 1130 pa-

470 1158 673 1218 scitur;
729 1163 996 1221 totumquc
1021 1154 1328 1207 thesaurum
1355 1153 1407 1206 in
1433 1151 1573 1207 calo
1620 1151 1867 1215 collocat,
1900 1151 2016 1216 ubi,

463 1246 610 1312 juxta
641 1243 997 1312 Evangelium,
1024 1257 1185 1312 erugo
1212 1255 1264 1297 et
1296 1241 1432 1296 tinea
1463 1257 1567 1295 non
1594 1241 1899 1295 demolitur.
1949 1242 2013 1296 Et

358 1368 369 1393 ,
467 1340 587 1384 tunc
626 1331 820 1398 eloquia
863 1330 1278 1400 pulchritudinis,
1322 1331 1371 1384 id
1413 1341 1518 1394 est,
1549 1329 2016 1397 contemplationis

463 1436 724 1489 supernae,
750 1401 1061 1475 documenta
1091 1421 1305 1489 profert.
1328 1419 1493 1474 Filius
1517 1437 1799 1474 accrescens
1817 1419 2008 1486 Ioseph

467 1512 644 1577 utique
672 1510 723 1562 in
749 1512 1012 1577 gentibus,
1039 1511 1126 1578 qui
1170 1525 1289 1564 cum
1317 1510 1388 1564 oh
1427 1508 1856 1563 incredulitatem
1886 1525 2018 1579 syn-

467 1611 683 1665 agogam
709 1599 1027 1665 reliquisset,
1062 1598 1268 1665 plebem
1300 1598 1400 1653 sibi
1431 1601 1760 1652 innumeram
1792 1614 1854 1652 ex
1885 1613 2017 1664 geo-

463 1687 602 1738 tibns
629 1688 990 1754 congregavit.
1051 1686 1126 1740 De
1156 1687 1255 1740 hoc
1287 1686 1448 1741 David
1481 1687 1609 1740 diett
1637 1705 1647 1738 :
1702 1687 2016 1740 Converte“-

2129 527 2395 581 nationem
2420 529 2564 584 illius
2605 539 3064 598 exspectaverunt.
3110 533 3178 588 de
3203 533 3402 602 quibus
3438 533 3693 590 Dominus

2125 613 2286 668 dicit:
2338 614 2492 669 Multi
2519 617 2777 685 propheta
2807 632 2855 671 et
2865 618 2995 688 justi
3037 620 3308 687 cupierunt
3352 621 3533 674 ridere
3581 640 3692 689 qua

2124 717 2210 757 uos
2238 705 2437 759 uidetis.
2472 705 2535 760 Hi
2564 721 2693 776 ergo
2720 708 2847 763 dicti
2877 719 3005 764 sunt
3030 711 3195 765 colles
3218 751 3232 774 .
3261 721 3483 781 prapter
3512 717 3690 768 excel-

2125 790 2343 846 lentiam
2370 797 2688 859 sanctitatis.
2734 800 2822 866 qui
2849 798 3009 854 etiam
3039 811 3293 855 vocantur
3324 801 3539 868 eterni,
3570 806 3690 871 quia

2124 880 2284 934 vitam
2335 893 2730 954 consequuntur
2781 895 3055 943 sternam.
3111 887 3266 944 Fiant
3295 893 3348 944 in
3379 894 3551 961 capite
3575 891 3686 946 Na-

2124 975 2296 1040 sumi,
2323 974 2392 1029 de
2419 991 2522 1044 quo
2550 979 2809 1047 scriptum
2834 989 2917 1035 est
2950 997 2962 1033 ε
2997 979 3249 1045 Quoniam
3280 980 3576 1037 Nasarteus
3603 999 3684 1036 ro-

2122 1065 2492 1121 eubiturJdi-m
2521 1078 2573 1122 et
2594 1067 2820 1138 ioseph,
2850 1071 3140 1126 secundum
3173 1071 3552 1142 Egyptiorum
3585 1076 3684 1126 sci-

2124 1157 2244 1211 licet
2291 1157 2539 1225 linguam,
2589 1161 2819 1216 salvator
2866 1163 3045 1216 mundi
3100 1163 3237 1218 inter
3277 1163 3494 1226 fratres,
3549 1167 3684 1218 intr:

2122 1259 2331 1300 sanctos
2359 1263 2493 1316 quos
2541 1251 2652 1317 ipse
2682 1249 2874 1305 fratres
2921 1261 3094 1307 vocat.
3145 1252 3418 1308 Moraliter
3465 1271 3684 1323 quoque

2123 1335 2167 1388 is
2196 1337 2283 1405 qui
2314 1337 2436 1392 fidei
2466 1340 2704 1407 profectu
2754 1349 2811 1394 et
2835 1342 3153 1408 supradictis
3179 1343 3430 1410 gradibus
3459 1343 3515 1396 in
3570 1353 3687 1396 tan—

2123 1435 2229 1478 tum
2259 1427 2508 1492 creverit,
2538 1436 2596 1482 ut
2618 1443 2782 1498 usque
2809 1429 2873 1482 ad
2905 1430 3155 1484 invidiam
3186 1431 3532 1485 adversarius
3563 1445 3683 1498 pro-

2124 1525 2293 1580 vocet,
2338 1530 2441 1569 non
2470 1517 2732 1571 immerito
2772 1517 2964 1571 dicitur
3007 1532 3317 1574 accrescens
3337 1560 3352 1582 ,
3383 1528 3440 1570 et
3463 1533 3577 1571 non
3604 1534 3683 1571 se-

2122 1601 2246 1666 mel,
2276 1601 2369 1656 sed
2413 1602 2493 1656 bis
2522 1616 2834 1660 accrescere
2880 1607 3264 1673 pronuntiatur.
3315 1604 3370 1658 in
3403 1605 3509 1660 tide
3542 1605 3680 1660 enim

2121 1696 2175 1742 et
2203 1703 2364 1756 opere
2389 1689 2562 1745 omnis
2584 1691 2850 1759 perfectus
2874 1695 3087 1760 crescit,
3119 1701 3173 1748 et
3199 1693 3432 1748 decorus
3461 1695 3679 1760 dicitur,

462 1785 544 1828 tur
564 1777 629 1826 ad
652 1752 1151 1830 Doiniuirmnniversi
1166 1777 1472 1844 ﬁnestemz.
1494 1777 1743 1844 Sequitur
1764 1794 1776 1830 :
1797 1774 2019 1829 Decorus
2050 1752 2096 1812 Β
2122 1752 2354 1844 quiailla
2380 1752 2883 1850 jamptilcliritudo,
2931 1783 2983 1836 in
3014 1752 3115 1851 qua
3156 1783 3470 1838 naturaliter
3516 1752 3680 1840 [ποιαί

461 1875 687 1929 aspectu.
717 1868 944 1934 Superat
986 1868 1126 1922 enim
1158 1882 1344 1921 omnes
1371 1869 1512 1921 illius
1543 1867 1900 1936 pulchritudo,
1952 1867 2020 1922 de

458 1972 562 2024 quo
589 1956 779 2011 dicitur
802 1974 818 2013 :
850 1957 1119 2027 Speciosus
1149 1960 1310 2025 {arma
1342 1976 1446 2026 pra:
1465 1960 1588 2028 ﬁliis
1615 1960 1893 2013 hominum.
1919 1957 2017 2012 Fi-

457 2049 540 2100 lite
567 2047 892 2101 decurrerunt
918 2065 1069 2112 super
1107 2066 1332 2114 riturum,
1384 2050 1433 2102 id
1465 2060 1567 2114 est,
1609 2053 1882 2120 generatio
1930 2052 2013 2106 vel

463 2137 712 2191 Ecclesia:
738 2151 853 2207 qua-
882 2137 1218 2193 crediderunt
1271 2140 1320 2193 in
1361 2138 1647 2195 Cluistum.
1695 2143 1821 2196 Haec
1856 2157 2014 2211 super

459 2226 776 2280 soliditatem
805 2228 947 2293 lldei,
978 2229 1126 2298 quasi
1153 2243 1311 2297 super
1340 2246 1544 2285 murum
1570 2247 1750 2286 amore
1780 2234 2014 2301 pulchri-

459 2313 653 2367 tudinis
673 2312 865 2369 Christi
888 2331 1184 2370 ascensura:
1208 2317 1530 2386 discurrunt,
1568 2330 1622 2372 ut
1648 2334 1827 2375 verum
1851 2336 2012 2388 spon-

455 2418 571 2456 sum
605 2418 696 2471 per
719 2407 1221 2472 contemplationem
1251 2409 1530 2476 aspiciant,
1569 2419 1624 2462 et
1653 2411 1836 2463 osculo
1863 2413 2006 2464 cha—

451 2494 620 2549 ritatis
665 2494 738 2548 illi
794 2498 1128 2564 copulentur.
1195 2498 1299 2551 Sed
1347 2499 1602 2567 objurgati
1666 2508 1783 2553 sunt
1835 2499 2002 2564 illum,

452 2587 664 2652 quando
732 2586 876 2641 falsis
926 2588 1244 2643 testimoniis
1292 2589 1711 2654 calumniantes,
1761 2601 2004 2645 sanctum

457 2677 662 2732 homini
707 2679 1006 2746 opprimere
1055 2693 1338 2750 synagoga:
1391 2681 1567 2748 populi
1618 2681 2000 2749 cogitaverunt.

448 2767 748 2822 lnoiderunt
779 2771 857 2824 illi
897 2771 1128 2824 habentes
1157 2788 1353 2840 quoque
1383 2774 1588 2843 jacufa.
1641 2773 1821 2843 Neque
1862 2775 2003 2828 enim

449 2860 724 2926 quisquam
764 2861 815 2914 in
845 2860 1039 2928 loseph
1071 2860 1300 2929 conjecit
1341 2863 1560 2929 sagittas
1586 2903 1601 2926 ,
1649 2863 1730 2917 vel
1783 2863 1994 2931 aliquod

451 2947 682 3000 vulneris
712 2949 892 3002 telum.
920 2949 1022 3003 Sed
1053 2950 1152 3004 hoc
1177 2953 1480 3018 specialiter
1505 2953 1556 3005 iu
1586 2953 1851 3006 Christum
1875 2967 2000 3008 eve-

2119 1877 2218 1933 est,
2254 1869 2305 1922 in
2332 1882 2398 1924 eo
2426 1880 2728 1924 renovatur.
2774 1870 2854 1926 0b
2884 1887 3041 1942 quam
3072 1873 3528 1942 pulchritudinem
3563 1877 3682 1934 tilia

2116 1959 2263 2011 illum
2291 1959 2358 2013 de
2389 1974 2540 2014 niuro
2572 1961 2835 2026 viderunt,
2877 1977 2940 2016 ac
2967 1961 3291 2017 desiderant.
3337 1962 3552 2017 Sancta
3584 1966 3680 2017 uti-

2115 2065 2216 2118 que
2243 2051 2433 2103 anima:
2476 2065 2634 2118 super
2678 2067 2885 2106 murum
2931 2051 3050 2108 [idei
3097 2051 3358 2118 fundata,
3401 2053 3677 2123 perfectio-

2115 2153 2232 2190 nem
2265 2136 2404 2192 illius
2432 2141 2649 2206 cupiunt
2681 2139 2860 2194 videre
2885 2150 2940 2193 et
2968 2142 3161 2194 imitari
3189 2158 3203 2206 ;
3254 2143 3349 2196 sed
3379 2158 3676 2212 exaspera-

2115 2239 2302 2282 vernnt
2332 2230 2488 2282 talem
2516 2239 2757 2282 sanctum
2786 2231 3077 2294 daemones,
3109 2230 3364 2284 habentes
3390 2231 3555 2298 ignita
3586 2248 3675 2284 ne-

2111 2318 2289 2385 quitiae
2316 2317 2511 2385 jacnla.
2542 2317 2734 2370 Parant
2763 2318 2901 2370 enim
2925 2317 3142 2385 sagittas
3163 2331 3308 2381 suas,
3343 2329 3398 2371 ut
3426 2321 3674 2388 Sagiuent

2112 2405 2162 2458 in
2191 2405 2417 2458 obscuro
2450 2413 2624 2460 rectos
2653 2404 2833 2460 corde.
2878 2405 2982 2461 Sed
3012 2406 3063 2460 in
3095 2405 3216 2461 forti
3239 2421 3396 2462 arcus
3425 2409 3587 2473 illius.
3620 2411 3666 2463 in

2111 2494 2308 2550 divinis
2333 2495 2539 2550 scilicet
2567 2496 2888 2566 profectibus
2917 2512 3073 2553 arcus
3099 2498 3308 2552 virtutis
3353 2499 3493 2554 illius
3525 2504 3670 2568 poi-

2112 2596 2219 2652 tus,
2249 2603 2311 2640 ex
2340 2603 2447 2655 quo
2474 2588 2579 2655 jam
2611 2602 2764 2642 arcus
2786 2589 3004 2657 sagittas
3030 2589 3326 2644 orationum
3357 2605 3573 2644 suarum
3603 2593 3666 2645 ad

2109 2677 2504 2744 persequendos
2559 2677 2798 2732 inimicos
2839 2678 3074 2743 emittit;
3126 2688 3179 2733 et
3238 2677 3497 2732 dissoluta
3546 2690 3664 2733 sunt

2111 2767 2338 2832 vincula,
2391 2769 2582 2836 quibus
2626 2769 2771 2822 illum
2814 2769 3011 2823 inimici
3059 2769 3207 2838 ligari
3238 2770 3540 2836 cupierunt,
3574 2783 3666 2834 per

2106 2857 2351 2910 virtutem
2381 2857 2470 2910 Dei
2500 2856 2684 2912 Jacob.
2735 2858 2802 2912 Et
2831 2869 2953 2912 tunc
2983 2858 3164 2928 incipit
3195 2866 3378 2926 pastor
3405 2871 3525 2912 esse
3555 2860 3665 2908 ani-

2107 2961 2330 3011 marum,
2362 2943 2415 3000 et
2443 2947 2492 2999 in
2525 2945 3036 3002 modum’durissimi
3063 2946 3254 3015 lapidis
3272 2961 3377 2999 non
3411 2946 3657 2998 vincitur.

447 3036 541 3095 nit,
573 3038 656 3088 sed
689 3038 740 3087 in
771 3039 890 3104 [orti
919 3039 1056 3090 illius
1085 3055 1252 3092 arcus.
1283 3041 1528 3094 Christus
1557 3055 1740 3095 arcum
1769 3058 1919 3096 suum
1947 3051 2000 3097 et
2027 3073 2075 3134 ε
2107 3034 2243 3088 Deus
2268 3035 2406 3088 enim
2439 3036 2601 3101 patris
2626 3036 2786 3100 illius,
2835 3035 2886 3088 id
2916 3043 3019 3100 est,
3061 3034 3321 3104 justomtn
3355 3032 3660 3101 pri-ceden-

444 3140 587 3178 arma
613 3126 872 3192 pugnandi
901 3127 1073 3192 posuit
1106 3128 1158 3180 in
1191 3129 1319 3190 Deo,
1362 3130 1513 3196 cujus
1543 3133 1736 3184 virtute
1761 3129 1999 3185 confrin-

441 3215 584 3278 pitur
611 3215 786 3268 omnis
817 3215 1045 3283 nequitia
1096 3215 1439 3282 perfidorum.
1487 3216 1837 3270 Etdissoluta
1883 3228 1997 3270 sunt

441 3305 640 3356 vincula
672 3304 992 3357 brachiorum
1044 3305 1178 3374 ejus,
1228 3306 1419 3374 quibus
1467 3305 1658 3360 fratres
1700 3308 1846 3362 illutn
1882 3308 1998 3360 vin-

443 3405 585 3445 ctum
607 3393 672 3446 ad
706 3395 926 3447 Pilatum
953 3395 1243 3460 duxerunt,
1278 3394 1358 3448 Vel
1388 3396 1576 3464 quibus
1599 3397 1746 3448 illum
1774 3397 1825 3449 in
1857 3395 2000 3464 ligno

445 3498 756 3546 suspensum
778 3483 1166 3537 crucifixeruot.
1186 3485 1424 3539 llescissa
1455 3495 1579 3539 sunt
1603 3488 1742 3541 enim
1772 3503 1859 3554 per
1890 3503 1998 3539 nta-

441 3585 557 3620 num
585 3569 796 3635 potentis
824 3568 1003 3634 Iacob,
1035 3572 1086 3623 id
1115 3583 1220 3637 esr,
1250 3573 1345 3628 Dei
1373 3574 1553 3638 Jacob,
1604 3591 1668 3629 es
1708 3577 1857 3645 enjus
1909 3593 1996 3632 se-

440 3660 581 3711 iuiue
630 3659 739 3724 ipse
779 3657 1029 3710 Dominus
1077 3659 1235 3711 bonus
1265 3669 1435 3728 pastor
1463 3679 1690 3731 egressus
1717 3673 1811 3726 est,
1863 3665 1994 3732 lapis

437 3761 484 3802 et
515 3749 728 3816 ﬁrmitas
758 3748 1066 3802 credentium
1099 3749 1151 3800 in
1198 3746 1383 3804 Israel.
1427 3753 1562 3802 Deus
1603 3752 1758 3816 patris
1784 3754 1857 3804 tui
1900 3753 1993 3805 erit

436 3843 646 3910 adjutor
672 3851 808 3894 tuus.
856 3843 989 3903 Quis
1027 3839 1224 3909 adjuvit
1269 3841 1455 3906 lilium,
1511 3841 1609 3894 nisi
1642 3841 1779 3895 Dens
1821 3851 1990 3907 pater,

435 3932 522 3997 qui
555 3933 604 3983 in
634 3933 834 3984 unitate
864 3945 1022 3983 unum
1052 3930 1202 3985 sunt?
1245 3929 1348 3985 Sed
1377 3946 1470 3996 pro
1503 3944 1724 3996 persona
1754 3931 1994 3996 corporis

435 4021 645 4085 dicitur,
677 4021 814 4087 quod
840 4020 1040 4073 auxilio
1069 4020 1246 4074 divino
1276 4019 1518 4088 indiguit,
1561 4021 1699 4075 sicut
1723 4019 1774 4074 in
1807 4019 1990 4073 Evan-

435 4109 572 4178 gelio
600 4110 826 4164 dicitur:
860 4112 1109 4179 Apparuit
1156 4113 1233 4166 illi
1268 4112 1479 4183 angelus
1519 4113 1579 4167 de
1618 4112 1743 4166 ctclo
1786 4114 1989 4182 confor-

434 4210 545 4252 tans
574 4215 686 4252 eum
709 4215 728 4252 :
770 4201 1194 4258 benedictionibus
1220 4205 1331 4258 creti
1355 4206 1592 4272 desuper,
1628 4205 1988 4258 benedictioni-

433 4291 522 4340 bus
547 4289 714 4357 abyssi
734 4291 950 4360 jacentis
971 4291 1229 4344 deorsum.
1282 4291 1539 4346 Universa
1590 4294 1732 4347 enim
1761 4294 1988 4363 subjecit

2107 3124 2254 3190 tium,
2273 3124 2361 3192 qui
2384 3124 2723 3189 spiritualiter
2752 3125 2905 3179 nobis
2927 3135 3124 3195 patres,
3143 3124 3355 3196 adjutor
3374 3134 3464 3180 est
3485 3124 3661 3176 unius-

2100 3213 2352 3280 cujusque
2379 3210 2569 3276 sancti,
2591 3213 2678 3278 cui
2711 3212 2810 3266 hoc
2836 3213 3158 3280 promittitur
3188 3231 3200 3266 :
3231 3211 3300 3266 Et
3345 3217 3656 3280 onanipotens

2100 3301 2368 3354 uirtutibus
2390 3299 2653 3353 abundare
2679 3300 2822 3353 illum
2844 3301 2967 3368 facit
2992 3301 3420 3356 benedictionibus
3439 3302 3548 3355 caeli
3577 3301 3657 3351 dco

2098 3408 2269 3461 super,
2300 3400 2345 3445 et
2368 3391 2788 3444 benedirtionibus
2805 3391 2974 3460 abyssi
2989 3391 3212 3459 jacentis
3232 3395 3498 3444 deorsum.
3525 3394 3654 3444 Con-

2099 3479 2436 3550 tcinplatione
2464 3478 2604 3534 enim
2628 3480 2922 3535 caelestium
2953 3478 3202 3542 satiatur,
3233 3489 3288 3532 et
3317 3479 3664 3544 intelligentia

2095 3570 2517 3638 Scripturarum,
2566 3582 2699 3638 quas
2748 3583 2851 3622 non
2906 3567 3172 3622 immerito
3224 3575 3443 3637 propter
3485 3581 3654 3622 sacra-

2094 3669 2387 3713 mentorum
2411 3658 2795 3713 obscuritatem
2820 3657 3072 3727 abyssum
3092 3665 3282 3722 vocat;
3313 3665 3370 3710 et
3397 3655 3534 3709 sicut
3566 3669 3654 3720 per

2093 3749 2213 3802 cmli
2277 3748 2700 3804 benedictionem
2763 3748 2968 3802 sanctis
3030 3747 3409 3816 promittuntur
3462 3757 3650 3799 eterna

2093 3840 2331 3905 praemia,
2386 3841 2464 3893 sic
2497 3855 2590 3904 per
2619 3838 3042 3893 benedictionem
3077 3836 3254 3907 abyssi
3304 3836 3654 3906 predieantur

2093 3926 2194 3979 illis
2225 3925 2276 3979 in
2310 3926 2557 3991 presenti
2589 3927 2784 3980 saeculo
2815 3926 3066 3980 nonnulla
3094 3925 3302 3979 solatia.
3338 3923 3651 3978 Benedictis-

2093 4016 2239 4069 nibus
2267 4013 2474 4067 uberum
2498 4023 2543 4068 et
2573 4012 2760 4067 autem.
2800 4015 3019 4068 Constat
3045 4014 3188 4068 enim
3215 4025 3336 4067 esse
3361 4013 3658 4080 apostolica

2091 4107 2277 4171 ubera,
2306 4119 2337 4160 e
2364 4104 2555 4174 quibus
2582 4110 2824 4158 recentes
2852 4102 3023 4156 adhuc
3053 4102 3105 4155 in
3127 4101 3251 4164 fide,
3280 4116 3346 4155 ac
3371 4103 3515 4155 velut
3538 4117 3648 4170 par-

2091 4198 2199 4252 vuli
2239 4195 2556 4265 percipiunt,
2602 4201 2656 4246 ut
2680 4192 2746 4245 ad
2785 4190 3153 4261 perfectiorem
3183 4191 3362 4244 cibum
3391 4192 3670 4258 pradicas

2093 4289 2249 4343 tionis
2275 4289 2604 4358 perveniant.
2649 4283 2800 4340 Unde
2828 4281 2960 4337 dicit
3004 4271 3333 4352 Apostolus:
3380 4278 3489 4334 Lac
3515 4281 3644 4335 vobis

435 4382 504 4440 ei,
535 4378 769 4432 C(BICSIla
827 4393 919 4445 per
951 4377 1367 4432 benedictionem
1394 4381 1536 4444 cmli,
1559 4390 1612 4434 et
1639 4391 1845 4435 terrena
1890 4397 1986 4452 per
2020 4395 2066 4454 ο
2089 4390 2261 4449 potant
2287 4379 2427 4445 dedi,
2459 4394 2558 4432 non
2581 4392 2779 4431 escam:
2819 4373 3019 4428 habens
3047 4373 3291 4429 videlicet
3318 4375 3484 4428 verba
3510 4372 3640 4427 duo-

436 4467 852 4523 benedictionetn
879 4469 1079 4538 abyssi,
1127 4478 1183 4522 ut
1211 4468 1412 4538 angelis
1456 4478 1508 4522 et
1544 4468 1847 4523 hominibus
1892 4473 1988 4523 doc

437 4555 758 4611 minaretur:
809 4557 1273 4612 benedictionibus
1323 4558 1544 4612 uberum
1597 4559 1711 4612 sive
1759 4559 1985 4614 duorum

436 4639 912 4712 Testamentormn,
945 4662 1166 4716 quorum
1195 4650 1362 4703 altero
1392 4647 1662 4703 nuntiatus
1684 4655 1786 4712 cst,
1822 4647 1992 4701 altero

435 4735 823 4790 tlcmonstratus
849 4750 929 4791 est
953 4756 966 4789 :
998 4740 1110 4794 sive
1139 4740 1595 4795 benedictionibus
1624 4737 1851 4792 uberum
1882 4739 1990 4790 Ma-

439 4826 551 4902 rius.
583 4822 729 4878 Unde
755 4834 810 4877 et
863 4827 949 4879 illa
986 4830 1173 4884 mulier
1217 4831 1267 4883 in
1319 4830 1607 4900 Evangelio
1646 4830 1757 4883 ait:
1805 4825 1991 4880 Beatus

433 4927 599 4969 uenter
625 4915 712 4985 qui
738 4923 786 4968 te
814 4919 1044 4984 portavit,
1089 4931 1138 4970 et
1183 4921 1334 4973 ubera
1376 4935 1489 4988 qua:
1526 4919 1728 4973 suxisli.
1774 4917 1992 4970 Benedi-

433 5006 678 5061 rtionibus
700 5006 909 5059 uberum
938 5017 983 5058 et
1012 5008 1189 5060 vulva.
1213 5009 1306 5061 Hic
1329 5011 1656 5064 benedicilur
1687 5009 1838 5063 vulva
1872 5005 1990 5075 ejus

436 5101 636 5162 matris,
665 5113 781 5165 quia
812 5097 992 5164 utique
1019 5094 1285 5164 virginalis
1311 5099 1463 5152 nobis
1490 5101 1765 5152 Dominum
1798 5098 1984 5150 chdil.

435 5186 813 5242 Beuedictiones
832 5188 987 5259 patris
1005 5187 1074 5238 tui
1099 5189 1404 5253 confortans
1423 5200 1536 5242 sunt
1551 5186 1981 5242 benedictionibus

434 5293 629 5350 poliunt
655 5299 908 5336 servorum
947 5291 1171 5335 tuorum.
1207 5267 1352 5333 Ultra
1383 5293 1541 5332 omne
1567 5281 1708 5333 enirn
1739 5275 1981 5332 meritum
2031 5308 2039 5315 .

434 5383 731 5427 sanctorum
763 5373 1187 5443 patriarcharum
1218 5369 1332 5423 sive
1360 5370 1754 5436 prophetarum,
1788 5382 1983 5423 conva-

433 5461 525 5514 luit
553 5463 853 5518 benedictio
885 5465 1048 5530 patiis
1079 5465 1129 5516 in
1161 5462 1291 5516 lilio.
1310 5457 1502 5524 ’Dltris,
1546 5456 1617 5510 ita
1645 5468 1702 5512 nt
1731 5462 1778 5514 ei
1806 5459 1981 5513 nullus

435 5552 687 5617 iustorum
716 5554 828 5609 adio
852 5565 1042 5618 inetur,
1068 5556 1226 5608 donec
1251 5553 1436 5604 veniret
1452 5549 1750 5603 desiderium
1772 5549 1980 5604 collium

436 5658 758 5700 e‘tcrnornm.
791 5642 964 5698 Colles
993 5646 1175 5697 aeterni
1206 5638 1328 5695 facti
1354 5647 1492 5702 sunt,
1525 5640 1612 5708 qui
1641 5639 1834 5696 Christi
1865 5636 1968 5690 ad-

2091 4485 2204 4523 rum
2235 4468 2690 4522 Testamenton
2709 4505 2725 4530 ,
2773 4463 2855 4520 vel
2883 4463 3219 4519 dilectionem
3251 4463 3344 4518 Dei
3389 4472 3448 4518 et
3473 4462 3639 4530 prosi.

2091 4558 2181 4613 mi.
2216 4559 2335 4613 Haec
2357 4557 2590 4613 Ecclesia
2620 4557 2911 4625 spiritalem
2944 4555 3310 4626 vulvam,qua:
3340 4569 3447 4608 non
3475 4554 3638 4608 ulla

2088 4651 2258 4716 pariat
2295 4647 2482 4719 ﬁlios;
2554 4647 2647 4702 sed
2701 4645 2802 4717 etsi
2859 4644 2994 4700 forte
3035 4644 3419 4699 declinaverint
3476 4658 3506 4697 a
3559 4642 3633 4693 vis

2090 4738 2346 4817 verit-itis,
2389 4737 2575 4790 iterum
2625 4736 2899 4806 parturiat.
2946 4735 3326 4790 Benedictienes
3373 4735 3530 4799 patris
3568 4732 3636 4783 tui

2087 4834 2381 4901 confertam
2418 4836 2535 4880 sunt
2563 4827 2989 4880 benedictionibus
3011 4836 3214 4895 patrum
3241 4837 3464 4878 tuorum.
3489 4819 3636 4875 Pater

2089 4929 2267 4974 noster
2290 4927 2392 4982 est,
2416 4915 2500 4971 cui
2530 4915 2756 4969 dicimus
2784 4933 2796 4968 :
2845 4913 3000 4969 Pater
3026 4925 3194 4968 noster
3215 4913 3304 4982 qui
3324 4927 3378 4965 es
3405 4911 3461 4963 in
3485 4909 3634 4974 satis,

2087 5007 2174 5075 qui
2201 5007 2418 5063 elevans
2465 5017 2651 5059 manus
2683 5003 2734 5056 in
2767 5002 3041 5066 Bethania,
3092 5015 3186 5070 per
3213 4999 3633 5054 benedictionem

2086 5100 2434 5161 apostolorum
2463 5107 2559 5148 nos
2606 5090 2890 5145 benedixit.
2921 5089 3103 5143 Patres
3131 5097 3310 5143 autem
3333 5097 3461 5142 sunt
3487 5086 3633 5143 Chri-

2086 5184 2148 5233 sti
2179 5176 2503 5249 patriarcbie,
2534 5179 2599 5234 de
2620 5177 2810 5248 quibus
2839 5175 3120 5244 Apostolus
3143 5175 3255 5230 ait:
3287 5175 3522 5242 omni
3547 5190 3632 5242 ρο·

2087 5283 2203 5332 trcs,
2226 5284 2270 5324 et
2284 5289 2350 5326 ea;
2386 5273 2565 5341 quibus
2601 5267 2828 5324 Christus
2850 5266 3126 5320 secundum
3150 5282 3376 5334 cernens,
3423 5279 3632 5336 quer-

2083 5365 2466 5424 dit‘iuationibus
2484 5374 2530 5418 et
2555 5359 2978 5417 benedictionibus
3008 5363 3344 5429 unusquisque
3372 5363 3431 5415 iu
3457 5357 3634 5414 Eccle-

2081 5456 2156 5506 sia
2197 5454 2373 5510 utitur.
2419 5455 2590 5511 Donec
2623 5453 2812 5509 ueniret
2853 5450 3152 5506 desides-iuni
3192 5452 3401 5506 collinus
3420 5461 3636 5506 demes

2083 5561 2213 5597 rum.
2236 5545 2382 5599 Tunc
2417 5550 2593 5602 veniet
2631 5543 2951 5600 desiderium
2972 5554 3302 5610 sanctorum,
3331 5558 3457 5597 cum
3481 5541 3630 5610 justi

2082 5640 2119 5690 Α
2130 5636 2386 5704 postulem
2415 5639 2551 5691 ibunt
2594 5633 2788 5690 obviam
2810 5631 3051 5698 Christo;
3087 5643 3143 5690 et
3167 5635 3245 5691 sic
3272 5645 3490 5695 semper
3515 5645 3630 5684 ωειι
