3872 6262
152 311 255 367 385

925 305 993 362 ΙΝ
1032 303 1589 362 ΡειιτΑτευοιιυιι
1634 300 2123 361 ΟΟΜΜΕΝΤΑΙΠΙ.
2165 337 2230 349 -
2271 309 2558 368 EXODUS.

3251 322 3354 377 986

151 421 370 474 trozniuo
395 426 570 475 erunt.
602 415 758 472 Fiant
785 417 838 470 in
858 415 1020 486 capite
1055 413 1245 482 Joseplt
1275 412 1539 478 Nasam'i,
1566 411 1703 465 sicut
1733 416 1776 470 Α
1804 422 2197 468 convertentur.
2248 416 2392 470 Tunc
2417 432 2542 485 ergo
2572 417 2730 481 videt.
2765 430 2816 475 et
2847 430 2971 478 tunc
3002 428 3236 497 intelligit
3266 433 3350 485 di-

147 523 305 575 supra
335 506 583 573 diximus,
614 503 971 574 unusquisque
999 505 1050 558 in
1093 504 1244 569 cuius
1271 502 1486 566 vertice,
1521 501 1569 553 id
1598 509 1698 566 est,

146 610 346 661 mente,
377 607 626 652 maneant
674 594 1067 651 benedictiones
1119 606 1274 660 supra
1323 591 1501 646 dictas.
1551 591 1700 647 Sicut

140 690 284 742 enim
308 689 588 757 Apostolus
615 687 782 755 inquit
812 702 828 738 :
857 684 1025 738 Homo
1042 693 1208 738 noster
1229 684 1448 736 exterior
1475 697 1698 735 corrum-

141 783 301 844 pitur,
333 779 539 830 interior
561 785 725 828 autem
758 782 1024 826 renovatur
1054 773 1116 826 de
1136 773 1218 824 die
1243 771 1295 825 in
1324 773 1479 826 diem.
1508 770 1696 838 Benja-

140 869 245 919 min
273 867 419 936 lupus
448 881 631 936 rapax.
676 863 824 930 Quod
873 873 1046 916 autem
1097 863 1375 930 prophetat
1423 863 1486 913 de
1532 860 1696 914 Paulo

139 956 402 1021 apostolo,
431 954 562 1007 sicut
589 966 746 1018 supra
776 949 1026 1005 diximus.
1055 950 1275 1014 Quidam
1305 957 1482 1003 autem
1508 950 1571 1002 ad
1602 965 1690 1002 ur-

139 1045 260 1095 l'em
281 1041 603 1095 Hierusalem
635 1039 728 1093 relt
749 1049 889 1106 runt,
923 1053 1040 1107 quae
1066 1041 1116 1091 ιιι
1145 1037 1278 1090 tribu
1300 1037 1535 1104 ejusdem
1564 1037 1694 1090 Ben-

133 1130 303 1198 jamin
334 1130 430 1184 sila
460 1138 562 1183 est.
595 1129 722 1183 Nam
769 1130 905 1182 sicut
955 1127 1225 1196 Beniamin
1268 1127 1692 1181 benedictionem

137 1222 375 1282 ultimam
404 1221 762 1288 consequitur.
798 1218 867 1271 ita
897 1227 950 1270 et
1001 1217 1224 1286 popualus
1255 1215 1578 1270 Hierusalem
1611 1217 1692 1267 ul-

139 1312 298 1362 timus
316 1317 396 1362 est
425 1308 725 1362 salvandus.
759 1306 882 1361 Cum
907 1308 1036 1360 enim
1072 1308 1329 1374 plenitudo
1351 1306 1569 1376 gentium
1615 1307 1691 1359 in-

134 1397 361 1466 trat'erit,
395 1408 512 1450 tunc
537 1397 697 1450 amitis
742 1395 907 1450 Israel
946 1397 1112 1449 salvas
1147 1397 1265 1449 erit.
1313 1395 1488 1463 Lupus
1529 1410 1690 1462 rapax

131 1490 346 1554 dicitur,
376 1491 497 1556 quia
531 1490 642 1557 ipse
670 1488 893 1556 populos
917 1487 1095 1542 eil‘udit
1121 1488 1429 1556 sanguinem
1463 1488 1688 1553 prophe-

133 1587 328 1632 tarum.
358 1577 510 1632 Hane
537 1580 749 1632 comedit
795 1577 1043 1647 puellam.
1098 1577 1253 1631 Mane
1306 1575 1434 1630 illud
1461 1585 1690 1645 tempus

126 1667 392 1735 signiﬁcat
465 1683 572 1736 quo
623 1668 790 1738 legem
845 1667 1075 1736 accepit;
1129 1675 1251 1720 tunc
1295 1666 1434 1719 enim
1493 1666 1688 1718 tnumlo

129 1771 194 1822 pr
215 1772 298 1811 ma
329 1758 637 1812 illuminatio
664 1758 894 1812 scientia
927 1757 1046 1811 data
1074 1765 1178 1811 est.
1229 1755 1483 1810 Comedet
1509 1765 1682 1810 autent
1716 1742 1760 1802 Β

127 1861 309 1914 mane,
339 1847 458 1913 quia
490 1849 656 1917 legem
684 1861 840 1916 quam
881 1847 1106 1913 accepit,
1159 1845 1267 1899 edit
1293 1846 1464 1899 adhuc
1491 1855 1544 1898 et
1572 1861 1686 1899 me-

125 1938 347 2002 ditatus,
378 1936 585 1993 scilicet
610 1950 836 2005 sequens
865 1935 1034 2003 legem
1059 1935 1276 2004 iustitiae
1296 1975 1311 1999 ,
1360 1951 1515 2004 quam
1546 1951 1682 2002 pra:-

125 2026 322 2093 ripiens
353 2042 459 2094 prce
502 2027 704 2081 cunctis
748 2023 895 2094 quasi
942 2024 1168 2092 prazdam
1221 2023 1563 2087 manducans,
1614 2022 1682 2076 ad

127 2117 298 2182 legem
327 2117 443 2171 ﬁdei
470 2132 572 2171 non
603 2117 855 2185 pervenit.
903 2114 982 2166 Ad
1019 2129 1277 2181 vesperum
1313 2122 1479 2166 autem
1500 2111 1684 2165 dividet

126 2209 308 2276 spolia.
364 2207 594 2277 Vespera
621 2215 705 2261 est
734 2204 864 2260 illud
917 2213 1120 2271 tempus
1166 2202 1526 2265 novissimum,
1579 2216 1684 2271 quo

1804 501 2077 557 videndam
2105 518 2222 558 esse
2255 505 2480 558 litteram
2511 519 2539 558 a
2583 507 2790 574 spiritu,
2828 519 2883 564 et
2932 518 3054 568 tunc
3085 520 3353 587 cognosci;

1798 596 1916 662 quia
1939 594 2104 647 littera
2134 595 2335 659 occidit,
2377 596 2582 663 spiritus
2619 607 2786 650 autem
2823 600 3060 667 vit'iﬁcat.
3113 603 3179 659 Et
3227 616 3352 663 tunc

1799 685 2010 752 incipiet
2039 685 2210 740 facere
2225 686 2388 754 quod,
2424 696 2527 740 tota
2558 685 2641 741 die
2671 688 2949 749 meditans.
2979 700 3102 747 ante
3134 709 3237 748 non
3268 695 3346 750 ie-

1797 776 1887 831 cit.
1918 775 2180 830 Moraliter
2208 793 2415 846 quoque
2447 777 2574 831 nihil
2602 777 2740 832 aliud
2772 781 3023 847 occurrit,
3074 784 3173 836 nisi
3205 787 3344 853 quod

1799 867 2060 934 perlectus
2084 866 2173 920 ille
2205 866 2388 931 homo,
2426 882 2580 934 quem
2612 882 2767 936 supra
2798 868 3043 933 dsimus,
3073 871 3122 922 in
3155 873 3344 941 Benja-

1797 956 1901 1010 miu
1931 956 2086 1026 lupus
2119 972 2275 1024 rapax
2307 973 2525 1024 regnum
2553 962 2806 1013 calorum
2835 960 3031 1027 diripit.
3068 961 3181 1014 Vim
3211 967 3343 1018 enim

1796 1049 1984 1113 potitur
2001 1061 2208 1112 regnum
2235 1046 2492 1110 caelorum,
2534 1057 2580 1099 et
2608 1047 2806 1099 violenti
2851 1050 3052 1114 rapiunt
3085 1051 3242 1114 illud,
3291 1063 3344 1106 et

1797 1134 1880 1187 illa
1912 1151 2026 1204 qua:
2057 1137 2104 1188 in
2137 1136 2250 1203 lege
2276 1147 2329 1189 et
2361 1140 2410 1190 in
2447 1136 2722 1200 Prophetis
2748 1149 2798 1191 et
2825 1138 3104 1208 BVitllgL'iitl
3129 1141 3344 1210 legerat,

1794 1226 1933 1278 Velut
1964 1227 2201 1278 esuriens
2229 1235 2281 1278 et
2310 1241 2466 1292 rapax
2496 1226 2712 1278 invadit.
2766 1227 2829 1278 Et
2855 1243 2969 1278 cum
3004 1244 3051 1279 tu
3084 1229 3182 1282 hoc
3210 1240 3344 1283 ιιιιιι·

1796 1311 1941 1383 pore,
1971 1320 2110 1368 velut
2141 1317 2188 1368 in
2219 1316 2492 1380 matutino,
2532 1315 2664 1368 hanc
2689 1317 2911 1383 prwdam
2935 1318 3225 1383 diripuerit,
3254 1321 3343 1371 ad-

1794 1409 2034 1461 veniente
2060 1407 2242 1460 ntortis
2269 1422 2508 1474 vespera,
2529 1409 2741 1474 incipiet
2764 1408 2996 1462 dividere
3017 1411 3213 1476 Spolia;
3243 1411 3340 1465 hoc

1789 1506 1902 1553 est:
1928 1497 2156 1551 diversis
2181 1497 2446 1551 laboribus
2474 1498 2686 1565 incipiet
2715 1499 2916 1550 diversa
2950 1502 3158 1567 prwntia
3178 1501 3342 1564 possi-

1789 1587 1951 1652 dere;
1983 1602 2096 1656 quae
2123 1595 2399 1654 postquam
2429 1585 2669 1640 inimicos
2701 1590 3002 1653 prostravit,
3039 1589 3197 1643 veluti
3225 1588 3334 1656 jam

1791 1680 1954 1732 vietor
1998 1677 2176 1731 haberi
2227 1677 2532 1731 merebitur.
2583 1675 2694 1731 Cur
2723 1687 2895 1731 autem
2952 1677 3112 1731 Jacoh
3156 1695 3339 1732 omnes

1789 1783 1921 1838 quos
1967 1768 2147 1840 genuit
2192 1769 2259 1823 de
2305 1769 2451 1822 libris
2496 1778 2548 1821 et
2575 1770 2777 1822 ancillis
2826 1769 3096 1837 mqualiter
3126 1768 3340 1820 honori-

1792 1858 2000 1922 ﬁcavit,
2054 1858 2152 1912 nisi
2209 1869 2263 1911 ut
2316 1859 2616 1912 03teoderet
2690 1859 2828 1920 quod
2883 1860 3132 1912 Dominus
3186 1857 3340 1911 Jesus

1789 1947 2033 2000 Christus
2060 1948 2305 2000 omnibus
2332 1947 2574 2016 gentibus
2605 1962 2761 2015 regna
2786 1947 3036 2000 caelorum
3068 1947 3338 2012 aequaliter

1791 2032 1996 2085 tribuit?
2043 2032 2155 2086 Non
2207 2035 2346 2085 enim
2393 2034 2657 2086 di~tinctio
2706 2033 2954 2086 Jttdzeisa
2985 2032 3199 2094 Gra'cis,
3250 2039 3341 2084 aut

1790 2135 1992 2186 servus,
2024 2130 2113 2172 aut
2146 2121 2300 2184 liber,
2329 2121 2449 2187 quia
2481 2124 2532 2172 in
2559 2121 2805 2173 omnibus
2827 2121 3087 2173 Christus.

144 2363 3332 2388 Mm

609 2487 1242 2568 EXPLANATIO
1303 2487 1408 2564 IN
1471 2485 2015 2564 SECUNDUM
2077 2488 2461 2563 LIBRUM
2524 2489 2871 2589 MOSIS,

752 2665 874 2741 Qui
914 2662 1212 2722 Ilebraice
1241 2664 1737 2733 Vauttseuorn,
1775 2657 1978 2718 (ἲν-ωσι
2007 2669 2205 2718 autem
2237 2662 2492 2721 Exortus
2532 2665 2788 2742 dicitur.

628 2827 848 2881 CAPUT
889 2823 1171 2880 PRIMUM.

202 2924 321 2978 "ire
364 2931 480 2976 sunt
514 2918 719 2972 nomina
762 2917 987 2984 ﬁliorum
1029 2912 1210 2966 Israel.
1256 2911 1377 2963 "me
1419 2909 1677 2963 sententia

1791 2820 1942 2872 randi
1976 2822 2302 2890 intelligitur.
2357 2825 2588 2890 Quatuor
2617 2816 2760 2883 enim
2804 2833 3075 2888 Ordinibus
3107 2842 3331 2904 patriar-

1784 2911 1898 2964 cha:
1927 2925 2285 2968 numerantur.
2312 2916 2506 2978 Primo,
2536 2920 2835 2979 nativitatis.
2859 2933 2913 2976 ιιι
2934 2927 2983 2975 in
3009 2924 3218 2988 Genesi.
3244 2931 3331 2983 ubi

123 3017 307 3073 l-‘stlrm
335 3013 603 3084 prophetas
627 3010 694 3062 ab
720 3007 976 3076 aliquibus
1007 3004 1196 3058 dicitur
1240 3016 1406 3071 usque
1436 2999 1593 3063 LXX,
1627 3008 1680 3054 et
1708 3026 1753 3089 ρ
1786 3002 1998 3056 illorum
2051 3004 2292 3057 nativilns
2323 3017 2589 3063 narratur.
2637 3008 2902 3075 Secundo,
2937 3014 3329 3069 benedictionis.

124 3105 444 3174 principium
471 3097 782 3155 voluminis:
809 3094 997 3163 Ioseph
1020 3102 1188 3146 autem
1225 3102 1355 3158 erat,
1382 3101 1433 3144 et
1461 3089 1679 3157 reliqua.

126 3198 192 3251 Et
221 3194 403 3248 titulus
449 3187 609 3258 hujus
651 3184 932 3242 voluminis
979 3182 1194 3250 loseph,
1224 3179 1361 3248 quod
1388 3178 1517 3232 dicit
1546 3195 1558 3229 :
1610 3176 1686 3230 De

125 3284 357 3355 Ᾰζῃνριο
400 3297 518 3335 rasa
553 3293 729 3341 aurea,
769 3289 934 3343 usque
967 3273 1132 3327 Moses
1167 3272 1425 3343 jejunavit
1465 3271 1687 3338 quadra-

123 3382 264 3445 ginta
285 3375 389 3426 dies
410 3383 458 3426 et
475 3367 810 3440 quadraginta
832 3375 1017 3419 noctes.
1051 3362 1259 3418 Titulus
1284 3368 1458 3414 autem
1489 3359 1574 3413 hic
1601 3374 1682 3412 rae

124 3468 212 3519 dix
266 3463 414 3518 verbi
470 3467 647 3530 petest
692 3458 815 3513 dici.
883 3455 1109 3511 Verbum
1163 3463 1379 3514 autem,
1438 3451 1682 3503 Volnuten

124 3568 294 3622 usque
321 3553 384 3604 ad
415 3551 598 3604 ﬁnem.
644 3547 754 3605 Mos
780 3553 861 3599 est
892 3543 1179 3610 Scriptura:
1225 3539 1419 3593 divina:
1449 3537 1680 3622 radicem

125 3621 269 3696 verbi
319 3641 555 3707 plantare
600 3644 879 3702 antequam
922 3630 1117 3686 iudicat
1165 3626 1441 3701 mysteria:
1520 3621 1684 3676 Jacttb

125 3733 284 3784 etiam
317 3728 542 3782 ﬁliorum
585 3737 797 3778 suorum
831 3720 1026 3775 dicitur
1051 3717 1196 3771 radis
1248 3714 1446 3780 ﬁliique
1475 3711 1677 3782 plebis:

125 3826 200 3878 sic
226 3821 471 3876 Christus
498 3815 856 3886 apostolorum
883 3809 1028 3864 radis
1057 3817 1158 3875 est,
1208 3803 1538 3872 apostoliquo
1567 3816 1682 3854 out-

127 3917 270 3969 nium
301 3910 646 3967 credentium.
677 3906 797 3960 llaec
826 3913 1001 3957 autem
1031 3897 1285 3954 sententia
1315 3893 1680 3961 Evangelicam

127 4004 441 4061 sententiam
471 3995 750 4068 signiﬁcat,
779 4008 882 4062 qua
906 3990 1100 4046 dicitur
1124 4006 1135 4039 :
1171 3985 1296 4040 "ac
1333 3991 1451 4037 sunt
1480 3981 1684 4068 nomina

126 4093 391 4148 duodecim
424 4066 784 4160 apostolorum.
825 4083 928 4137 Sed
961 4080 1074 4132 haec
1098 4085 1179 4131 est
1206 4087 1438 4140 praesens
1482 4066 1682 4134 rerapi-

131 4185 302 4238 tulata
328 4179 612 4244 sententia,
641 4189 759 4245 qua:
789 4173 839 4227 iu
872 4169 1063 4225 Genesi
1107 4165 1368 4220 nominata
1397 4169 1537 4222 sunt,
1567 4172 1683 4226 qure

130 4287 268 4327 nunc
297 4269 382 4324 hic
403 4266 764 4321 nominantur.
808 4262 936 4327 Qum
963 4255 1255 4311 dominatio
1283 4254 1334 4304 in
1365 4248 1577 4310 Genesi,
1629 4257 1682 4301 et

1784 3093 1986 3159 Tertio,
2023 3094 2322 3161 libertatis,
2370 3107 2426 3150 ut
2486 3113 2605 3167 erga
2660 3101 3049 3159 Ialwrnaeolont
3101 3104 3328 3160 fuerunt.

1784 3182 2005 3249 Quarto,
2036 3186 2320 3248 narrando,
2368 3198 2422 3240 ut
2452 3189 2534 3242 hic
2579 3189 2629 3242 in
2663 3192 2862 3253 Exodo,
2895 3193 2978 3261 qui
3013 3207 3118 3249 tres
3149 3211 3334 3263 supra-

1784 3271 1952 3326 dictus
2007 3291 2110 3328 non
2160 3278 2429 3331 observat.
2484 3281 2580 3345 Qui
2627 3282 2786 3334 etiam
2819 3283 3034 3337 ordines
3080 3285 3334 3347 apostolis

1783 3366 2100 3419 conveniunt
2129 3385 2140 3418 :
2194 3368 2385 3434 primo,
2418 3369 2729 3429 nativitatis,
2784 3372 2831 3422 id
2858 3384 2934 3424 est
2966 3375 3253 3427 vocationis
3300 3393 3329 3426 ει

1784 3451 2014 3512 Christo,
2047 3462 2099 3503 ut
2135 3452 2317 3504 Petrus
2347 3465 2394 3506 et
2431 3455 2686 3510 Andreas.
2740 3457 3005 3522 Secundo,
3055 3461 3329 3526 libertatis,

1762 3547 1837 3589 ,ιιι
1864 3539 1929 3591 de
1961 3538 2116 3591 Petro
2141 3540 2363 3594 dicitur:
2401 3541 2474 3594 Tn
2494 3559 2545 3595 es
2581 3542 2782 3611 Petrus,
2819 3558 2861 3598 et
2891 3565 3038 3615 super
3080 3551 3209 3603 hanc
3245 3567 3334 3618 pe-

1784 3636 1914 3679 tram
1943 3628 2206 3693 adiﬁcabo
2241 3628 2515 3683 Ecclesium
2545 3650 2728 3686 mnam.
2782 3635 2982 3700 Tertio,
3019 3639 3334 3694 benedictio-

1785 3716 1885 3778 nis.
1918 3726 1975 3769 ut
2004 3715 2189 3771 Joanni
2220 3719 2270 3771 in
2304 3721 2556 3787 praemiis.
2605 3722 2825 3788 Quarto,
2860 3726 3124 3791 narrandi,
3160 3727 3208 3779 id
3253 3735 3335 3781 est

1784 3807 2262 3876 quomodoeunque
2300 3812 2622 3863 contmistim
2668 3824 3026 3866 numerantur.
3077 3817 3222 3880 Quod
3246 3831 3334 3869 au-

1786 3908 1892 3952 tem
1920 3897 2045 3952 dicit
2078 3918 2090 3952 :
2117 3899 2322 3970 Singuli
2371 3916 2483 3953 cum
2511 3903 2742 3955 dentibus
2768 3905 2872 3955 suis
2904 3949 2917 3966 ,
2975 3920 3068 3972 pro
3095 3907 3333 3959 animan-

1791 3989 1929 4041 tibus
1973 3988 2369 4055 intelligendum
2400 3997 2501 4050 est,
2554 3991 2666 4042 sive
2716 4005 2809 4056 pro
2841 3992 2966 4042 viris
2996 4008 3055 4044 ac
3100 3995 3332 4045 mulieri-

1789 4078 1906 4138 bus.
1940 4077 2077 4144 quod
2113 4078 2349 4146 mystice.
2385 4079 2664 4144 Apostolus
2707 4093 2823 4128 runt
2857 4078 3103 4130 Each-siis
3130 4081 3239 4134 suis
3263 4082 3334 4132 si-

1784 4166 2035 4234 gniﬁcare
2077 4163 2285 4218 dicitur.
2336 4164 2589 4232 Quodque
2633 4164 2828 4217 dicitur
2863 4181 2874 4213 :
2905 4164 3216 4217 Introierunt
3263 4173 3329 4220 ml

1784 4257 2104 4322 angustiam,
2154 4254 2441 4308 secundum
2489 4253 2617 4306 alios
2646 4253 2888 4321 pertinet,
2938 4261 2992 4306 ut
3033 4266 3107 4307 erit
3145 4272 3156 4306 :
3209 4253 3330 4308 Post

133 4364 217 4417 hic
244 4361 298 4415 in
319 4357 501 4411 Exodo
526 4353 787 4422 signiﬁcat
817 4347 1089 4404 duodecim
1112 4343 1393 4414 prophetas
1419 4340 1470 4392 in
1496 4337 1680 4400 veteri,

1789 4347 1975 4398 multas
2005 4345 2368 4398 tribulationes
2415 4354 2623 4408 oportet
2658 4358 2753 4396 nos
2786 4344 3003 4397 introire
3031 4344 3080 4397 in
3109 4360 3324 4414 regnum

132 4465 183 4508 et
210 4447 490 4504 duodecim
533 4441 801 4511 apostolos
829 4440 882 4493 in
910 4451 1047 4493 novo
1075 4435 1440 4488 Testamento.
1483 4427 1684 4481 idcirco

135 4557 260 4599 vero
283 4538 373 4594 lilii
395 4534 554 4592 lsrael
571 4533 656 4586 hic
677 4532 844 4600 primo
863 4529 1110 4583 dicuntur
1129 4535 1250 4579 ante
1276 4536 1426 4577 suum
1457 4529 1680 4586 pztlretlt,

135 4635 255 4705 quia
287 4630 394 4686 illis
423 4625 573 4697 plebs
599 4621 814 4692 propior
838 4620 937 4673 erit
961 4632 1117 4689 quam
1147 4615 1326 4670 Israel.
1380 4611 1473 4665 llic
1510 4619 1682 4663 autem

137 4699 268 4779 liber
296 4719 416 4774 vita:
443 4715 544 4771 dici
573 4718 764 4781 potest,
816 4720 920 4777 quo
948 4706 1104 4760 etiam
1131 4712 1272 4757 totus
1302 4715 1473 4755 canon
1505 4699 1684 4752 vocari

72 4850 80 4853 —
140 4810 395 4870 vocabulo
435 4805 659 4866 dicitur,
707 4810 927 4870 quorum
974 4793 1188 4848 nomina
1238 4792 1434 4859 scripta
1480 4799 1603 4843 sunt
1632 4788 1684 4841 itt

141 4906 274 4960 libro
297 4905 435 4956 Viue.
463 4894 610 4964 Quod
647 4888 957 4962 patriarchis
983 4885 1036 4939 in
1070 4885 1451 4950 Pentateucho,
1480 4891 1532 4937 et
1561 4895 1689 4949 apo-

141 4991 293 5048 stolis
319 4992 370 5042 in
401 4984 702 5055 Evangelio.
736 4976 891 5034 l~rael
938 4981 1114 5027 autem
1155 4974 1233 5025 vir
1263 4970 1434 5031 fortis,
1465 4969 1602 5037 quod
1634 4970 1684 5023 in

146 5085 225 5139 his
246 5079 439 5150 quibus
467 5077 569 5130 hoc
595 5071 878 5128 convenire
924 5065 1132 5125 dicitur,
1182 5061 1232 5114 id
1263 5071 1343 5114 est
1392 5058 1684 5150 nativitate,

145 5171 224 5228 vel
248 5169 302 5224 in
330 5163 706 5234 primogenitis,
752 5169 808 5215 et
833 5159 887 5212 in
914 5150 1389 5210 benedictionibus,
1417 5149 1685 5202 Christum

147 5259 400 5333 signiﬁcat
425 5251 478 5307 in
524 5251 910 5307 resurrectione
935 5247 1143 5310 fortem,
1191 5251 1245 5294 et
1287 5239 1553 5333 vincendo
1574 5239 1689 5292 dia-

151 5329 324 5409 bolum
351 5349 404 5402 in
433 5343 599 5398 tribus
642 5341 1034 5399 tentationibus.
1085 5345 1137 5390 et
1181 5332 1444 5387 solutione
1471 5329 1685 5384 inferni.

155 5441 340 5510 Ioseph
366 5448 493 5492 vero
533 5433 586 5486 in
613 5429 899 5500 Egyptum
928 5430 992 5486 ad
1038 5425 1198 5483 Jacob
1245 5438 1364 5476 cum
1413 5421 1534 5474 (iliis
1580 5419 1692 5474 suis

154 5532 412 5587 Christum
441 5520 703 5597 signiﬁcat
729 5521 1002 5587 apostolos
1028 5533 1151 5574 suos
1179 5517 1230 5570 in
1274 5515 1412 5567 hunc
1439 5510 1690 5563 mundum

160 5621 532 5691 Γτωοιιιοιιιεε.
580 5612 623 5670 Δ
655 5607 836 5666 [iuben
867 5624 990 5664 vero
1029 5621 1192 5678 usque
1224 5607 1373 5667 Asar,
1403 5598 1532 5655 ordo
1565 5615 1688 5653 nar-

1787 4435 1898 4488 Dei.
1931 4434 2051 4488 Post
2076 4433 2308 4488 omnium
2341 4434 2473 4488 LXX
2519 4434 2708 4486 anima:
2755 4448 2874 4486 cum
2906 4433 3069 4487 Jacob
3111 4436 3329 4490 introieo

1788 4538 1911 4582 runt
1954 4525 2351 4595 in'A‘Igyptum,
2398 4524 2725 4591 septuaginta
2771 4523 3098 4591 discipuliad
3148 4527 3333 4590 praedi-

1785 4616 2010 4668 candum
2040 4614 2256 4667 verbum
2290 4612 2377 4664 Dei
2430 4613 2479 4662 in
2523 4620 2686 4662 totum
2736 4611 2987 4664 mundum
3036 4613 3328 4667 mittuntur.

1787 4707 1988 4760 Anima:
2038 4712 2211 4756 autem
2261 4699 2603 4754 descendisse
2645 4700 2924 4764 dicuntur,
2971 4701 3228 4769 siquidem
3277 4703 3332 4758 iu

1787 4812 1882 4852 usu
1910 4804 1991 4849 est
2019 4794 2220 4847 animas
2269 4805 2363 4858 pro
2413 4790 2712 4842 hominibus
2759 4791 3033 4858 appellari.
3070 4793 3182 4845 Istae
3211 4804 3333 4847 sunt

1785 4885 1970 4937 animm
2001 4895 2116 4948 qu:e
2166 4891 2389 4946 egressae
2422 4887 2543 4930 sunt
2591 4877 2655 4931 de
2686 4876 2974 4932 lenioribus
3004 4879 3188 4934 Jacoh.
3220 4881 3328 4949 Ego

1789 4988 1893 5026 non
1957 4981 2082 5040 puto
2133 4967 2270 5034 quod
2314 4966 2536 5031 quilibet
2580 4968 2742 5034 possit
2792 4968 3059 5020 hominum
3101 4970 3327 5020 animam

1787 5067 2020 5133 gignere,
2050 5059 2144 5112 nisi
2176 5057 2292 5123 quis
2319 5057 2452 5112 forte
2480 5059 2597 5111 talis
2629 5058 2716 5124 sit,
2749 5060 2917 5123 qualis
2949 5059 3035 5112 ille
3062 5059 3145 5125 qoi
3170 5058 3327 5111 dicit:

1793 5154 1924 5206 Nam
1956 5152 2006 5203 in
2036 5146 2232 5201 Christo
2258 5145 2380 5199 Jesu
2411 5163 2497 5215 per
2538 5146 2866 5216 Eeangelinm
2908 5163 2995 5217 ego
3035 5161 3118 5198 nos
3156 5147 3326 5212 genui.

1788 5243 1942 5295 Tales
1971 5246 2092 5291 sunt
2135 5238 2221 5303 qui
2269 5247 2526 5304 generant
2563 5238 2765 5288 animas
2805 5236 2939 5287 sicut
2988 5235 3109 5287 alibi
3159 5235 3326 5288 dicit:

1792 5330 1967 5385 Filioli
1988 5328 2104 5388 mei,
2133 5341 2256 5392 quos
2287 5328 2465 5379 iterum
2495 5326 2740 5392 parturio,
2768 5324 2925 5375 donec
2950 5323 3169 5376 Christus
3217 5326 3328 5392 for-

1791 5428 1952 5472 metur
1998 5418 2052 5469 iu
2083 5416 2236 5468 rubis.
2291 5415 2393 5468 Alii
2441 5415 2580 5468 enim
2630 5411 2923 5480 Itujusmodi
2973 5413 3330 5480 genetationis

1791 5521 1969 5564 curam
2019 5512 2108 5557 aut
2151 5505 2356 5569 nolunt,
2403 5513 2492 5556 aut
2544 5510 2805 5568 nequeunt
2838 5503 3048 5556 habere.
3100 5502 3332 5567 Denique

1795 5597 1957 5655 Adam
1986 5595 2060 5651 sic
2107 5593 2265 5649 dicit:
2303 5594 2372 5649 0s
2403 5597 2464 5648 de
2493 5592 2681 5648 assibus
2709 5592 2849 5658 meis,
2873 5600 2919 5645 et
2945 5608 3060 5645 caro
3100 5594 3161 5644 de
3182 5609 3331 5646 carne
