3872 6262
493 392 593 452 art
971 386 1176 446 usum
1213 383 1658 442 vsusnsmus
1693 356 1970 438 ursnut't
2012 373 2116 431 P‘Al

2223 376 2286 434 ll.
2324 409 2392 422 —
2433 377 2816 434 EXECETICA
2855 375 3177 434 GENUINA.
3587 375 3693 434 ﬁ.

493 523 622 574 iure,
651 517 829 562 etnon
868 504 1042 558 stultus
1072 515 1227 565 utea;
1273 501 1366 554 sed
1395 512 1488 568 per
1517 499 1616 552 hoc
1645 495 1872 559 videtur,
1900 507 2015 562 quas
2038 489 2091 548 Δ
2119 491 2425 560 perditionis
2469 501 2569 548 est.
2602 493 2665 547 ει
2705 491 2806 547 alia
2831 491 3016 546 civitas
3055 492 3340 548 commotio
3373 493 3538 550 tineae
3565 507 3645 550 est
3674 511 3692 548 :

499 595 565 650 de
594 603 731 648 terra
780 601 922 658 sunt,
967 605 1060 645 sua
1087 603 1206 643 esse
1235 587 1464 656 proﬁteri
1497 603 1510 638 :
1544 601 1646 639 non
1695 583 1888 637 audere
1911 596 2038 636 vero
2133 581 2222 652 qui
2247 581 2386 638 enim
2425 590 2712 651 sequuntur
2755 581 2906 648 illud,
2939 583 3008 638 ibi
3035 594 3366 655 congregant
3401 584 3690 641 thesaurus

503 685 678 738 dicere
706 697 798 738 sua
826 695 962 745 esse,
1006 693 1121 748 quat
1161 680 1260 731 scit
1285 665 1366 731 de
1390 683 1527 728 terra
1559 688 1663 726 nun
1691 684 1828 726 esse.
1858 670 1961 724 Sed
1986 679 2041 724 et
2139 662 2282 737 suos,
2324 671 2412 726 ubi
2462 674 2599 726 tinea
2648 670 2957 736 demolitur,
2987 680 3042 726 et
3086 673 3228 728 fures
3278 673 3570 730 edodiunt.
3597 673 3700 730 Sed

503 772 680 826 Laban
708 784 737 821 a
765 767 976 822 diabolo
999 767 1075 820 sic
1099 764 1220 819 dicit
1250 781 1263 816 :
1293 763 1544 828 ριιοιιὶσιιι
1586 776 1644 814 os
1669 766 1898 812 meumst
1923 773 2042 811 cura
2140 760 2240 816 etsi
2262 774 2358 814 nos
2389 759 2444 814 in
2486 759 2628 812 omni
2657 760 2975 815 conscientia
3005 762 3198 830 gratias
3224 764 3449 831 agimus,
3485 762 3624 817 dicit
3649 776 3705 818 et

504 874 614 912 utea
639 869 733 920 est,
761 856 981 923 amplius
1007 867 1110 906 non
1136 849 1359 917 addidit,
1388 849 1488 901 nisi
1511 848 1649 914 quod
1681 855 1894 901 terrena
1923 859 2048 899 con-
2092 900 2109 924 .
2143 849 2212 903 de
2253 848 2402 919 nobis
2427 865 2452 900 :-
2473 846 2600 901 Filii
2618 845 2781 902 Israel
2804 852 3172 912 praealuerunt
3212 853 3362 907 nimia
3391 870 3552 918 super
3579 839 3701 906 nos.

508 944 831 1013 sanguinitas
857 940 1115 1010 agnoscit.
1163 937 1278 990 Alia
1322 945 1402 990 est
1430 936 1725 988 animarum
1755 932 2046 1002 generatio.
2094 923 2097 924 ⁷
2149 936 2259 991 Hoc
2304 938 2442 1005 quod
2493 937 2620 991 dicit
2647 953 2659 989 :
2686 935 2769 993 Ne
2815 923 2948 1008 forte
2995 942 3343 1011 adjungantur
3391 944 3705 996 aduersariis

509 1052 627 1105 qua:
655 1036 736 1088 vel
764 1033 926 1088 Iacob
950 1028 1285 1084 descendenti
1315 1027 1366 1080 in
1390 1026 1677 1095 Egyptum
1701 1024 1948 1083 sociatur.
1969 1019 2052 1073 vel
2148 1028 2352 1090 nostris.
2392 1027 2735 1094 signillcatur,
2794 1028 2930 1097 quod
2951 1028 2994 1083 si
3035 1028 3314 1099 iungamur
3340 1032 3709 1100 praedicatori-

513 1124 722 1177 etoterls
743 1122 939 1175 sanctis
966 1120 1062 1172 sub
1089 1115 1487 1171 enumeratione
1519 1113 1754 1182 mysticae
1782 1112 2054 1177 posterita-
2150 1113 2247 1168 bus
2263 1115 2511 1181 veritatis,
2540 1115 2910 1183 prmvaluimus
2931 1131 3086 1184 super
3112 1117 3284 1183 illum,
3315 1129 3366 1173 et
3389 1121 3710 1188 peregrinus

515 1211 905 1266 tisascribitur.
958 1209 1161 1262 Mortuo
1188 1216 1351 1258 autent
1391 1203 1600 1272 Ioseph,
1644 1203 1740 1270 ﬁlii
1758 1199 1928 1253 Israel
1950 1215 2055 1253 crs.
2152 1200 2220 1254 de
2275 1211 2411 1257 terra
2461 1217 2576 1266 sua,
2623 1202 2952 1269 dcponentes
3003 1211 3232 1260 veterem
3269 1206 3540 1261 hominem
3576 1220 3708 1261 cum

516 1312 693 1358 serunt
737 1313 783 1355 et
817 1300 1130 1353 incaluerant
1163 1297 1330 1348 nimis.
1365 1294 1640 1362 Postquam
1682 1306 1836 1345 verus
1860 1288 2053 1354 Ioseph
2155 1290 2377 1353 actibus,
2433 1291 2513 1343 vel
2566 1289 2923 1357 relinquentes
2964 1291 3244 1360 imaginem
3289 1294 3446 1362 hujus
3507 1296 3714 1351 rerum

521 1411 616 1462 pro
641 1393 882 1457 omnibus
903 1388 1131 1458 gustavit
1158 1395 1402 1449 mortem,
1434 1383 1808 1449 multiplicatus
1833 1386 1913 1432 est
1943 1376 2063 1430 lide-
2158 1377 2407 1444 homiuis,
2436 1387 2521 1433 “et
2569 1377 2846 1434 induentes
2903 1378 3176 1449 imaginem
3234 1382 3388 1452 hujus
3443 1385 3710 1441 celestis.

523 1483 649 1536 lium
682 1482 925 1550 populus.
954 1478 1060 1532 Nisi
1093 1477 1232 1530 enim
1254 1489 1468 1544 granum
1491 1469 1742 1525 l’rtnuenti
1786 1467 2063 1522 cecidisset
2159 1466 2261 1521 Alii
2302 1467 2477 1520 dicunt
2531 1482 2625 1536 per
2654 1467 3006 1532 adversarios,
3056 1469 3250 1536 quibus
3289 1469 3465 1523 timuit
3507 1472 3716 1526 Pharao

527 1580 580 1629 e‘t
631 1583 893 1626 mortuum
940 1568 1165 1628 luisset.
1211 1579 1313 1619 non
1355 1565 1529 1631 utique
1560 1559 1790 1615 Ecclesia
1837 1556 2062 1610 tractum
2164 1557 2323 1612 Israel
2372 1556 2641 1628 conjungi,
2691 1558 2938 1611 mandata
2983 1559 3291 1625 pertinentia
3335 1560 3402 1614 ad
3440 1559 3716 1628 Christum

532 1648 810 1730 plurimum
844 1656 1165 1723 protulisset.
1205 1651 1468 1708 Moraliter
1511 1664 1718 1720 quoque
1745 1658 1797 1702 et
1827 1646 1880 1700 in
1911 1654 1982 1711 te,
2018 1644 2065 1697 si
2167 1647 2404 1713 intelligi.
2439 1644 2507 1698 Et
2537 1646 2853 1714 egrediantur
2889 1648 2952 1700 de
2975 1655 3108 1700 terra
3134 1663 3156 1702 :
3186 1649 3237 1703 id
3264 1658 3368 1713 est,
3411 1662 3574 1705 erunt
3606 1651 3721 1706 sine

537 1749 789 1802 moriatur
817 1745 1034 1811 Ioseph,
1077 1743 1121 1797 si
1152 1740 1602 1796 mortiﬁcationem
1626 1735 1817 1792 Christi
1845 1738 1898 1787 in
1948 1747 2068 1786 cor-
2103 1794 2147 1811 n
2171 1735 2420 1788 servitute
2461 1732 2842 1804 Egyptiorum.
2887 1735 2950 1789 Et
2977 1736 3078 1790 hoc
3106 1734 3159 1792 in
3189 1740 3430 1805 presenti
3473 1740 3722 1796 diabolus

534 1851 659 1904 pore
691 1844 780 1888 tuo
825 1833 1110 1898 suscipias,
1153 1841 1206 1886 et
1253 1827 1541 1882 mortinces
1588 1825 1881 1880 membrum
1928 1832 2071 1874 tuum
2102 1794 2148 1854 Β
2177 1820 2343 1890 timet,
2387 1837 2455 1877 ne
2481 1823 2812 1891 egrediantur
2837 1823 2904 1880 de
2949 1833 3085 1880 terra
3115 1831 3354 1895 corporis
3381 1830 3489 1894 sui,
3538 1830 3604 1884 si-
3620 1847 3724 1885 nou

537 1935 770 1994 peccato,
805 1931 926 1976 tunc
953 1921 1008 1976 in
1032 1930 1082 1974 te
1108 1917 1519 1986 multiplicantur
1550 1915 1641 1968 lilii
1673 1913 1851 1978 Israel,
1881 1911 1932 1965 id
1970 1920 2073 1974 est,
2173 1913 2408 1968 serviant
2440 1916 2665 1983 peccatis
2693 1924 2746 1970 et
2773 1915 2932 1970 vitiis.
2966 1916 3065 1971 Per
3111 1919 3389 1988 magistros
3415 1935 3561 1989 quos
3593 1937 3725 1988 ιιι-ετ

539 2028 724 2068 sensus
763 2010 884 2064 boni
913 2020 966 2064 et
992 2008 1309 2076 spirituales.
1357 2002 1601 2071 Quotidie
1641 2000 1781 2056 enim
1808 1997 2079 2052 morienti-
2175 2003 2349 2071 posuit
2386 2002 2590 2057 Pharao
2636 2003 2755 2059 liliis
2799 2005 2976 2074 lsrael,
3027 2006 3257 2079 haeretici
3291 2007 3728 2065 demonsuantar

538 2106 635 2158 bus
682 2103 822 2156 vitiis
868 2101 919 2153 iu
971 2110 1022 2152 te
1070 2099 1318 2151 virtutum
1369 2107 1620 2149 numerus
1647 2101 1885 2160 augetur.
1940 2088 2004 2141 Et
2027 2087 2079 2141 in
2179 2093 2443 2161 praepositi
2496 2107 2526 2145 a
2575 2093 2780 2148 diabolo
2826 2109 2922 2149 sua
2979 2086 3345 2163 ratioratio‘ac,
3405 2107 3462 2150 ιιι
3513 2109 3728 2153 sanctos

547 2205 683 2246 terra
715 2189 1090 2258 multiplicatis.
1136 2188 1189 2240 in
1232 2195 1316 2239 tua
1364 2185 1566 2238 scilicet
1592 2196 1774 2245 carne,
1808 2193 1899 2245 per
1926 2192 2080 2244 quam
2176 2180 2412 2251 afﬂigant
2459 2183 2710 2238 oneribus
2769 2194 3125 2252 peccatorum.
3178 2185 3271 2240 γει
3329 2187 3629 2253 moraliter,
3677 2197 3729 2241 ut

543 2283 759 2332 virtutes
781 2275 1231 2332 administrantur.
1252 2263 1498 2339 Sequitur
1523 2288 1536 2323 :
1565 2268 1800 2324 Surrexit
1819 2267 1952 2320 alius
1971 2282 2079 2320 rex.
2109 2311 2116 2317 .
2184 2285 2342 2339 supra
2374 2271 2605 2325 breviter
2631 2272 2990 2339 exposuimus,
3038 2274 3160 2328 mali
3189 2288 3372 2332 nam;
3403 2277 3579 2332 δοηος
3612 2292 3729 2344 ραι.

548 2367 720 2419 Primo
761 2362 1034 2416 videndum
1060 2369 1143 2416 est
1183 2362 1300 2430 quis
1329 2363 1425 2414 iste
1469 2373 1582 2420 res,
1631 2357 1718 2426 qui
1768 2357 1969 2410 sciebat
1995 2353 2086 2407 Io-
2181 2358 2481 2412 vertendos.
2503 2358 2757 2426 Quodque
2781 2360 3005 2413 dicitur:
3032 2360 3230 2426 Quanto
3249 2366 3568 2433 opprimebat
3595 2368 3728 2428 illos.

544 2453 696 2522 Seplt,
745 2461 801 2508 et
826 2453 941 2518 quis
966 2461 1048 2506 est
1087 2451 1174 2518 qui
1219 2449 1506 2505 nesciebat.
1558 2445 1797 2512 Quandiu
1826 2457 1951 2524 ergo
1995 2454 2087 2496 rex
2186 2452 2326 2496 tanto
2390 2445 2551 2512 magis
2615 2445 3094 2514 multiplicabuntur,
3168 2449 3429 2519 signiﬁcat
3475 2462 3731 2516 sanctos.

545 2554 740 2607 noster,
770 2543 824 2595 id
863 2550 946 2597 est
970 2542 1182 2610 spiritus
1207 2539 1398 2592 mentis
1424 2537 1590 2590 nostri
1614 2543 1753 2589 tenet
1780 2534 2092 2588 memoriam
2185 2543 2382 2603 quanto
2411 2548 2441 2586 a
2466 2534 2679 2588 diabolo
2709 2534 2975 2602 patiuntur
3004 2538 3338 2602 tentationes,
3391 2548 3540 2593 tanto
3570 2543 3733 2612 magis

551 2631 770 2697 Ioseph,
801 2630 853 2683 id
879 2637 981 2696 est,
1005 2627 1220 2682 Christi.
1245 2626 1408 2693 llujus
1436 2626 1575 2680 enim
1625 2620 1865 2676 meminit
1911 2636 2004 2675 rex
2037 2620 2088 2674 iu
2186 2636 2217 2676 a
2246 2622 2456 2677 Christo
2481 2623 2750 2677 abundant
2777 2623 3026 2689 praemiis.
3053 2625 3530 2694 Ilultiplicabantur
3561 2641 3732 2685 aula

547 2723 794 2791 ll-‘gypto,
829 2719 877 2773 id
907 2728 989 2774 est
1013 2718 1226 2787 spiritus
1270 2730 1450 2771 noster
1477 2716 1530 2769 in
1560 2729 1720 2769 carne
1747 2721 1948 2775 nostra,
1976 2726 2093 2779 quas
2190 2725 2309 2765 cum
2337 2709 2403 2764 ad
2446 2721 2654 2765 sanctos
2680 2710 2923 2775 refertur,
2951 2713 3018 2766 ad
3051 2714 3206 2768 tidem
3235 2717 3484 2782 pertinet.
3513 2718 3737 2775 Cresco-

550 2811 807 2881 Aﬂgyptus
837 2825 938 2864 non
965 2809 1396 2864 inconvenienter
1433 2807 1647 2859 dicitur.
1692 2799 1805 2857 Non
1845 2802 2094 2869 alliigun-
2191 2797 2320 2852 baut
2346 2802 2521 2852 autem
2560 2797 2624 2852 ad
2651 2813 2784 2867 opus
2808 2800 2900 2854 luti
2925 2812 2978 2856 et
3007 2802 3201 2868 lateris,
3229 2804 3280 2858 id
3305 2816 3406 2870 est,
3438 2807 3588 2863 vitiis
3623 2823 3738 2863 eor-

551 2914 634 2954 tnr
665 2902 753 2953 lilii
784 2900 964 2960 Israel,
1015 2898 1352 2952 rationabiles
1382 2896 1586 2949 scilicet
1627 2906 1816 2948 sensus
1862 2893 1944 2947 vel
1989 2894 2098 2945 vir-

559 2997 716 3052 tutes,
750 3001 845 3040 nec
878 2986 989 3039 luto
1017 2993 1072 3040 et
1115 2985 1276 3039 latere
1305 2993 1704 3049 consumuntur,
1737 2983 1960 3038 terrenis
1987 2982 2098 3035 sci-

2194 2886 2338 2954 poris
2366 2897 2420 2941 et
2443 2888 2654 2942 animae.
2688 2887 3010 2944 Disitauteut
3028 2906 3120 2945 rex
3144 2891 3360 2964 ﬂggpti
3391 2894 3734 2950 obstetricibus

2195 2979 2560 3045 ﬂebrteorutn,
2606 2987 2661 3034 et
2705 2981 2938 3049 reliqua,
2955 2982 3172 3036 Videtur
3210 2983 3422 3052 quidem
3450 2987 3738 3041 secund-

557 3080 680 3133 licet
719 3070 878 3143 curis,
927 3092 1023 3132 nec
1068 3076 1284 3130 masculi
1328 3085 1603 3140 necantur,
1652 3073 1942 3171 operaiarn
1971 3085 2094 3139 per-
2119 3105 2171 3171 ο
2198 3068 2431 3171 historia
2456 3067 2813 3123 narrationem
2841 3079 2981 3124 stare
3000 3085 3102 3148 non
3131 3084 3305 3138 posse.
3334 3073 3487 3140 Quod
3511 3075 3738 3130 dicitur:

562 3169 716 3223 lecta.
763 3167 820 3223 Si
858 3181 984 3221 vero
1030 3180 1218 3221 sensus
1263 3165 1429 3219 nostri
1477 3164 1765 3217 nescierint
1806 3162 2096 3223 Christum,
2118 3161 2170 3228 ι’
2201 3161 2334 3230 Quia
2372 3175 2473 3215 non
2517 3161 2740 3230 fecerunt
2771 3161 3054 3216 obstetrices
3073 3163 3212 3232 quod
3239 3167 3477 3235 mapit
3513 3165 3739 3222 Pisa-ao.

563 3267 686 3309 tunc
712 3255 963 3323 sapientia
1006 3253 1208 3318 carnis,
1257 3266 1373 3319 quat
1426 3250 1637 3305 inimica
1681 3257 1765 3304 est
1810 3247 1940 3312 Deo,
1981 3260 2104 3300 suc-

564 3344 704 3399 cedit
754 3343 803 3397 in
848 3356 1069 3411 regnum
1094 3381 1110 3408 ,
1165 3349 1221 3394 et
1245 3339 1529 3408 alloquitur
1554 3345 1762 3406 gentem
1789 3351 1960 3401 suam,
1987 3349 2105 3389 cor-

567 3443 750 3502 poreas
794 3433 992 3488 scilicet
1042 3431 1334 3498 voluptates
1358 3470 1375 3495 ,
1422 3437 1477 3484 et
1530 3427 1730 3481 vocatis
1778 3425 1998 3480 ducibus
2029 3425 2105 3477 vi-

567 3526 780 3587 tiorum,
829 3523 986 3576 initur
1033 3521 1571 3576 consilium'contra,
1601 3519 1759 3574 israel
1785 3559 1801 3584 ,
1842 3517 2106 3588 quomodo

565 3612 892 3680 opprimatur
951 3626 1109 3677 supra
1163 3611 1318 3664 dictis
1367 3611 1538 3665 malis.
1610 3612 1674 3664 Et
1739 3621 1792 3665 tu
1846 3626 1972 3679 ergo
2017 3611 2104 3679 qui

569 3703 680 3756 hac
725 3701 893 3766 audis,
940 3701 986 3755 si
1035 3709 1151 3768 post
1196 3700 1391 3754 donum
1447 3700 1688 3768 baptismi
1742 3714 1900 3766 opera
1955 3699 2108 3767 hujus

575 3791 751 3846 mundi
799 3791 949 3855 lacis,
979 3791 1110 3845 scito
1137 3790 1252 3858 quia
1281 3790 1509 3843 surrexit
1533 3790 1584 3843 in
1625 3796 1677 3842 te
1714 3788 1847 3842 alius
1873 3803 1991 3852 rex,
2022 3786 2109 3856 qui

571 3882 738 3935 nescit
766 3881 981 3946 Ioseph.
1012 3880 1188 3931 Potest
1215 3893 1421 3945 quoque
1457 3893 1543 3931 res
1569 3876 1806 3947 Egypti,
1825 3876 1916 3944 qui
1943 3878 2112 3931 nescit

577 3969 790 4030 Ioseph,
818 3979 936 4018 esse
962 3961 1219 4022 diabolus.
1251 3964 1338 4031 qui
1368 3963 1498 4017 dixit
1542 3965 1594 4017 in
1626 3965 1784 4017 corde
1811 3978 1912 4017 suo
1943 3981 1956 4015 :
1992 3963 2114 4016 Non

576 4063 649 4108 est
680 4053 832 4107 Deus.
866 4053 994 4117 Quia
1018 4053 1152 4120 genti
1190 4067 1315 4114 aute,
1361 4052 1411 4104 id
1446 4061 1544 4114 est,
1594 4054 1846 4129 apostolis
1891 4052 2112 4118 angelis.

577 4141 963 4213 quodammodo
993 4144 1214 4209 loqmlttr
1240 4157 1260 4195 .'
1289 4140 1420 4195 Ecce
1437 4142 1531 4195 viri
1571 4139 1816 4194 Israelita
1835 4148 2113 4205 creverunt,

578 4235 961 4296 etinvaluerunt
982 4248 1135 4298 supra
1166 4247 1256 4284 nos
1299 4245 1318 4283 :
1352 4231 1402 4284 hi
1429 4230 1650 4290 scilicet.
1693 4228 1780 4296 qui
1812 4237 1987 4282 mente
2017 4229 2119 4280 Do-

580 4325 779 4377 tninum
820 4321 998 4373 videre
1025 4328 1268 4386 possunt.
1298 4318 1492 4371 Deinde
1520 4318 1618 4370 hoc
1645 4318 1809 4370 sensit
1853 4315 2117 4377 diabolus,

2196 3251 2312 3308 Non
2336 3251 2476 3306 enini
2504 3251 2843 3305 inveniuntur.
2868 3265 2973 3306 non
2999 3250 3288 3308 vivilieaase
3329 3252 3582 3322 heminas,
3617 3271 3741 3332 quas

2198 3339 2450 3410 praecipit
2479 3339 2686 3398 Pharao
2731 3338 3003 3394 viviﬁcari.
3033 3337 3104 3393 Et
3141 3340 3187 3395 si
3235 3355 3339 3393 non
3365 3340 3628 3409 iecerunt,
3661 3352 3742 3396 ιιι

2200 3443 2265 3483 es
2327 3415 3122 3496 praceptis'debueruntrsicut
3151 3429 3411 3482 masculos
3459 3426 3742 3492 visiﬂeare,

2202 3523 2382 3570 contra
2412 3522 2730 3586 praeceptum
2775 3513 2952 3582 regis,
2971 3521 3030 3567 ut
3070 3503 3294 3587 {cmiuas
3313 3518 3582 3572 occidere.
3629 3519 3744 3574 ιια

2205 3612 2415 3674 propter
2453 3617 2549 3658 eos
2589 3602 2676 3671 qui
2723 3601 2879 3657 amici
2924 3611 3047 3657 sunt
3078 3603 3290 3670 littera,
3317 3612 3375 3658 et
3415 3620 3524 3660 non
3564 3616 3745 3676 putant

2206 3693 2371 3759 legem
2416 3689 2742 3759 spiritualem
2771 3704 2910 3746 esse.
2957 3689 3314 3761 Spiritualitger
3348 3703 3526 3748 autem
3562 3708 3747 3749 secun-

2205 3781 2329 3834 dum
2371 3780 2601 3844 sensum,
2649 3778 2737 3847 qui
2778 3787 2950 3845 potest
2994 3777 3284 3846 intelligere
3330 3769 3522 3842 Deum,
3547 3789 3604 3834 et
3637 3795 3747 3847 qua

2208 3882 2413 3924 sursum
2442 3874 2566 3919 sunt
2591 3878 2849 3934 quatere,
2893 3864 3005 3918 odit
3031 3861 3234 3917 Pharao
3273 3879 3365 3917 res
3405 3863 3658 3935 ἄζυμα,
3701 3875 3745 3919 et

2213 3959 2352 4008 hunc
2405 3953 2630 4007 interimi
2674 3939 2844 4020 cupit;
2877 3965 3200 4021 quaecunque
3250 3953 3428 4007 carnis
3476 3954 3743 4020 νὶῖίῧατίν

2213 4059 2318 4097 non
2368 4044 2538 4097 solum
2587 4039 2860 4106 viviﬁcari,
2891 4040 2986 4095 sed
3022 4043 3202 4111 augeri
3263 4041 3378 4094 vult
3411 4058 3427 4094 :
3460 4051 3527 4096 ut
3567 4057 3748 4098 omnes

2213 4138 2435 4194 carnalia
2482 4135 2706 4203 sapiant,
2755 4134 2844 4204 qui
2873 4145 3000 4189 sunt
3052 4147 3212 4201 super
3241 4141 3455 4198 ternm,
3507 4144 3561 4189 et
3599 4149 3754 4188 nemo

2216 4227 2281 4278 ad
2351 4226 2625 4279 caelestem
2680 4224 2898 4291 patriam
2968 4220 3151 4275 oculos
3198 4221 3541 4276 elevet.'lste
3579 4232 3747 4275 autem

2221 4316 2422 4370 Pharao
2467 4315 2776 4369 obstetrices
2822 4325 3161 4379 corrumpere
3185 4314 3508 4383 aggreditur,
3537 4327 3751 4382 quarum

580 4413 698 4479 quia
729 4409 877 4461 fortis
927 4408 997 4460 sit
1044 4418 1169 4472 gens
1218 4403 1399 4468 Israel,
1438 4418 1659 4472 namque
1707 4417 1848 4468 saepe
1875 4416 2320 4486 egressuquuna
2350 4402 2584 4471 Sephora
2616 4401 2918 4466 vocabatur,
2969 4412 3087 4466 qua
3115 4398 3489 4474 interpretatur
3534 4397 3755 4470 passer;

581 4507 684 4562 est,
713 4505 926 4561 ctsmpe
970 4501 1244 4560 superatus
1272 4503 1385 4555 est;
1407 4493 1498 4545 sed
1538 4490 1661 4544 illud
1691 4492 1826 4558 quod
1855 4492 2020 4570 timet,
2054 4505 2121 4545 ne
2220 4501 2275 4546 et
2322 4494 2482 4547 altera
2525 4494 2685 4554 Pbua,
2732 4505 2848 4558 qua
2873 4487 3007 4558 apud
3041 4503 3139 4544 nos
3190 4494 3383 4548 rubens
3407 4492 3514 4548 dici
3566 4501 3749 4560 potet.

582 4584 793 4652 quando
821 4582 1026 4636 eveniat
1053 4581 1155 4649 illis
1179 4580 1403 4644 bellum,
1427 4591 1474 4632 et
1497 4578 1784 4648 junguntur
1807 4577 2121 4634 adversariis

589 4659 820 4735 illorum,
865 4681 917 4724 et
967 4670 1188 4724 devictis
1217 4669 1321 4721 illis
1347 4670 1411 4721 de
1455 4678 1597 4722 terra
1647 4683 1737 4720 sua
1777 4666 2119 4721 descendant.

584 4763 824 4819 Ostendit
849 4775 907 4814 se
935 4773 994 4822 ea
1043 4774 1158 4825 quas
1204 4772 1231 4809 a
1278 4757 1585 4824 patriarchis
1638 4767 1691 4810 et
1740 4757 2006 4826 prephetis
2057 4740 2124 4811 de

587 4851 817 4905 adventu
847 4848 1038 4902 Christi
1071 4845 1313 4914 praedicta
1345 4855 1488 4911 sunt,
1521 4847 1890 4913 praesensisse;
1921 4857 1974 4900 et
2004 4847 2125 4902 inde

587 4941 724 4996 scire
751 4937 890 5006 quod
937 4938 1034 4990 sibi
1062 4935 1334 4989 immineat
1376 4936 1583 4989 bellum.
1636 4934 1701 4988 Et
1737 4937 1903 4990 sensit
1941 4946 2127 4990 ventu-

590 5046 728 5096 rum,
778 5028 899 5094 quia
945 5041 1064 5079 cum
1118 5024 1302 5078 tlducia
1351 5025 1638 5091 triumphet
1666 5023 1806 5088 illos,
1863 5033 1918 5077 et
1971 5024 2128 5077 docet

593 5120 747 5174 Israel
777 5116 1037 5171 aediﬁcare
1060 5117 1318 5178 civitates,
1344 5113 1394 5166 id
1426 5123 1506 5167 est
1533 5115 1744 5178 Phitou,
1793 5113 1932 5182 quod
1964 5114 2128 5166 inter-

593 5217 820 5276 pretatur
845 5220 904 5258 os
942 5204 1210 5267 deﬁciens,
1247 5202 1332 5257 vel
1380 5216 1440 5255 os
1466 5203 1661 5270 abyssi.
1714 5204 1775 5257 Et
1802 5202 2126 5263 liammasse.

593 5309 708 5363 quae
760 5295 1132 5360 interpretatur
1161 5291 1445 5346 commotio
1476 5291 1649 5346 tinetc.
1682 5291 1950 5359 EliOpolis,
1972 5290 2023 5341 id
2047 5295 2130 5343 est

595 5385 776 5436 civitas
820 5383 972 5436 solis.
1028 5381 1164 5436 Ecce
1217 5382 1395 5450 quales
1443 5379 1677 5436 civitates
1731 5380 1976 5450 pracepit
2027 5378 2127 5432 sibi

597 5471 841 5523 a-ditlcari
875 5469 1095 5533 Pharao,
1141 5483 1202 5523 os
1237 5471 1523 5534 deliciens;
1575 5481 1628 5524 et
1669 5470 1858 5524 deiecit
1905 5482 2130 5539 namque

599 5575 690 5621 os,
719 5574 834 5612 cum
866 5560 1195 5616 mendacium
1236 5559 1484 5627 loquitur,
1512 5575 1631 5616 cum
1659 5563 1876 5616 veritate
1899 5571 1986 5615 aut
2011 5575 2132 5629 pro-

600 5642 892 5700 bationibus
917 5644 1121 5712 deﬁcit;
1162 5656 1250 5703 aut
1278 5662 1339 5703 os
1366 5649 1560 5717 abyssi,
1589 5648 1709 5718 quia
1737 5649 1958 5721 abyssus
1985 5643 2131 5706 locus

2225 4581 2326 4636 Per
2370 4582 2466 4635 has
2495 4593 2682 4635 necare
2709 4592 2902 4644 mares,
2947 4585 3002 4632 et
3045 4577 3307 4636 viviﬁcare
3351 4579 3494 4636 solas
3542 4581 3758 4656 lenias}

2224 4671 2388 4740 cupit.
2421 4670 2554 4724 Istas
2587 4657 2896 4721 obstetrices
2923 4665 3169 4722 dixerunt
3190 4668 3401 4737 quidam
3434 4668 3758 4722 rationabilis

2221 4757 2524 4821 eruditionis
2552 4756 2771 4809 fortnam
2801 4764 2994 4811 tenere.
3016 4756 3332 4811 Obstetrices
3350 4755 3493 4810 enim
3530 4755 3758 4826 qucdam

2223 4844 2408 4900 media:
2452 4850 2593 4909 sunt,
2629 4853 2682 4897 et
2707 4851 2810 4897 tam
2838 4845 3096 4899 masculos
3115 4861 3274 4915 quam
3295 4844 3552 4900 feminas.
3578 4843 3757 4900 Erudi-

2225 4935 2299 4990 tio
2321 4935 2461 4990 enim
2490 4935 2588 4988 ista
2619 4935 2943 4990 rationabilis
2969 4935 3246 4989 sententia
3291 4934 3362 4988 ad
3407 4948 3595 4991 omnes
3637 4951 3755 5006 pro-

2225 5023 2499 5091 pemodum
2521 5023 2778 5092 pervenit,
2796 5035 2984 5078 sensus
3001 5021 3174 5075 otnnis
3197 5020 3442 5089 inseruit,
3472 5037 3754 5092 me

2225 5111 2382 5166 fovet.
2410 5112 2466 5167 Si
2492 5113 2611 5191 quis
2639 5120 2728 5166 aut
2755 5111 2916 5165 virilis
2943 5110 3070 5163 inea
3096 5107 3260 5162 animi
3291 5108 3476 5176 fuerit,
3495 5120 3556 5167 et
3581 5111 3756 5167 voltis-

2224 5203 2291 5258 rit
2367 5205 2604 5259 cmlcstia
2677 5213 2932 5270 quaerere,
2984 5211 3078 5268 per
3128 5200 3283 5267 hujus
3330 5200 3654 5257 erudition-
3695 5200 3754 5252 ad

2226 5293 2523 5347 divinorum
2573 5289 2970 5366 intelligentiam
2998 5287 3237 5354 paratior
3274 5291 3448 5345 veniet
3473 5306 3489 5343 :
3516 5298 3600 5345 est
3622 5287 3754 5342 enim

2228 5399 2330 5438 una
2368 5382 2514 5438 velut
2559 5396 2763 5450 passer,
2801 5391 2915 5443 qua:
2959 5377 3184 5433 celsiora
3230 5379 3417 5445 docet;
3471 5379 3598 5443 alia.
3649 5390 3756 5444 una

2229 5472 2425 5529 rubens
2483 5472 2566 5526 vel
2616 5465 2907 5524 verecunda
2949 5459 3347 5538 interpretatur.
3397 5465 3618 5524 moralis
3661 5475 3755 5526 est.

2227 5581 2345 5634 qum
2374 5576 2546 5619 mores
2592 5558 2883 5627 componit,
2914 5561 3278 5616 verecundiam
3514 5552 3622 5610 Sed
3643 5555 3757 5626 «la

2231 5652 2504 5722 Scriptura
2551 5650 2679 5706 dicit
2709 5665 2722 5700 :
2751 5644 3014 5704 Timebant
3077 5650 3360 5706 obstetrices
3406 5644 3682 5702 Dnia-
3717 5655 3759 5701 et
