3872 6262
965 369 1038 425 ΙΝ
1077 364 1622 426 [νεκτλτευοιιωι
1664 361 2143 419 COHMENTA-Bll.
2185 391 2252 404 —
2290 361 2576 419 EXODUS.

3249 361 3353 419 ΞΜ

161 514 272 555 ηοκ
321 498 545 565 [mm
596 494 796 562 jnasnnt
870 485 1040 557 regis,
1095 498 1196 536 non
1266 483 1712 535 inconvenientia
1738 475 1785 532 Α
1816 470 1894 526 vis
1922 470 2138 539 impium
2190 471 2373 524 haheat
2416 479 2637 539 patrem,
2663 479 2834 524 tamen
2859 473 2924 525 ad
2953 471 3096 525 illum
3121 469 3329 526 dicitur:

165 585 482 643 obstetrices
526 582 639 635 ists.-
680 577 798 631 duc
825 575 930 629 duo
967 581 1277 629 testamenta
1305 569 1628 641 signiﬁcant;
1657 572 1713 619 et

164 673 432 746 Sephora,
471 683 597 739 qua:
618 670 994 734 interpretatur
1015 677 1224 733 passer,
1261 661 1426 731 legem
1457 661 1709 734 spiritus.

168 761 594 832 lcut‘signilicat.
623 759 763 813 Pitua
813 771 959 820 vero,
1018 771 1136 824 qua
1185 755 1381 832 rubens
1431 754 1512 806 uel
1559 768 1711 807 mre-

170 851 349 909 cunde
369 830 580 913 dicitur,
607 845 805 901 indicat
835 845 1198 913 Evangelium,
1227 830 1377 911 quod
1407 843 1616 896 rubrum
1648 858 1711 896 es

138 945 371 1002 .Cbristi
418 939 673 1010 sanguine
719 946 773 992 et
809 935 1071 1004 passionis
1107 935 1244 988 illius
1289 935 1463 988 rutilat
1507 948 1710 988 cruore.

174 1037 261 1092 Ab
311 1034 392 1088 bis
417 1043 544 1099 ergo
571 1029 760 1082 anima:
787 1042 904 1096 quae
934 1026 984 1078 in
1017 1023 1245 1079 Ecclesia
1292 1036 1595 1089 nascuntur,
1627 1039 1716 1079 ve-

171 1123 252 1178 lut
306 1123 372 1176 ab
398 1117 769 1174 obstetricum:
800 1116 1142 1177 medicantur,
1171 1115 1288 1182 quia
1331 1115 1713 1182 Scripturarum

172 1213 404 1270 lectione
431 1220 611 1265 cuncta
634 1209 685 1262 in
708 1208 795 1261 illa
820 1206 1128 1261 eruditionis
1155 1204 1407 1259 medicina
1428 1204 1712 1259 confector.

188 1303 372 1360 l'entat
419 1311 592 1374 tamen
650 1296 855 1352 Pharao
908 1304 1026 1363 post
1072 1296 1184 1348 haec
1234 1309 1423 1349 necare
1472 1294 1716 1348 Ecclesia)

178 1392 465 1454 masculos,
511 1401 630 1442 cum
676 1384 922 1438 studiosis
961 1383 1251 1452 quibusque
1294 1383 1569 1439 hasreticos
1596 1397 1714 1452 sng-

183 1482 323 1551 gerit
345 1491 532 1534 sensus
559 1479 609 1529 in
649 1474 838 1528 divinis
856 1469 1178 1540 Scriptum;
1209 1471 1299 1525 sed
1327 1479 1426 1524 stat
1456 1471 1718 1526 immobile

175 1569 578 1622 fundamentum
609 1563 723 1618 Dei.
756 1559 1047 1615 Timttertmt
1064 1559 1195 1612 enim
1219 1559 1503 1612 obstetrices
1526 1558 1714 1612 Deum:

175 1655 233 1710 id
262 1664 342 1710 est
368 1657 606 1708 timorem
658 1651 972 1711 docuerunt,
1022 1647 1110 1717 qui
1139 1656 1222 1701 est
1263 1625 1468 1700 iniiinm
1505 1647 1717 1716 sapien-

180 1746 293 1800 tia.
357 1746 644 1814 Sequitur:
679 1740 910 1794 Exirerit
963 1740 1200 1809 papulas,
1252 1738 1496 1791 Eoi-lesia
1542 1742 1718 1805 ut‘qne

1813 562 1968 626 Audi,
1991 562 2121 629 filia,
2140 570 2190 615 et
2214 562 2345 624 side,
2372 569 2420 612 et
2441 560 2629 612 inclina
2668 576 2838 612 aurern
2862 569 3022 614 tuum.
3039 560 3160 614 liae
3187 559 3354 613 exivit

1811 649 1877 703 de
1902 649 2058 703 domo
2084 650 2268 717 patris,
2296 658 2347 701 et
2375 649 2519 701 venit
2547 648 2611 701 ad
2634 663 2794 716 aquas
2819 653 2875 700 ut
2898 648 3159 701 lavaretur
3181 663 3209 701 a
3232 662 3350 715 pec-

1812 739 1944 791 catis
1973 752 2090 806 qua:
2115 746 2448 791 contraxerat
2478 737 2531 788 in
2576 735 2732 788 domo
2755 737 2915 803 patris
2941 735 3044 787 sui.
3079 734 3201 786 ηπ
3226 748 3355 802 ergo

1817 823 2046 881 Ecclesia
2101 828 2299 879 invenit
2339 827 2516 880 Mosen
2569 827 2621 878 in
2669 826 2858 893 palude
2905 828 3210 892 abiectum;
3241 825 3352 879 suis

1811 918 1902 973 dat
1929 918 2076 971 illam
2109 918 2313 970 nutriri.
2347 916 2581 971 Nntritur
2606 916 2739 983 apud
2767 904 2910 979 suos,
2941 914 3009 968 ibi
3051 915 3154 983 agit
3183 913 3347 967 infan-

1816 1010 1959 1064 tiam.
1990 1008 2115 1062 Cum
2144 1018 2309 1060 autem
2340 1007 2516 1076 fortior
2536 1007 2700 1076 {actus
2723 1015 2817 1072 est,
2841 1006 3052 1071 suscepit
3078 1002 3186 1072 ﬁlia
3215 1002 3351 1055 Pha-

1817 1098 2010 1161 raonis,
2029 1109 2080 1150 et
2109 1097 2366 1166 adoptavit
2402 1097 2454 1147 in
2481 1096 2662 1162 ﬁliuni.
2687 1095 2856 1148 Moses
2883 1095 3049 1163 legem
3076 1090 3349 1162 signiﬁcat.

1817 1186 2046 1241 Veniens
2074 1198 2245 1241 autem
2274 1185 2505 1266 Ecclesia
2534 1184 2600 1238 ad
2629 1199 2792 1253 aquas
2820 1183 3083 1250 baptismi,
3127 1181 3354 1252 suscepit

1816 1275 1974 1330 etiam
2000 1276 2188 1344 legem,
2211 1290 2326 1342 qua:
2350 1285 2522 1328 tamen
2550 1276 2630 1328 lex
2655 1283 2768 1327 erat
2785 1275 2916 1326 intra
2944 1271 3192 1326 ﬁscellam
3211 1273 3355 1326 scir-

1814 1379 1967 1450 peatu
1994 1380 2056 1418 ea
2086 1365 2264 1419 multis
2291 1365 2545 1434 vitgultitl,
2575 1366 2691 1419 sive
2716 1379 2781 1418 es
2809 1377 3004 1432 papyro
3026 1370 3346 1423 contextam.

1815 1455 2112 1509 conclusam
2143 1456 2277 1521 pice,
2333 1457 2386 1508 in
2415 1470 2512 1522 qua
2544 1456 2710 1508 iulans
2730 1454 2954 1523 iacebat.
2996 1453 3206 1506 iacebat
3231 1465 3354 1520 ergo

1821 1543 1904 1598 les
1956 1543 2091 1597 intra
2141 1541 2434 1610 huiusmodi
2485 1542 2731 1610 tegmina,
2759 1559 2790 1596 e
2833 1544 2944 1611 pice
2995 1556 3057 1596 ac
3103 1541 3354 1594 bituntine

1817 1631 1999 1694 oblita,
2029 1630 2218 1684 vilibus
2246 1630 2441 1683 scdicet
2465 1639 2517 1682 et
2545 1630 2877 1689 terrestribus
2904 1629 3199 1683 Judzeorum
3239 1639 3345 1680 sot-

1817 1718 1974 1774 deliat
1999 1728 2147 1787 septa
2174 1718 2553 1772 traditionibus.
2588 1716 2820 1772 Ecclesia
2869 1725 3164 1785 sumpserat
3203 1715 3346 1768 illum

176 1805 574 1905 populum-quia
607 1831 892 1884 timuerunt
933 1805 1241 1882 obstetrices
1281 1826 1466 1890 Deum,
1516 1836 1564 1880 et
1586 1828 1715 1887 tedi-

1831 1810 1885 1863 le
1910 1809 2250 1877 palustribus,
2301 1815 2359 1860 ut
2399 1807 2532 1860 intra
2576 1805 2847 1870 sapientia:
2879 1807 3026 1858 aulas
3069 1810 3124 1857 et
3167 1806 3355 1872 regalia

176 1923 346 1993 [icarit
385 1920 490 1972 illis
525 1920 722 1970 damus.
765 1915 1019 1993 Ducentos
1049 1915 1189 1969 enim
1239 1914 1524 1981 Scriptura:
1567 1915 1723 1966 timo-

179 1987 296 2067 rem
331 2007 553 2073 Domini,
580 2005 840 2060 aediﬁcant
863 1987 1107 2057 Ecclesia
1136 2002 1357 2064 domus,-
1386 2015 1488 2054 non
1519 2000 1722 2055 videtur

181 2089 470 2156 convenife
519 2093 805 2150 secundum
875 2090 1096 2144 litteram
1165 2088 1280 2146 hac.
1329 2088 1604 2152 sententia,
1666 2095 1724 2141 ut

184 2193 464 2258 propterea
511 2183 880 2247 rdiiicaretur,
908 2183 1028 2249 quia
1058 2181 1267 2233 timetur
1302 2178 1464 2244 Deus,
1497 2193 1561 2232 ne
1592 2179 1723 2232 forte

176 2277 533 2344 intelligamus
558 2289 579 2326 »ε
613 2269 777 2338 τΕάίβ
791 2272 918 2324 cauit
949 2271 1050 2323 illis
1093 2269 1288 2332 domu,
1337 2268 1386 2322 id
1431 2275 1532 2331 est,
1561 2268 1725 2320 aedili-

180 2367 328 2424 eavit
353 2367 458 2421 illis
504 2362 748 2439 familiam
789 2371 843 2416 et
889 2375 1070 2428 genus.
1118 2357 1182 2413 Et
1209 2372 1302 2424 pro
1327 2371 1392 2412 eo
1431 2356 1566 2424 quod
1613 2356 1725 2409 istae

189 2458 442 2514 mulieres
468 2455 600 2510 bene
625 2452 860 2508 iecerunt
889 2453 940 2503 in
982 2449 1225 2518 populum
1263 2446 1382 2509 Dei,
1413 2446 1724 2513 multiplica-

181 2549 262 2603 vit
293 2549 426 2601 Deus
480 2545 685 2599 illarum
733 2541 1057 2612 progeniem.
1107 2538 1223 2591 Istat
1269 2535 1575 2590 obstetrices
1624 2547 1726 2592 non

187 2636 588 2691 vivllicaverunt
639 2631 878 2693 luminas,
932 2643 1048 2695 qua:
1097 2629 1207 2681 vult
1248 2626 1452 2680 Pharao
1501 2643 1512 2676 :
1562 2638 1729 2691 neqiie

186 2727 320 2781 vitia
349 2726 398 2778 in
429 2722 672 2777 Ecclesiis
701 2720 912 2782 docent,
971 2730 1065 2770 nec
1091 2725 1299 2783 peccata
1324 2716 1578 2767 nutriunt.
1612 2713 1729 2774 llo-

191 2816 378 2871 raliter
423 2825 629 2880 quoque
673 2818 726 2881 et
771 2817 845 2870 tu,
905 2805 949 2860 si
1001 2809 1150 2858 times
1191 2803 1374 2864 Deum,
1420 2817 1525 2854 non
1575 2801 1729 2854 iacies

184 2915 507 2980 praeceptum
539 2904 676 2972 regis
704 2899 942 2969 rEgypti,
990 2897 1086 2949 hoc
1131 2906 1245 2958 est,
1275 2911 1374 2946 non
1430 2895 1480 2944 in
1531 2890 1729 2944 deliciis

191 2980 361 3061 \iras,
409 3009 510 3049 non
560 2991 838 3061 praesentia
879 2987 1078 3051 cupias.
1136 2985 1198 3037 Et
1244 2985 1286 3036 si
1344 2983 1495 3034 times
1547 2980 1726 3040 Deum,

187 3087 384 3143 exhibe
426 3083 731 3150 obsequium
778 3080 963 3132 anima:
1006 3087 1125 3128 tuze.
1180 3071 1392 3126 Viviﬁca
1439 3070 1725 3123 masculum

189 3177 496 3232 interiorem
527 3174 788 3226 hominem
819 3179 962 3221 tuum
990 3166 1075 3233 qui
1114 3166 1165 3217 in
1213 3175 1263 3218 te
1303 3173 1402 3216 est.
1449 3161 1512 3214 Et
1537 3160 1612 3212 sic
1638 3159 1726 3211 tibi

190 3273 332 3326 Deus
345 3266 859 3324 adiﬁcabitdumnm,
885 3261 934 3314 id
949 3269 1049 3321 est,
1071 3256 1449 3310 multitudinem
1466 3255 1729 3306 virtutum.

192 3358 303 3430 Sed
331 3359 412 3410 ubi
439 3355 562 3408 cidit
585 3352 786 3405 Pharao
822 3349 956 3415 quod
1000 3364 1087 3413 per
1132 3345 1411 3397 obstetrices
1446 3357 1542 3391 non
1573 3348 1732 3408 posset

199 3428 378 3500 necare
400 3442 645 3496 masculos
688 3438 869 3501 Israel,
906 3435 1138 3506 prwcepit
1153 3433 1290 3485 omni
1321 3428 1505 3499 popqu
1525 3429 1690 3480 dicens
1713 3440 1731 3476 :

196 3533 362 3586 Omne
389 3529 662 3583 masculum
688 3528 741 3578 in
766 3529 954 3592 ﬂumen
1000 3524 1246 3593 projicite,
1278 3534 1422 3570 omne
1443 3517 1733 3583 femininum

195 3621 458 3684 viviﬁcate.
512 3616 690 3668 Videte
737 3612 861 3680 quid
914 3611 1155 3677 princeps
1199 3609 1350 3671 hujus
1397 3604 1576 3657 mundi
1626 3602 1734 3653 suis

200 3705 498 3774 praceptis,
543 3712 598 3754 ut
625 3708 833 3751 nostros
865 3695 1088 3749 infantes
1116 3695 1337 3760 rapiant,
1371 3701 1424 3742 et
1455 3691 1502 3742 in
1533 3689 1726 3742 ﬂumen

198 3784 472 3866 projiciant
508 3809 519 3844 :
576 3788 696 3841 vide
743 3785 919 3839 statim
967 3791 1022 3834 ut
1067 3791 1238 3842 natus,
1281 3780 1385 3830 imo
1429 3787 1485 3831 et
1525 3785 1736 3830 renatus

197 3864 381 3948 lueris,
401 3882 525 3950 quid
556 3877 645 3933 tibi
677 3876 933 3930 imminet.
959 3872 1065 3925 lloc
1087 3881 1165 3924 est
1191 3868 1314 3921 illud
1339 3866 1472 3934 quod
1497 3864 1545 3919 in
1573 3866 1737 3917 Evan-

197 3978 338 4047 gelio
358 3977 506 4045 legis,
530 3971 652 4040 quia
681 3967 849 4027 Jesus,
875 3973 928 4015 ut
949 3961 1170 4014 ascendit
1191 3961 1250 4011 de
1273 3959 1536 4026 baptismo,
1560 3955 1738 4006 ductus

198 4046 276 4120 est
304 4064 556 4133 aspiritu,
596 4068 648 4111 ut
678 4063 957 4109 tentaretur
1001 4067 1032 4102 a
1074 4047 1292 4100 diabolo.
1335 4046 1441 4097 lloc
1487 4059 1612 4110 ergo
1662 4051 1740 4094 cst

200 4154 340 4224 quod
391 4153 591 4205 Pharao
641 4144 886 4215 pra-Cepit
935 4140 1126 4209 popqu
1152 4152 1271 4202 suo,
1306 4142 1362 4187 nt
1402 4133 1735 4186 llehra-oruin

202 4221 431 4297 infantes
461 4241 512 4290 in
541 4235 688 4303 aquis
726 4232 1085 4295 submergaut,
1115 4226 1180 4278 de
1216 4223 1401 4290 quibus
1431 4221 1577 4285 aquis
1619 4233 1738 4285 pro-

205 4332 364 4404 pheta
392 4328 516 4382 dicit
539 4342 551 4377 :
577 4323 709 4388 Quia
736 4321 1039 4372 intraverunt
1068 4329 1212 4382 aqua:
1241 4327 1395 4378 usque
1422 4309 1488 4361 ad
1517 4310 1735 4359 animam

418 4420 480 4472 Et
508 4427 644 4468 nunc
665 4409 974 4464 insidiantur
996 4402 1248 4472 Egyptii,
1275 4403 1318 4452 si
1348 4402 1482 4452 forte
1507 4397 1736 4452 llebrteis

209 4519 455 4570 nascatur
503 4503 688 4572 aliquis
730 4497 1014 4557 masculus,
1059 4501 1114 4545 ut
1164 4491 1336 4544 statim
1387 4487 1742 4548 interﬁciatur,

207 4617 280 4660 nc
307 4601 585 4655 observent
603 4599 659 4646 et
679 4588 940 4644 occultent
963 4597 1117 4637 omne
1143 4594 1356 4650 germen
1382 4576 1745 4631 masculinum.

820 4690 1041 4749 CAPUT
1078 4689 1138 4744 ll.

287 4797 388 4854 Sed
416 4794 488 4848 uir
515 4789 578 4842 de
604 4785 736 4841 tribu
776 4783 889 4838 Levi
916 4777 1193 4834 masculum
1232 4783 1401 4843 genuit
1437 4789 1455 4826 :
1491 4789 1604 4826 cum
1631 4773 1752 4825 vidit

213 4885 460 4952 infantem
497 4881 769 4948 elegantem
812 4885 937 4932 esse,
979 4865 1240 4920 occultavit
1282 4863 1528 4916 mensibus
1575 4863 1750 4914 tribus.

216 4977 360 5044 Ergo
403 4975 447 5028 si
493 4973 679 5026 iaciam
721 4967 1128 5030 eleemosynam,
1179 4957 1300 5024 quia
1346 4967 1480 5022 opus
1529 4952 1618 5006 Dei
1649 4961 1750 5015 est,

215 5043 506 5124 musculum
550 5072 775 5129 genero;
818 5053 910 5110 sed
938 5053 1007 5107 ita
1034 5049 1221 5104 iaciam
1254 5056 1308 5098 ut
1335 5045 1508 5097 homin
1536 5043 1631 5096 bus
1676 5044 1754 5096 in-

219 5159 477 5214 notescet,
521 5149 588 5216 ab
635 5145 892 5217 Egyptiis
931 5148 1075 5210 rapta
1119 5146 1202 5191 est
1239 5137 1566 5201 eleetnosyna
1616 5147 1750 5187 mea.

218 5241 468 5310 Sequitur
498 5255 511 5290 :
544 5235 785 5306 Egressus
810 5244 882 5290 est
904 5235 980 5289 air
1025 5231 1087 5284 de
1114 5231 1262 5282 domo
1293 5224 1426 5286 Levi,
1480 5231 1525 5275 et
1568 5222 1755 5288 accepit

221 5345 433 5389 uxorem
460 5325 630 5390 stirpis
671 5337 797 5388 suat,
845 5336 955 5392 quat
986 5317 1209 5384 concepit
1254 5323 1298 5366 et
1336 5313 1524 5381 peperit
1571 5311 1750 5375 ﬁlium.

229 5424 294 5476 Et
326 5422 489 5474 ridens
522 5414 664 5468 illum
688 5412 983 5481 elegantem,
1017 5406 1279 5462 occultavit
1308 5401 1554 5453 mensibus
1577 5401 1754 5462 tribus,

219 5521 282 5570 ot
318 5510 510 5574 reliqua
563 5515 727 5567 usque
776 5501 899 5552 dum
953 5497 1077 5550 dicit
1111 5513 1123 5546 :
1154 5491 1359 5546 Vocavit
1417 5503 1591 5539 nomen
1649 5492 1756 5555 ejus

227 5601 418 5665 loses,
446 5597 640 5649 dicens:
659 5589 786 5656 Quia
814 5588 876 5639 de
903 5602 1031 5652 aqua
1057 5584 1147 5636 tuli
1179 5582 1336 5634 illum.
1371 5577 1498 5631 Filia
1531 5576 1758 5629 Pharao-

225 5689 313 5744 nis
344 5684 570 5742 Ecclesia
596 5686 676 5738 est
701 5691 763 5734 ex
788 5672 1028 5744 gentibus
1063 5679 1391 5738 congregata,
1421 5680 1533 5737 qua:
1572 5680 1754 5736 qnam-

1823 1908 1958 1955 tecta
2009 1898 2336 1952 consisteret.
2383 1895 2476 1949 ilic
2518 1893 2788 1948 infantiam
2846 1908 2994 1945 suam
3045 1890 3180 1960 apud
3233 1903 3354 1942 suos

1825 1992 2096 2056 transegit.
2129 1987 2276 2055 Apud
2305 1986 2421 2040 illos
2446 1984 2584 2040 enim
2619 1983 2703 2053 qui
2729 1981 3066 2052 spiritualiter
3111 1978 3248 2033 illam
3279 1980 3356 2031 in-

1822 2078 2051 2144 telligere
2081 2077 2317 2131 nesciunt
2343 2075 2557 2144 parvula
2601 2082 2707 2137 est,
2750 2083 2802 2126 et
2841 2071 3137 2125 lactentium
3162 2066 3358 2121 habent

1821 2169 1989 2221 cibos.
2041 2167 2170 2219 Cum
2202 2180 2330 2219 vero
2358 2166 2423 2217 ad
2456 2164 2739 2218 Ecclesiam
2792 2161 2954 2225 venit,
3011 2169 3132 2211 tunc
3177 2157 3357 2210 lortinr

1822 2254 2067 2311 efﬁcitur.
2119 2254 2251 2320 Quid
2301 2261 2474 2305 tamen
2513 2238 2613 2314 est,
2654 2248 2792 2314 quod
2825 2245 3120 2300 mercedem
3163 2243 3360 2310 accepit

1823 2342 2120 2396 uutrimenti
2149 2355 2177 2392 a
2203 2341 2302 2392 ﬁlia
2337 2336 2621 2390 Pharaonis
2645 2335 2660 2388 i
2683 2335 2750 2398 la,
2774 2334 2912 2399 apud
2939 2348 3094 2401 quam
3125 2333 3207 2386 les
3235 2338 3351 2383 nata

1823 2440 1873 2485 et
1905 2430 2128 2485 nutrita!
2156 2426 2217 2479 Et
2243 2440 2501 2496 synagoga
2538 2425 2602 2477 de
2626 2421 2852 2476 Ecclesia
2885 2423 3035 2474 istam
3062 2418 3353 2471 mercedem

1826 2523 2046 2589 accepit,
2079 2529 2136 2573 ut
2162 2519 2302 2571 ultra.
2351 2516 2547 2569 idolum
2597 2528 2698 2566 non
2751 2512 2907 2566 colat.
2969 2509 3159 2562 Videtis
3213 2507 3350 2560 enim

1826 2610 1943 2664 illos
1967 2611 2052 2677 qni
2086 2623 2148 2659 es
2177 2605 2420 2675 gentibus
2461 2611 2603 2668 sunt,
2653 2601 2722 2655 ita
2763 2612 3043 2655 conversos
3085 2597 3148 2649 ad
3181 2595 3352 2648 Domio

1779 2735 1782 2742 ι
1828 2713 1972 2761 nttm,
2005 2708 2054 2748 ut
2087 2695 2219 2747 ultra
2251 2708 2352 2745 non
2380 2692 2552 2745 colant
2600 2689 2758 2752 idola,
2793 2688 2902 2755 ipsa
2933 2685 3191 2741 erubescit
3221 2682 3354 2735 idola

1827 2786 2045 2839 colere:
2097 2781 2232 2835 istud
2281 2794 2406 2846 ergo
2454 2776 2763 2833 beneﬁcium
2800 2775 2992 2842 recepit
3021 2777 3087 2826 de
3129 2771 3358 2824 Ecclesia

1827 2885 2106 2941 synagoga,
2139 2868 2274 2936 quod
2323 2865 2514 2918 Iuda-is
2559 2864 2824 2931 parvulam
2878 2863 3100 2923 nutrisse
3128 2860 3231 2911 visa
3280 2867 3363 2911 est

1828 2961 2014 3027 legem.
2047 2957 2225 3010 Potest
2262 2967 2465 3022 quoque
2503 2951 2706 3019 Moyses
2751 2949 3012 3003 Christum
3044 2947 3357 3014 signiﬁcare,

1829 3062 1981 3114 quem
2013 3045 2114 3097 ﬁlia
2148 3041 2427 3096 Pharaonis
2455 3039 2518 3091 ad
2565 3039 2779 3100 ﬁumen,
2825 3037 2874 3089 id
2896 3046 2994 3098 eat,
3031 3034 3259 3087 Ecclesia
3290 3034 3356 3084 ad

1832 3137 2022 3189 llntneu
2051 3132 2245 3186 lavacri
2269 3130 2482 3184 invenit.
2515 3125 2737 3180 Ploravit
2782 3126 2970 3193 infans,
3016 3125 3136 3190 quia
3185 3123 3362 3174 vulne-

1831 3236 1973 3280 ratus
2003 3216 2086 3278 est
2110 3231 2316 3290 propter
2347 3230 2554 3288 peccata
2587 3228 2786 3289 nostra;
2818 3215 2898 3269 vel
2927 3215 3044 3280 quia
3079 3213 3142 3265 ad
3185 3224 3358 3265 resus-

1831 3303 2065 3372 citandas
2113 3312 2178 3365 de
2227 3321 2394 3363 morte
2441 3308 2658 3376 peccati,
2720 3306 2861 3358 velut
2902 3303 2954 3356 in
3008 3299 3364 3355 resuscitando

1835 3402 2027 3455 Lazaro
2053 3398 2257 3452 ﬂevisse
2285 3395 2490 3448 dicitur.
2532 3392 2763 3445 Ecclesia
2820 3402 2942 3455 ergo
2977 3386 3170 3452 colligit
3215 3385 3365 3436 Chri-

1833 3500 1969 3540 stum
2015 3501 2042 3536 a
2091 3497 2347 3553 synagoga
2381 3490 2546 3532 matre
2591 3478 2784 3531 carnali
2813 3476 2876 3528 ad
2905 3475 3170 3541 expulsum
3217 3469 3362 3538 quasi

1835 3573 2080 3626 infantem
2105 3571 2188 3639 qui
2212 3579 2331 3621 tunc
2354 3570 2591 3635 parvulus
2615 3567 2899 3625 videbatur,
2938 3578 3054 3616 cum
3082 3562 3131 3613 in
3157 3561 3366 3613 homim

1836 3676 2153 3720 cerui-retur.
2189 3660 2381 3714 Invenit
2418 3661 2507 3712 illa
2551 3658 2756 3726 Moysen
2785 3659 2835 3709 in
2874 3655 3075 3708 vasculo
3097 3653 3366 3709 inclusum.

1837 3756 1969 3825 quod
2023 3770 2084 3806 ea:
2148 3752 2313 3803 multis
2369 3748 2664 3818 eirgultibus
2735 3746 2810 3804 ﬁt.
2879 3743 3080 3796 invenit
3137 3739 3362 3793 Ecclesia

1837 3847 2099 3901 Christum
2144 3841 2461 3896 reconditum
2510 3839 2559 3891 in
2611 3836 2853 3891 cordibus
2903 3841 3219 3886 sanctorum.
3268 3829 3421 3896 Qui.

1849 3936 2048 4005 glutino
2076 3932 2287 3984 unitatis
2316 3929 2597 3995 conjuncti,
2628 3940 2782 3976 unum
2811 3937 2997 3987 corpus
3027 3919 3195 3973 ellecti
3223 3934 3366 3978 sum,

1844 4023 2041 4078 Dicitur
2071 4021 2136 4072 ab
2158 4019 2452 4085 aliquantis,
2501 4030 2591 4081 per
2637 4015 2802 4065 virum
2847 4013 2931 4079 qui
2959 4009 3024 4062 de
3062 4010 3215 4065 domo
3246 4013 3370 4066 Levi

1839 4123 2078 4178 egressus
2107 4115 2205 4168 est,
2237 4107 2403 4168 legem
2448 4100 2746 4166 signiﬁCari,
2777 4100 2896 4166 quia
2929 4100 3008 4148 lex
3039 4093 3229 4154 Levitis
3258 4104 3372 4150 data

1841 4211 1939 4261 est,
1973 4199 2022 4252 id
2050 4206 2132 4249 est
2161 4195 2320 4262 Moysi
2348 4201 2397 4244 et
2428 4193 2632 4250 Aaron;
2659 4199 2711 4238 et
2741 4203 2830 4252 per
2862 4199 2969 4240 tres
3002 4203 3232 4251 menses,
3261 4187 3378 4255 qui-

1843 4293 1939 4346 bus
1986 4298 2244 4356 synagnga
2294 4282 2554 4334 Christum
2586 4277 2793 4336 celavit,
2842 4265 2972 4328 trcs/
2999 4281 3138 4346 leges
3181 4276 3376 4344 signiﬁ-

1846 4382 1973 4442 cari,
2005 4378 2054 4430 id
2087 4386 2184 4438 est,
2218 4374 2420 4432 litterae,
2474 4377 2690 4429 naturae,
2719 4373 2770 4417 et
2802 4368 3107 4433 prophetiae,
3147 4370 3196 4418 in
3228 4367 3377 4433 cujus

1850 4472 1951 4523 line
1977 4468 2209 4521 Christus
2257 4478 2285 4514 a
2329 4451 2588 4530 synagoga
2636 4454 2895 4508 reveletur
2926 4455 2976 4506 in
3024 4456 3378 4519 assumptione

1848 4561 2040 4622 carnis,
2072 4571 2188 4623 qua!
2233 4568 2322 4620 per
2353 4552 2597 4604 ﬁscellam
2639 4561 2741 4622 nop
2772 4546 3051 4615 incongrue
3097 4546 3377 4612 signiﬁcat,

1851 4632 2104 4704 bitumine
2148 4660 2175 4695 a
2205 4645 2319 4709 pice
2365 4638 2476 4700 lita,
2507 4637 2556 4688 id
2587 4645 2668 4690 est
2695 4636 2827 4687 mala
2879 4633 3171 4699 suspicione
3198 4646 3225 4682 a
3255 4647 3379 4701 syn-

1794 4776 1801 4785 .
1853 4751 2014 4806 agoga
2043 4734 2108 4786 de
2128 4743 2344 4796 corpore
2371 4724 2558 4779 Christi
2582 4735 2634 4779 et
2656 4724 2947 4776 divinitate.
2980 4724 3227 4788 Quodque.
3255 4720 3379 4772 dici-

1855 4839 1972 4882 tur:
2004 4835 2050 4878 et
2080 4822 2243 4888 posuit
2274 4819 2415 4870 illum
2447 4820 2498 4868 in
2535 4825 2745 4875 carecta,
2769 4812 3036 4881 signiﬁcat
3066 4823 3380 4879 synagogam

1865 4919 2016 4972 iidem
2045 4911 2236 4967 Christi
2266 4910 2314 4961 in
2361 4907 2552 4961 ludasis
2580 4908 2843 4974 posuisse;
2894 4913 2945 4954 et
2973 4901 3110 4952 sicut
3158 4898 3242 4950 hic
3295 4911 3378 4949 ca-

1856 5017 1998 5063 recto
2026 5004 2247 5057 ambitus
2274 5010 2406 5064 erat,
2441 4997 2518 5050 sic
2559 4995 2724 5050 Judaei
2751 4991 3012 5045 Christqu
3043 4986 3382 5052 corporaliter

1854 5098 2166 5154 ambiermu,
2193 5090 2442 5142 habentes
2481 5085 2726 5140 invidiam
2761 5096 2883 5148 erga
2913 5079 3076 5130 illum.
3109 5075 3203 5126 Per
3232 5072 3382 5137 hujus

1856 5207 1981 5258 ergo
2009 5198 2242 5240 sororem
2275 5172 2827 5248 signiﬁcanturludzei,
2861 5170 2945 5237 qui
2983 5167 3126 5219 illum
3146 5177 3245 5214 non
3289 5175 3380 5214 nu-

1857 5252 2035 5342 triunt,
2066 5276 2154 5329 sed
2183 5270 2624 5326 custodiunt.Uua
2653 5279 2719 5316 es
2754 5259 3064 5315 l'amulabus,
3083 5268 3197 5320 qtue
3229 5252 3381 5304 missa

1843 5378 1954 5431 est,
1984 5369 2155 5434 signat
2185 5360 2505 5428 prophetiam
2550 5353 2936 5420 prephetarum,
2964 5342 3381 5426 prophetauﬁum

1855 5421 2117 5512 Christum
2164 5453 2530 5503 descensurum
2583 5440 2645 5491 ad
2686 5433 3092 5501 assumptionem
3146 5421 3318 5484 carnis
3370 5442 3383 5477 :

1853 5550 2094 5615 aperiens
2121 5547 2560 5593 sacramentorum
2591 5526 2979 5584 obscuritatem.
3005 5521 3162 5582 Vidit,
3195 5518 3244 5572 id
3285 5526 3385 5574 est:

1853 5606 2090 5696 cicuta.
2137 5629 2297 5688 Aliter
2341 5640 2430 5697 per
2469 5623 2639 5679 virum
2685 5617 2752 5674 de
2790 5617 2946 5672 domo
2975 5609 3099 5668 Levi
3145 5606 3406 5688 Christus
