3872 6262
471 436 567 492 29l

973 428 1169 484 BEDxE
1211 427 1654 483 VENERABILIS
1703 425 1984 483 OPERUM
2025 427 2050 482 F

2155 426 2196 485 .S
2237 426 2298 483 ΙΙ.
2325 457 2394 471 --
2433 430 2816 491 EXEGETICA
2853 433 3167 491 CENUINA.

470 547 814 618 significatur,
847 541 913 597 de
945 544 1058 611 lege
1084 541 1391 613 egrediens;
1421 552 1475 596 et
1501 555 1596 609 per
1622 555 1837 596 uxorem
1861 539 2020 602 illius,
2056 544 2097 600 Α
2129 555 2263 606 rein,
2293 543 2452 596 timor
2477 544 2674 599 Christi
2709 561 2772 600 ea
2805 557 2951 616 parte
2988 547 3160 600 carnis
3192 545 3620 615 pronuntietur;
3652 559 3714 598 ειι

481 637 764 695 Ecclesiam
792 633 1080 700 parientem
1105 633 1285 692 ﬁlium.
1310 632 1357 684 id
1387 639 1470 685 est
1502 631 1745 698 populum
1768 627 2026 684 Christia-

483 744 627 785 num.
673 727 964 782 Occultavit
1021 724 1166 778 illum
1217 723 1383 776 tribus
1429 723 1718 785 mensibus,
1748 721 1798 774 id
1841 729 1945 782 est,
1975 719 2028 774 in

485 820 692 873 homine
721 820 967 874 interiore
995 818 1042 870 in
1069 816 1171 870 ﬁde
1195 816 1483 869 Trinitatis.
1510 814 1761 884 Quodque
1799 814 2026 868 dicitur:

487 910 712 979 Sumpsit
740 910 980 975 ﬁscetlam
1005 923 1068 960 ea:
1104 916 1322 965 carecta,
1354 905 1714 958 credulitatem
1765 908 1942 958 carnis
1978 903 2031 955 in

485 1002 638 1056 bonis
683 1002 930 1069 operibus
975 997 1253 1059 signiﬁcat.
1316 995 1512 1064 Rapina
1573 1006 1748 1050 autem
1801 993 2032 1048 numinis

482 1091 776 1146 doctrinam
815 1089 1074 1160 signiﬁcat
1121 1087 1348 1157 Spiritus
1398 1087 1585 1142 sancti.
1643 1086 1806 1142 Soror
1854 1092 2032 1136 autem

485 1180 668 1250 procul
697 1188 866 1244 stans,
907 1169 1224 1250 synagogam'
1261 1179 1568 1244 secundam,
1615 1176 1696 1229 vel
1746 1173 2033 1228 Ecclesiam

485 1270 875 1338 apostolorum,
939 1285 1056 1337 qua:
1103 1269 1298 1323 dicitur
1347 1268 1575 1322 secunda
1635 1263 1865 1318 Ecclesia
1914 1277 2034 1331 syu-

483 1375 696 1429 agoga,
730 1369 898 1413 mater
925 1371 1098 1413 autem
1142 1361 1305 1421 illius,
1333 1359 1564 1413 Ecclesia
1593 1355 1875 1427 primitiva.
1911 1354 2034 1407 Filia

491 1449 779 1506 Pharaonis
827 1449 1176 1504 descendebat
1206 1450 1256 1504 in
1285 1447 1596 1503 humilitate.
1617 1446 1714 1501 Cui
1740 1443 2036 1516 sororpueri

490 1539 560 1590 ait
583 1553 602 1591 :
625 1537 684 1593 Si
712 1539 786 1592 vis
811 1541 1012 1606 vadunt,
1045 1549 1096 1593 et
1127 1539 1345 1604 reliqua.
1377 1536 1434 1592 In
1476 1537 1575 1593 hoc
1602 1539 1836 1606 signatur
1859 1535 2039 1590 Eccle-

487 1627 564 1680 sia
613 1625 910 1681 Judaorum
939 1627 1007 1680 ab
1049 1627 1278 1682 Ecclesia
1319 1626 1548 1696 gentium
1578 1644 1591 1680 :
1621 1625 1760 1694 quod
1802 1625 2037 1679 dicitur:

493 1717 773 1784 Αόοιιιινίι
797 1718 940 1770 illum
971 1719 1019 1770 in
1073 1719 1241 1770 locum
1272 1717 1384 1783 filii,
1416 1727 1470 1772 et
1497 1726 1684 1785 aperte
1708 1716 1860 1770 datur
1889 1714 2042 1768 intel-

488 1804 578 1873 ligi
622 1807 740 1872 quia
789 1822 891 1858 non
936 1806 1181 1860 Ecclesiae
1208 1807 1466 1874 gentium,
1488 1805 1578 1859 sed
1605 1819 1865 1874 synagoga
1894 1803 2044 1857 Chri-

2129 641 2212 686 est
2241 649 2256 686 :
2289 634 2349 689 Si
2399 637 2634 702 possibile
2672 649 2766 701 est,
2795 649 3015 692 transeat
3041 655 3072 692 a
3100 655 3177 692 me
3200 639 3344 692 cali:
3372 639 3495 693 iste.
3525 640 3594 693 Et
3618 655 3708 707 per

2132 721 2266 776 banc
2313 723 2508 794 fugam,
2554 728 2746 782 Christi
2801 744 2893 795 per
2939 729 3155 783 Mariam
3215 728 3418 796 Josepb
3489 728 3615 796 fuga
3657 732 3715 781 in

2132 811 2416 881 Egyptum
2446 830 2474 869 a
2509 827 2762 882 potestate
2784 818 2954 873 Herod
2976 833 3024 884 s,
3058 831 3113 873 ut
3144 820 3308 886 Moysi
3335 835 3366 872 a
3399 819 3717 882 Pharaone,

2134 906 2212 956 sic
2238 913 2294 958 et
2334 909 2602 970 sequentia
2651 909 2716 962 ad
2773 910 3036 964 Christum
3084 910 3410 964 referuntur.
3467 909 3582 963 Sed
3624 924 3719 976 per

2135 1004 2337 1061 septem
2383 995 2539 1062 ﬁlias,
2590 1007 2793 1065 septem
2851 1001 3113 1055 Ecclesias
3164 1001 3301 1054 Asiae
3339 999 3718 1052 demonstrari

2136 1086 2352 1149 volunt;
2383 1097 2434 1139 et
2465 1101 2557 1154 per
2584 1102 2729 1156 oves,
2763 1089 2984 1157 populus
3009 1090 3107 1142 sub
3138 1089 3262 1157 jttgn
3291 1087 3671 1141 Ecclesiarutn
3699 1102 3716 1136 :

2138 1173 2231 1227 has
2254 1187 2426 1230 autem
2461 1177 2722 1232 Ecclesias
2742 1176 2984 1233 Christus
3009 1177 3264 1235 defendit.
3311 1177 3585 1232 Filiarum
3642 1188 3718 1230 ta-

2136 1281 2255 1320 men
2285 1269 2537 1331 reversio,
2575 1281 2780 1339 partem
2803 1269 3091 1323 inﬁdelium
3118 1269 3401 1337 signiﬁcat,
3425 1269 3505 1320 ad
3529 1268 3717 1322 diabo-

2139 1357 2245 1412 lum
2276 1361 2674 1427 revertentium,
2704 1374 2837 1427 quos
2861 1360 3102 1414 diabolus
3145 1361 3365 1414 miratur
3392 1375 3529 1412 cum
3576 1374 3716 1412 com-

2140 1451 2420 1518 punctione
2449 1451 2629 1506 venire
2653 1450 2846 1516 cordis,
2870 1457 2930 1504 ut
2961 1449 3046 1503 hic
3091 1449 3278 1504 dicitur
3306 1467 3321 1504 :
3346 1449 3457 1503 Cur
3495 1449 3716 1503 velocius

2139 1539 2338 1592 venistis
2363 1540 2388 1591 ἵ
2414 1538 2560 1605 Quod
2590 1547 2762 1592 autem
2791 1539 2980 1593 dicitur
3007 1555 3020 1592 :
3050 1538 3142 1592 Vir
3163 1538 3467 1610 Egyptian,
3499 1539 3716 1594 Christo

2142 1640 2206 1680 ex
2239 1637 2386 1694 parte
2407 1629 2582 1682 carnis
2603 1629 2866 1683 convenit.

2215 1718 2382 1784 Quare
2436 1719 2671 1772 dimisisti
2713 1721 3002 1773 hominem!
3050 1728 3105 1774 et
3148 1719 3368 1788 reliqua,
3425 1735 3608 1786 usque
3651 1721 3714 1771 ad

2151 1806 2361 1860 Panem.
2419 1807 2639 1862 Diabolo
2690 1809 2956 1873 convenit,
3008 1811 3094 1878 qui
3125 1809 3367 1864 Christus
3390 1826 3621 1878 corpus,
3667 1811 3716 1862 id

490 1903 630 1948 slum
660 1896 896 1973 parturit.
931 1897 1135 1968 Moyses
1179 1905 1356 1950 autem
1404 1903 1670 1964 sumptus,
1699 1892 1781 1946 vel
1833 1893 2041 1958 tollens,
2075 1868 2122 1928 Β
2147 1907 2247 1960 est,
2278 1911 2462 1950 sancto
2490 1898 2632 1952 illius
2651 1897 2713 1952 ad
2738 1898 3057 1953 voluntatem
3088 1915 3176 1968 per
3205 1916 3297 1953 sua
3321 1902 3564 1954 invitare
3593 1903 3718 1952 vult.

498 1987 609 2038 sive
649 1991 940 2052 aquaticus,
991 1987 1368 2053 interpretatur
1399 2001 1412 2036 :
1445 1999 1560 2052 quat
1587 1984 2042 2051 interpretationes

493 2074 744 2129 Ecclesize
775 2077 1005 2143 gentium
1037 2075 1377 2136 conveniunt,
1411 2088 1526 2140 quae
1551 2087 1580 2125 a
1605 2074 1814 2126 Christo
1832 2072 2042 2139 accipit.

491 2168 621 2232 Quia
649 2168 886 2237 aquatica
909 2177 989 2219 est
1016 2167 1068 2219 in
1114 2165 1396 2232 baptismo,
1426 2167 1668 2233 subrepta
1709 2165 1760 2218 in
1789 2164 1910 2229 ﬁde,
1944 2161 2044 2218 tol-

489 2261 608 2313 lens
659 2259 1025 2312 crudelitatem
1084 2255 1278 2309 Cltristi
1325 2257 1375 2309 in
1437 2257 1739 2324 semetipsa,
1790 2255 1943 2308 litans
1990 2253 2043 2308 in

495 2347 911 2401 sanctificatione
977 2346 1266 2399 divinitatis
1311 2358 1363 2400 et
1408 2347 1781 2400 incarnationis
1827 2346 2042 2400 Christi.

500 2435 765 2490 lloraliter
805 2450 1012 2503 quoque
1043 2435 1369 2490 Pharaonem
1403 2447 1603 2503 patrem
1655 2436 1954 2499 habuimus,
2001 2435 2046 2485 si

498 2527 550 2580 itt
580 2526 727 2580 malis
755 2527 1000 2589 operibus
1032 2542 1123 2580 rex
1151 2526 1361 2596 ,λεμμα
1405 2541 1500 2579 nos
1523 2523 1720 2592 genuit.
1747 2524 1878 2577 Cum
1904 2525 2050 2576 veni-

501 2631 616 2671 mus
640 2617 703 2668 ad
739 2617 1024 2680 lavacrum,
1057 2628 1387 2668 assumamus
1413 2615 1644 2682 Moysen,
1668 2612 1716 2665 id
1744 2619 1847 2675 est,
1880 2611 2047 2678 legem

500 2707 612 2769 Dei,
639 2717 686 2760 et
713 2707 846 2760 intra
878 2707 1055 2760 cordis
1085 2706 1250 2758 nostri
1282 2711 1418 2756 tecta
1470 2702 1661 2770 regalia
1691 2703 2047 2756 collocemus:

501 2811 618 2864 quze
674 2811 830 2864 prava
879 2805 998 2846 sunt
1048 2793 1432 2860 relinquamus,
1487 2790 1675 2846 fortem
1705 2800 1756 2844 et
1802 2791 2049 2861 grandem

501 2887 784 2940 habeamus
818 2887 1050 2955 Moysen.
1083 2884 1270 2938 Tutum
1322 2885 1462 2937 enim
1502 2899 1744 2951 magnum
1773 2896 1874 2946 est,
1903 2882 2048 2950 quic-

494 2975 620 3043 quid
657 2973 892 3038 spiritale
934 2983 1031 3028 est.
1076 2973 1278 3029 Interea
1324 2970 1524 3044 Moyses
1575 2975 1896 3044 peregrinum
1946 2973 2052 3040 fra-

496 3073 620 3116 trem
665 3063 727 3114 ab
779 3061 1026 3134 Egyittio
1065 3065 1310 3130 liberavit,
1350 3076 1396 3117 et
1451 3064 1666 3116 inultum
1715 3079 1813 3116 non
1862 3063 2049 3125 sinetis,

2144 1988 2270 2043 Sitis
2295 1988 2432 2043 enim
2462 1989 2520 2044 ﬁt
2543 1999 2663 2046 ante
2695 2007 2880 2059 panem
2899 2003 2952 2046 et
2979 2005 3132 2061 post;
3164 2004 3216 2048 et
3257 1995 3334 2049 sic
3359 2004 3490 2049 sunt
3539 1996 3720 2049 volun-

2146 2088 2303 2134 tates.
2331 2080 2453 2134 Hzc
2476 2082 2571 2134 tria
2604 2082 2878 2136 moraliter
2901 2082 3181 2151 unicuique
3205 2085 3344 2137 bono
3362 2083 3578 2136 doctori
3597 2099 3716 2136 con-

2145 2171 2383 2234 veniunt,
2408 2170 2608 2224 sedenti
2629 2169 2776 2240 juxta
2821 2169 3113 2225 doctrinam
3156 2172 3511 2238 spiritualem.
3548 2172 3616 2224 Et
3671 2173 3722 2224 in

2147 2261 2248 2315 hoc
2279 2276 2439 2314 sensu
2471 2261 2713 2325 Madiam,
2744 2260 3012 2314 Christum
3051 2260 3339 2328 signiﬁcat:
3371 2260 3611 2328 filiasque
3663 2260 3720 2310 ilo

2149 2350 2274 2413 lius,
2305 2351 2511 2404 animas
2539 2351 2720 2403 ductas
2747 2365 2840 2415 per
2869 2349 3228 2416 septiformem
3267 2349 3542 2412 spiritum,
3595 2349 3724 2402 bau-

2148 2438 2345 2490 rieutes
2389 2451 2550 2502 aquas
2590 2439 2931 2502 pteniteutire.
2983 2438 3106 2492 ldeo
3132 2439 3374 2493 dicitur:
3417 2438 3724 2507 Cupiebant

2148 2530 2289 2595 quod
2311 2526 2526 2582 dlllicile
2565 2538 2802 2603 possunt,
2835 2544 2929 2597 pro
2955 2528 3192 2595 corporis
3217 2537 3504 2596 potestate,
3533 2543 3724 2581 carm-

2152 2617 2217 2670 lia
2262 2631 2484 2683 corpora
2529 2618 2878 2681 demonstrat,
2933 2632 3134 2686 greges,
3182 2631 3370 2672 sensus
3418 2616 3720 2683 perfectos:

2145 2716 2388 2776 pastores
2417 2723 2543 2762 vero
2580 2707 2746 2762 malos
2774 2707 3044 2776 ejicieutes
3073 2708 3292 2773 puellas,
3309 2706 3359 2760 id
3385 2716 3468 2760 est
3487 2707 3720 2760 animas.

2156 2799 2381 2868 Moyses,
2431 2799 2696 2852 doctorem
2724 2816 2738 2863 ;
2769 2812 2913 2862 oves,
2958 2799 3330 2866 cogitationes;
3376 2801 3619 2852 reversio
3659 2801 3722 2851 ad

2151 2886 2415 2954 Jetbrum,
2459 2890 2771 2954 animarum,
2807 2887 3018 2955 quando
3043 2896 3336 2950 tentantur,
3384 2889 3629 2940 reversio
3657 2887 3720 2938 ad

2151 2977 2416 3034 Christum
2437 3020 2450 3044 ,
2482 2979 2671 3046 quibus
2701 2993 2727 3030 a
2757 2978 2965 3030 Christo
3010 2975 3200 3030 dicitur
3226 2994 3238 3027 :
3262 2974 3369 3029 Cur
3396 2977 3628 3029 venisti!
3673 2976 3722 3027 id

2153 3081 2254 3136 est,
2284 3086 2379 3124 cur
2405 3071 2564 3124 rudes
2597 3069 2765 3124 estis?
2799 3070 2990 3122 Doctor
3017 3077 3192 3120 autem
3225 3068 3301 3119 vir
3335 3065 3620 3136 Egyptins
3650 3067 3723 3117 di-

498 3151 801 3222 ngyptiutn
840 3155 1040 3206 occidit.
1087 3153 1369 3221 Iujuriosus
1396 3153 1728 3259 nobilslvalde
1753 3163 1834 3207 est
1861 3152 1914 3205 in
1952 3152 2048 3259 hac
2077 3193 2128 3259 ϐ
2155 3162 2312 3225 citur,
2368 3176 2432 3214 eo
2461 3160 2596 3226 quod
2630 3159 2918 3212 mundiales
2946 3158 3096 3209 docet
3125 3171 3141 3220 ;
3187 3156 3266 3210 vel
3315 3156 3420 3218 lex,
3467 3170 3532 3209 eo
3582 3161 3721 3221 quod

502 3243 921 3310 peregrinatione
968 3243 1233 3308 diabolus,
1287 3244 1375 3312 qui
1430 3259 1457 3294 a
1505 3241 1718 3296 Christo
1759 3256 1856 3310 pro
1899 3241 2048 3295 nobis

2155 3248 2472 3318 coujttgium.
2499 3247 2695 3300 Iuravit
2745 3262 2861 3314 ergo
2887 3246 3100 3314 Moyses.
3138 3244 3191 3296 In
3243 3246 3344 3296 boc
3375 3248 3534 3298 etiam
3569 3249 3724 3301 Cbri-

497 3335 697 3386 occisus
726 3342 826 3386 est.
867 3333 1017 3398 Quod
1075 3334 1126 3386 in
1174 3348 1334 3386 arena
1383 3332 1606 3400 arripuit
1651 3331 2045 3396 interemptum,

2158 3345 2298 3391 slum
2331 3335 2608 3404 significat.
2639 3334 2851 3399 Jurans,
2883 3333 2932 3386 id
2979 3341 3080 3397 est,
3126 3333 3470 3386 immobililer
3495 3337 3721 3400 proplse.

498 3425 756 3492 signiﬁcat
801 3424 940 3492 quod
995 3423 1236 3477 diabolus
1302 3424 1351 3477 in
1407 3424 1748 3491 reproborutn
1803 3423 2052 3477 cordibus
2160 3427 2728 3492 tans,assumptionent
2757 3423 2950 3478 carnis.
2983 3422 3049 3478 Ut
3073 3423 3318 3477 habitaret
3352 3441 3469 3476 eam
3514 3425 3641 3478 illa:
3673 3427 3719 3480 id

506 3517 758 3584 religatus
798 3524 899 3580 est,
933 3515 1021 3584 qui
1065 3516 1253 3569 stabile
1283 3515 1675 3569 fundamentum
1705 3529 1806 3568 non
1838 3514 2048 3578 habent,
2156 3524 2258 3578 est,
2289 3529 2408 3569 cum
2449 3513 2676 3575 diabolo,
2720 3515 2770 3566 in
2802 3512 2904 3566 hoc
2956 3514 3152 3566 mundo
3197 3527 3458 3578 superans
3491 3513 3641 3566 illum
3670 3519 3716 3566 in

500 3607 592 3660 sed
623 3608 884 3660 mliﬁcant
929 3607 1141 3660 domum
1170 3622 1331 3672 super
1381 3618 1604 3662 aretum.
1641 3606 1840 3676 Moyses
1886 3617 2053 3659 autem
2156 3617 2332 3657 cruce.
2377 3604 2446 3657 De
2473 3603 2574 3655 ﬁlia
2601 3617 2716 3671 qua:
2746 3601 2906 3671 Moysi
2953 3600 3192 3668 copulata
3247 3610 3327 3654 est
3369 3602 3616 3667 superius
3643 3604 3720 3652 di-

503 3711 615 3747 cunt
649 3697 775 3748 duos
821 3696 1058 3748 liebra'os
1100 3699 1320 3750 ria-antes
1357 3699 1625 3766 pariﬁcare
1667 3715 1766 3750 non
1798 3699 2052 3767 p0'uisse.’,
2157 3704 2296 3748 ctum
2325 3705 2426 3747 est.
2461 3693 2621 3746 Filius
2647 3701 2841 3755 autem,
2873 3706 3026 3760 quem
3055 3695 3254 3758 peperit
3278 3691 3374 3753 illi,
3403 3691 3454 3743 id
3485 3702 3564 3744 est
3589 3690 3717 3745 Ger-

505 3783 840 3852 pro/iciscitttr
891 3785 957 3835 ad
1011 3796 1191 3836 terram
1253 3786 1496 3839 Modiam.
1555 3787 1618 3839 Et
1657 3788 1736 3840 lex
1776 3788 1886 3851 Dei,
1936 3805 2002 3854 qu
2029 3805 2054 3838 :t
2158 3801 2273 3844 seu,
2305 3783 2442 3850 quod
2471 3784 2842 3848 interpretatur
2880 3781 3119 3842 advena,
3168 3781 3428 3846 significat
3471 3781 3714 3851 populum

455 3894 467 3908 -
506 3874 717 3927 Setibas
737 3887 786 3926 et
817 3875 1112 3928 Pharisznos
1141 3876 1502 3930 discordantes
1525 3891 1642 3929 cum
1677 3877 1828 3942 plebe
1859 3878 2057 3943 reliqua
2159 3877 2410 3943 gentium,
2435 3875 2522 3942 qui
2550 3875 2646 3927 fuit
2677 3875 2876 3927 advena
2909 3874 2960 3925 in
2983 3874 3116 3939 lege.
3149 3871 3220 3924 De
3245 3882 3411 3925 morte
3439 3884 3614 3926 autem
3634 3873 3714 3924 rd-

506 3964 826 4032 Cuttjttngcre
853 3980 955 4016 non
979 3966 1246 4027 valuisset,
1282 3975 1513 4017 moratur
1544 3966 1594 4017 in
1625 3966 1927 4032 gentilibus.
1957 3965 2062 4019 Μει-
2162 3962 2243 4028 gis
2273 3959 2486 4030 Egypti
2518 3965 2756 4026 superius
2801 3961 2994 4012 dictum
3024 3973 3126 4023 est,
3156 3957 3305 4026 cujus
3355 3973 3585 4021 po'estas
3627 3977 3718 4030 per

510 4051 648 4102 diam
679 4052 1052 4118 interpretatur
1083 4055 1446 4116 contradictio,
1483 4070 1574 4119 per
1627 4055 1763 4120 quod
1796 4054 1873 4107 lett
1904 4056 2063 4122 εἰμί·
2165 4051 2459 4114 passio-toni
2489 4048 2682 4100 Christi
2704 4048 2769 4100 de
2792 4047 2986 4100 mundo
3008 4057 3156 4110 rupta
3186 4056 3288 4100 est.
3320 4044 3387 4099 Et
3416 4049 3714 4116 ίηςαιιριιω

506 4139 709 4202 ﬁcatur,
735 4142 868 4203 quod
904 4143 981 4193 lea
1013 4143 1184 4195 divina
1212 4143 1674 4196 Contradictionem
1705 4142 1755 4195 in
1797 4143 2061 4211 gentibUs,
2164 4135 2257 4203 ﬁlii
2287 4134 2470 4199 Israel.
2500 4136 2549 4188 id
2588 4143 2686 4195 est.
2719 4151 2811 4202 pro
2841 4136 3197 4203 magnitudine
3222 4139 3490 4192 servitutis
3515 4158 3527 4190 :
3557 4143 3634 4195 sic
3667 4155 3714 4195 et

506 4235 728 4303 primum
762 4235 977 4299 invenit,
1003 4247 1054 4291 et
1083 4237 1266 4291 eadem
1306 4237 1386 4291 lex
1417 4246 1616 4304 septem
1649 4235 1782 4289 ﬁlias
1822 4235 2066 4289 sacerdo-
2165 4229 2329 4279 sancti
2364 4227 2738 4280 tentatiunibus
2768 4226 3145 4279 da-mouiorum
3174 4236 3226 4280 et
3254 4229 3512 4283 malorum
3551 4229 3713 4282 humi-

507 4327 573 4379 tis
596 4327 836 4390 Modiam,
863 4329 962 4395 hoc
990 4337 1093 4388 est,
1122 4345 1148 4381 a
1180 4331 1511 4394 philosophis
1539 4339 1591 4382 et
1616 4329 1945 4394 sapientibus
1967 4330 2064 4380 ltu-

505 4415 588 4483 jus
619 4417 794 4467 mundi
829 4414 1064 4468 defendit
1088 4435 1098 4468 :
1125 4432 1239 4483 quae
1272 4417 1519 4469 videlicet
1550 4417 1778 4468 Ecclesia
1807 4416 2063 4483 gentium,

2167 4332 2289 4370 num
2316 4326 2366 4370 et
2402 4317 2643 4370 vitiorum
2674 4328 2877 4385 propter
2925 4333 3098 4382 opera,
3131 4316 3182 4370 id
3211 4329 3290 4371 est
3317 4329 3532 4385 peceata
3555 4322 3715 4373 malo-

2167 4423 2282 4462 rum
2327 4407 2630 4472 docturum,
2666 4408 3031 4475 ingetniscunt.
3061 4409 3300 4462 Ascendit
3326 4407 3521 4460 clatnor
3544 4424 3708 4461 eor-ta

510 4506 630 4558 licet
656 4514 801 4571 patre
827 4505 1027 4573 gentili,
1075 4516 1194 4558 nata
1230 4516 1309 4558 est
1339 4505 1452 4572 lege
1506 4505 1618 4558 Dei.
1650 4505 1808 4570 Igitur
1829 4515 1880 4557 et
1909 4522 2062 4558 unam
2095 4526 2144 4583 ι)
2167 4499 2235 4550 ad
2281 4497 2566 4562 Dominum.
2621 4499 2671 4550 iu
2723 4499 3001 4552 audiendo.
3053 4499 3114 4552 Et
3144 4514 3236 4564 per
3266 4501 3407 4553 hunc
3435 4502 3710 4553 clamore:-

509 4593 574 4646 de
604 4602 802 4660 septem
823 4595 1044 4658 aetrepit.
1063 4595 1190 4646 Cum
1207 4596 1275 4647 sit
1297 4595 1437 4648 enim
1462 4593 1694 4646 Ecclesia
1720 4594 2061 4662 septifurmis,

510 4689 681 4732 tamen
707 4698 796 4747 per
818 4684 1068 4736 unitatem
1094 4693 1212 4736 nata
1237 4693 1337 4736 est.
1375 4681 1490 4736 Una
1511 4692 1582 4735 est
1609 4681 1759 4746 enim,
1779 4683 1962 4748 inquit,
1980 4698 2067 4734 co-

515 4773 679 4822 lumba
706 4790 836 4827 mea.
881 4773 938 4825 Et
980 4785 1250 4840 postquam
1281 4776 1505 4842 gentiles
1544 4771 1769 4840 copulati
1798 4780 1920 4824 sunt
1946 4772 2065 4838 legi,

515 4860 704 4912 dicitur
725 4862 862 4926 quod
892 4865 958 4913 sit
985 4873 1217 4914 utotluus
1254 4878 1343 4916 rex
1376 4863 1608 4932 Egypti.
1662 4862 1757 4914 Alii
1799 4860 1979 4913 dicunt
2016 4859 2068 4912 in

517 4953 616 5001 hac
643 4963 700 5002 re
729 4949 941 5018 Moysen
967 4950 1184 5016 ﬁguram
1207 4952 1399 5003 Christi
1429 4966 1609 5018 gerere
1636 4967 1650 5014 ;
1692 4950 1824 5003 duos
1867 4962 2070 5015 quoque

515 5041 772 5100 rixantes,
798 5040 1018 5093 duorum
1053 5041 1391 5107 populorum,
1447 5053 1499 5092 et
1529 5042 1883 5110 perlicientetu
1937 5039 2072 5103 inju—

517 5133 670 5192 riam,
705 5131 948 5197 pupulum
979 5128 1248 5182 Judaicum
1279 5130 1643 5184 demonstrare
1675 5127 2068 5196 pevbibeul,cui

519 5221 746 5272 dit-itur:
780 5217 944 5281 Quare
965 5219 1174 5280 percutis
1204 5220 1482 5284 proxitttum
1523 5219 1707 5271 tuum?
1755 5218 1802 5270 id
1842 5226 1938 5274 est,
1983 5231 2073 5282 po-

519 5312 694 5375 pulum
725 5311 974 5386 gent‘ittm.
1007 5307 1130 5370 Quis
1155 5316 1200 5358 te
1221 5309 1474 5359 constituit
1513 5311 1785 5377 principem
1814 5317 1899 5358 aut
1917 5307 2072 5376 judi-

519 5398 664 5449 cem.’
711 5397 764 5448 in
789 5399 886 5449 hoc.
915 5399 1294 5464 przrﬁguratur,
1335 5398 1472 5462 quod
1501 5397 1549 5446 itt
1594 5397 1880 5465 Evangelia
1907 5395 2069 5448 Judaei

522 5490 777 5552 negabant.
819 5488 1081 5539 Christum
1129 5503 1244 5540 esse
1275 5503 1445 5555 regem
1476 5487 1790 5543 indecorum.
1829 5488 2074 5545 Nunquid

523 5576 745 5625 occidere
771 5592 845 5625 me
865 5577 975 5626 vis?
1006 5575 1172 5626 Etiam
1207 5577 1303 5626 hoc
1334 5593 1396 5628 es
1430 5591 1650 5640 persona
1673 5581 1845 5642 pottuli
1873 5577 2070 5630 Jtttlaici

525 5662 587 5713 ad
629 5661 886 5713 Christum
912 5663 1012 5710 dici
1047 5676 1199 5724 posse
1223 5663 1475 5716 ﬁrmatur.
1503 5665 1554 5716 ltt
1582 5666 1924 5730 sequentibus
1969 5681 2070 5716 non

525 5761 604 5803 est
630 5748 841 5801 dilliscile
859 5747 925 5800 ad
953 5745 1217 5800 Christum
1247 5748 1454 5802 rcfetrl.
1481 5752 1546 5806 Ut
1567 5768 1658 5821 per
1702 5753 1891 5822 Moysis
1918 5755 2070 5808 timo-

2168 4590 2334 4642 oratio
2386 4599 2684 4642 sanctorum
2730 4589 3054 4656 signiﬁcatur
3099 4590 3164 4641 ad
3206 4591 3484 4643 Dominum
3538 4603 3714 4643 ascen-

2167 4677 2311 4730 dere.
2335 4678 2484 4742 Qttod
2533 4687 2706 4731 autem
2754 4677 2899 4745 plebs
2932 4675 3144 4746 Esypli
3173 4688 3289 4744 post
3321 4691 3546 4733 mortem
3586 4679 3714 4746 regis

2168 4772 2248 4822 sui
2278 4770 2396 4822 vitia
2427 4769 2507 4821 vel
2538 4779 2775 4835 peccata,
2818 4779 2932 4835 post
2960 4770 3219 4822 diabolum
3264 4771 3315 4824 in
3358 4775 3610 4824 mundum
3635 4787 3712 4820 ve-

2169 4860 2299 4912 nire.
2338 4858 2398 4912 Et
2427 4860 2616 4912 audivit
2638 4861 2874 4928 gemitum
2894 4860 3097 4912 illorum
3123 4876 3141 4924 ;
3185 4861 3234 4912 id
3266 4872 3343 4916 est
3372 4862 3422 4913 in
3458 4861 3711 4914 laboribus

2173 4948 2368 5015 populi,
2397 4949 2509 5002 sive
2531 4960 2852 5002 sanctorum.
2907 4951 3090 5014 Aliter,
3146 4959 3204 5005 ut
3239 4953 3482 5016 superius
3525 4953 3712 5005 dictam

2171 5050 2274 5101 ett,
2299 5055 2390 5106 per
2421 5055 2591 5107 regem
2617 5038 2822 5108 Aigypti
2853 5054 3040 5093 sensus
3069 5039 3402 5105 imperfectos
3444 5040 3709 5098 desinat:

2171 5143 2272 5195 quo
2292 5141 2514 5193 utorluu,
2547 5130 2633 5182 lilii
2666 5131 2838 5192 Israel,
2867 5131 2916 5183 id
2944 5139 3044 5189 est,
3076 5129 3314 5195 perfecti,
3347 5130 3711 5196 ingemiscant.

2171 5221 2268 5274 sub
2319 5223 2455 5272 vitiis
2505 5221 2555 5274 in
2599 5218 2926 5288 corporibus.
2964 5216 3029 5269 Et
3056 5221 3348 5293 recordatus
3390 5229 3462 5271 est
3503 5221 3711 5284 Induit.

2173 5325 2334 5376 usque
2380 5311 2558 5363 Iacob.
2606 5310 2705 5364 Alii
2751 5309 3074 5373 interrogare
3097 5307 3286 5370 solent,
3323 5323 3482 5373 quare
3512 5326 3617 5363 non
3643 5309 3716 5362 hic

2177 5399 2427 5453 Dominus
2471 5400 2773 5454 recordatus
2818 5397 3008 5449 dicitur
3051 5384 3457 5452 fuissefmderis
3506 5400 3714 5458 Adaei

2178 5493 2263 5542 lilii
2291 5492 2427 5544 illius
2455 5491 2602 5544 Abel.
2627 5490 2686 5542 Et
2712 5502 2872 5550 quare
2901 5501 3003 5538 non
3030 5487 3232 5542 Euucb.
3265 5487 3353 5553 qui
3382 5491 3591 5552 primus
3632 5501 3714 5540 nu-

2176 5582 2264 5633 bes
2294 5582 2342 5632 in
2366 5582 2670 5634 asr-ensione
2697 5576 3044 5630 consecravit.
3065 5576 3154 5630 Vel
3174 5576 3442 5637 Nue,dum
3462 5593 3558 5643 per
3582 5579 3713 5632 illum

2177 5670 2399 5722 mundus
2439 5670 2488 5721 itt
2529 5669 2725 5720 diluvio
2767 5665 3132 5718 rewdilicatur.
3172 5665 3276 5720 Sed
3323 5681 3419 5731 per
3461 5668 3708 5721 Abralln

2179 5759 2342 5814 foedus
2364 5762 2820 5814 commemoratur.
2847 5752 2895 5808 id
2925 5763 3005 5808 est
3034 5755 3114 5812 lex
3139 5754 3565 5810 circumcisianis
3603 5767 3711 5824 qua
