3872 6262
161 378 276 435 9.95

938 376 1010 428 ΤΙΝ
1054 371 1545 430 ΡΕΝΤᾹΤΕΗΟΙΙΙ.)
1559 372 1602 426 M
1661 373 1721 427 Ct

1825 374 2146 430 ιιΙςΝτΑιιιι.
2186 405 2254 417 —-
2291 375 2580 432 EXODUS.
3281 374 3372 434 994

161 491 245 546 illi
299 492 423 556 data
476 499 592 553 est;
645 503 906 559 quamque
962 503 1066 540 non
1091 497 1174 541 est
1227 498 1608 557 transgressus,
1639 485 1729 540 sed
1759 487 1810 547 Α
1835 482 1900 538 do
1927 485 2102 539 medio
2134 485 2264 538 rubo
2290 485 2586 540 ostenditur
2605 527 2619 550 ,
2663 493 2715 536 ut
2744 482 3045 538 ostenderet
3074 498 3132 538 se
3156 484 3233 539 sic
3262 485 3367 538 ani-

161 563 511 649 adiuiplevit:
538 579 732 634 Idcirco
755 594 846 645 per
873 578 1017 632 illum
1050 578 1220 632 lmdus
1257 584 1726 631 conuuemoratur.

162 673 344 727 Adam
363 673 557 740 quippe
582 671 908 735 mandatum,
938 668 1078 737 quod
1105 682 1135 720 a
1163 668 1270 721 Deo
1295 666 1516 734 accepit,
1559 676 1729 720 trans-
1765 721 1796 748 ο

163 776 390 830 gressus
413 769 514 814 est.
548 757 727 813 Bnoch
756 771 965 828 quoque
1009 765 1277 825 peccatum
1322 757 1457 808 illius
1504 753 1727 817 impedi-

164 851 264 905 vit.
295 849 556 902 Abraham
584 847 784 915 primus
812 846 979 914 legem
1009 858 1164 912 quam
1184 850 1455 911 acceperat
1476 841 1728 909 adimp'c-

165 941 267 993 vit.
304 938 472 992 Aliter
499 937 582 990 les
613 935 792 990 Enoch
822 941 877 988 et
908 932 1019 988 Noe
1044 931 1254 999 proprie
1276 930 1397 986 data
1426 943 1530 983 non
1575 943 1730 996 repu-

163 1039 334 1092 tatur,
349 1027 440 1081 sed
463 1033 662 1079 tantum
681 1038 772 1091 per
783 1022 1047 1077 Abraham
1075 1019 1245 1075 lmdus
1261 1029 1722 1085 commemoratur,

161 1116 256 1170 cui
283 1112 512 1168 secunda
541 1112 622 1166 lex
641 1111 826 1173 datur;
845 1118 896 1162 et
917 1123 1019 1162 non
1049 1106 1146 1162 fuit
1173 1117 1530 1176 transgressus
1559 1107 1726 1173 illam,

163 1213 447 1271 postquam
470 1205 792 1266 sumpserat;
820 1196 940 1251 ideo
968 1208 1061 1265 per
1083 1195 1370 1260 Abraham,
1406 1194 1550 1251 Isaac
1575 1194 1729 1250 etia-

160 1291 292 1356 cob,
323 1287 490 1345 ludus
505 1296 951 1342 commemoratur
979 1284 1120 1354 plebi
1144 1283 1330 1348 Israel;
1380 1282 1459 1338 vel
1485 1287 1602 1352 quia
1634 1283 1727 1338 viri

163 1378 254 1431 itis
277 1377 523 1432 meliores
549 1384 668 1445 post
694 1373 950 1428 diluvium
973 1387 1076 1428 non
1105 1371 1346 1437 luerunt,
1377 1372 1459 1426 vel
1497 1386 1564 1426 eo
1587 1372 1728 1443 quod

162 1466 563 1521 lundamentum
597 1463 846 1518 Ecclesia:
894 1470 1036 1528 sunt,
1064 1462 1177 1516 sive
1195 1460 1333 1529 quod
1382 1469 1486 1515 tam
1515 1459 1566 1514 in
1594 1475 1726 1530 ope-

162 1554 316 1609 ribus
340 1568 496 1623 quam
523 1554 574 1607 in
603 1537 790 1621 ﬁguris
804 1551 946 1620 digni
975 1560 1099 1606 sunt
1125 1549 1394 1605 Abraham
1417 1551 1578 1618 patris
1599 1551 1729 1621 ligu-

162 1658 282 1696 rum
308 1651 487 1696 tem-re
514 1640 693 1709 aliquo
722 1639 901 1704 modo,
931 1646 986 1692 et
1012 1637 1156 1692 Isaac
1188 1636 1406 1703 Christi,
1439 1637 1605 1693 Jacob
1635 1655 1727 1708 po-

163 1730 278 1798 puli
305 1729 614 1794 Christiani,
672 1729 761 1798 qui
801 1726 1270 1796 et'plenitudinem
1318 1729 1723 1797 scientiis,'qu:e

1833 587 1974 627 mum
2003 573 2277 628 servitutis
2308 573 2743 641 pertransiturmn
2782 586 2902 626 esse
2926 610 2943 636 ,
2994 573 3133 627 sicut
3165 572 3372 627 ﬂamma

1827 663 2096 734 angustias
2149 662 2262 716 rubi
2295 662 2650 730 pertransivit.
2703 659 2886 716 Bubus
2935 660 3128 714 ardens
3167 670 3221 715 et
3263 677 3369 717 non

1828 749 2136 803 combustus
2161 750 2418 816 siguiﬂcat
2469 749 2610 819 quod
2659 750 2796 802 ﬂlios
2839 748 2996 802 Israel
3047 751 3100 804 in
3142 751 3376 822 Egypo

1829 834 1980 888 labor
2022 837 2295 889 servitutis
2334 851 2439 890 non
2467 848 2819 891 consumeret.
2852 838 3108 907 Quodque
3145 841 3376 896 dicitur:

1831 925 2000 990 Quare
2035 943 2136 980 nou
2164 927 2473 981 comburitur
2495 928 2654 981 rubus
2678 929 2702 980 .’
2727 927 3020 984 hominum.
3060 932 3373 1002 imperitiam

1825 1016 2062 1069 ostendit
2094 1017 2144 1070 in
2175 1015 2423 1071 sensibus
2448 1017 2826 1083 spiritualilius.
2873 1016 3019 1072 Tunc
3049 1031 3226 1073 autem
3268 1021 3370 1073 Du-

1827 1103 2003 1157 minus
2045 1104 2258 1174 Moysen
2311 1119 2500 1160 vocare
2551 1105 2764 1168 dicitur,
2813 1121 2932 1161 eum
2979 1106 3044 1161 ad
3088 1107 3368 1164 videndum

1830 1202 2093 1263 pergeret.
2157 1196 2231 1249 Ea
2261 1209 2367 1265 qua
2393 1195 2883 1262 intelligimus-tunc
2917 1197 3067 1252 nobis
3099 1196 3371 1251 Dominum

1827 1275 2082 1338 auxilium
2105 1283 2257 1348 dare.
2289 1295 2345 1338 ut
2366 1285 2639 1339 videamus
2668 1284 2810 1352 quod
2841 1300 2945 1339 non
2975 1285 3196 1340 vidimus
3233 1295 3377 1350 ante,

1826 1387 1946 1427 cum
1977 1374 2310 1442 egrediemur
2337 1374 2405 1429 de
2452 1374 2696 1429 libertate
2741 1375 2968 1444 arbitrii,
2999 1387 3056 1430 ut
3084 1391 3187 1456 non
3217 1376 3368 1430 laciao

1827 1476 1943 1516 mus
1969 1461 2268 1517 voluntates
2297 1471 2504 1516 nostras
2532 1463 2794 1519 carnales.
2839 1464 2991 1519 Solve
3038 1464 3369 1519 calciamenta

1826 1552 1888 1606 de
1916 1553 2144 1621 pedibus,
2191 1561 2244 1606 et
2272 1552 2495 1622 reliqua.
2547 1556 2625 1608 Ac
2647 1554 2692 1609 si
2724 1554 2924 1611 diceret
2956 1574 2968 1609 :
3000 1555 3287 1625 Serpentes
3317 1559 3370 1611 in

1828 1639 1928 1696 hoc
1951 1640 2065 1695 loco
2093 1657 2197 1695 non
2224 1651 2367 1696 sunt.
2401 1643 2568 1698 Aliter
2589 1643 2954 1710 calciamenta,
2987 1646 3038 1700 id
3067 1657 3147 1700 est
3187 1648 3371 1718 inlide-

1827 1728 2046 1796 litatem,
2078 1745 2195 1799 qua:
2224 1744 2412 1785 sensus
2444 1742 2561 1786 tuos
2602 1734 2938 1804 constringit,
2983 1734 3097 1791 sive
3127 1736 3365 1791 timorem

162 1796 393 1876 Madiam
441 1818 579 1874 dicta
626 1796 756 1884 est,
820 1819 994 1885 primo
1051 1828 1384 1884 acceperunt.
1458 1796 1720 1874 Abraham
1750 1796 1798 1855 Β
1830 1796 2119 1872 Pharaonis
2145 1818 2212 1873 de
2242 1821 2346 1873 tuis
2389 1820 2654 1876 sensibus.
2685 1796 2868 1875 Locus.
2895 1796 2946 1875 in
2986 1839 3086 1892 quo
3105 1816 3370 1876 stasltcrra

161 1912 358 1979 quippe
389 1918 503 1979 post
526 1908 690 1963 Adam
723 1908 921 1976 primus
951 1906 1218 1977 physicam
1237 1906 1436 1972 babuit,
1455 1922 1612 1977 quem
1633 1925 1724 1961 na-

167 2010 287 2053 tura
314 1998 379 2052 ad
419 1997 584 2051 Deum
610 1997 932 2050 adorandum
961 1995 1220 2062 perduxit,
1262 2007 1316 2049 et
1339 2010 1432 2060 per
1456 2011 1724 2052 creaturas

166 2091 318 2144 illum
343 2088 605 2158 cognovit.
641 2087 781 2141 Isaac
798 2086 1045 2150 ethicam,
1079 2085 1197 2155 quia
1220 2091 1322 2140 ‘non
1338 2087 1486 2142 duxit
1503 2104 1720 2143 uxorem

167 2182 380 2234 vivente
405 2189 592 2243 matre,
613 2192 678 2231 ne
706 2177 885 2243 uxoris
916 2175 1126 2231 dilectio
1166 2177 1500 2234 dilectionem
1541 2181 1725 2236 matris

169 2278 469 2338 superaret,
518 2267 699 2336 Neque
748 2267 906 2321 etiam
961 2279 1175 2320 uxorem
1215 2267 1400 2331 duxit,
1453 2283 1724 2337 usquequo

168 2368 320 2427 pater
345 2372 471 2411 suus
491 2356 669 2426 jussit.
714 2353 875 2409 Jacob
898 2364 1070 2407 autem
1101 2354 1344 2424 logicam,
1371 2358 1509 2424 quod
1539 2358 1590 2412 in
1615 2359 1726 2415 elev

165 2449 351 2502 ctioue
393 2445 815 2502 benedictionum
843 2441 973 2500 etin
999 2444 1256 2498 electione
1293 2446 1596 2516 intelligitur
1640 2449 1727 2503 ci-

167 2538 377 2591 borum.

775 2621 997 2676 CAPUT
1025 2623 1108 2677 ΙΙΙ.

246 2710 450 2780 Moyses
481 2717 658 2763 autem
710 2725 858 2777 puer,
887 2725 1108 2779 pascens
1147 2727 1292 2777 oves,
1341 2712 1579 2769 Christus
1605 2730 1726 2771 san-

171 2811 291 2855 ctos
337 2814 557 2868 pascens
612 2799 844 2866 quotidie
888 2815 980 2867 per
1015 2802 1250 2867 exempla
1297 2802 1720 2870 Evangeliorum.

167 2887 360 2945 Jethro
381 2887 629 2942 sacerdos
662 2887 891 2950 Madian,
946 2886 995 2940 id
1028 2895 1110 2941 est
1137 2889 1364 2954 diaboli;
1390 2891 1584 2945 dicitur
1629 2908 1723 2945 au-

170 2990 278 3033 tem
309 2980 372 3031 ah
403 2978 521 3031 aliis
550 2977 688 3045 quod
740 2975 944 3030 Madian
997 2976 1193 3030 idolum
1225 2977 1349 3041 fuit,
1397 2991 1447 3034 et
1473 2981 1724 3036 sacerdos

180 3073 352 3139 ipsius
401 3069 643 3125 Jetliron.
690 3068 798 3143 .Per
836 3084 1044 3137 gregem
1093 3078 1267 3123 autem
1309 3085 1464 3138 quem
1519 3072 1722 3143 Moyses

171 3159 392 3213 minavit
440 3158 606 3212 sancti
655 3157 1017 3222 designantur;
1072 3171 1163 3225 per
1211 3158 1459 3212 interiora
1505 3160 1719 3230 deserti,

173 3256 536 3309 sacramenta;
569 3233 916 3314 per'rnontcm
955 3245 1046 3298 Dei
1078 3247 1236 3310 Ureb,
1260 3257 1438 3301 sancta
1473 3247 1721 3304 Ecclesia.

179 3336 382 3388 Deinde
427 3335 481 3389 in
531 3333 665 3387 rubo
725 3332 976 3388 Damiuus
1021 3334 1205 3404 Moysi.
1233 3335 1482 3402 Flamma
1511 3350 1624 3393 erat
1673 3343 1723 3394 in

172 3423 308 3476 rubo
328 3432 381 3476 et
402 3422 563 3475 rubus
611 3435 715 3474 non
761 3422 1206 3476 comburebatur:
1237 3424 1318 3478 lex
1368 3425 1457 3480 Dei
1509 3438 1620 3480 erat
1671 3429 1722 3482 in

172 3511 392 3575 Juda-is,
451 3517 503 3562 et
535 3518 708 3562 tamen
749 3519 958 3576 peccata
991 3510 1288 3566 Judaorum
1322 3529 1424 3567 non
1452 3527 1573 3569 sunt
1594 3533 1724 3571 con-

171 3611 414 3668 sumpta;
465 3599 669 3650 ﬂamma
717 3599 856 3651 enim
908 3599 992 3652 lex
1036 3600 1124 3654 Dei
1169 3611 1271 3654 est.
1321 3601 1498 3655 llubus
1545 3614 1718 3656 autem

175 3697 388 3753 peccata
441 3687 765 3747 Judaeorum,
809 3703 922 3755 qum
1002 3689 1081 3743 lex
1132 3703 1233 3742 non
1288 3696 1451 3758 potuit
1505 3705 1723 3745 Concre-

167 3793 334 3831 tnare.
373 3775 518 3828 Nihil
564 3774 723 3836 enim,
779 3775 946 3843 inquit
988 3776 1288 3842 Aposmlns,
1341 3779 1409 3830 ad
1439 3781 1720 3847 perfectum

170 3866 406 3935 purduxit
434 3866 533 3918 (cz.
561 3861 656 3915 Alii
687 3870 861 3915 autem
907 3865 956 3916 iu
989 3866 1120 3920 rubo
1167 3865 1486 3919 inﬂammata
1533 3879 1586 3921 et
1615 3885 1719 3923 non

171 3959 444 4009 combusta
494 3952 781 4008 Ecclesiam
834 3955 1016 4008 volunt
1071 3957 1720 4026 intelligereinﬂammari

175 4043 659 4114 persecutionibus,
686 4049 740 4094 et
762 4042 900 4096 illum
933 4053 1129 4111 tamen,
1161 4049 1410 4115 loquente
1440 4049 1489 4101 in
1521 4064 1582 4102 ea
1617 4048 1723 4102 Do-

175 4134 340 4197 mino,
378 4149 478 4186 non
511 4131 701 4200 perire.
742 4129 842 4183 Alii
886 4147 976 4197 per
1003 4136 1187 4188 rubum
1223 4147 1456 4190 sanctam
1507 4139 1718 4193 Mariam

175 4225 457 4290 signiﬁcari
490 4223 690 4287 volunt,
745 4223 795 4273 in
823 4236 923 4288 qua
964 4224 1209 4278 divinitas
1238 4228 1475 4292 ardebat,
1527 4239 1578 4282 et
1607 4232 1722 4283 nul-

179 4316 287 4367 lum
311 4315 680 4367 detrimentum
730 4313 1043 4379 patiebatur.
1092 4315 1240 4380 Quod
1286 4335 1409 4374 vero
1455 4324 1504 4374 in
1533 4323 1717 4377 eodem

1824 1921 1849 1957 s
1871 1915 1997 1958 Incla
2026 1917 2120 1960 est.
2155 1907 2265 1961 lluc
2286 1908 2599 1977 quibusdam
2623 1910 2939 1965 contrarium
2975 1909 3194 1975 videtur,
3236 1913 3360 1965 dum

1823 1993 2022 2046 dictum
2072 2006 2152 2049 est
2187 2013 2200 2049 :
2230 1995 2510 2050 Maledicta
2557 2007 2627 2052 est
2682 2008 2834 2063 terra,
2887 2008 2940 2053 et
2978 2000 3198 2068 reliqua.
3252 2001 3362 2055 Nisi

1823 2084 1943 2150 quia
1988 2084 2133 2138 locus
2173 2086 2259 2139 ille
2307 2086 2399 2140 Dei
2429 2089 2706 2155 presentia
2745 2087 3096 2143 sanetiﬂcatus
3140 2099 3241 2144 est.
3291 2090 3362 2142 Et

1823 2173 1893 2225 ait
1927 2189 1938 2224 :
1968 2173 2075 2242 Ego
2105 2190 2217 2226 sum
2263 2174 2396 2229 Deus
2424 2179 2582 2244 patris
2610 2179 2716 2243 tui,
2758 2187 2811 2234 ει
2839 2179 3056 2248 reliqua.
3091 2179 3214 2234 llaec
3243 2194 3366 2235 sen-

1824 2262 1985 2314 tentia
2040 2262 2275 2317 ostendit
2321 2266 2458 2332 quud
2520 2267 2656 2320 Deus
2694 2281 2875 2350 a'more
2929 2269 3019 2322 ﬂlii
3068 2268 3230 2338 patris
3279 2272 3357 2325 sui

1823 2364 2004 2406 amore
2027 2357 2213 2406 tenuit.
2245 2352 2446 2425 Moyses
2473 2353 2807 2409 abscondens
2848 2357 3031 2410 laciem
3070 2372 3244 2423 suam,
3277 2358 3360 2411 iu-

1827 2441 2130 2496 lirmitatem
2179 2458 2329 2496 suam
2358 2445 2706 2499 demonstrat.
2768 2443 2834 2498 Et
2876 2447 3013 2500 sicut
3053 2446 3258 2514 Moyses
3284 2444 3368 2501 fa-

1827 2532 1961 2584 ciem
1990 2545 2137 2584 suam
2170 2546 2271 2584 non
2305 2533 2471 2599 potuit
2509 2532 2789 2597 sustinere,
2822 2532 2897 2585 sic
2925 2541 2980 2585 et
3025 2532 3229 2587 Pharao
3257 2550 3363 2587 non

1827 2624 1994 2691 potuit
2039 2623 2296 2675 sustinere
2352 2619 2537 2676 faciem
2589 2622 2774 2691 Moysi.
2818 2621 3062 2692 Quodque
3113 2622 3363 2676 Dominus

1827 2710 1948 2762 cidit
1995 2709 2340 2778 afﬂictionem,
2373 2719 2426 2763 et
2471 2709 2696 2777 reliqua,
2732 2709 2944 2777 Moysen
2993 2710 3270 2765 contlrmat
3319 2723 3371 2764 ut

1827 2810 1933 2849 non
1960 2799 2168 2849 timeret
2193 2796 2517 2851 Pharaonem
2541 2796 2593 2850 in
2621 2796 2896 2851 liberando
2919 2799 3166 2867 populum
3193 2814 3370 2853 suum.

1827 2883 2105 2949 Descende,
2133 2884 2183 2938 id
2215 2895 2316 2948 est,
2348 2888 2412 2939 ad
2441 2886 2724 2949 vindictam
2756 2888 3064 2942 l‘haraonls.
3096 2887 3161 2942 1η
3191 2899 3373 2942 terram

1825 2973 2030 3037 bonam,
2079 2981 2132 3026 et
2178 2974 2398 3042 reliqua.
2452 2974 2651 3029 idcirco
2707 2975 2961 3030 Dominus
3012 2988 3202 3032 terram
3255 2994 3375 3032 esse

1826 3071 2226 3131 commemorat,
2286 3063 2405 3130 quia
2455 3079 2619 3133 genus
2664 3065 2967 3132 cupiditatis
3024 3067 3271 3122 Dominus
3323 3069 3374 3122 in

1829 3153 2010 3224 Moyse
2041 3153 2200 3206 fuisse
2221 3155 2483 3220 cognovit.
2516 3155 2636 3210 llzc
2659 3171 2869 3225 quoque
2893 3157 3069 3211 omnia
3096 3173 3211 3227 quze
3236 3172 3371 3226 prato

1826 3244 2055 3299 diximus
2080 3244 2240 3297 etiam
2273 3242 2486 3298 Cltris'o
2513 3248 2866 3309 conveniunt,
2890 3248 3160 3314 apparenti
3185 3250 3234 3300 in
3266 3262 3374 3299 me-

1825 3333 1913 3386 dio
1945 3334 2193 3388 Ecclesiae
2237 3335 2290 3386 in
2332 3334 2538 3387 ﬂamma
2571 3336 2725 3402 ignis,
2751 3333 2801 3386 id
2841 3343 2942 3397 est,
2987 3348 3105 3386 cum
3138 3334 3372 3389 doctrina

1825 3423 2056 3490 Spiritus
2103 3423 2294 3475 sancti.
2345 3423 2530 3490 Moysi,
2576 3423 2626 3472 id
2691 3429 2773 3473 et
2819 3423 3008 3487 populo
3048 3420 3368 3485 Christiano,

1824 3527 1982 3581 quem
2044 3511 2294 3563 Dominus
2338 3510 2637 3561 vocatzcui
2681 3509 2887 3575 quidem
2937 3509 3123 3578 Moysi,
3163 3511 3370 3578 quando

1824 3599 1950 3668 quid
2029 3607 2294 3651 terrenum
2354 3607 2646 3664 reputatur,
2680 3600 2744 3651 ad
2817 3597 3144 3652 teneritatem
3198 3601 3372 3669 populi

1821 3690 2105 3745 Christiani
2160 3698 2333 3758 potest
2362 3689 2572 3754 referri,
2617 3699 2669 3744 et
2717 3693 2984 3758 quomodo
3014 3692 3287 3757 obedieus,
3319 3708 3374 3748 et

1824 3779 2079 3831 similiter
2106 3788 2158 3831 et
2182 3778 2323 3831 illius
2352 3776 2703 3831 obedientiam
2744 3777 2875 3832 Deo.
2926 3780 3128 3834 Domini
3155 3796 3364 3850 quoque

1823 3868 2118 3931 descensio,
2147 3867 2213 3921 de
2235 3882 2334 3934 qua
2364 3867 2494 3920 dicit
2524 3884 2540 3920 :
2572 3858 2843 3932 Ducendi,
2887 3879 3060 3937 potest
3086 3872 3271 3926 referri
3301 3874 3367 3927 ad

1821 3949 2218 4013 descensionem
2272 3971 2372 4025 qua
2404 3957 2470 4010 ad
2518 3955 2931 4025 redemptionem
2993 3959 3147 4029 lic-jus
3186 3965 3366 4016 mundi

1822 4057 2087 4112 descendit
2117 4071 2208 4124 per
2262 4054 2679 4122 assumptionem
2727 4061 2901 4111 carnis
2950 4071 3000 4111 et
3041 4075 3133 4126 per
3161 4063 3371 4127 passio-

1823 4161 1942 4200 nem
1963 4159 2130 4198 suam.
2157 4143 2364 4196 Clamor
2389 4156 2598 4209 quoque
2625 4159 2780 4208 quem
2826 4146 3023 4200 audivit
3045 4163 3148 4200 non
3180 4151 3372 4204 incon-

1825 4235 2092 4289 venienter
2138 4232 2548 4297 patriarcharum
2590 4241 2645 4284 et
2696 4232 3067 4297 praphetarmn
3111 4249 3211 4302 est,
3257 4239 3363 4293 Do-

1821 4325 2018 4378 minum
2068 4319 2402 4374 imitantium
2431 4318 2495 4371 ad
2525 4319 2700 4372 carnis
2728 4325 3166 4391 assumptionem,
3197 4338 3246 4381 et
3279 4347 3364 4383 re-

173 4404 310 4456 rubo
341 4405 588 4457 Dominus
637 4402 801 4472 Moysi
848 4403 1153 4469 apparuisse
1198 4405 1403 4475 legitur,
1455 4411 1714 4478 signiﬁcat
1745 4430 1795 4490 υ
1822 4413 2171 4481 demptionem
2197 4410 2407 4479 generis
2437 4409 2670 4463 humani.
2701 4411 2798 4465 Cui
2831 4421 2964 4465 terra
2986 4415 3132 4481 bona,
3175 4418 3224 4471 id
3263 4432 3368 4484 est,

172 4508 279 4547 non
308 4495 426 4546 alibi
457 4509 612 4562 qu.un
642 4492 693 4546 iu
727 4492 954 4545 Ecclesia
997 4493 1140 4545 illum
1171 4497 1510 4552 credentibus
1548 4515 1716 4568 appa-

174 4586 362 4636 ruisse.
407 4582 497 4634 llla
535 4592 711 4636 autem
753 4578 916 4649 Moysi
957 4579 1192 4648 deposita
1242 4584 1586 4640 calciamenta
1618 4589 1720 4644 hoc

171 4670 536 4738 signiﬁcabant
561 4672 680 4739 quia
711 4670 885 4723 nullus
925 4669 1089 4721 Deum
1114 4671 1271 4739 digne
1313 4672 1496 4729 videre
1526 4690 1716 4745 potest,

183 4759 284 4812 nisi
309 4759 397 4827 qui
436 4769 623 4813 cuncta
659 4769 862 4814 terrena
891 4765 944 4812 et
989 4763 1227 4812 mortalia
1275 4762 1398 4816 vitia
1427 4765 1717 4832 deponunt.

180 4847 273 4900 Est
313 4855 486 4899 tamen
514 4855 568 4900 et
593 4847 690 4900 alia
716 4848 875 4915 ﬂgura
907 4844 959 4900 in
1001 4860 1065 4900 eo
1093 4847 1230 4915 quod
1261 4837 1544 4908 excalciari
1574 4857 1718 4929 Moy-

173 4948 260 4987 ses
278 4933 512 5004 iubetur,
565 4951 630 4990 ne
665 4938 729 4991 ad
775 4935 1086 4998 Ecclesiam,
1136 4953 1252 5006 qure
1285 4940 1618 5010 ﬂgurabatur
1668 4950 1720 5003 in

174 5023 332 5087 rubo,
374 5027 522 5094 quasi
571 5041 802 5096 sponsus
843 5029 1160 5082 accederet:
1193 5029 1292 5084 hoc
1323 5035 1465 5088 enim
1505 5038 1720 5096 Christo

176 5116 559 5171 reservabatur.
611 5117 815 5173 Hebrmi
857 5119 1038 5172 dicunt
1095 5131 1400 5187 propterea.
1431 5124 1708 5185 Dominum

171 5207 478 5274 apparuisse
509 5209 562 5261 iii
587 5210 722 5263 rubo
753 5208 940 5280 Moysi,
973 5219 1024 5262 et
1056 5223 1159 5262 non
1193 5212 1242 5263 in
1274 5214 1380 5264 alio
1432 5215 1598 5284 ligno,
1654 5235 1720 5274 ne

169 5296 309 5350 forte
334 5296 704 5362 exsculperent
734 5298 784 5352 in
816 5299 996 5353 eodem
1027 5298 1222 5353 idolum
1265 5297 1437 5354 Judrci
1467 5320 1482 5362 ;
1508 5319 1721 5375 Semper

164 5384 309 5439 enim
354 5382 566 5444 abstulit
593 5389 670 5437 eis
694 5385 830 5441 Deus
860 5402 1069 5440 causam
1113 5386 1443 5442 idololatriae.
1489 5392 1592 5447 Atii
1625 5412 1721 5448 au-

171 5486 280 5529 tem
301 5471 479 5524 dicunt
509 5470 859 5529 historialiter
911 5477 1027 5529 ideo
1077 5475 1350 5528 Dominum
1409 5493 1500 5543 per
1543 5484 1714 5550 ignem

166 5558 492 5630 apparuisse,
526 5568 583 5612 ut
611 5563 914 5616 ostenderet
935 5563 1070 5630 quod
1099 5562 1236 5631 plebi
1269 5563 1558 5623 dominica:
1590 5572 1718 5625 luis-

164 5661 243 5709 set
290 5647 622 5706 illuminatio.
657 5648 720 5703 Et
751 5651 1058 5724 Egyptiaca
1105 5654 1357 5719 vindicta,
1409 5673 1525 5726 qua:
1557 5662 1714 5718 etiam

1826 4503 2054 4558 licclesia
2108 4513 2225 4554 cum
2281 4499 2543 4566 centuplis
2597 4506 2652 4552 et
2700 4501 2938 4569 speciosa
2994 4509 3367 4569 praemiiszvet

1826 4595 1949 4647 bona
1978 4607 2036 4644 ac
2055 4589 2298 4655 speciosa,
2323 4587 2370 4640 id
2399 4598 2504 4650 est,
2531 4588 2844 4642 credulitate
2891 4590 3178 4646 divinitatis
3201 4606 3252 4647 et
3283 4599 3366 4649 in-

1822 4681 2164 4740 carnationis,
2220 4677 2304 4738 vel
2337 4691 2434 4749 pro
2470 4678 2783 4746 corporibus
2823 4689 2876 4733 et
2905 4680 3182 4737 animabus
3213 4701 3227 4736 ε
3254 4691 3366 4741 sive

1825 4779 1962 4824 terra
2016 4767 2170 4828 bona,
2224 4779 2440 4833 regnum
2485 4767 2742 4821 caelorum
2776 4770 3118 4835 promittitur.
3174 4772 3276 4827 Lac
3320 4791 3369 4831 et

1822 4861 1936 4921 mel,
1978 4859 2026 4911 id
2053 4865 2132 4911 est
2156 4855 2313 4910 Vetus
2343 4865 2393 4910 et
2424 4855 2628 4912 Novum
2673 4859 3067 4916 Testamentum
3099 4864 3150 4918 in
3181 4864 3366 4920 Eccle-

1822 4951 1919 5002 sia.
1945 4947 2107 5004 Aliter
2134 4946 2213 4998 lac
2243 4956 2295 4999 et
2328 4949 2427 4999 mel
2459 4957 2664 5015 pastum
2694 4964 2973 5018 corporum
2997 4961 3052 5006 et
3070 4955 3360 5008 animarum

1821 5039 2098 5110 signiﬁcat.
2145 5035 2406 5106 Egyptus
2453 5054 2581 5092 vero
2636 5054 2759 5094 cum
2800 5048 2920 5097 suis
2959 5044 3279 5106 hominibus,
3331 5060 3360 5095 a

1822 5130 2009 5198 quibus
2041 5126 2131 5178 lilii
2167 5125 2323 5179 Israel
2357 5127 2597 5195 oppressi
2621 5141 2763 5193 sunt,
2795 5143 2846 5183 et
2875 5131 3214 5197 gentilititem
3243 5145 3358 5184 cum

1822 5216 2147 5271 daemonibus
2176 5225 2232 5267 et
2264 5217 2416 5270 malis
2447 5217 2753 5272 hominibus
2787 5229 2839 5272 et
2867 5220 3006 5272 vitiis
3034 5219 3310 5285 signiﬁcat,
3335 5237 3362 5274 a

1822 5311 2008 5378 quibus
2036 5322 2125 5374 per
2152 5306 2427 5361 Dominum
2452 5309 2756 5362 liberamur.
2783 5309 2935 5370 Solve
2963 5311 3361 5370 calciamentum,

1823 5398 1958 5466 quod
1991 5397 2347 5450 testimonium
2397 5399 2756 5464 evangelicam
2806 5403 3119 5453 sententiam
3168 5402 3362 5468 signiti-

1823 5498 1924 5549 cat,
1959 5487 2007 5537 in
2051 5499 2152 5552 qua
2175 5488 2430 5550 apostolis
2452 5487 2516 5538 ad
2550 5488 2970 5553 praedicationem
2999 5491 3140 5544 verbi
3189 5493 3361 5547 lliiSsis

1824 5578 2010 5629 dicitur
2033 5577 2273 5628 timorem
2307 5576 2590 5629 humanum
2624 5579 2848 5637 solvere.
2877 5590 2929 5634 el
2967 5582 3126 5635 Deum
3159 5585 3358 5636 timere.

1823 5667 2002 5722 Bubus
2031 5680 2236 5735 quoque
2260 5664 2514 5736 signiﬁcat
2543 5681 2730 5736 corpus
2755 5671 3166 5744 uniuscujusque
3198 5673 3361 5726 sancti
