3872 6262
513 361 621 420 ωδ

518 565 665 617 tuatl.
695 561 843 628 Quod
871 569 1047 614 autem
1091 556 1345 613 Dominus
1363 553 1586 621 Iloysen
1615 550 1681 602 ad
1723 547 2048 601 Pharaonem

522 653 662 707 misit
699 651 763 703 ad
813 648 1088 702 vindictam
1125 659 1285 706 super
1337 643 1520 701 illum,
1570 646 1622 691 et
1661 645 1928 702 postremo
1979 628 2048 683 ad

1001 356 1205 413 θευιε
1245 349 1685 411 VENBRABlLlS
1717 342 1993 404 OPERUM
2033 340 2063 396 i‘

2163 319 2208 410 ὲ
2243 339 2308 396 ιι.
2346 367 2416 381 -
2453 336 2837 415 execr-mes
2876 335 3192 393 GENUINA.

519 490 641 530 cum
668 475 788 543 igne
806 467 1249 539 compunctionis,
1277 466 1358 520 vel
1409 463 1633 520 litteram
1676 473 1839 515 sensu
1878 452 2045 520 spiri-
2068 449 2118 510 Α
2144 447 2383 543 Christus
2402 462 2596 543 .v‘ersus
2617 449 2672 501 in
2972 444 3123 514 Quod
3160 450 3338 498 autem
3371 442 3519 513 fugit
3543 443 3710 513 lego
3823 475 3830 500 ι

2142 549 2258 599 ses,
2285 533 2543 602 signiﬁcat
2588 533 2727 603 quod
2768 533 2820 586 in
2851 531 3134 601 Evangello
3163 531 3356 598 legitur
3380 531 3532 598 quod
3564 545 3706 597 apo-

2145 619 2286 685 stoli,
2315 621 2498 674 relicto
2525 620 2760 685 Christo,
2793 617 3064 686 fugerunt,
3099 627 3152 673 ct
3171 619 3240 672 ab
3264 617 3357 672 illa
3385 632 3492 685 spe
3522 617 3576 672 in
3597 632 3707 687 qua

529 704 750 796 mortem
806 738 973 800 illius.
1042 704 1301 803 signiﬁcat
1346 728 1620 783 Dominum
1669 723 1835 790 legem
1887 717 2050 770 ﬁnisse
2074 751 2107 790 .
2314 705 2524 803 hort-tut
2550 715 2903 803 recesserunt.
2929 704 3105 759 Caada
3132 714 3308 760 autem
3342 704 3704 774 apprehensa

524 789 1382 898 mortiﬁcationem
1410 789 1964 866 fortiutdinisdiaboli,
1990 809 2051 857 et
2143 789 2382 898 ﬁctaest
2411 791 2576 898 vliga:
2605 795 2726 861 quia
2773 799 3047 862 posituram
3077 793 3284 848 occisus
3319 805 3425 859 est,
3463 797 3711 862 peracri.

518 895 801 973 humanum
820 902 992 983 genus
1029 907 1376 982 liberandum.
1420 901 1487 957 Et
1513 901 1646 955 sicut
1672 913 1775 951 non
1807 895 2046 983 riloys‘es.

520 1007 610 1059 sed
628 979 880 1057 Dominus
897 997 1144 1066 populum
1161 979 1403 1048 liberavit
1424 990 1486 1044 de
1501 987 1754 1041 servitute
1775 979 2050 1052 Egyptio-

478 1101 482 1104 ‘
519 1106 656 1153 rum,
687 1089 765 1142 sic
790 1104 895 1142 n'vn
923 1086 1006 1139 lea
1039 1081 1312 1142 mundum,
1342 1079 1434 1133 sed
1455 1074 1698 1130 Christus
1731 1072 1784 1126 in
1811 1084 1902 1124 sua
1923 1082 2048 1135 pas-

525 1179 674 1230 sione
699 1184 752 1228 et
777 1171 1157 1228 resurrectione
1184 1165 1438 1221 liberavit.
1472 1163 1596 1228 Quis
1622 1175 1710 1230 ego
1741 1173 1854 1213 sunt
1883 1165 1935 1209 tit
1964 1169 2050 1209 os-

523 1268 638 1318 dsnt
664 1264 732 1316 nd
758 1257 1107 1315 Pharaonem!
1127 1256 1180 1310 id
1209 1264 1312 1318 est,
1335 1252 1482 1320 quasi
1502 1250 1740 1303 dixisset.
1769 1245 1906 1300 Nihil
1937 1257 2054 1313 pos-

519 1368 636 1408 sunt
654 1352 768 1403 sine
795 1348 886 1402 Dei
906 1345 1119 1400 auxilio.
1151 1341 1215 1396 Et
1238 1357 1329 1413 ego
1353 1355 1440 1394 era
1457 1347 1642 1403 tecum,
1672 1335 1723 1390 id
1750 1343 1855 1401 est,
1885 1335 1938 1387 in
1964 1346 2053 1386 as-

523 1440 818 1505 sumptione
845 1434 1039 1488 carnis.
1063 1429 1130 1484 Et
1156 1428 1354 1483 habebis
1379 1428 1598 1497 signent,
1625 1433 1680 1479 et
1702 1423 1919 1490 reliqua.
1949 1420 2053 1474 Per

526 1527 624 1578 line
661 1523 979 1592 signiﬁcatur
1023 1517 1161 1588 quod
1206 1531 1302 1570 nos
1352 1513 1602 1574 auxilium
1663 1512 1754 1565 Del
1803 1509 2055 1564 habemus

526 1628 646 1667 cum
674 1612 808 1679 lege,
850 1605 1081 1662 Ecclesia
1108 1604 1324 1659 liberata
1352 1599 1647 1672 peccatiset
1675 1599 1836 1652 vitiis.
1863 1596 1930 1650 Et
1955 1595 2056 1649 sic-

531 1714 581 1754 ut
613 1701 814 1769 Moyses
833 1696 905 1752 ad
929 1698 1065 1751 ﬁlios
1084 1693 1266 1759 lsrael,
1304 1693 1382 1747 sic
1411 1691 1494 1747 lea
1518 1688 1662 1744 vadit
1694 1687 1760 1742 ad
1773 1686 2053 1740 homines.

2145 880 2385 936 omnibus
2417 879 2483 934 ad
2525 882 2577 937 id
2619 883 2760 953 quod
2800 883 2969 938 fuerat
3012 884 3236 947 missus,
3264 895 3317 938 ct
3356 886 3710 951 resurgendo

2145 981 2330 1024 versus
2358 980 2459 1025 est.
2507 971 2857 1026 llistorialiter
2884 974 3028 1042 virga
3071 987 3188 1041 qua
3230 975 3280 1025 in
3313 987 3479 1026 manu
3532 973 3712 1042 l-rysi

2129 1054 2334 1123 fuerat,
2375 1067 2432 1112 et
2461 1059 2513 1112 in
2541 1058 2815 1113 colubrum
2850 1074 2998 1113 versa
3023 1069 3103 1114 est
3124 1099 3140 1122 ,
3167 1061 3429 1128 signiﬁcat
3461 1069 3522 1112 ut
3551 1060 3708 1128 loy-

2147 1155 2234 1196 ses
2256 1143 2352 1198 Dei
2372 1144 2624 1214 potestati
2647 1145 2906 1210 crederet,
2930 1154 2984 1200 et
3011 1146 3161 1215 plebs
3193 1147 3378 1216 κομί,
3405 1156 3467 1202 et
3488 1147 3712 1217 κομε-

2149 1231 2477 1287 Pharaonem
2519 1248 2621 1288 non
2653 1234 2884 1288 timeret.
2928 1232 3115 1297 Aliter,
3147 1235 3287 1301 virga
3317 1248 3478 1288 versa
3518 1247 3606 1289 est
3651 1235 3710 1294 in

2149 1317 2445 1386 colubrum,
2469 1321 2678 1390 plagam
2705 1335 2735 1375 a
2761 1321 2874 1377 Deo
2893 1319 3148 1391 signiﬁcat
3171 1336 3286 1391 qua
3305 1321 3582 1392 Egyptiis
3606 1337 3709 1375 no-

2149 1417 2295 1463 ceret
2315 1420 2369 1463 et
2394 1409 2551 1465 Israel
2579 1425 2683 1466 non
2715 1419 2960 1477 noceret;
3008 1410 3130 1479 iuga
3157 1425 3368 1479 quoque
3392 1411 3591 1481 onsl,
3627 1410 3710 1464 in-

2149 1510 2267 1564 gam
2297 1496 2474 1565 populi
2504 1512 2535 1552 a
2564 1497 2698 1552 facie
2740 1497 3053 1564 Pharaonis,
3097 1499 3180 1552 vel
3209 1499 3376 1567 Moysi
3407 1499 3711 1552 inldelita-

2154 1589 2293 1647 tem;
2323 1592 2378 1636 et
2396 1583 2601 1637 colubri
2646 1584 2700 1638 lu
2724 1584 2920 1653 virgam
2942 1583 3215 1650 resolutio,
3244 1584 3412 1652 plebis
3433 1587 3507 1638 de
3534 1585 3712 1638 servi-

2155 1676 2266 1723 tute
2284 1668 2646 1738 Aigyptlorum
2675 1670 3054 1747 resolutione
3083 1670 3343 1740 designat.
3372 1670 3512 1724 ltel-
3544 1672 3713 1725 datu

527 1788 664 1841 Dens
687 1755 883 1856 patrum
917 1795 1203 1838 nostrorum
1232 1755 1262 1835 :7
1281 1780 1337 1834 in
1366 1778 1466 1834 hoc
1489 1778 1647 1833 datur
1668 1773 1886 1843 intelligi
1916 1770 2056 1840 qtmd

2163 1755 2296 1810 aliud
2337 1756 2544 1856 signum
2596 1756 2783 1826 loysi.
2823 1755 2965 1832 lisit
3009 1771 3212 1811 mortem
3247 1773 3395 1811 sunt
3428 1758 3488 1811 iss
3535 1758 3712 1811 sina-

527 1879 664 1931 Deus
692 1886 838 1943 pater
864 1871 1165 1927 hominibus
1191 1871 1361 1938 legem
1390 1865 1554 1925 misit.
1584 1864 1645 1921 Si
1671 1862 1892 1918 dixerint
1932 1859 2056 1913 ..ω

526 1967 662 2036 quod
711 1973 782 2018 est
831 1977 1009 2016 nomen
1062 1960 1240 2014 luant!
1267 1957 1318 2013 in
1361 1955 1463 2012 hoc
1509 1945 1724 2025 quoque
1765 1949 2059 2006 ostenditur

525 2055 664 2125 quod
688 2054 788 2109 hoc
814 2066 1006 2108 nomen
1059 2049 1262 2104 Domini
1315 2046 1583 2113 indicavit,
1609 2043 1747 2114 quod
1776 2050 1860 2096 est
1881 2039 2059 2095 Domi-

527 2158 646 2197 nus.
678 2142 816 2195 Dixit
842 2141 1083 2194 Dominus
1113 2140 1178 2192 ad
1202 2136 1410 2207 legare
1433 2151 1452 2190 :
1470 2133 1577 2203 Ego
1601 2148 1734 2197 stitit,
1764 2132 1814 2185 id
1838 2138 1940 2195 est,
1969 2130 2058 2198 qui

525 2245 644 2284 eum
675 2229 902 2296 patribus
931 2227 1122 2282 vestris
1150 2223 1255 2288 fui;
1284 2225 1368 2293 qui
1395 2210 1528 2288 satin,
1555 2222 1605 2275 id
1631 2230 1733 2284 est,
1761 2219 2057 2279 vobiscum.

528 2319 613 2372 vel
639 2333 728 2388 ego
756 2333 866 2371 sunt
891 2318 978 2385 qui
1004 2331 1132 2377 sunt,
1164 2312 1215 2367 id
1237 2321 1339 2376 est,
1365 2311 1480 2370 sine
1504 2309 1766 2378 praterito
1787 2317 1842 2361 et
1863 2307 2057 2359 futuro.

529 2405 693 2460 Aliter
717 2421 805 2473 ego
834 2420 964 2468 sunt,
991 2402 1042 2457 id
1067 2411 1148 2458 est
1195 2401 1331 2454 illius
1357 2400 1445 2467 qui
1465 2413 1598 2461 sunt,
1625 2396 1679 2449 id
1701 2405 1808 2457 est,
1833 2392 2060 2460 Spiritus

527 2505 774 2559 sanctus;
802 2494 997 2560 quiest,
1022 2492 1074 2545 id
1101 2499 1203 2556 est,
1225 2500 1394 2558 pater.
1434 2487 1557 2541 Ideo
1577 2485 1662 2538 hic
1689 2495 1910 2551 persona
1940 2480 2058 2534 Filii

531 2584 700 2650 primo
719 2583 908 2635 dicitur
928 2621 943 2645 ,
975 2581 1095 2648 quis
1127 2587 1306 2647 νομιοι
1336 2591 1427 2644 per
1452 2586 1733 2643 personam
1766 2570 1882 2625 Filii
1911 2569 2057 2623 salus

528 2671 705 2725 mundi
754 2670 1094 2722 ministratur.
1145 2666 1307 2720 Aliter
1345 2680 1435 2734 ego
1481 2677 1591 2715 sunt
1633 2660 1719 2729 qui
1749 2673 1883 2718 sunt,
1929 2673 2062 2723 quo-

529 2759 685 2813 tuodo
730 2757 803 2811 illi
832 2757 1043 2818 dicitur,
1089 2769 1155 2808 ex
1192 2760 1338 2822 parte
1368 2750 1598 2825 ﬁdelium
1627 2746 1834 2802 dicitur.
1872 2745 2059 2810 Aliter,

526 2864 616 2915 ego
644 2863 754 2899 sum
794 2848 845 2898 in
879 2845 1050 2899 Veteri
1089 2843 1449 2902 Tesutmento;
1496 2838 1580 2906 qui
1620 2852 1751 2899 sum,
1797 2834 1847 2887 id
1877 2842 1978 2896 est,
2009 2832 2063 2885 iu

527 2938 692 2990 Novo.
735 2936 834 2999 Qui
871 2943 967 2995 est,
1005 2933 1136 2985 misit
1183 2947 1281 2993 nte,
1314 2925 1496 2992 idest,
1524 2927 1574 2979 in
1608 2929 1745 2978 hunc
1789 2924 2061 2976 mundum.

537 3023 676 3077 Vnde
719 3032 764 3076 et
803 3037 1048 3093 congrega
1086 3019 1322 3084 seniores,
1363 3023 1415 3070 et
1451 3015 1671 3081 reliqua.
1709 3010 2061 3078 Congregatio

530 3115 792 3164 seniorum
837 3107 1092 3176 signiﬁcat
1111 3107 1229 3174 quia
1258 3103 1449 3158 similia
1471 3100 1724 3154 similibus
1753 3097 2060 3167 congregari

529 3199 742 3252 debent.
797 3196 966 3248 Senex
1019 3194 1158 3247 enim
1214 3204 1508 3244 sermonem
1556 3187 1770 3241 senibus
1823 3186 2065 3238 nuntiare

531 3289 705 3340 debet.
758 3281 1108 3350 Spiritualitcr
1136 3285 1344 3347 quoque
1380 3289 1408 3327 a
1453 3275 1672 3327 Domino
1713 3271 1813 3338 legi
1850 3272 2062 3334 dicitur,

534 3385 742 3427 satietas
795 3373 846 3424 itt
898 3371 1150 3423 unitatem
1183 3365 1326 3433 pacis
1373 3373 1713 3432 congregare.
1769 3355 2066 3412 Dominotio

540 3479 630 3530 per
658 3461 951 3522 Dominum,
989 3458 1200 3510 libertus
1231 3468 1323 3521 per
1353 3452 1515 3506 Deum
1543 3443 1891 3518 signiﬁtmtur.
1924 3443 2065 3527 [Visi-

535 3522 646 3599 iens
670 3549 814 3598 visita
827 3546 893 3596 bit
915 3560 1022 3596 nos.
1048 3543 1145 3596 Per
1167 3543 1212 3592 Ιιι
1233 3555 1264 3594 c
1286 3539 1479 3593 indicat
1507 3538 1856 3591 inﬁrmitatem
1881 3522 2062 3602 plebis,

537 3637 651 3689 sive
680 3634 900 3687 visitans
921 3632 970 3684 in
1003 3629 1174 3708 Veteri
1208 3628 1543 3680 Testamento
1569 3625 1830 3690 impletur,
1865 3619 2066 3674 visitavi

545 3739 672 3777 vero
709 3725 758 3775 in
789 3721 954 3775 Novo.
988 3709 1386 3772 Aliter—visitans
1424 3715 1476 3768 in
1507 3714 1688 3767 decem
1728 3712 1913 3780 plagis,
1939 3710 2067 3764 visi-

539 3815 659 3864 tabo
691 3813 741 3863 in
774 3807 904 3862 mari
946 3807 1144 3860 Rubro.
1183 3805 1307 3858 Sive
1334 3804 1550 3855 visitans
1587 3802 1638 3853 in
1670 3798 1898 3876 Ecclesia
1934 3811 2068 3866 prte-

545 3900 707 3964 senti,
735 3898 963 3952 visitabit
993 3897 1043 3948 in
1068 3895 1154 3947 die
1176 3891 1377 3960 judicii,
1409 3890 1489 3944 vel
1520 3890 1767 3942 vindicta.
1799 3887 1903 3940 Aut
1927 3894 2071 3939 certe

541 3993 757 4045 visimus
798 3988 849 4042 in
888 3987 1168 4052 centuplis,
1201 3982 1432 4036 visitavit
1479 3981 1530 4034 in
1570 3978 1818 4049 pranniis.
1856 3976 2072 4028 Audierit

539 4097 703 4134 vocem
730 4088 887 4141 tuam,
918 4087 971 4129 et
1001 4075 1219 4141 reliqua.
1239 4072 1347 4126 lloc
1378 4069 1627 4124 Dominus
1651 4067 1718 4122 ad
1745 4067 1910 4134 legem
1932 4063 2071 4133 loqui

541 4171 866 4237 intelligitur,
891 4167 1026 4233 quod
1055 4165 1150 4216 viri
1171 4151 1348 4225 lst'ael,
1372 4161 1422 4213 id
1447 4170 1550 4223 est,
1570 4158 1723 4227 justi,
1753 4157 1906 4209 verba
1939 4156 2068 4221 legis
2170 4187 2175 4192 -

542 4258 775 4309 audiunt.
819 4251 1143 4319 Ingrediais,
1190 4259 1243 4301 et
1285 4248 1504 4313 reliqua,
1541 4260 1706 4312 usque
1745 4242 1981 4312 Egypti.
2019 4243 2072 4294 In

546 4346 646 4398 ltnc
671 4343 751 4396 lex
802 4339 1122 4409 signiﬁcatur
1159 4351 1277 4390 cum
1321 4335 1481 4404 iustis
1517 4335 1812 4401 ingressnra
1856 4331 1921 4383 ad
1952 4343 2068 4396 sup-

2158 1855 2330 1907 sttttnt,
2359 1849 2405 1895 et
2428 1842 2628 1896 inmte
2650 1852 2723 1896 est
2749 1842 2898 1908 alba,
2936 1841 2987 1897 id
3023 1852 3107 1897 est
3135 1843 3422 1897 immunda.
3454 1845 3627 1898 Aibor
3653 1845 3708 1898 in

2157 1919 2278 1981 cute
2303 1927 2445 1994 lepra
2471 1936 2572 1990 est,
2604 1942 2709 1982 non
2729 1927 3268 1984 candenﬂaredita's
3291 1928 3437 1983 enim
3467 1929 3566 1985 Dei
3595 1941 3707 1995 est,

2157 2016 2209 2073 id
2235 2026 2343 2082 est,
2372 2019 2591 2083 populus
2619 2017 2756 2072 illius
2783 2021 2850 2072 ab
2877 2018 2970 2072 illo
3010 2019 3198 2073 missus
3237 2028 3323 2073 est
3373 2020 3546 2085 foras,
3598 2020 3706 2073 im-

2157 2106 2384 2161 mundus
2401 2108 2586 2161 tactus.
2617 2105 2719 2161 Sed
2745 2107 2882 2175 quod
2902 2107 3147 2176 sequitur
3175 2123 3190 2161 :
3227 2107 3502 2160 Revocavit
3532 2109 3705 2169 εκ...

2155 2205 2202 2250 et
2223 2210 2419 2250 reversa
2444 2206 2516 2251 est
2541 2198 2615 2250 sd
2634 2198 2851 2250 colerent
2877 2213 3046 2264 nam,
3077 2197 3336 2268 signiﬁcat
3367 2200 3511 2267 quod
3547 2199 3702 2267 plebs

2157 2284 2480 2356 Judaorum,
2522 2300 2640 2355 quas
2671 2300 2810 2341 nunc
2838 2282 3007 2357 aliena
3039 2295 3120 2341 est
3147 2301 3178 2341 a
3198 2286 3317 2341 sinu
3348 2288 3463 2353 Dei,
3516 2289 3572 2342 in
3600 2303 3697 2342 es-

2159 2383 2325 2429 tremo
2365 2373 2550 2429 mundi
2577 2382 2822 2443 tempore
2851 2384 3143 2429 revertetur
3167 2375 3232 2430 ad
3253 2377 3486 2430 colorem
3519 2376 3703 2444 pristi-

2159 2479 2307 2530 num,
2337 2479 2456 2519 cum
2479 2466 2747 2535 agnoverit
2782 2464 3122 2529 Salvatorem,
3155 2479 3273 2518 cum
3301 2465 3506 2519 similes
3541 2474 3702 2518 eﬂtul

2158 2555 2426 2609 novissimi
2458 2554 2784 2623 patriarchis.
2816 2553 2938 2609 limo
2970 2563 3143 2609 autem
3173 2555 3278 2609 duo
3307 2557 3455 2624 signa
3484 2555 3705 2609 diverso

2161 2644 2319 2698 modo
2357 2653 2641 2712 ponuntur.
2670 2640 2896 2697 Primum
2937 2642 2990 2697 in
3020 2652 3180 2710 terra,
3224 2645 3512 2698 secundum
3545 2645 3599 2698 in
3631 2644 3705 2696 si-

2161 2747 2306 2800 num,
2347 2732 2483 2800 quod
2509 2731 2770 2801 signiﬁcat
2796 2732 2996 2800 plagam
3026 2745 3186 2800 super
3222 2731 3503 2786 sensibiles
3536 2740 3592 2785 et
3617 2732 3699 2784 in-

2162 2821 2439 2876 sensibiles
2468 2822 2518 2874 in
2547 2818 2795 2889 Egypto.
2825 2818 2992 2887 Lepra
3020 2827 3192 2873 autem
3220 2818 3414 2873 dicitur
3447 2820 3698 2872 incredu-

2163 2909 2361 2964 litatem
2399 2909 2694 2963 Judzeorum
2740 2907 2792 2962 in
2837 2909 3022 2963 Filium
3070 2909 3387 2977 signiﬁcare,
3430 2925 3550 2974 quae
3597 2924 3697 2962 non

2118 3039 2124 3044 .
2165 2999 2257 3054 fuit
2277 2999 2328 3053 in
2355 3000 2558 3053 Patrem
2585 3015 2599 3063 ;
2629 2999 2722 3052 sed
2747 3007 2946 3052 tantum
2977 3012 3160 3053 manus
3179 2998 3297 3050 alba
3327 2997 3548 3056 dicitur.
3571 2997 3693 3048 dum

2083 3069 2132 3130 C

2162 3104 2255 3159 per
2283 3088 2683 3142 :estimatiunem
2717 3087 2839 3141 boni
2875 3101 3081 3141 causam
3119 3095 3380 3156 quaerunt,
3427 3099 3549 3153 quae
3579 3094 3698 3137 tunc

2160 3175 2347 3229 similis
2373 3175 2590 3242 reliquae
2625 3175 2768 3228 carni
2793 3189 2809 3227 :
2840 3173 3102 3242 quomodo
3130 3183 3411 3241 utrumque
3438 3170 3699 3225 credent?

2163 3262 2345 3315 Matius
2373 3263 2514 3315 enim
2541 3275 2700 3327 sana,
2731 3271 3006 3328 antequam
3048 3269 3191 3313 esset
3226 3260 3384 3312 missa
3415 3260 3466 3311 in
3496 3261 3688 3317 sinum.

2163 3349 2424 3413 signiﬁcat
2463 3348 2823 3402 credulitatem
2855 3347 3042 3400 Patris.
3082 3348 3236 3400 Sinus
3262 3355 3440 3398 autem
3461 3345 3693 3397 obscuri-

2166 3445 2324 3489 tatem
2353 3433 2492 3499 ﬁdei,
2522 3435 2619 3488 tria
2659 3435 2803 3502 signa
2835 3435 3048 3503 pariter,
3071 3435 3120 3486 id
3157 3442 3262 3497 est,
3289 3435 3393 3486 duo
3416 3435 3467 3485 in
3498 3443 3691 3494 monte,

2164 3535 2216 3578 et
2232 3525 2442 3578 tertium
2473 3525 2522 3577 in
2547 3523 2852 3593 Egyptum,
2899 3534 3003 3577 tres
3026 3523 3166 3591 leges
3191 3521 3472 3590 signiﬁcat.
3501 3522 3692 3574 Deinde

2163 3627 2282 3668 cum
2312 3613 2647 3682 aqnmmissm
2671 3610 2721 3665 in
2752 3621 2946 3666 terrain
2973 3626 3002 3664 a
3027 3610 3202 3678 Moyse
3217 3609 3558 3663 v‘ertunturiu
3585 3622 3693 3660 san-

2172 3703 2404 3769 guinem,
2432 3700 2656 3768 populus
2682 3701 2731 3753 in
2760 3699 2913 3753 ﬁdem
2943 3698 3208 3767 sanguinis
3235 3697 3435 3751 Christi
3459 3699 3687 3749 vertitur.

2167 3790 2272 3842 Aut
2292 3803 2383 3856 per
2421 3790 2725 3857 martyrium
2748 3801 2900 3840 suum
2945 3788 3167 3840 fundunt
3211 3787 3542 3854 sanguinem,
3588 3795 3641 3836 et
3666 3801 3692 3836 a

2168 3879 2345 3948 Moyse
2371 3886 2662 3939 vertuntur,
2687 3876 2806 3944 quia
2839 3890 2930 3944 per
2968 3875 3350 3944 plenitudinem
3383 3876 3513 3940 legis
3544 3876 3692 3925 ﬁdem

2165 3968 2365 4023 Christi
2394 3966 2682 4018 inveniunt.
2713 3963 2808 4027 Qui
2831 3975 3003 4016 autem
3031 3977 3180 4030 aquae
3209 3962 3388 4028 populi
3413 3970 3536 4014 sunt
3570 3962 3699 4029 Apo-

2168 4056 2392 4126 calypsis
2419 4062 2638 4108 testatur
2661 4068 2674 4103 :
2706 4065 2849 4120 aqua
2875 4050 3045 4103 multa:
3065 4049 3240 4119 populi
3267 4055 3403 4100 sunt.

2773 4157 2995 4213 CAPUT
3027 4157 3086 4212 V.

2246 4255 2368 4308 Post
2416 4254 2522 4306 huic
2562 4253 2863 4304 intraverunt
2912 4249 2978 4302 ad
3037 4249 3352 4301 Pharaonem
3402 4246 3608 4315 Moyses
3655 4255 3700 4297 α

2179 4344 2364 4396 Aaron.
2415 4338 2561 4393 Viam
2599 4339 2748 4390 trium
2791 4338 3002 4390 dierum.
3042 4335 3132 4388 Via
3180 4334 3420 4390 Christus
3461 4343 3566 4395 est,
3620 4331 3699 4394 qui

545 4380 878 4503 plantandut;
908 4427 1198 4490 diabolum,
1228 4380 1343 4494 qui.
1358 4438 1450 4478 rex
1477 4380 1653 4476 mundi
1687 4380 1811 4473 [ιιιίῂ
1827 4380 1945 4471 auio
1983 4380 2073 4470 si.
2104 4380 2155 4440 D
3056 4380 3699 4481 ;,'1,}¢,,‘.,;

544 4537 754 4578 ventum
774 4521 992 4577 Christi.
1033 4519 1196 4574 Aliter
1222 4531 1331 4584 .per
1356 4515 1568 4583 Moysen
1597 4524 1784 4570 sensus
1811 4510 2075 4577 principa-

547 4618 643 4679 les,
673 4625 725 4669 et
754 4629 844 4681 per
865 4613 1099 4665 seniores
1129 4609 1278 4662 bona}
1304 4606 1521 4672 virtutes
1545 4604 1610 4657 ad
1645 4617 1812 4671 regent
1837 4597 2069 4668 Egypti,

548 4705 600 4757 id
621 4712 719 4765 est,
743 4705 921 4753 contra
949 4698 1234 4759 diabolum,
1259 4695 1538 4762 signiﬁcat.
1569 4691 1672 4745 Sed
1701 4705 1790 4758 ego
1816 4689 1919 4740 scio
1941 4686 2077 4755 quod

549 4810 649 4846 non
691 4791 936 4844 dimittent
975 4801 1080 4840 eos.
1128 4785 1226 4839 Per
1269 4785 1404 4837 hanc
1447 4781 1771 4850 prophetiam
1830 4773 2077 4830 Dominus

551 4885 793 4955 praecavit
821 4890 878 4935 ut
904 4880 1005 4934 illis
1039 4885 1245 4946 pareret
1273 4872 1541 4938 invidiam,
1585 4870 1633 4932 si
1665 4883 1769 4923 non
1800 4866 2077 4937 prtedisis-

550 4981 626 5031 set
651 4974 787 5043 quod
815 4979 992 5039 postea
1020 4968 1203 5021 adluit.

1136 5072 1355 5128 CAPUT
1411 5072 1498 5125 IV.

621 5172 743 5224 Po-t
791 5170 902 5221 hinc
941 5165 1106 5233 Moysi
1137 5161 1422 5230 postulanti
1455 5157 1658 5224 signum
1695 5155 1887 5209 dicitur
1915 5169 1928 5203 :
1958 5150 2086 5202 I’ro-

553 5261 648 5330 fire
692 5259 878 5326 virgam
904 5269 1051 5323 quam
1082 5266 1234 5302 manu
1263 5256 1426 5316 gestus
1453 5285 1468 5309 ,
1514 5252 1561 5295 et
1588 5245 1817 5310 projeclt,
1848 5250 1893 5294 et
1923 5243 2085 5307 factus

552 5325 621 5399 rst
647 5325 864 5415 serpens,
895 5353 940 5395 et
978 5341 1105 5408 fugit
1136 5339 1360 5406 pavidus.
1396 5333 1460 5386 Et
1489 5329 1818 5397 apprehendit
1845 5325 2084 5385 cundum,

554 5446 598 5487 et
629 5413 925 5501 fuitviterttnt
962 5430 1123 5495 virga.
1167 5426 1396 5490 Serpens
1439 5432 1610 5473 autem
1638 5427 1857 5471 mortem
1891 5413 2088 5481 signiti-

555 5533 656 5573 rat.
693 5522 788 5573 Per
815 5527 1108 5581 serpentem
1148 5515 1284 5567 enim
1329 5512 1524 5579 homini
1573 5523 1714 5562 mors
1745 5507 1935 5573 perlata
1984 5509 2085 5555 est.

560 5610 706 5674 Virga
735 5617 905 5659 autem
933 5603 1168 5656 Christus
1197 5610 1297 5655 est.
1328 5599 1476 5667 Virgo
1508 5612 1658 5652 versa
1687 5597 1740 5649 itt
1763 5603 2084 5663 serpentem,

2171 4524 2258 4590 qui
2288 4521 2427 4575 enim
2462 4522 2512 4571 in
2541 4533 2636 4570 ore
2665 4531 2761 4569 suo
2788 4512 3066 4568 conﬁtetur
3115 4508 3395 4562 Dominum
3425 4506 3631 4565 Jesum.
3654 4517 3705 4557 et

2172 4612 2458 4669 crediderit
2487 4611 2540 4664 in
2582 4610 2739 4662 corde
2777 4618 2874 4658 suo
2907 4603 3042 4671 quod
3083 4599 3220 4653 Deus
3259 4600 3404 4652 illum
3429 4613 3462 4650 a
3489 4594 3705 4650 mortuis

2175 4704 2325 4758 tertia
2353 4703 2437 4754 die
2464 4695 2756 4758 suscitavit,
2807 4691 2984 4745 salvus
3018 4690 3138 4744 erit.
3171 4689 3292 4742 llaec
3319 4697 3404 4742 est
3442 4685 3584 4740 enim
3611 4681 3703 4736 tri-

2174 4796 2261 4848 dui
2286 4794 2366 4845 via
2385 4833 2399 4856 ,
2431 4803 2523 4855 per
2549 4799 2703 4854 quam
2733 4787 2938 4838 venitur
2963 4781 3026 4834 ad
3056 4781 3230 4834 locum
3258 4779 3310 4832 in
3339 4791 3446 4846 quo
3467 4776 3705 4829 immole-

2177 4893 2263 4935 tur
2291 4890 2343 4934 et
2373 4876 2622 4932 reddatur
2669 4873 2892 4928 Domino
2920 4870 3235 4924 sacriﬁcium
3275 4865 3468 4920 laudis.
3510 4862 3708 4918 los-ali-

2179 4979 2259 5023 ter
2283 4979 2489 5035 quoque
2521 4964 2619 5017 iter
2641 4961 2798 5015 tridui
2835 4961 2902 5013 de
2946 4957 3174 5026 Egypto
3221 4951 3629 5023 proﬁciscimur,
3657 4948 3702 5004 si

2181 5072 2275 5110 nos
2294 5056 2361 5109 ab
2379 5054 2520 5110 omni
2549 5053 2940 5120 inquinamento
2962 5042 3133 5100 carnis
3151 5054 3205 5099 et
3223 5043 3412 5098 animi:
3433 5051 3492 5098 es
3509 5042 3712 5107 spiritus

2179 5157 2569 5199 conservemus.
2615 5141 2680 5194 Et
2715 5141 2857 5206 juxta
2886 5134 3217 5203 Apostolum,
3249 5134 3453 5203 integer
3485 5131 3712 5200 spiritus.

2181 5244 2234 5287 et
2261 5231 2454 5294 anima,
2484 5239 2538 5284 et
2564 5241 2754 5294 corpus
2783 5224 2834 5277 in
2863 5223 3002 5276 diem
3029 5220 3233 5274 Domini
3260 5227 3588 5274 reservetur.
3601 5215 3712 5269 ‘l'ri—

2181 5323 2266 5374 dui
2297 5323 2394 5374 iter
2417 5321 2482 5374 de
2506 5318 2733 5385 £gypto
2761 5311 3164 5381 proﬁciscimur,
3205 5311 3251 5361 si
3281 5309 3543 5361 rationem
3569 5314 3712 5357 ιιιω-

2184 5411 2342 5464 τειΙειη
2383 5409 2742 5473 moraletnque
2795 5399 3102 5466 sapientiam
3134 5397 3202 5451 de
3247 5398 3410 5450 rebus
3438 5392 3714 5449 mundiali-

2187 5501 2279 5552 bus
2309 5498 2625 5556 auferentes,
2669 5494 2732 5546 ad
2762 5499 2954 5543 statuta
2982 5486 3152 5540 divina
3194 5489 3578 5539 cnnvertimus.
3606 5475 3714 5533 τή-

2189 5589 2276 5644 dui
2303 5589 2399 5643 iter
2431 5583 2808 5656 proﬁciscimur
2837 5579 2904 5633 de
2933 5577 3183 5647 Egypto,
3213 5576 3260 5629 si
3306 5571 3718 5643 puriﬁcautesta

3821 239 3826 280 .1

3597 329 3713 386 eos
3821 373 3828 400 -_
