3872 6262
151 303 259 361 29V

931 301 995 358 IN
1035 302 1588 368 PENTATEUCHUN
1628 301 2115 357 COMMENTABII.
2157 329 2225 342 -
2263 302 2551 361 EXODUS.

3248 311 3350 367 398

155 419 313 472 nobis
341 417 478 472 dicta
509 418 586 471 vel
612 416 744 471 facta
774 415 853 470 vel
885 425 1113 484 cogitata
1141 425 1273 485 (per
1302 428 1413 470 nec
1438 431 1578 470 enim
1609 414 1704 467 ho-
1733 421 1781 472 Α
1809 393 2020 483 gniﬁcat
2061 417 2351 472 Ecclesium
2390 433 2548 486 quam
2599 419 2714 472 tulit
2748 419 2997 474 Dominus
3028 421 3093 476 de
3120 421 3354 494 Egypto

151 511 326 560 mines
368 506 540 560 solent
569 503 819 574 peccare)
858 506 1151 560 efﬁciamur
1181 505 1358 559 mundi
1394 504 1572 557 corde.
1603 503 1707 558 Sed

153 611 250 651 rex
284 596 654 666 Egyptiorum
687 596 796 649 vult
826 595 984 649 tridui
1036 598 1134 650 iter
1162 595 1432 649 dimittere
1462 596 1708 662 populum

153 685 274 751 Dei,
320 687 426 738 vult
459 685 602 739 enim
651 685 970 754 signiﬁcare,
1025 687 1073 739 in
1114 687 1252 739 facto
1277 687 1357 739 vel
1399 686 1558 739 vet-bo
1591 700 1709 752 pec-

149 787 302 828 care.
337 775 405 828 Et
431 774 475 828 si
502 789 604 829 non
631 775 684 829 in
711 777 898 840 verbo,
924 777 1004 828 vel
1034 778 1352 844 cogitatione
1377 776 1705 844 delinquere.

153 863 368 934 Moyses
386 875 584 931 autem,
609 865 659 918 id
681 874 764 919 est
784 866 890 930 lex.
922 867 1031 920 vult
1060 877 1113 920 te
1141 866 1366 925 educere
1378 867 1443 920 de
1459 867 1707 938 Aigypto,

147 964 211 1008 et
239 956 304 1009 de
332 970 495 1024 opere
517 957 822 1025 palearum;
862 958 908 1012 si
936 966 1110 1013 timeo
1154 960 1297 1013 illum
1329 959 1532 1022 audias,
1562 969 1614 1013 et
1645 959 1709 1012 ad

149 1057 394 1098 eremum
422 1045 501 1100 ire
524 1046 774 1111 volueris,
803 1045 855 1100 id
885 1054 966 1101 est
994 1046 1059 1100 ad
1091 1045 1264 1101 locum
1297 1047 1710 1116 perturbationi-

151 1133 258 1188 bus
281 1134 437 1201 huius
462 1136 647 1191 mundi
670 1151 912 1191 vacuum.
939 1136 1019 1192 Ad
1049 1136 1188 1192 hunc
1209 1151 1334 1205 ergo
1357 1138 1531 1191 locum
1562 1137 1710 1206 quie-

151 1224 228 1279 tis
255 1238 376 1279 cum
404 1225 636 1288 veneris;
682 1226 752 1281 ibi
783 1225 986 1294 poteris
1019 1213 1292 1281 immolare
1321 1227 1566 1281 Domino.
1597 1227 1711 1280 Ali-

151 1323 242 1368 ter
270 1329 363 1382 per
386 1313 522 1369 viam
553 1314 709 1369 trium
745 1315 950 1369 dierum
981 1315 1280 1370 ostenditur
1315 1314 1447 1368 ﬁdes
1475 1314 1706 1380 Trinita-

152 1404 248 1458 tis.
281 1404 379 1459 Per
405 1405 740 1463 solitudinem
765 1419 794 1457 a
816 1405 1048 1473 peccatis
1077 1416 1128 1458 et
1155 1402 1318 1466 vitiis,
1350 1415 1399 1457 et
1429 1417 1522 1471 per
1545 1417 1698 1455 mon-

155 1504 274 1550 tem
307 1507 544 1550 sanctam
574 1497 665 1550 Bei
702 1495 990 1552 Ecclesiam
1041 1495 1400 1563 intelligimus.
1445 1493 1591 1560 Quod
1623 1504 1713 1545 au-

153 1594 268 1638 tem
296 1583 426 1637 dicit
452 1581 684 1652 Moyses,
717 1583 786 1638 Se
811 1601 910 1638 non
937 1599 1045 1636 esse
1081 1585 1412 1652 eloquentem,
1443 1592 1488 1635 et
1520 1582 1581 1634 ab
1605 1581 1714 1634 lteri

153 1682 207 1724 et
231 1673 415 1725 nudius
452 1673 628 1726 tertius
653 1689 713 1726 ea:
732 1689 832 1742 quo
859 1674 1056 1726 locutus
1095 1682 1164 1726 est
1189 1672 1257 1724 ad
1285 1671 1430 1726 illum
1466 1672 1711 1724 Dominus

157 1761 408 1814 tardioris
436 1771 482 1813 et
522 1735 853 1831 impeditioris
881 1763 1066 1830 lingua:
1103 1776 1227 1824 esse,
1276 1761 1533 1830 signiﬁcat
1575 1761 1714 1830 quod
1749 1735 1790 1793 Β

158 1863 352 1902 omnes
399 1849 640 1903 homines
690 1850 740 1903 in
770 1851 1162 1917 comparatione
1200 1849 1366 1904 divini
1415 1851 1558 1904 verbi
1609 1865 1712 1902 non

156 1938 335 1993 solum
377 1937 758 2004 ineloquentes,
801 1939 893 1992 sed
940 1951 993 1992 et
1019 1939 1148 1992 muti
1193 1939 1407 2008 putandi
1435 1949 1591 2003 sunt;
1624 1940 1719 1992 do-

161 2041 266 2081 nec
293 2027 434 2080 enim
482 2022 689 2096 Mo’yses
719 2027 818 2082 iret
848 2032 897 2082 in
928 2027 1242 2098 Egyptnm,
1294 2045 1396 2084 non
1429 2029 1632 2083 tardum
1661 2044 1719 2083 se

160 2117 344 2184 lingua
367 2118 660 2185 proﬁtetur.
695 2117 820 2171 Erat
846 2119 984 2172 enim
1008 2117 1263 2187 [Egyptus
1295 2129 1348 2172 et
1374 2133 1566 2172 sonora
1590 2132 1719 2172 voce

161 2216 220 2258 et
241 2188 545 2273 eloquentia
573 2207 993 2275 incomparabili,
1026 2208 1113 2261 ubi
1143 2209 1304 2274 cmpit
1329 2209 1512 2261 au-lire
1534 2223 1715 2261 vocem

166 2295 289 2360 Dei,
313 2306 437 2349 tune
461 2297 630 2350 sensit
656 2311 714 2351 se
745 2299 951 2352 tardum
982 2313 1103 2353 esse
1133 2297 1308 2367 lingua
1347 2315 1362 2352 :
1395 2299 1486 2352 sed
1516 2297 1636 2366 quia
1665 2299 1716 2351 in

144 2383 220 2438 'id
247 2384 455 2452 perlicit
486 2394 542 2438 ut
569 2393 908 2452 cognosceret
933 2388 1297 2455 semetipsum,
1339 2401 1452 2438 mer
1475 2396 1528 2438 to
1557 2401 1583 2438 a
1621 2385 1720 2440 Do-

165 2473 318 2526 mino
349 2473 549 2527 audivit
580 2491 591 2526 :
627 2473 736 2544 Ego
763 2490 848 2529 ero
877 2476 929 2529 in
958 2491 1044 2528 ore
1072 2485 1178 2530 tuo.
1207 2474 1321 2533 Non
1348 2477 1520 2528 solum
1545 2485 1720 2529 autem

165 2560 336 2632 loysi
361 2563 594 2630 aperitur
621 2579 703 2628 os,
727 2564 817 2618 sed
859 2572 912 2618 ct
948 2563 1140 2618 Aaron.
1174 2563 1266 2620 Sic
1300 2565 1440 2619 enim
1481 2564 1672 2619 dicitur
1705 2581 1718 2615 :

167 2648 285 2719 Ego
310 2666 396 2704 ero
425 2652 474 2703 in
505 2667 591 2704 ore
630 2661 736 2716 tuo,
782 2661 828 2705 et
853 2641 906 2704 in
929 2668 1015 2704 ore
1035 2653 1197 2706 illius.
1231 2655 1403 2707 Aaron
1443 2665 1611 2706 autem
1634 2669 1722 2707 oc-

168 2741 333 2794 currit
381 2739 549 2809 Moysi
577 2741 628 2793 in
652 2741 867 2806 deserto,
903 2749 955 2794 tu
985 2756 1189 2810 quoque
1212 2733 1444 2796 Occurris
1475 2743 1572 2810 legi
1602 2743 1719 2806 Dei,

171 2839 231 2884 et
261 2842 476 2884 sensum
507 2829 647 2884 illius
682 2830 734 2883 in
765 2831 1030 2884 desertum
1063 2831 1257 2894 locum,
1288 2830 1337 2885 id
1365 2841 1445 2886 est
1471 2845 1719 2901 segrega-

173 2929 262 2972 tus
293 2933 320 2969 a
353 2920 510 2972 variis
553 2917 984 2984 occupationibus
1033 2921 1410 2988 penetraveris,
1457 2920 1722 2989 aperietur

175 3006 271 3061 tibi
302 3022 384 3061 os.
417 3007 567 3074 Quod
609 3020 783 3062 autem
815 3007 1026 3078 Moyses
1056 3009 1211 3074 dixit,
1261 3025 1363 3064 non
1403 3011 1572 3064 solum
1601 3011 1721 3065 elo-

171 3113 346 3166 quens
372 3100 438 3152 ab
469 3099 580 3151 heri
612 3108 664 3152 et
695 3099 1091 3163 nudiustertius,
1122 3099 1209 3152 alii
1234 3100 1377 3153 illum
1410 3100 1723 3156 humilitatis

171 3203 334 3241 causa
386 3187 485 3242 hoc
531 3187 730 3242 dixisse
760 3199 962 3257 putant,
997 3190 1076 3244 vel
1105 3190 1392 3244 secundum
1447 3192 1722 3245 veritatem

173 3279 230 3332 iu
261 3276 516 3332 llehraica
556 3276 730 3347 lingua
776 3278 1027 3347 eloquens
1051 3295 1154 3332 non
1190 3279 1302 3333 luit.
1335 3281 1415 3335 Ab
1445 3282 1557 3334 lteri
1589 3295 1722 3350 quo-

174 3383 282 3435 que
303 3377 358 3421 et
389 3368 777 3423 nudiustertius
805 3369 883 3423 sic
925 3369 1260 3440 intelligunt,
1302 3373 1450 3438 quasi
1480 3372 1722 3437 dixisset,

174 3459 220 3509 Δ
247 3457 529 3524 iuventute
567 3474 704 3521 mea,
730 3474 824 3527 pro
853 3469 1090 3525 tempore
1113 3463 1399 3525 praeterito,
1433 3479 1536 3527 quo
1557 3464 1718 3528 ciepit

177 3546 324 3614 loqui
353 3561 470 3600 cum
498 3550 739 3602 Domino.
771 3549 866 3614 Qui
907 3551 1024 3617 fecit
1048 3543 1108 3600 ‘os
1136 3550 1371 3613 hominis,
1406 3562 1458 3603 et
1504 3552 1721 3619 reliqua.

174 3642 255 3694 Ac
284 3640 327 3692 si
355 3639 574 3704 diceret,
603 3639 714 3694 Non
749 3641 881 3693 alius
910 3651 1099 3707 pra'ter
1130 3655 1213 3694 me
1237 3658 1250 3704 ;
1273 3649 1326 3714 et
1358 3642 1492 3694 sicut
1526 3642 1622 3695 ieci
1655 3657 1716 3695 os

176 3727 432 3790 hominis,
458 3729 538 3782 sic
558 3739 610 3784 et
633 3729 969 3798 eloquentem
998 3726 1170 3784 facere
1198 3745 1432 3798 possum.
1465 3731 1723 3801 Spiritua-

175 3817 300 3873 liter
325 3818 585 3886 signiﬁcat
627 3833 688 3872 os
721 3817 947 3872 hominis
974 3819 1143 3887 legem
1177 3820 1375 3890 populi.
1411 3822 1535 3888 Quis
1563 3823 1724 3890 [abri-

177 3908 314 3960 cocit
341 3919 532 3960 mutum
555 3919 602 3962 et
621 3909 867 3963 surdum?
893 3907 1250 3976 Spiritualiter
1280 3919 1454 3964 autem
1485 3925 1579 3979 per
1607 3927 1723 3964 mu-

179 4007 292 4050 tum
327 3999 548 4066 populus
575 3996 809 4066 gentium
840 3999 1165 4067 designatur,
1193 4005 1246 4051 et
1267 4013 1358 4063 per
1385 3999 1601 4054 surdum
1634 4015 1724 4065 po-

177 4087 333 4153 pulus
358 4084 679 4150 Judaeorutn,
710 4085 800 4154 qui
832 4087 1000 4155 legem
1027 4085 1229 4138 habens
1253 4102 1355 4139 non
1387 4085 1594 4138 audivit
1628 4104 1638 4136 :
1670 4099 1724 4139 et

179 4188 274 4240 per
303 4172 602 4226 audientem
632 4181 686 4227 et
717 4174 978 4228 videntem
1009 4173 1258 4240 populum
1282 4173 1721 4227 Christianorum.

179 4260 246 4314 Et
269 4277 361 4328 per
389 4275 610 4323 caecum,
639 4260 884 4326 inﬁdelis,
925 4275 989 4316 eo
1014 4260 1152 4330 quod
1188 4261 1325 4316 viam
1355 4262 1588 4317 veritatis
1617 4278 1719 4318 non

1810 503 1966 568 hujus
2013 505 2213 559 mundi.
2249 505 2361 560 Duo
2387 521 2595 575 quoque
2625 507 2744 571 ﬁlii,
2795 512 2900 562 duo
2924 510 3122 577 populi.
3163 513 3355 566 Asinius

1806 603 1967 657 super
2007 607 2162 657 quem
2205 594 2476 662 imposuit,
2529 595 2771 662 populum
2817 599 3196 666 apostolorum.
3252 603 3354 656 lte-

1809 683 1985 736 versio
2013 693 2191 738 autem
2220 686 2274 738 in
2304 685 2606 756 Egyptnm,
2640 689 2765 756 legis
2795 690 2875 743 vel
2916 688 3112 744 Christi
3139 693 3188 744 in
3216 692 3352 745 hunc

1809 772 2058 825 mundum
2086 773 2347 841 signiﬁcat
2391 778 2766 830 reversionem.
2796 778 2947 847 Virga
2980 793 3154 834 antem
3187 798 3344 849 quint

1811 870 2000 928 portat,
2032 861 2324 916 doctrinam
2369 866 2595 933 Spiritus
2620 867 2810 928 sancti,
2846 870 2927 922 vel
2956 883 3164 924 crucem
3191 871 3350 925 Chri-

1811 950 1901 1011 sti.
1947 951 2197 1019 quodque
2225 951 2349 1006 dicit
2369 971 2538 1006 coram
2569 954 2860 1024 Pharaone,
2892 959 3085 1013 indicat
3111 962 3247 1024 quod
3281 961 3356 1015 illi

1811 1039 2063 1108 pertinet.
2096 1041 2159 1094 Et
2199 1059 2289 1112 ego
2317 1045 2561 1097 indurabo
2590 1061 2677 1098 cor
2717 1045 3023 1117 Pharaonis,
3072 1051 3123 1104 id
3157 1060 3238 1104 est
3266 1066 3359 1119 per

1811 1132 2248 1187 commissionem
2272 1133 2469 1187 arbitrii
2493 1135 2598 1199 sui,
2624 1137 2735 1191 sive
2767 1153 2859 1206 pro
2890 1140 3116 1194 vindicta
3140 1141 3354 1206 dicitur,

1809 1222 1952 1276 velut
1996 1237 2100 1276 non
2148 1233 2270 1278 ante
2313 1234 2468 1292 caput
2519 1225 2782 1292 invenire;
2829 1229 2968 1293 quod
3001 1238 3100 1292 est,
3135 1230 3208 1284 illi
3244 1247 3348 1284 non

1813 1313 2168 1381 propbetaret,
2215 1330 2279 1369 ac
2336 1318 2380 1370 si
2430 1316 2684 1370 Dominus
2734 1318 2974 1373 diceret:
3010 1321 3131 1373 Scio
3181 1332 3354 1374 tamen

1813 1401 2141 1456 Pharaonem
2190 1407 2327 1472 quod
2356 1421 2445 1458 vus
2478 1421 2578 1457 non
2611 1407 2854 1460 tlitnittet.
2901 1407 3067 1460 Aliter
3101 1407 3349 1461 Dnninns

1816 1505 1910 1543 cor
1940 1491 2230 1545 Pharaonis
2275 1494 2535 1547 induravit
2587 1495 2676 1562 'per
2710 1496 2964 1562 ju'éicium
3014 1497 3248 1551 debitum
3295 1499 3362 1551 de

1820 1591 2034 1645 peccato
2067 1581 2218 1643 Adin,
2279 1583 2351 1634 vel
2383 1599 2500 1635 cum
2531 1597 2684 1650 pmtta
2735 1595 3070 1651 peccatorum
3123 1586 3360 1650 eﬁ'ertnr,

1814 1685 1906 1722 cor
1944 1669 2250 1724 induratur:
2285 1668 2451 1724 Filius
2499 1687 2636 1725 meus
2690 1674 3045 1742 primogenita:
3079 1673 3258 1735 Israel,
3310 1673 3360 1726 id

1817 1769 1898 1812 est
1928 1760 1978 1814 in
2009 1762 2312 1828 acceptione
2359 1761 2485 1830 legis
2513 1777 2544 1831 p
2568 1763 2707 1829 ιριιιη
2742 1765 2938 1827 lsr..e|,
2991 1767 3099 1818 sive
3140 1765 3193 1818 in
3225 1780 3359 1817 novo

1816 1847 1953 1901 dixit
1988 1866 1999 1900 :
2036 1847 2153 1901 Non
2197 1867 2305 1902 sum
2354 1852 2530 1903 missus
2574 1852 2668 1904 nisi
2715 1853 2782 1904 ad
2810 1870 2922 1904 ores
2963 1870 3071 1920 ora:
3112 1855 3364 1923 perietunt

1816 1938 1994 1989 domus
2022 1936 2199 1991 Israel.
2252 1938 2384 1990 Tnlit
2432 1940 2569 1993 illico
2620 1941 2846 2010 Sepltora
2886 1945 3224 1995 acutissima»
3279 1961 3358 2008 pe-

1818 2035 1968 2088 tram,
2019 2024 2068 2076 id
2107 2035 2188 2080 est
2222 2025 2456 2079 Ecclesia
2503 2029 2733 2094 gentium
2789 2029 3078 2081 doctrinam
3129 2030 3358 2096 Spiritus

1818 2114 1982 2166 sancti
2030 2116 2143 2167 site
2191 2115 2405 2168 Christi.
2457 2113 2521 2167 Et
2571 2118 2876 2169 circumcidit
2910 2121 3210 2187 prtt'putium
3262 2120 3360 2186 [il'i

1817 2201 1920 2260 sui,
1953 2201 2000 2252 id
2030 2209 2107 2252 est
2137 2202 2311 2268 populi
2345 2204 2607 2271 gentium;
2640 2215 2682 2256 et
2712 2206 2868 2274 tetigit
2893 2207 3039 2271 pedes
3071 2207 3209 2259 illius
3239 2224 3357 2259 san-

1818 2289 1952 2357 guis,
1985 2305 2099 2356 qua:
2127 2290 2426 2359 signilicant
2457 2293 2908 2346 circnmcisionem
2955 2295 3184 2348 hominis
3215 2297 3354 2348 intus

1820 2389 1873 2431 et
1896 2372 2039 2432 ictis.
2063 2379 2209 2446 Quod
2231 2389 2406 2434 autem
2441 2381 2683 2450 [trinCcps
2725 2382 2935 2453 Aigypti
2967 2385 3116 2448 dicit,
3173 2383 3362 2439 Nescio

1825 2467 2006 2532 Deum,
2034 2477 2086 2530 et
2115 2469 2337 2536 reliqua.
2371 2468 2490 2522 Non
2516 2471 2785 2536 dimittam,
2813 2472 2929 2527 vide
2960 2472 3012 2526 in
3038 2472 3359 2542 Evangeliis,

1822 2559 2127 2612 verberatos
2166 2560 2429 2628 quomodo
2470 2562 2711 2615 emittant
2739 2563 2872 2616 hanc
2901 2579 3106 2621 vocent.
3158 2565 3362 2618 Clamo-

1821 2656 1997 2698 rerunt
2028 2647 2180 2714 enim,
2208 2648 2392 2716 inquit,
2441 2651 2712 2715 darmones,
2754 2662 2800 2703 et
2830 2654 3064 2705 dixerunt
3091 2655 3158 2706 ad
3189 2656 3364 2706 Domi-

1822 2751 1983 2788 num:
2017 2735 2154 2799 Quid
2181 2738 2353 2789 venisti
2389 2749 2503 2790 ante
2542 2747 2737 2806 tempus
2763 2750 2987 2808 torquere
3020 2744 3149 2795 nos?
3186 2748 3368 2798 scimus

1821 2833 1868 2876 te
1891 2824 2006 2892 quia
2034 2833 2087 2876 tu
2106 2837 2160 2876 es
2185 2821 2352 2877 Filius
2385 2823 2496 2878 Dei.
2547 2825 2612 2877 Et
2642 2827 2727 2878 ubi
2761 2837 3016 2880 tormenta
3066 2843 3366 2892 senseutnt,

1821 2916 1996 2968 sciunt
2024 2913 2320 2968 Dominum.
2351 2917 2484 2968 Ante
2534 2914 2735 2980 ﬂagella
2765 2917 2910 2979 dicit,
2965 2915 3149 2970 Nescio
3182 2918 3363 2972 Deum.

1827 3006 1930 3061 Sed
1965 3014 2016 3059 et
2049 3002 2251 3058 Pharao
2279 3015 2400 3058 ante
2428 3006 2646 3060 verbera
2683 3008 2849 3060 nescit
2898 2996 3194 3063 horninutn.
3246 3012 3368 3062 l’ost

1827 3097 2043 3151 verbera
2076 3110 2170 3166 pro
2221 3111 2280 3150 se
2324 3098 2617 3164 supplicare
2667 3106 2832 3167 rogat.
2881 3099 3126 3167 Sequitur
3159 3117 3171 3152 :
3203 3102 3368 3164 Quare

1829 3187 2028 3264 Moyses
2062 3197 2109 3240 et
2160 3188 2329 3241 Aaron
2370 3187 2651 3240 sollicitatis
2692 3189 2956 3256 papnlnm,
3004 3192 3069 3240 t'te
3107 3191 3174 3240 ad
3216 3206 3369 3258 opem

1825 3272 2023 3340 ucstra;
2051 3277 2219 3330 donec
2262 3289 2436 3329 secmn
2467 3285 2546 3328 est
2591 3276 2830 3344 populus,
2879 3291 2980 3340 non
3026 3277 3168 3329 itum
3221 3291 3369 3344 μυί-ιι

1826 3380 1945 3419 esse
1975 3381 2302 3432 perversum.
2357 3365 2412 3419 Si
2445 3379 2570 3417 vero
2605 3366 2764 3428 dicat,
2801 3364 2928 3418 \‘oln
2958 3366 3032 3420 ire
3075 3367 3228 3420 trium
3259 3372 3366 3422 dic-

1827 3469 1960 3516 rutn,
1996 3454 2220 3519 perverti
2254 3453 2501 3522 populant
2531 3453 2676 3506 dicit.
2709 3452 2874 3508 llodie
2913 3472 3122 3524 quoque
3153 3459 3358 3527 Moya‘es

1825 3551 1876 3593 et
1924 3543 2118 3604 Aaron,
2147 3541 2196 3594 id
2231 3551 2314 3595 est
2344 3543 2677 3611 propheticus
2719 3554 2773 3595 et
2799 3547 3141 3600 sacerdotalis
3189 3561 3365 3604 Sermo

1825 3629 2051 3682 animant
2103 3631 2348 3684 sollicitat
2378 3633 2440 3684 ad
2489 3631 2909 3698 servitiutnbei,
2959 3646 3082 3692 tunc
3125 3638 3368 3707 princeps

1827 3718 1981 3788 hujus
2031 3721 2214 3775 mundi
2264 3722 2402 3776 illam
2450 3722 2514 3775 ad
2566 3737 2726 3792 opera
2785 3726 3001 3792 pristina
3045 3731 3160 3794 plus
3205 3734 3366 3797 cogit.

1829 3807 2062 3878 Dixitque
2123 3808 2329 3864 Pharao
2357 3855 2372 3878 ,
2402 3813 2606 3865 ‘tttttltus
2655 3815 2910 3883 populos:
2947 3817 3044 3869 hoc
3101 3818 3368 3885 signiﬁcat

1809 3902 2103 3955 consilium
2136 3903 2327 3956 diaboli
2355 3913 2540 3956 contra
2569 3919 2695 3958 suos
2723 3906 2997 3969 satellites,
3039 3909 3354 3970 voluntates.

1826 4007 1985 4056 opera
2028 3991 2242 4044 diaboli.
2291 3989 2538 4045 Diabolus
2579 3991 2762 4045 invidit
2812 3995 3132 4048 multitudini
3183 4000 3361 4065 pOpuli

1824 4080 2260 4134 Christianorum.
2297 4081 2523 4149 Populus
2568 4092 2742 4136 autem
2791 4097 3039 4150 aspersus
3069 4099 3224 4153 super
3249 4101 3364 4140 om-

1827 4187 1943 4224 nem
1983 4181 2178 4225 terram
2224 4170 2438 4242 Egypti
2483 4172 2696 4225 humani
2745 4174 2952 4242 generis
3004 4174 3362 4243 aspersionem

1824 4262 2102 4328 signiﬁcat,
2148 4262 2212 4316 ad
2261 4263 2568 4317 servitutem
2613 4264 2711 4318 sub
2757 4274 3010 4333 potestate
3055 4265 3246 4320 diaboli
3300 4269 3365 4320 ad

178 4350 331 4404 vidit.
360 4348 426 4402 Et
453 4367 544 4420 ego
564 4365 650 4403 ero
680 4352 731 4402 in
755 4366 840 4403 ore
875 4347 976 4405 tuo.
1006 4351 1061 4407 ln
1086 4351 1188 4407 hoc
1215 4354 1468 4406 Dominus
1512 4352 1711 4421 signiﬁ-
1751 4371 1801 4430 ι)
1824 4353 2146 4424 colligendas
2167 4354 2366 4424 paleas,
2390 4353 2442 4409 id
2467 4364 2546 4408 est
2571 4356 2693 4410 vitia
2728 4373 2740 4407 :
2766 4355 3106 4424 ﬂagellatique
3143 4367 3278 4424 sunt,
3309 4360 3360 4410 Μ

177 4445 333 4490 catur
378 4437 430 4489 in
482 4438 594 4516 lege
635 4438 876 4494 habitare
908 4457 923 4506 ;
957 4441 1056 4495 hoc
1103 4457 1310 4512 quoque
1357 4441 1719 4496 testimonium
1821 4457 1902 4501 est
1932 4464 1957 4497 a
1980 4444 2211 4498 diabolo.
2241 4443 2342 4497 Per
2361 4459 2563 4498 mstiti
2588 4448 2720 4498 enim
2749 4445 2957 4512 fortem,
2979 4455 3034 4500 et
3061 4449 3285 4516 reliqua,
3313 4451 3362 4502 id

181 4515 540 4591 pmﬁguravit
565 4526 704 4592 quod
737 4529 989 4584 Dominus
1018 4531 1068 4584 in
1103 4531 1387 4601 Evangelio
1417 4532 1515 4599 ait,
1549 4531 1724 4584 Nolite

179 4613 408 4689 cogitare
450 4612 568 4676 quid
594 4614 888 4682 loquamini,
915 4629 970 4672 et
995 4620 1213 4691 reliqua.
1245 4621 1451 4691 Moyses
1478 4632 1532 4676 et
1550 4623 1726 4676 Aaron

179 4704 342 4759 ambo
370 4702 536 4772 legem
583 4715 637 4757 et
679 4706 1033 4761 sacerdotium
1083 4711 1400 4779 signiﬁcant.
1453 4712 1524 4767 0s
1552 4724 1728 4768 autem

182 4793 353 4865 Ιοιεί
377 4803 432 4848 et
470 4796 644 4848 Aaron
679 4795 894 4860 dicitur,
940 4799 1017 4848 sic
1064 4799 1222 4852 etiam
1267 4803 1620 4856 sacerdotium
1669 4793 1729 4857 os

185 4884 319 4952 legis
347 4886 460 4940 iuit.
490 4886 696 4958 Moyses
737 4901 863 4940 vero
909 4889 1250 4956 interpellans
1291 4892 1428 4947 inter
1479 4895 1642 4948 Deum
1675 4906 1728 4949 et

185 4975 389 5041 Aaron,
435 4977 693 5053 signiﬁcat
738 4979 1161 5048 interpellantem
1204 4983 1368 5050 legem
1400 4985 1534 5038 inter
1563 4987 1725 5040 Deunt

186 5077 239 5121 et
276 5069 662 5135 sacerdotium;
704 5072 1056 5126 sacerdOtium
1113 5089 1257 5139 vero,
1296 5076 1432 5128 inter
1476 5077 1637 5131 Dcum
1678 5089 1731 5132 et

188 5158 454 5225 populum.
511 5155 574 5208 Et
615 5175 752 5213 sume
799 5164 1019 5230 virgam,
1071 5163 1118 5216 id
1165 5173 1246 5217 est
1291 5175 1566 5232 postquam
1600 5168 1731 5220 vidit

190 5245 466 5299 Dominum
495 5244 544 5300 in
574 5245 731 5300 Oreb.
763 5248 857 5301 Cui
879 5251 949 5301 ait
975 5249 1208 5313 Jetltron,
1247 5251 1393 5304 Valle
1418 5253 1467 5304 in
1498 5269 1637 5322 pace.
1673 5254 1727 5308 ltt

188 5335 288 5388 hoc
316 5332 432 5386 loco
462 5331 680 5387 lethron
711 5334 874 5390 Deum
914 5339 1118 5393 Patrem
1148 5341 1424 5409 signiﬁcat,
1453 5341 1727 5410 iubentem

185 5421 398 5482 Christo
429 5429 505 5482 ire
532 5429 597 5482 ad
624 5431 1037 5498 assumptionem
1065 5439 1258 5489 carnis.
1293 5436 1432 5488 Dixit
1461 5451 1578 5503 ergo
1613 5437 1729 5489 Do-

186 5515 354 5570 minus
373 5518 439 5571 ad
469 5518 698 5586 Moysen,
736 5517 785 5571 id
808 5530 888 5574 est
916 5521 967 5574 lu
999 5525 1163 5578 altera
1196 5525 1397 5579 visione
1426 5527 1505 5578 vel
1538 5525 1588 5578 in
1633 5543 1724 5579 ca-

186 5603 324 5662 dem.
357 5607 503 5662 Uxor
530 5620 702 5662 autem
733 5609 918 5678 Moysi,
944 5627 1096 5680 quam
1129 5615 1244 5670 tulit
1271 5615 1336 5671 de
1368 5614 1613 5687 Egypto,
1647 5617 1722 5672 si-

413 5700 677 5763 ΡΑτιιυι.
723 5701 879 5764 XCI.

1825 4545 1902 4592 est
1928 4534 2198 4589 ostendam
2223 4535 2468 4588 virtutem
2493 4548 2662 4588 meam
2701 4551 2791 4603 per
2825 4538 2969 4605 signa
2996 4551 3113 4606 qua:
3155 4537 3363 4594 iaciam.

2435 4621 2658 4676 CAPUT
2689 4622 2772 4677 Vl.

1898 4710 2006 4780 Ego
2035 4709 2281 4762 Dominus
2304 4725 2388 4776 qui
2418 4710 2655 4778 apparati,
2687 4720 2739 4763 et
2767 4712 3000 4779 reliqua;
3030 4727 3090 4767 ac
3127 4714 3172 4767 si
3201 4713 3367 4776 dicat,

1827 4804 1976 4860 Sicut
1997 4811 2173 4871 patres
2193 4799 2351 4855 vestri
2380 4809 2739 4868 cognoverunt
2763 4802 3005 4856 virtutem
3039 4790 3360 4866 meam,cum

1828 4896 1893 4948 de
1919 4892 2139 4946 initnicis
2168 4890 2374 4942 illorum
2399 4891 2738 4951 vindicarem,
2768 4893 2842 4944 sic
2872 4901 2925 4944 et
2959 4907 3052 4945 vos
3082 4907 3362 4960 cognosce-

1830 4982 1894 5035 tis
1927 4983 1976 5034 in
1998 4979 2224 5032 vintliCta
2247 4977 2574 5031 lllltttlclll'llm
2593 4992 2906 5032 ves*rorum.
2925 4979 2988 5029 Et
3005 4996 3180 5031 nomen
3201 4996 3365 5032 meum

1830 5072 2028 5125 Adonei
2050 5086 2146 5122 non
2168 5070 2383 5120 indicaui
2427 5071 2560 5134 illis,
2581 5071 2717 5138 quod
2749 5071 3120 5136 Omnipotens,
3150 5072 3231 5124 vel
3266 5074 3364 5124 Do-

1831 5164 2003 5214 minus
2021 5159 2340 5214 exercituum
2359 5159 2748 5227 interpretator.
2775 5160 2838 5211 Et
2859 5159 2957 5210 hoc
2976 5161 3051 5211 sic
3073 5157 3365 5226 intelligen-

1830 5251 1951 5304 dunt
1977 5259 2054 5302 est
2083 5250 2227 5317 quasi
2251 5247 2502 5301 dixisset:
2532 5247 2641 5301 Non
2671 5248 2910 5311 iudicavi,
2933 5249 3112 5316 utique
3141 5251 3363 5304 iudicavi

1833 5343 1954 5403 illis,
1986 5350 2036 5393 et
2064 5341 2138 5392 sic
2170 5339 2314 5393 vobis
2342 5340 2603 5393 indicabo.
2630 5340 2717 5394 Vel
2748 5343 2954 5407 quando
2983 5343 3056 5395 illi
3099 5342 3224 5395 mihi
3255 5341 3364 5406 pla-

1800 5481 1803 5486 .
1830 5442 2068 5491 cticrunt,
2097 5437 2270 5483 tamen
2319 5431 2422 5484 illis
2461 5445 2564 5483 non
2609 5431 2831 5484 iudicavi
2859 5431 2956 5486 hoc
2987 5447 3197 5495 nomen,
3231 5431 3364 5483 sicut

1833 5522 2000 5573 vobis.
2029 5519 2196 5572 Aliter
2219 5518 2299 5571 sic
2323 5520 2544 5588 mystice
2569 5519 2786 5587 intelligi
2817 5530 3006 5588 potest,
3035 5519 3360 5590 quasi‘ilixis-

1829 5627 1933 5686 set,
1957 5616 2006 5671 in
2029 5613 2201 5674 Veteri
2223 5613 2557 5668 Testamento
2585 5627 2688 5669 non
2719 5613 2939 5668 iudicavi
2967 5614 3099 5669 sicut
3126 5613 3176 5667 in
3196 5609 3364 5676 Novo,

2900 5703 2975 5762 10
