3872 6262
495 438 596 493 299

990 430 1192 486 μεμε
1235 426 1688 484 νεκειιΑΒιιΑε
1727 423 2010 480 ιιιιεῐιυιι
2053 424 2076 477 l

2191 423 2226 478 S
2265 425 2332 480 Il.
2375 451 2440 462 —
2483 419 2873 477 EXEGE’I‘ICA
2916 416 3245 474 GENUINA.

3662 414 3766 468 300

496 547 578 598 vel
610 545 661 597 in
691 541 838 596 Novo
865 555 968 594 non
999 536 1224 592 iudicavi
1265 537 1404 590 sicut
1444 534 1495 586 in
1525 534 1612 585 die
1639 531 1846 602 judieii.
1883 530 1945 583 Et
1977 547 2055 584 re-
2087 535 2128 588 Α
2161 529 2354 593 Chore,
2381 532 2478 584 hoc
2511 539 2623 595 est,
2671 544 2766 599 pro
2798 528 2951 583 malis
2999 543 3116 598 qua:
3161 528 3264 582 illis
3301 526 3564 582 oriuntur
3590 538 3724 593 post
3759 571 3764 576 .

497 635 732 687 cordatus
753 646 862 684 sum
886 628 1018 696 pacti
1039 626 1136 680 mei
1159 641 1177 678 :
1198 625 1295 680 hoc
1323 623 1627 692 intelligitur
1644 623 1782 690 quod
1807 620 2059 674 Dominus

500 723 802 777 recordatus
833 719 900 773 sit
942 732 1126 772 contra
1171 715 1438 769 diabolum
1471 713 1537 767 de
1568 713 1911 780 oppressione
1938 726 2059 764 sau-

498 825 720 869 etorum.
753 811 817 864 Et
845 809 1157 864 recordatus
1187 817 1268 860 est
1298 804 1363 858 ad
1391 804 1549 858 Israel
1594 803 1664 858 de
1715 802 2062 872 promissione

500 918 654 973 quam
689 902 949 970 promisit,
984 910 1037 953 ut
1057 907 1170 953 est:
1209 896 1272 950 Et
1301 895 1436 949 dabo
1463 897 1600 948 vobis
1631 905 1812 948 terram
1836 894 1987 956 hanc,
2009 901 2064 946 et

501 993 720 1062 reliqua.
754 990 1091 1061 Ergastulum
1134 985 1502 1056 Egyptiorum
1545 984 1864 1039 teutationes
1911 983 2064 1050 hujus

502 1083 682 1137 mundi
710 1081 993 1152 signiﬁcat.
1015 1077 1242 1133 servitus
1266 1076 1499 1143 ejusdem
1532 1079 1843 1130 servitutem
1866 1073 2066 1127 da'mu-

500 1174 737 1238 niorum,
768 1173 834 1224 de
862 1169 1051 1237 quibus
1078 1168 1244 1222 sancti
1293 1167 1344 1220 in
1379 1164 1593 1220 brachio
1619 1163 1852 1226 excelso,
1879 1163 1927 1215 id
1958 1173 2064 1226 est,

505 1266 556 1315 in
584 1260 675 1315 Dei
718 1267 1001 1329 potestate,
1030 1257 1112 1312 vel
1153 1258 1204 1310 in
1248 1256 1383 1311 Filio
1413 1253 1704 1309 liberantur
1737 1270 1748 1304 :
1781 1260 1835 1305 et
1859 1252 2068 1320 judiciis

506 1348 728 1416 magnis,
765 1346 817 1401 id
847 1357 946 1411 est,
974 1347 1022 1400 in
1048 1346 1210 1416 plagis
1233 1344 1598 1414 Aigyptiorutn
1623 1340 1966 1395 historialitcr
1991 1340 2068 1395 vel

507 1436 910 1498 dntnnuioruni,
938 1435 992 1488 ἱιι
1024 1432 1331 1502 diejudicii,
1364 1447 1480 1502 quae
1510 1431 1593 1484 hie
1623 1438 1936 1498 sequuntur.
1973 1427 2070 1482 Ec-

509 1527 686 1582 clesiae
705 1525 771 1579 de
791 1533 1051 1593 poteSIate
1072 1522 1264 1577 diaboli
1289 1521 1520 1576 liberata:
1544 1518 1884 1573 comeniunt.
1904 1515 2072 1582 Super

509 1633 659 1686 quam
707 1616 863 1669 {cerni
905 1629 1110 1667 manuni
1154 1628 1334 1675 meam,
1366 1610 1415 1665 id
1439 1618 1541 1675 est,
1577 1610 1628 1662 iu
1661 1621 1810 1662 more
1836 1605 2068 1674 iurandi.

514 1705 620 1774 Iz‘go
651 1704 920 1768 Dominus,
964 1704 1012 1757 i‘d
1034 1709 1148 1767 est,
1194 1700 1281 1770 qui
1315 1715 1524 1769 possunt
1569 1699 1740 1754 Iacere
1783 1716 1899 1769 qua:
1929 1700 2068 1754 dico.

513 1793 734 1865 Propter
776 1794 1062 1863 angustiam
1087 1792 1318 1859 spiritus,
1347 1790 1396 1843 id
1427 1798 1527 1854 est,
1553 1805 1617 1843 eo
1647 1789 1786 1859 quod
1817 1789 2078 1844 conclu-it

2159 623 2235 673 sic
2258 622 2416 674 etiam
2451 620 2500 673 iu
2534 619 2766 676 Ecclesia
2815 619 2939 672 boni
2989 627 3043 671 et
3083 616 3209 670 mali
3252 625 3772 670 commemorantur

2162 711 2211 764 in
2240 711 2563 778 exempl-tm.
2595 710 2766 763 Aaron
2787 710 2977 773 accepit
3009 723 3241 761 uxorem.
3271 707 3388 761 Hoc
3416 720 3588 761 causa
3631 705 3772 776 Phy-

2164 815 2287 853 nces
2330 807 2798 854 commemoratur.
2835 796 2958 854 llaec
2979 809 3190 866 quouvo
3211 797 3436 866 ligarem
3463 796 3770 849 (laetorum

2163 894 2516 961 Contigerant,
2543 890 2631 960 qui
2663 891 2911 944 doctores
2942 890 3242 957 parturiunt
3301 888 3361 939 ut
3400 888 3585 941 sancti
3649 900 3772 940 san-

2164 991 2280 1036 ctos
2307 982 2620 1048 parturiunt.
2665 980 2950 1034 Parturitio
2979 988 3156 1034 autem
3204 977 3406 1042 Chore,
3439 977 3496 1031 in
3534 977 3770 1046 ﬁgurant

2168 1072 2537 1126 haereticorum
2585 1069 2719 1125 alios
2751 1069 3178 1140 parturientiumt
3213 1064 3320 1119 Iste
3365 1077 3437 1120 est
3492 1068 3692 1120 Aaron
3733 1077 3772 1118 et

2171 1165 2390 1235 Moyses.
2423 1165 2523 1220 Alii
2550 1165 2737 1220 dicunt
2767 1165 2902 1218 hanc
2930 1165 3252 1218 sententiam
3284 1159 3479 1216 Esdrte
3527 1161 3772 1230 prophe-

2170 1265 2258 1318 tae,
2283 1256 2394 1310 sive
2421 1256 2640 1322 spiritus
2665 1256 2834 1310 sancti
2867 1269 2960 1323 per
2990 1253 3231 1325 Moysen,
3254 1252 3364 1306 sive
3391 1252 3768 1312 translatoris,

2171 1352 2284 1401 sive
2332 1347 2525 1414 aliquis
2577 1347 2644 1402 de
2695 1359 2918 1416 persona
2963 1345 3130 1414 Moysi
3185 1343 3411 1399 diceret.
3448 1341 3584 1412 Ipse
3614 1345 3768 1394 dixit.
3857 1341 3859 1384 ε

2137 1461 2141 1466 ·
2173 1439 2347 1492 Aaron
2374 1453 2498 1493 vero
2525 1437 2609 1496 hic
2635 1439 2835 1507 primus
2865 1438 3078 1502 dicitur,
3111 1451 3176 1492 eo
3215 1437 3355 1506 quod
3385 1451 3513 1502 mag
3525 1436 3575 1489 is
3607 1449 3769 1489 senex

2172 1529 2262 1594 sit,
2285 1532 2422 1600 quod
2466 1532 2624 1586 etiam
2657 1530 2945 1600 ﬁguraliter
2978 1529 3264 1585 convenit:
3313 1527 3578 1582 Christus
3603 1527 3766 1588 enim,

2175 1625 2330 1692 cujus
2360 1623 2445 1677 hic
2473 1627 2647 1677 Aaron
2677 1623 2896 1692 ﬁgurant
2928 1631 3090 1686 tenet,
3126 1623 3239 1690 lege
3268 1620 3451 1674 senior
3485 1629 3600 1673 est.
3641 1617 3768 1684 Qui-

2179 1711 2270 1765 bus
2300 1712 2537 1779 prwcepit
2576 1711 2828 1765 Dominus
2861 1710 3096 1777 Deus,ct
3141 1710 3364 1778 reliqua.
3400 1708 3505 1763 Hic
3554 1708 3628 1761 ab
3675 1707 3764 1760 ali-

2179 1803 2386 1869 quantis
2416 1801 2697 1871 inquiritur
2716 1800 2905 1872 quibus
2929 1801 3097 1853 modis
3124 1800 3340 1863 dicitur,
3358 1799 3557 1867 utique
3583 1798 3766 1859 tribus,

509 1886 668 1939 ﬁdem
695 1884 888 1938 invidia
923 1899 936 1936 :
967 1892 1015 1936 et
1054 1897 1184 1948 Opus
1212 1880 1558 1946 durissimum,
1591 1879 1642 1934 id
1669 1890 1770 1946 est,
1817 1881 2065 1936 tentatio-
2105 1871 2146 1930 Β
2178 1891 2228 1944 id
2259 1901 2356 1956 est,
2380 1907 2525 1957 vere,
2557 1889 2709 1956 falso,
2746 1889 3138 1959 nuncupatione
3165 1908 3176 1942 :
3211 1903 3358 1953 vere,
3394 1897 3457 1940 ut
3485 1887 3636 1941 Deus
3658 1901 3766 1939 om-

499 1997 630 2035 «item
650 1978 884 2048 sequitur
906 1995 919 2030 :
942 1976 1354 2031 Abominationcs
1370 1971 1733 2045 {Egyptiorum
1757 1975 2073 2028 immolanms

515 2070 748 2124 Domino.
777 2069 915 2123 Oves
958 2067 1152 2135 quippe
1201 2062 1438 2134 [Egyptii
1491 2063 1842 2132 dedignantur
1889 2064 2071 2131 edere,

509 2161 646 2229 quod
687 2169 862 2215 autem
909 2159 1281 2213 abominantur
1325 2153 1586 2225 Egyptii,
1619 2155 1719 2208 hoc
1766 2170 1862 2209 nos
1891 2155 2072 2209 olleri-

512 2267 648 2316 mus,
679 2253 796 2319 quia
825 2251 1166 2305 conscientia:
1188 2247 1778 2319 simplicitatem,quam
1807 2249 2074 2318 sapientes

513 2342 668 2412 hujus
701 2339 878 2394 mundi
933 2340 1224 2393 fatuitatem
1276 2345 1481 2406 putant,
1512 2341 1644 2392 hanc
1691 2338 1817 2408 justi
1849 2339 2076 2393 Domino

517 2435 572 2487 in
595 2432 909 2485 sacriﬁcium
941 2430 1234 2484 immolant.
1267 2427 1348 2483 Ex
1376 2444 1475 2498 quo
1503 2437 1674 2481 autent
1702 2429 1850 2495 capit
1878 2428 2076 2496 Moyses

513 2529 650 2590 loqui
674 2527 740 2578 ad
774 2525 1113 2588 Pharaonem,
1133 2526 1294 2592 magis
1323 2524 1576 2592 afﬂigitur
1603 2525 1816 2590 populus
1850 2521 2076 2576 Domini.

514 2617 586 2670 Ει
620 2632 723 2684 quo
753 2617 894 2671 enim
922 2615 976 2667 in
1003 2614 1238 2666 animum
1265 2613 1494 2666 hominis
1521 2626 1696 2666 sermo
1727 2612 1815 2664 Dei
1849 2611 2078 2679 perlatus

517 2704 886 2766 l'iwrit,actius
914 2703 1132 2757 callidus
1164 2701 1330 2755 hostis
1355 2700 1602 2769 insurgit.
1634 2700 1877 2754 Nonnulli
1901 2711 2075 2752 autem

520 2797 697 2848 multis
727 2795 1042 2847 verberibus
1071 2791 1330 2858 conclusi,
1361 2791 1684 2845 conﬁtentur
1708 2806 1766 2844 si:
1795 2791 2078 2844 Pharaonis

515 2901 634 2936 esse
683 2885 946 2952 pupulum,
992 2883 1227 2936 dicentes
1260 2901 1272 2934 :
1309 2880 1375 2935 L't
1423 2882 1545 2950 quid
1589 2881 1780 2950 afﬂigis
1837 2881 2079 2946 papulunt

513 2975 956 3044 tnumtsuperati
1009 2987 1237 3040 namque
1281 2971 1589 3026 verberibus
1637 2971 1873 3025 nonnulli
1914 2987 1942 3024 a
1977 2970 2078 3025 ﬁle

520 3066 792 3130 teet-dunt,
819 3075 869 3119 et
893 3066 955 3118 ad
986 3065 1197 3135 Moysen
1227 3075 1281 3118 ει
1310 3067 1485 3117 Aaron
1515 3066 1800 3131 loquuntur
1831 3082 1842 3115 :
1875 3064 1954 3117 Ex
1980 3080 2081 3133 quo

520 3158 763 3209 introistis
800 3157 867 3206 ad
901 3153 1237 3218 Pharaonem,
1266 3153 1619 3206 exsecrabilem
1653 3156 1840 3221 fecistis
1871 3157 2074 3211 odorem

521 3258 745 3299 nostrum
777 3261 944 3298 coram
985 3259 1064 3297 eo.
1113 3243 1456 3310 l‘rOpheticus
1502 3244 1642 3296 enim
1693 3260 1870 3299 sermo
1900 3246 2076 3300 suavis

519 3338 650 3390 odor
700 3335 1058 3400 credentibus,
1091 3335 1266 3388 duhiis
1308 3345 1481 3387 autem
1522 3346 1569 3388 et
1597 3334 1900 3397 incredulis,
1924 3351 2078 3391 exse-

524 3428 871 3481 ct'ahilsodor
893 3425 1139 3480 efﬁcitur.
1166 3425 1292 3479 Ecce
1320 3427 1415 3494 lilii
1439 3424 1602 3480 Israel
1627 3444 1724 3480 non
1746 3443 1821 3480 me
1842 3429 2078 3494 audiunt,

524 3529 578 3572 et
609 3519 828 3585 reliqua.
859 3517 1005 3572 Sicut
1052 3518 1192 3571 enim
1243 3517 1452 3588 Moyses
1480 3517 1562 3571 hic
1591 3527 1821 3583 recusat,
1851 3519 1989 3586 quod
2021 3534 2079 3574 se

528 3609 729 3660 l'harao
759 3624 859 3659 non
883 3606 1110 3671 audiret,
1147 3607 1190 3659 si
1227 3606 1314 3659 ﬁlii
1349 3608 1506 3662 Israel
1533 3623 1634 3660 non
1659 3608 1940 3662 audierunt
1967 3624 1979 3661 :
2005 3609 2080 3664 sic

525 3699 609 3749 lex
645 3703 846 3748 recusat
876 3695 1014 3763 quod
1049 3695 1188 3746 illam
1232 3695 1470 3750 diabolus
1515 3711 1616 3749 non
1667 3697 1874 3760 audiet;
1900 3699 1942 3752 si
1977 3713 2078 3753 non

527 3787 741 3838 audiunt
765 3786 930 3836 sancti
952 3785 1250 3836 mandatum
1272 3785 1333 3836 ad
1360 3784 1490 3837 ﬁlios
1510 3785 1690 3847 Israel,
1708 3766 1756 3838 id
1784 3797 1884 3851 est,
1902 3802 2083 3842 exem-

527 3879 668 3942 plum
701 3875 932 3928 omnium
977 3874 1419 3942 plagarutn.Anni
1461 3885 1633 3928 autem
1668 3877 1785 3928 vita:
1828 3876 2079 3930 Leuilue-

532 3979 657 4019 runt.
684 3967 799 4020 l58.
828 3965 1029 4018 Idcirco
1055 3965 1177 4018 anni
1209 3965 1331 4018 Levi
1361 3965 1442 4018 hic
1477 3967 1686 4034 proprie
1716 3979 2080 4030 numerantur,

527 4070 584 4112 ut
607 4060 794 4112 veritas
822 4057 1108 4111 nativitatis
1152 4067 1204 4110 et
1231 4056 1583 4126 generationis
1632 4059 1795 4128 Moysi
1828 4068 1877 4111 et
1907 4060 2080 4111 Aaron

528 4147 860 4214 intelligatur.
888 4143 1070 4197 lluben
1092 4157 1267 4199 autem
1297 4156 1350 4199 et
1379 4145 1588 4200 SitneOn
1616 4158 1827 4214 propter
1845 4147 2081 4200 ordinem

527 4236 812 4288 nativitatis
859 4245 982 4289 ante
1028 4235 1150 4288 Levi
1186 4235 1339 4302 positi
1387 4237 1647 4300 sunt,sed
1690 4239 1859 4291 tribus
1909 4247 2082 4290 tamen

525 4325 650 4380 Levi
702 4325 919 4393 mystica
967 4334 1066 4377 est.
1113 4324 1373 4379 Numerus
1423 4334 1600 4380 autem
1647 4340 1902 4380 annorum
1959 4327 2081 4381 Levi

526 4419 832 4486 mysterium
865 4414 1142 4484 signiﬁcat.
1161 4417 1200 4468 Α
1218 4431 1405 4484 magno
1435 4431 1602 4484 usque
1627 4418 1691 4469 ad
1718 4433 1933 4490 parvum
1962 4435 2081 4472 sur-

2176 1985 2457 2053 nipotens:
2492 1987 2648 2050 l‘also,
2679 1995 2737 2039 ut
2757 1985 2851 2050 dii,
2881 1985 2966 2052 qui
3009 1983 3202 2037 calum
3234 1991 3289 2036 et
3319 1991 3527 2035 terram
3564 1995 3669 2034 non
3700 1981 3764 2032 Ie-

2174 2085 2390 2139 eerunt;
2425 2075 2797 2144 nuncupative,
2821 2083 2882 2127 ut
2909 2073 3157 2127 constitui
3185 2072 3304 2124 tein
3329 2071 3506 2124 Deum
3538 2069 3765 2123 Pharao-

2178 2166 2257 2220 nis
2287 2185 2299 2218 :
2332 2167 2470 2234 quod
2508 2165 2869 2222 testimonium
2918 2165 3106 2231 ﬁgurat
3139 2161 3510 2228 evangelii-ant
3545 2167 3764 2213 senten-

2179 2260 2300 2312 tiam
2330 2272 2428 2326 qua
2454 2257 2656 2310 dicitur
2687 2273 2698 2307 :
2731 2255 3053 2321 Quiccunque
3089 2251 3337 2305 solveritis
3367 2266 3530 2315 super
3560 2261 3761 2312 teriam,

2177 2358 2225 2402 et
2259 2349 2480 2412 reliqua.
2513 2343 2738 2399 Ecluctio
2757 2356 2933 2398 autem
2965 2343 3190 2396 ﬁliorum
3225 2339 3385 2393 Israel
3419 2355 3520 2404 per
3553 2340 3761 2407 Moyses

2178 2438 2242 2490 de
2275 2436 2527 2506 Egypto,
2555 2434 2853 2502 ubicunque
2884 2433 2935 2484 iu
2970 2435 3070 2486 hoc
3100 2433 3238 2484 libro
3264 2429 3484 2493 dicitur,
3519 2430 3763 2482 eductio-

2180 2543 2297 2580 nem
2331 2527 2602 2581 hominum
2627 2525 2694 2580 de
2718 2524 2914 2579 mundo
2937 2523 3000 2578 ad
3028 2537 3244 2592 regnum
3273 2524 3543 2576 cm'orutn
3581 2536 3676 2590 per
3695 2523 3758 2573 Ie-

2179 2632 2295 2684 geir:
2319 2624 2372 2688 et
2389 2606 2740 2672 sacerdotium
2765 2613 3046 2682 signiﬁcat.
3077 2612 3172 2666 Ubi
3200 2610 3407 2681 Moyses
3428 2621 3561 2665 ante
3591 2615 3761 2663 Aaron

2181 2717 2530 2768 memoratur,
2556 2706 2887 2776 signiﬁcatur
2913 2703 3052 2774 quod
3080 2705 3160 2758 lex
3193 2703 3429 2773 speciem
3464 2718 3622 2755 suam
3645 2713 3761 2753 ante

2178 2797 2536 2853 sarerdotium
2592 2799 2847 2854 ostendit.
2885 2798 3095 2868 Moyses
3146 2795 3561 2851 incircumcisns
3620 2792 3764 2845 labiis

2182 2889 2414 2942 nititur:
2448 2907 2474 2940 a
2507 2903 2565 2943 se
2592 2891 2854 2958 s'gnillcat
2888 2889 3056 2959 legem
3108 2902 3213 2941 non
3257 2887 3461 2940 dxisse
3508 2885 3760 2944 salutem.

2183 2979 2274 3032 sed
2303 2993 2331 3031 a
2353 2978 2586 3033 Christo.

2789 3068 3012 3123 CAPUT
3055 3067 3163 3122 VII.

2255 3159 2384 3211 Ecce
2412 3160 2647 3211 constitui
2692 3169 2737 3212 te
2785 3159 2944 3212 Deum
2975 3157 3286 3220 Pharaonis,
3316 3165 3366 3207 et
3398 3153 3608 3221 reliqua
3665 3155 3757 3208 Per

2184 3253 2284 3303 hoe
2311 3259 2541 3317 potestas
2566 3249 2694 3315 legis
2716 3250 3129 3303 demonstratur.
3151 3248 3318 3300 Aaron
3343 3246 3596 3313 prapbeta
3627 3255 3755 3308 tuas,

2183 3339 2230 3390 id
2257 3349 2357 3399 est,
2387 3337 2706 3406 prwdicatOr
2735 3349 2871 3389 tuus.
2900 3335 2964 3387 Et
2985 3337 3089 3390 utut
3116 3335 3334 3401 iplirabo
3357 3336 3504 3404 signa
3528 3347 3574 3385 et
3599 3344 3757 3386 osten-

2186 3440 2274 3493 tu;
2308 3443 2399 3496 per
2428 3427 2575 3495 signa
2601 3428 2768 3496 plagae
2798 3426 3183 3494 intelliguntur,
3227 3439 3322 3493 per
3351 3433 3593 3486 ostenta,
3625 3424 3754 3490 quod

2184 3521 2232 3574 in
2265 3521 2394 3576 mari
2429 3521 2574 3573 fecit.
2611 3517 2823 3571 Manum
2861 3531 3022 3568 meam
3051 3531 3202 3585 super
3233 3513 3541 3584 rEgyptum,
3580 3515 3631 3567 id
3661 3522 3753 3577 est,

2185 3620 2499 3678 potestatem
2528 3624 2689 3678 super
2720 3609 2858 3661 hunc
2902 3606 3155 3660 mundum
3204 3607 3488 3671 signiﬁcat.
3525 3603 3754 3656 Educet:

2185 3703 2424 3772 populum
2453 3717 2616 3753 meum
2645 3709 2691 3751 et
2721 3699 3015 3766 exercitum,
3045 3695 3095 3750 id
3140 3705 3246 3759 εει,
3275 3703 3493 3748 sanctos
3519 3705 3574 3747 et
3599 3709 3755 3762 popa-

2183 3793 2288 3846 lum
2339 3791 2783 3845 Christianorum.
2818 3789 2871 3842 lu
2896 3789 3045 3842 annis
3075 3788 3232 3840 etiam
3266 3787 3430 3854 Moysi
3478 3793 3534 3837 et
3584 3791 3752 3837 Aaron

2186 3885 2436 3950 mysticus
2499 3882 2798 3935 intellectus
2844 3890 2947 3941 est,
2988 3879 3364 3947 quinquaginta
3424 3877 3750 3942 pmoilentiz

2185 3973 2345 4035 viros,
2380 3967 2641 4038 signiﬁcat
2669 3983 2858 4026 XXXIII.
2886 3967 3027 4035 quod
3070 3967 3119 4018 in
3148 3965 3470 4031 Supradictis
3509 3962 3751 4015 uitalibus

2187 4059 2550 4128 prtediximus.
2594 4056 2746 4126 Virga
2795 4055 2966 4124 Moysi
3001 4055 3169 4123 virgas
3209 4051 3580 4120 χερνῆσι-ιιι
3606 4053 3749 4103 dess-

2185 4155 2329 4206 raviz.
2367 4151 2466 4205 Per
2515 4149 2657 4218 quod
2701 4146 3032 4216 signiﬁcatur
3075 4144 3214 4214 quod
3269 4145 3500 4197 Verbum
3530 4157 3658 4197 caro
3684 4143 3749 4195 la-

2183 4255 2326 4296 etum
2354 4241 2692 4308 antiquorum
2741 4237 3066 4305 serpentium
3109 4235 3222 4289 dira
3255 4248 3458 4287 venena
3482 4234 3750 4287 evacuavit

2185 4347 2278 4400 per
2295 4331 2657 4385 remissionem
2679 4337 3036 4398 peccatorum.
3069 4326 3222 4396 Virga
3246 4324 3390 4378 enim
3415 4333 3496 4378 est
3528 4324 3746 4378 Verbum

2183 4423 2460 4486 directum,
2493 4423 2682 4491 regalis
2709 4419 3006 4490 potestatis,
3043 4419 3254 4487 plenum
3281 4418 3488 4486 insigne
3518 4415 3744 4486 imperii.

527 4507 602 4577 git
648 4507 814 4574 plebs,
846 4506 895 4558 in
940 4505 1285 4560 humilitatem
1335 4506 1681 4561 descendens.
1712 4509 1815 4562 Sed
1870 4519 2080 4564 centum
2117 4548 2162 4605 ο
2192 4513 2342 4582 Virga
2372 4527 2590 4582 serpens
2636 4513 2770 4564 I'acta
2820 4518 2924 4571 est,
2957 4509 3041 4578 qui
3087 4517 3198 4560 erat
3244 4506 3336 4559 Dei
3372 4506 3558 4570 Filius,
3590 4507 3746 4560 laetus

527 4596 826 4664 specialiter
856 4597 1230 4664 perfectionem
1258 4595 1536 4664 signiﬁcat,
1555 4597 1766 4666 triginta
1784 4613 1906 4652 vero
1926 4598 2080 4653 ﬁdem

529 4687 818 4754 Trinitatis,
843 4697 961 4740 octo
989 4687 1187 4740 Novum
1217 4687 1634 4743 Testamentum.
1671 4690 1733 4742 Iit
1753 4688 1884 4743 sicut
1914 4691 1964 4743 in
1989 4692 2086 4744 hac

529 4775 829 4840 genealogis
866 4775 1127 4842 principes
1157 4779 1373 4830 maximi
1395 4790 1900 4844 eotnmemorautur,
1930 4780 2003 4833 sic
2033 4791 2086 4834 et

531 4863 581 4918 in
619 4864 850 4917 Ecclesia
878 4869 1108 4920 maxime
1132 4868 1475 4935 principatum
1508 4880 1775 4934 tenentes,
1797 4881 1851 4923 et
1871 4870 1939 4922 ah
1960 4871 2086 4938 ipsis

532 4956 749 5009 secundi
801 4970 957 5010 causa
1004 4973 1212 5027 quoque
1259 4957 1424 5027 Moysi
1456 4968 1509 5013 et
1539 4960 1902 5016 Aarou.Anni
1951 4961 2086 5014 Gath

528 5055 888 5100 numerantur.
915 5047 1078 5114 Cujus
1102 5049 1260 5100 etiam
1287 5050 1408 5100 anui
1434 5059 1487 5101 et
1519 5049 1647 5102 Levi
1676 5048 1918 5104 eumdem
1960 5064 2082 5102 sen-

527 5152 641 5187 sum
677 5137 891 5200 habent,
921 5149 1012 5202 per
1059 5144 1168 5188 tres
1202 5136 1516 5190 novissimos
1539 5139 1627 5204 qui
1662 5138 1713 5190 in
1748 5142 1861 5206 lege
1889 5139 2086 5205 signiﬁ-

526 5237 666 5280 Cant.
700 5227 881 5282 Ruben
909 5238 1084 5280 autem
1114 5236 1168 5279 et
1185 5226 1420 5291 Simeon,
1452 5241 1673 5295 quorum
1704 5230 1827 5281 anni
1853 5245 1953 5280 non
1988 5245 2086 5281 nn-

529 5327 819 5385 tnerautur,
847 5320 1063 5388 ﬁguram
1113 5316 1474 5385 pmuitentiutn
1526 5329 1722 5372 tenent.
1760 5318 1880 5372 Levi
1911 5328 2087 5370 a:.tem

525 5418 581 5459 et
607 5409 703 5461 lilii
733 5410 868 5461 illius
893 5425 1114 5476 quorum
1140 5407 1264 5459 anni
1295 5416 1662 5474 numerantur,
1700 5410 1921 5476 ﬁguram
1973 5424 2090 5473 per-

528 5496 780 5549 lectorum
813 5502 1246 5551 tenent.Antram
1278 5510 1406 5550 vero
1434 5506 1488 5550 et
1514 5495 1792 5561 .lochabet,
1822 5497 2088 5552 Christum

527 5596 582 5636 et
617 5585 925 5651 Eeclesiam,
950 5602 1014 5639 ex
1044 5587 1231 5653 quibus
1255 5586 1488 5640 nascitur
1517 5586 1597 5640 lex
1631 5595 1684 5641 et
1710 5588 2084 5642 sacerdotium.

530 5673 666 5726 Anni
700 5689 906 5741 quoque
946 5675 1190 5728 eumdem
1236 5674 1434 5728 habent
1485 5674 1831 5733 intellectum.
1870 5679 1934 5730 Et
1965 5677 2086 5730 Levi

530 5763 648 5819 ideo
707 5766 1007 5834 genea'ogin
1065 5768 1198 5821 Esau
1249 5779 1714 5839 commemoratur,
1759 5773 1809 5826 id
1841 5782 1959 5835 est,
1996 5785 2088 5840 pro

2187 4615 2266 4657 est
2295 4603 2430 4657 ﬁlius
2458 4601 2683 4656 hominis
2713 4617 2804 4671 per
2835 4599 3251 4653 incarnationem
3277 4615 3290 4660 ;
3322 4599 3413 4664 qui
3462 4599 3616 4665 quasi
3647 4611 3746 4652 ser-

2189 4709 2314 4759 pens
2347 4693 2433 4746 ille
2465 4694 2514 4745 in
2543 4692 2755 4745 deserto
2785 4703 3096 4756 suspensus,
3127 4686 3444 4740 medicinam
3469 4687 3738 4741 vulnerum

2189 4781 2374 4834 inludit
2397 4780 2613 4834 homini.
2652 4779 2810 4849 Virga
2825 4775 2991 4847 Moysi
3016 4778 3067 4830 in
3088 4778 3355 4830 draconem
3381 4792 3542 4842 versa,
3576 4791 3746 4844 mago-

2187 4889 2299 4924 rum
2324 4873 2485 4940 virgas
2508 4871 2764 4923 absorbuit
2794 4886 2812 4924 :
2837 4879 2892 4924 et
2920 4871 3159 4924 Christus
3186 4882 3298 4938 post
3322 4869 3508 4939 gloria:
3534 4882 3650 4924 sua
3674 4869 3744 4922 di-

2189 4964 2461 5030 gnitatem,
2519 4962 2685 5014 lactus
2734 4962 2987 5016 obediens
3035 4976 3200 5028 usque
3243 4962 3310 5012 ad
3363 4968 3616 5024 mortem,
3661 4971 3745 5026 per

2192 5053 2356 5114 ipsam
2388 5059 2608 5104 mortem
2643 5051 2905 5105 destruxit
2949 5051 3189 5102 aculeum
3235 5048 3441 5101 mortis.
3481 5046 3744 5101 Ιηόιηιιῦι

2194 5141 2435 5193 Dominus
2469 5157 2555 5194 cor
2598 5139 2905 5196 Pharaonis.
2932 5140 3060 5207 Quit
3109 5139 3374 5191 diabolum
3424 5139 3526 5194 ista
3555 5138 3637 5194 sic
3663 5140 3744 5196 h-

2190 5230 2382 5284 durant
2426 5242 2640 5302 propter
2699 5245 2990 5302 peccatum,
3039 5238 3098 5284 ut
3141 5232 3468 5298 pmtiitentiae
3496 5245 3744 5303 conpul-

2188 5319 2360 5374 ctioue
2389 5336 2652 5387 nunquam
2679 5322 2998 5375 emulliatur.
3031 5321 3180 5376 Sicut
3220 5323 3272 5374 in
3301 5320 3403 5375 Job
3430 5321 3500 5377 de
3529 5335 3598 5376 eo
3622 5321 3743 5374 scri-

2192 5419 2331 5477 ptnm
2360 5422 2466 5466 est:
2489 5412 2822 5466 Indnrabitur
2851 5430 2937 5465 cor
2957 5412 3096 5466 illius
3144 5423 3198 5467 ut
3241 5414 3395 5480 lapis.
3431 5412 3566 5468 Dum
3589 5411 3742 5481 νιιρ

2189 5500 2455 5568 dicuntur,
2489 5505 2846 5572 interrogatur
2887 5511 3014 5571 quot
3052 5514 3173 5556 sunt
3203 5505 3478 5572 plagarum
3532 5513 3741 5570 genam

2190 5593 2368 5660 utique
2408 5606 2678 5663 quatuor:
2735 5594 2882 5662 plaga
2947 5593 3294 5657 insanabilis,
3349 5606 3454 5660 qua
3511 5589 3745 5644 inimicas

2190 5685 2480 5748 percutitur
2533 5686 2648 5740 sine
2704 5683 3061 5748 retractione;
3111 5681 3346 5740 secunda
3391 5679 3453 5734 ﬁt
3500 5679 3652 5750 plaga
3699 5677 3743 5730 il

2189 5777 2487 5833 ostensione
2545 5777 2816 5839 virtutum,
2863 5785 2921 5829 ut
2961 5789 3130 5832 ctecus
3171 5775 3222 5829 in
3249 5770 3574 5841 Evamelio,
3599 5769 3740 5825 terti:
