3872 6262
147 557 246 615 SOI

930 554 992 610 ΙΝ
1035 550 1585 610 ΡΕΝΤΛΤΕΠΟΗΟΜ
1625 543 2121 603 COMMENTARII.
2174 571 2225 582 -—
2270 541 2560 599 EXOBUS.

3270 543 3376 602 50!

147 687 250 737 pro
269 680 482 738 peccato
507 674 749 729 venturo,
781 673 838 719 ut
876 664 1068 720 Paulus
1096 665 1365 719 stimulum
1393 663 1618 730 accepit.
1645 675 1710 716 ne
1739 662 1787 722 Α
1814 655 1952 726 quod
1981 670 2170 710 sonum
2202 656 2346 711 vucis
2394 657 2650 724 improbae
2690 652 3004 725 importunis
3055 657 3374 716 clamoribus

147 760 225 816 illi
251 758 482 814 elevatio
506 756 772 817 venisset;
802 765 1007 825 quarta,
1043 764 1100 808 ut
1129 753 1292 808 David
1333 753 1400 808 de
1445 752 1712 822 praeterito
1810 751 1999 807 reddit.
2032 749 2158 805 Post
2200 749 2392 806 ciuiles
2436 748 2760 818 producitur.
2799 749 2907 805 Hoc
2959 751 3156 806 animal
3187 756 3374 821 pennis

148 857 390 918 peccato,
420 848 486 902 de
525 855 803 902 numerato
845 846 1059 914 populo.
1087 845 1267 900 Genus
1296 854 1470 898 autent
1497 844 1708 897 insana.

147 939 464 1007 hilis~plagte
484 935 752 1006 Egyptils
779 934 1038 990 accidisse
1059 933 1274 987 dicitur.
1310 934 1413 988 Sed
1447 934 1606 986 etiam
1629 947 1713 988 se-

144 1027 678 1093 eun'dutn‘quosdam
726 1033 951 1094 quatuor
987 1037 1181 1090 genera
1221 1024 1457 1078 invenire
1489 1022 1571 1076 hic
1601 1021 1714 1090 pls-

145 1132 334 1187 garum
378 1115 644 1171 dicuntur.
699 1112 874 1168 Genus
925 1115 1090 1182 plaga:
1137 1113 1446 1168 insanabilis
1487 1111 1538 1164 iu
1583 1110 1712 1165 mari

147 1205 353 1272 ltnbro,
379 1219 476 1274 pro
504 1205 819 1260 ascensione
844 1205 1117 1258 virtutum.

224 1293 388 1348 Passi
416 1304 462 1349 ts
489 1303 544 1348 tu
564 1295 896 1348 ostendentia
919 1305 968 1349 te
996 1295 1230 1349 uirtutem
1259 1309 1443 1348 meant.
1478 1295 1552 1347 De
1598 1307 1714 1361 pec-

145 1397 273 1438 cato
293 1393 542 1452 venturo,
565 1387 704 1455 quod
724 1385 881 1440 Israel
906 1400 1008 1439 non
1037 1386 1394 1456 relinquerent
1419 1393 1630 1453 pr0pter
1659 1384 1720 1436 il-

146 1474 324 1530 lorum
354 1475 677 1542 superbiam,
700 1477 743 1530 si
765 1491 870 1531 non
895 1476 1204 1530 habuissent
1226 1475 1454 1544 plagam.
1489 1474 1562 1528 De
1591 1488 1717 1542 pee-

146 1573 276 1619 cato
304 1566 592 1635 praeterito,
623 1579 689 1620 eo
716 1565 857 1636 quod
885 1565 1197 1619 illutninanti
1227 1564 1347 1630 quis
1393 1565 1718 1618 retinuerunt

149 1656 506 1725 tempotibus.
539 1657 730 1711 Decem
777 1658 942 1726 plaga:
983 1655 1033 1708 in
1059 1655 1302 1726 Egypto,
1337 1670 1455 1723 quae
1476 1657 1720 1722 spiritua-

153 1746 278 1801 liter
321 1746 376 1800 in
405 1747 602 1801 mundo
633 1745 938 1815 implentur,
961 1746 1110 1814 cujus
1138 1748 1298 1813 ligura
1327 1755 1410 1799 est
1439 1745 1715 1815 [Egyptus

1810 842 2021 911 quidem
2044 841 2403 908 suspenditur,
2430 843 2652 894 volitans
2675 855 2834 910 super
2855 855 2999 906 acra,
3026 841 3120 896 sed
3153 843 3221 897 ita
3249 845 3375 899 sub.

1813 933 1907 985 tilo
1949 941 2003 985 et
2029 931 2287 984 minutum
2313 972 2327 992 ,
2357 941 2412 983 ιιι
2442 931 2580 985 oculi
2609 932 2799 997 visum,
2830 932 2926 985 nisi
2971 944 3124 988 acute
3149 949 3379 989 cernen-

1813 1024 1898 1087 tis,
1927 1021 2174 1092 ell‘ugiat;
2205 1022 2412 1091 corpori
2456 1030 2635 1076 tamen
2677 1037 2798 1075 cum
2843 1021 3103 1089 inciderit,
3138 1025 3372 1079 acerbis-

1813 1112 1947 1166 simo
1974 1113 2205 1166 terebrat
2251 1111 2489 1176 stimulo,
2517 1112 2585 1164 ita
2632 1118 2689 1164 ut
2730 1127 2884 1179 quant
2915 1111 3094 1166 viulere
3124 1113 3242 1182 quis
3267 1129 3372 1166 non

1814 1203 1972 1266 valet,
2003 1203 2196 1256 sentiat
2241 1201 2622 1254 stimulantem.
2652 1199 2760 1253 lloc
2790 1215 2916 1266 ergo
2943 1200 3180 1253 animalis
3207 1214 3375 1269 genus

1814 1295 2122 1364 dignissime
2168 1303 2293 1361 puto
2336 1292 2434 1346 arti
2462 1292 2761 1346 dialectices
2789 1289 3102 1359 comparari,
3131 1305 3244 1358 quae
3275 1293 3374 1344 nti-

1817 1384 1960 1439 nutis
1997 1394 2050 1439 et
2093 1383 2377 1438 subtilibus
2423 1383 2703 1436 verborum
2731 1378 2959 1436 stimulis
2986 1383 3188 1434 animas
3220 1397 3382 1450 pone-

1819 1483 1941 1538 trat,
1975 1483 2027 1528 et
2057 1472 2515 1534 tantacalliditate
2537 1472 2904 1535 circumvenit,
2929 1479 2984 1524 ιιι
3010 1471 3257 1540 deceptus
3281 1486 3376 1524 nec

1819 1566 2016 1634 videat,
2049 1579 2146 1620 nec
2188 1565 2447 1634 intelligat
2487 1566 2627 1619 unde
2658 1565 2939 1634 decipitur.
2972 1565 3121 1631 Quod
3149 1567 3199 1619 in
3227 1567 3382 1620 tertio

1817 1657 1966 1724 signo
2018 1657 2150 1724 magi
2180 1655 2553 1717 ascenderunt,
2601 1655 2881 1709 dicentes:
2919 1653 3017 1708 llic
3068 1665 3139 1708 est
3189 1656 3376 1724 digitus

1822 1744 1934 1799 Dei.
1969 1745 2100 1814 Magi
2131 1743 2204 1799 illi
2235 1754 2417 1814 typum
2461 1744 2856 1805 hzereticorum,
2883 1746 2960 1797 vel
2992 1743 3380 1798 animositatem

147 1837 440 1893 Sciendum
495 1846 581 1894 est
637 1837 777 1906 quod
827 1838 930 1890 alio
977 1836 1134 1892 modo
1185 1837 1406 1900 dicitur,
1459 1836 1723 1889 lnduravit
1822 1836 2132 1890 habuerunt.
2171 1837 2411 1891 Deci-arat
2441 1836 2540 1888 hoc
2573 1834 3120 1905 Armstolnszloannes
3140 1845 3187 1889 et
3216 1834 3379 1888 Mam-

153 1928 414 1983 Dominus
477 1942 572 1982 cor
643 1928 930 1982 Pharaonis
962 1945 974 1979 :
1026 1928 1178 1982 aliter
1200 1967 1216 1989 ,
1283 1927 1585 1981 lnduratum
1640 1936 1721 1980 est
1824 1927 1931 1980 brrs
1953 1925 2125 1997 Moysi
2152 1928 2460 1980 restiterunt.
2493 1927 2554 1980 lli
2586 1938 2758 1981 autem
2795 1942 2885 1995 per
2917 1929 3082 1995 ipsam
3101 1925 3380 1981 correctio-

149 2034 246 2072 cor
285 2019 615 2085 Pharaonis,
665 2018 758 2072 sed
788 2033 891 2072 non
936 2032 964 2070 a
1009 2017 1230 2071 Domino
1270 2015 1460 2070 dicitur
1507 2015 1714 2068 iudttra-
1749 2003 1796 2061 Β
1822 2035 1939 2074 nem
1972 2023 2160 2075 mentis
2191 2021 2818 2088 inquietiSsitttifuerunt,
2847 2023 2896 2075 iu
2926 2021 3076 2091 signo
3108 2021 3262 2074 tertio
3289 2021 3382 2073 tle-

149 2121 264 2164 tum
318 2125 460 2175 esse,
515 2112 607 2165 sed
664 2109 811 2178 quasi
859 2125 952 2165 sua
1002 2119 1210 2178 sponte,
1249 2108 1387 2174 quod
1437 2109 1718 2174 Apostolus
1815 2108 2070 2175 fecerunt,
2124 2111 2436 2166 conﬁtentes
2483 2114 2582 2166 sibi
2633 2112 2914 2166 adversum
2958 2127 3075 2175 esse
3124 2112 3378 2181 Spititunt

148 2202 418 2271 designat,
446 2216 568 2255 cum
613 2200 740 2256 dicit
772 2216 784 2251 :
815 2199 891 2252 Tu
938 2209 1108 2252 autem
1153 2199 1431 2251 secundum
1477 2197 1717 2248 duritiam
1815 2208 2078 2262 sanctum,
2103 2203 2188 2269 qui
2213 2214 2325 2253 erat
2348 2203 2399 2254 in
2431 2202 2826 2268 Moyse'l'vrtiai
2853 2204 2994 2254 enim
3024 2203 3137 2255 loco
3164 2202 3377 2270 ponimr

150 2295 329 2347 cordis
377 2294 452 2344 tui
480 2293 792 2346 thesaurisas
834 2290 923 2343 tibi
963 2290 1091 2342 iram
1132 2290 1182 2341 in
1213 2291 1292 2341 die
1319 2291 1429 2340 inc.
1457 2287 1554 2339 l'er
1579 2286 1716 2353 quod
1816 2287 2039 2354 Spiritus
2068 2297 2302 2352 stnctu~,
2325 2289 2411 2357 qui
2439 2298 2520 2343 est
2549 2289 2744 2357 digitus
2773 2289 2882 2343 Dei.
2920 2290 3068 2342 Unde
3096 2302 3146 2342 et
3171 2289 3243 2342 illi
3275 2291 3369 2342 de-

149 2384 304 2439 illum
346 2384 434 2450 qui
467 2394 659 2452 sponte
699 2381 994 2447 induratur,
1026 2381 1221 2448 culpat.
1245 2379 1382 2432 Alibi
1425 2393 1548 2431 vero
1585 2378 1716 2431 dici-
1819 2375 2056 2430 lieictttes
2103 2377 2152 2430 in
2205 2379 2359 2431 tertio
2388 2378 2609 2442 dicunt,
2648 2379 2844 2451 Digitns
2877 2377 2966 2432 Dei
2995 2389 3066 2433 est
3089 2379 3190 2433 hic.
3233 2378 3378 2434 Sicut

151 2483 243 2525 tur
274 2490 290 2528 :
317 2471 409 2526 Cui
454 2474 559 2525 vult
606 2474 896 2536 miseretur,
927 2479 974 2524 et
1019 2486 1164 2541 quem
1208 2469 1330 2532 vult,
1364 2469 1588 2521 indurat.
1617 2469 1718 2523 Sed
1817 2479 1990 2521 autem
2019 2468 2327 2521 conciliatus
2353 2476 2406 2522 et
2439 2470 2699 2534 plantatus
2740 2469 2970 2535 Spiritus
2996 2481 3212 2524 sanctus
3246 2485 3383 2535 pne.

151 2563 259 2617 hoc
281 2563 590 2616 intuendum
633 2570 716 2616 est
760 2561 898 2630 quod
953 2564 1002 2613 in
1049 2564 1230 2615 decem
1274 2561 1438 2629 plagis
1482 2560 1719 2627 quzedattt

153 2655 377 2708 verbera
407 2654 604 2716 Aaron,
636 2652 879 2720 quaedam
910 2652 1142 2722 Moyses,
1167 2651 1408 2719 quadam
1442 2665 1566 2704 vero
1611 2651 1723 2718 ipse

153 2743 412 2799 Dominus
442 2743 824 2810 iutulerit:per
848 2742 988 2811 quod
1017 2740 1298 2811 signiﬁcat,
1329 2741 1379 2794 in
1409 2741 1720 2810 quibusdam

155 2845 254 2899 per
299 2829 612 2885 sacriﬁcium
639 2841 694 2884 et
737 2829 1119 2884 observationis
1149 2829 1502 2882 sacerdotium
1533 2842 1722 2896 purga-

156 2938 299 2989 mur,
321 2923 469 2992 quod
497 2925 673 2976 Aaron
703 2921 994 2990 signiﬁcat;
1019 2920 1070 2973 in
1099 2918 1416 2988 quibusdam
1444 2934 1535 2987 per
1553 2919 1724 2972 scien-

155 3017 286 3069 tiam
321 3014 447 3083 legis
490 3012 862 3077 emundantur,
891 3011 1030 3080 quod
1079 3008 1243 3079 Moysi
1297 3009 1553 3079 signiﬁcat
1602 3008 1722 3060 om-

153 3103 344 3168 cium;
377 3102 429 3156 iu
475 3099 596 3156 aliis
635 3117 753 3170 qua:
800 3099 1098 3154 difﬁciliora
1145 3108 1292 3162 sunt,
1322 3099 1487 3167 ipsius
1518 3096 1724 3152 Domini

152 3201 376 3262 egemus
401 3193 612 3245 virtute.
638 3191 843 3262 Moyses
863 3201 1049 3244 autem
1081 3189 1146 3243 ad
1176 3188 1460 3258 Egyptum
1484 3187 1722 3255 veniens,

151 3293 208 3338 et
237 3281 486 3338 deferens
515 3283 736 3352 virgam,
763 3283 984 3351 castiget
1015 3281 1322 3352 IEgyptttm,
1358 3281 1532 3352 legem
1564 3280 1724 3353 signi-

157 3373 436 3437 ﬁcat,quae
465 3373 715 3426 mundum
739 3372 792 3426 in
816 3373 1000 3427 decem
1022 3373 1186 3442 plagis
1211 3373 1576 3426 mandatorum
1605 3388 1725 3428 cor-

156 3461 308 3530 ripit.
358 3461 508 3530 Virga
557 3476 703 3530 vero,
756 3476 849 3530 per
903 3475 1060 3530 quam
1112 3459 1372 3530 Egyptus
1419 3463 1722 3530 corripitur,

160 3553 372 3607 Pharao
417 3566 718 3622 superatur,
744 3567 870 3606 crus
909 3553 1104 3607 Christi
1149 3565 1250 3618 est,
1279 3568 1372 3620 per
1396 3568 1550 3620 quam
1578 3569 1727 3606 mun-

161 3642 267 3695 dus
306 3641 554 3706 vincitur,
597 3655 649 3695 et
693 3642 940 3711 princeps
969 3641 1120 3709 hujus
1153 3642 1333 3693 mundi
1357 3641 1723 3708 triumphatur.

160 3731 316 3796 Quod
347 3740 521 3782 autem
556 3730 696 3797 virga
729 3729 961 3797 ιιιιιιῙ-ιιειιι
989 3730 1062 3782 sit
1093 3743 1336 3796 serpens,
1359 3729 1616 3796 signitlcat
1644 3742 1728 3781 sa-

163 3822 446 3888 pientiam.
497 3819 779 3872 Prudentes
831 3821 994 3884 enim,
1051 3819 1238 3885 inquit,
1279 3819 1407 3871 sicut
1456 3828 1728 3888 serpentes.

165 3911 321 3976 Quod
344 3921 520 3964 autem
545 3921 821 3979 serpentes
845 3925 1118 3980 magorum
1143 3910 1436 3972 devoravit,
1469 3909 1731 3979 signiﬁcat

162 4014 380 4054 crucem
439 4000 658 4064 Christi,
704 4001 856 4068 cujus
915 4001 1247 4068 prrcdicatio,
1295 4014 1413 4069 quae
1461 3999 1727 4054 videbatur

164 4091 413 4155 stultitia,
445 4104 654 4156 onmem
703 4090 1017 4160 sapientiam
1069 4091 1336 4159 superavit
1391 4089 1730 4144 mundanam.

162 4183 319 4250 Quod
347 4193 520 4237 ante-nt
551 4185 862 4254 mysterium
905 4186 1080 4239 crucis
1129 4185 1342 4247 habeat,
1374 4183 1625 4238 Dominus
1652 4183 1732 4237 di—

161 4273 267 4334 cit,
297 4287 418 4350 cum
447 4274 521 4327 ait
548 4292 561 4327 :
597 4274 673 4328 De
701 4291 778 4329 nu
812 4277 944 4329 enim
973 4277 1062 4329 ille
1087 4277 1289 4345 scripsit

240 4363 368 4416 Cum
397 4368 624 4435 projecta
653 4375 778 4418 esset
807 4367 860 4419 in
891 4376 1080 4420 terram
1123 4369 1285 4436 virga,
1312 4378 1430 4420 tunc
1457 4367 1510 4420 in
1530 4382 1736 4438 serpen-

166 4467 270 4508 tem
298 4470 438 4509 uersa
467 4465 560 4511 est.
586 4457 717 4522 Quia
762 4470 883 4511 cum
915 4473 1042 4512 crux
1073 4461 1137 4511 ad
1168 4459 1533 4514 credulitatem
1569 4459 1738 4513 bontio

172 4564 302 4602 nuttt
325 4549 486 4612 vettit,
510 4547 721 4600 stultam
765 4547 888 4601 fecit
913 4550 1224 4615 sapientiam
1250 4550 1407 4618 hujus
1431 4552 1611 4605 mundi
1643 4567 1738 4619 per

1751 3330 1798 3394 C

1821 2568 1926 2612 stat
1957 2561 2193 2626 requiem
2225 2560 2441 2614 mitibus
2466 2574 2519 2615 et
2553 2561 3039 2628 humilibus'cm-de,
3075 2562 3141 2616 ita
3175 2573 3381 2616 comra-

1821 2647 1930 2702 rius
1980 2648 2238 2704 adversus
2291 2648 2482 2703 divites
2527 2665 2589 2704 ac
2641 2656 2924 2720 superbos,
2955 2649 3377 2720 inquietudinem

1820 2741 2234 2807 exagitat,qttatn
2258 2739 2668 2807 inquietudinem
2697 2754 2890 2793 muscae
2913 2739 3014 2792 illa:
3049 2740 3380 2794 brevissimae

1821 2829 2266 2895 signillcaverunt,
2300 2832 2397 2884 sub
2427 2833 2616 2898 quibus
2655 2832 2788 2901 magi
2826 2832 3118 2886 Pharaonis
3167 2833 3380 2886 defece-

1823 2926 1964 2976 runt,
1997 2917 2234 2971 dicentes
2278 2934 2291 2969 :
2326 2917 2526 2987 Digitus
2581 2917 2671 2970 Dei
2702 2928 2772 2971 est
2801 2919 2900 2972 hic.
2930 2921 3130 2985 Quarto
3172 2938 3383 2989 quoque

1823 3006 1958 3084 loco.
1980 3007 2235 3077 [Egyptus
2266 3009 2560 3075 percutitur
2596 3008 2810 3062 muscis.
2838 3007 3016 3062 Musca
3070 3009 3305 3065 insolens
3333 3023 3388 3066 et

1827 3099 2120 3167 inquietum
2159 3098 2352 3152 animal
2393 3107 2507 3164 est;
2538 3099 2587 3153 itt
2619 3114 2718 3167 qua
2742 3100 2864 3166 quid
2892 3100 3029 3153 aliud
3060 3116 3214 3169 quam
3247 3103 3390 3155 inso-

1829 3187 1996 3243 lentes
2042 3202 2182 3241 cura:
2232 3187 2619 3243 desideriorum
2658 3188 2946 3242 carnalium
2997 3189 3387 3260 designantur?

1830 3278 2090 3349 [Egyptus
2111 3293 2242 3334 vero
2265 3279 2462 3334 muscis
2493 3279 2803 3347 percutitur,
2828 3280 2948 3348 quia
2975 3280 3181 3336 illorum
3207 3283 3388 3347 corda,

1828 3371 1916 3438 qui
1966 3371 2105 3426 hunc
2152 3371 2402 3426 mundum
2446 3371 2698 3442 diligunt,
2742 3372 3126 3427 desideriorum
3168 3390 3383 3431 suorum

1828 3459 2281 3526 inquietudinibus
2333 3462 2600 3515 feruntur.
2635 3461 2801 3514 Porro
2845 3462 3188 3533 Septuaginta
3220 3466 3392 3522 Inter—

1830 3554 2004 3616 pretes
2027 3550 2331 3615 cinomiam,
2354 3549 2404 3602 id
2432 3557 2530 3614 est,
2556 3564 2790 3602 muscam
2816 3550 3053 3604 caninam
3080 3566 3391 3624 posuerunt,

1831 3651 1923 3706 per
1950 3652 2108 3704 quam
2141 3651 2330 3690 canum
2367 3652 2542 3690 mores
2572 3635 2937 3706 designantur.
2967 3640 3185 3705 Quando
3233 3644 3390 3713 igitur

1831 3742 1924 3792 per
1954 3726 2067 3779 hmc
2109 3726 2314 3796 singula
2348 3728 2575 3782 mundus
2614 3727 2867 3797 deceptus
2915 3741 3014 3796 est,
3040 3731 3252 3787 advenit
3299 3735 3386 3789 lex

1835 3818 1947 3883 Dei,
1978 3830 2029 3872 et
2061 3820 2142 3872 his
2167 3821 2341 3874 modis
2367 3820 2514 3875 illum
2550 3822 2792 3891 corripit,
2825 3830 2881 3876 ut
2903 3838 2966 3878 es
2997 3824 3245 3893 qualitate
3272 3841 3388 3895 pas-

1833 3924 2018 3963 narum
2048 3911 2328 3979 qualitates
2364 3911 2568 3980 priores
2597 3923 2849 3981 agnoscat
2875 3930 3133 3968 errorum.

2442 3999 2666 4056 CAPUT
2705 4001 2794 4056 IX.

1904 4088 2054 4153 Quod
2086 4103 2211 4141 vero
2241 4091 2290 4142 in
2317 4099 2503 4158 quinto
2546 4090 2664 4144 loco
2704 4091 3013 4145 animalium
3040 4092 3114 4148 vel
3143 4107 3389 4161 pecorum

1793 4221 1804 4234 .
1837 4196 1964 4235 nece
1995 4181 2249 4250 Aigyplus
2277 4181 2606 4247 verberatur,
2639 4185 2884 4236 vecordia
2919 4184 3006 4237 hic
3043 4189 3278 4254 arguitur
3315 4191 3397 4243 vel

1835 4276 2054 4329 stultitia
2106 4275 2375 4330 hominum
2409 4276 2737 4339 mortalium,
2767 4277 2856 4342 qui
2905 4287 3150 4347 tanquam
3175 4279 3395 4336 irratio-

1837 4369 2028 4423 nabilia
2055 4382 2240 4435 pecora
2266 4369 2465 4422 cultum
2493 4377 2546 4422 et
2575 4367 2890 4421 vocabulum
2918 4367 3006 4421 Dei
3035 4369 3398 4440 imposuerunt

1841 4462 2017 4531 liguris
2043 4477 2147 4516 non
2173 4462 2344 4516 solum
2370 4459 2667 4523 hominum,
2692 4459 2785 4514 sed
2804 4469 2858 4513 et
2885 4474 3156 4527 pecorum,
3181 4461 3323 4531 ligno
3343 4469 3396 4517 et

1842 4551 2471 4622 lapidibusimpressis:
2503 4551 2820 4605 Ammonem
2867 4548 3057 4604 Jovem
3104 4550 3157 4604 in
3204 4553 3396 4618 ariete,

171 4638 482 4707 mysterium
501 4637 690 4690 crucis.
708 4637 855 4702 Quod
883 4651 1006 4690 vero
1031 4652 1181 4706 aqua;
1203 4639 1437 4694 ilutttinis
1461 4651 1735 4695 vertuntur
1764 4668 1818 4729 υ
1844 4642 2080 4696 Auubem
2112 4643 2164 4694 in
2196 4655 2326 4694 cane
2357 4650 2690 4701 venerantes,
2744 4636 2879 4705 Apin
2909 4653 3116 4707 quoque
3159 4641 3395 4696 colentes

174 4727 231 4780 in
263 4727 600 4795 sanguinem,
624 4727 755 4779 satis
800 4727 1177 4780 cunvenienter
1206 4737 1430 4795 aptatur,
1465 4741 1518 4782 ttt
1550 4733 1737 4784 ﬂuvius

171 4817 260 4871 cui
289 4815 539 4870 Hebraeos
553 4815 753 4870 crudeli
788 4821 903 4871 neci
929 4818 1280 4883 tradiderunt,
1305 4821 1608 4875 auctoribus
1631 4837 1743 4877 ace.

175 4907 308 4962 leris
347 4905 592 4960 redderet
623 4906 868 4974 poculum
900 4906 1192 4976 sanguinis.
1228 4910 1524 4979 Allegorice
1565 4923 1739 4967 autem

177 4997 397 5054 ﬂumina
426 4995 638 5066 Αἴθῃ)ιί
685 4997 905 5050 erratica
946 5007 1002 5049 et
1051 4997 1246 5052 lubrica
1298 5001 1730 5069 philosophorum

176 5098 309 5143 sunt
334 5088 600 5159 dogmata,
622 5103 738 5156 quae
763 5103 881 5141 cum
907 5087 1156 5156 parvulos
1179 5103 1340 5143 sensu
1367 5103 1417 5144 et
1441 5092 1742 5162 intelligen-

181 5179 252 5232 tia
279 5178 626 5245 'decepet'unt,
653 5177 738 5232 ubi
770 5192 900 5231 crux
941 5176 1135 5230 Christi
1169 5179 1364 5232 tnutnlo
1398 5182 1519 5234 huic
1569 5183 1742 5238 lumen

183 5266 427 5322 veritatis
464 5268 673 5333 infudit,
703 5268 847 5322 necis
893 5268 1100 5322 illorum
1148 5283 1298 5336 pcena
1328 5280 1379 5322 et
1423 5283 1596 5324 reatus
1625 5290 1744 5328 san-

185 5362 362 5431 guinis
392 5359 639 5427 exigitur.

785 5451 1011 5507 CAPUT
1043 5450 1173 5504 VIII.

262 5545 502 5601 Secunda
544 5557 674 5599 vero
713 5545 886 5614 plaga,
922 5548 973 5601 in
1021 5559 1122 5614 qua
1171 5556 1312 5597 ranae
1369 5545 1746 5613 producuntur,

189 5637 470 5706 signiticet,
505 5643 558 5687 nt
602 5631 851 5708 arbitror,
877 5636 1111 5690 carmina
1155 5643 1452 5702 poetarum,
1479 5637 1567 5704 qui
1609 5638 1748 5692 inani

192 5726 419 5792 quadam
445 5733 498 5778 et
526 5723 703 5778 inﬂata
732 5722 1091 5778 modulatione
1130 5724 1274 5776 velut
1309 5737 1577 5790 ranarum,
1605 5730 1753 5782 sonis

195 5821 256 5870 ot
279 5815 537 5880 cantibus,
569 5812 692 5867 huic
737 5812 933 5865 mundo
972 5813 1177 5866 fabulas
1208 5808 1537 5877 deceptionis
1563 5816 1750 5870 intule-

197 5916 339 5963 runt.
372 5909 452 5964 Ad
492 5906 622 5962 nihil
664 5904 804 5961 enim
834 5902 976 5959 aliud
1005 5904 1328 5980 bocanimal
1359 5903 1486 5960 utile
1514 5914 1619 5973 est,
1649 5907 1751 5963 nisi

1841 4733 1891 4785 itt
1926 4742 2093 4785 tauro.
2119 4731 2246 4797 Qua:
2295 4729 2455 4796 igitur
2495 4725 2752 4796 Egyptus
2799 4738 3041 4793 portenta
3073 4728 3311 4793 miratur,
3341 4740 3400 4786 et

1841 4823 1891 4875 itt
1916 4822 2105 4890 quibus
2127 4818 2322 4872 cultum
2349 4816 2598 4871 credebat
2618 4831 2737 4869 esse
2758 4815 3016 4880 divinum,
3035 4819 3087 4871 in
3112 4820 3192 4873 his
3212 4821 3399 4875 viden-

1845 4922 1929 4965 tur
1959 4909 2250 4964 miseranda
2279 4909 2555 4976 supplicia.
2589 4907 2774 4964 Ulcera
2809 4919 2926 4976 post
2957 4910 3071 4964 hrec
3111 4922 3164 4965 et
3209 4913 3396 4966 vesicas

1842 5016 1959 5057 cum
1984 4999 2191 5055 fervore
2235 4998 2285 5052 in
2330 5008 2481 5070 sexto
2503 5001 2720 5055 verbere
2757 5006 3149 5067 producuntur;
3180 5014 3234 5057 et
3263 5003 3395 5056 milii

1843 5095 2050 5146 videtur
2075 5090 2210 5151 quod
2236 5089 2287 5142 in
2316 5089 2582 5144 ulceribus
2597 5089 2834 5159 arguitur
2854 5091 2964 5146 sola
2990 5101 3044 5146 et
3067 5093 3394 5146 fraudulenta

1844 5182 2062 5242 malitia,
2113 5179 2164 5232 in
2214 5177 2407 5233 vesicis
2456 5191 2663 5234 tumens
2704 5189 2757 5233 et
2806 5179 2982 5234 inﬂatu
3029 5178 3296 5246 superbia,
3342 5180 3396 5233 in

1847 5271 2135 5326 {ervoribus
2175 5267 2367 5320 luroris
2407 5276 2462 5322 et
2490 5267 2583 5321 ira
2623 5269 2844 5320 insania.
2878 5267 2987 5320 lluc
3013 5279 3180 5333 usque
3201 5281 3292 5334 per
3313 5283 3398 5322 er-

1850 5379 2027 5417 rerum
2051 5374 2263 5413 suorum
2311 5359 2502 5428 ﬁguras
2533 5357 2652 5410 huic
2686 5357 2882 5410 mundo
2910 5355 3163 5423 supplicia
3198 5365 3396 5425 tempe-

1848 5462 2048 5507 rantur.
2077 5448 2203 5502 Post
2243 5448 2357 5501 haec
2388 5463 2514 5502 vero
2540 5445 2756 5500 veniunt
2779 5446 2847 5498 de
2876 5444 3118 5512 supernis
3145 5448 3290 5501 vocis
3319 5459 3397 5502 to-

1850 5543 2041 5604 nitrua,
2074 5539 2274 5594 scilicet
2303 5537 2504 5608 grando
2531 5546 2585 5591 et
2612 5536 2745 5605 ignis
2766 5535 3088 5588 discurrens.
3115 5533 3243 5589 Vide
3269 5547 3400 5592 tent-

1852 5638 2212 5704 peramentum
2259 5629 2455 5683 divina:
2505 5627 2821 5681 clementiae.
2866 5625 2980 5679 Non
3023 5640 3142 5679 cum
3194 5625 3406 5680 silentio

1855 5725 2119 5784 verberat,
2144 5720 2239 5774 sed
2287 5720 2378 5773 dat
2403 5731 2584 5771 vocem
2613 5726 2666 5772 et
2693 5715 2984 5770 doctrinam
3010 5715 3218 5770 cmiitus
3244 5718 3402 5767 emit-

1856 5819 1932 5878 tit,
1959 5827 2049 5883 per
2095 5825 2251 5878 quam
2301 5809 2461 5878 possit
2509 5810 2797 5876 castigatus
2841 5807 3046 5873 culpam
3076 5819 3223 5858 suam
3246 5818 3408 5871 agno-

1855 5918 2021 5960 scere.
2050 5902 2144 5956 Dat
2177 5899 2332 5954 etiatn
2358 5896 2687 5966 grandinem,
2721 5911 2814 5962 per
2838 5911 2992 5959 quam
3032 5901 3298 5947 vastantur
3329 5901 3406 5946 tc-
