3872 6262
367 457 557 496 ..ω

939 434 1138 490 usus;
1179 428 1622 488 νιςλιξιιλῐςιιιε
1659 423 1935 483 orsnuu
1977 425 2150 480 unus
2193 424 2253 479 tt.
2294 411 2783 499 F-ﬁdLEGETICA
2825 419 3144 476 cunctus.

3540 416 3647 470 504

455 563 582 605 uera
611 549 780 603 adhuc
803 549 1064 603 nascentia
1096 546 1365 599 vitiorum.
1396 542 1493 597 Dat
1517 550 1572 606 et
1601 541 1796 610 ignem,
1817 539 1988 592 sciens
2017 544 2064 602 Α
2093 538 2238 608 plaga
2266 552 2414 606 aquae
2437 544 2712 591 vertuntur
2740 533 2791 587 in
2822 532 3152 603 sanguinem.
3183 531 3280 584 llic
3303 530 3475 598 prima
3499 532 3648 598 plaga

452 653 574 696 esse
601 640 778 708 spinas
803 645 855 692 et
883 637 1125 701 tribulos,
1142 649 1274 705 quos
1293 633 1483 688 debeat
1509 631 1642 697 ignis
1661 626 1992 684 wnsumere.

462 730 662 785 Deinde
690 728 940 782 Dominus
969 725 1116 794 dicit,
1143 725 1319 796 Ignem
1347 723 1454 776 veni
1475 722 1667 774 mittere
1691 719 1746 773 in
1769 727 1952 772 terram
1975 731 1997 771 .'
2059 775 2062 778 ,

465 837 558 888 per
587 821 723 889 hunc
751 819 888 872 enim
936 815 1200 870 incentiva
1230 812 1511 882 voluptatis
1539 821 1590 865 et
1618 805 1843 864 libidinis
1869 822 1998 862 con-

460 916 758 962 sumuntur.

1083 990 1299 1047 CAPUT
1337 989 1406 1045 Χ.

521 1086 679 1155 Quod
709 1095 882 1139 autem
915 1087 1015 1138 hoc
1065 1083 1181 1137 loco
1230 1082 1551 1136 locustarum
1580 1077 1637 1131 iit
1666 1075 1882 1139 mentio,
1913 1090 2008 1142 pu-

463 1185 602 1231 tatur
621 1190 651 1229 a
675 1163 985 1243 quihusdam
1007 1184 1095 1239 per
1118 1169 1214 1224 boc
1233 1181 1402 1238 genus
1426 1167 1592 1236 plaga
1614 1164 2008 1218 dissentientem

466 1285 494 1318 n
521 1280 583 1322 se
607 1274 662 1320 et
685 1263 1072 1319 discordantem
1103 1261 1315 1315 humani
1359 1259 1569 1329 generis
1607 1253 2010 1310 inconstantiam

462 1354 746 1411 oonfdtari.
772 1352 999 1408 Locusta
1018 1352 1158 1406 enim
1179 1388 1197 1415 ,
1222 1363 1341 1404 eum
1367 1361 1543 1418 regem
1565 1359 1668 1401 non
1689 1342 1894 1405 habeat.
1912 1353 2011 1395 uua

468 1445 584 1500 acie
604 1442 894 1500 exercitum
917 1441 1093 1505 ducit;
1122 1440 1362 1493 homines
1389 1451 1515 1492 vero
1533 1449 1652 1490 cum
1684 1429 2015 1488 rationabiles

470 1549 499 1586 a
519 1518 753 1588 Domino
783 1530 902 1585 lacti
947 1530 1074 1594 sint,
1099 1542 1271 1598 neque
1316 1512 1899 1594 setnetipsosordinate
1928 1532 2012 1573 re-

469 1637 595 1692 gere
640 1628 938 1690 potuerunt.
977 1619 1095 1673 Alio
1139 1633 1348 1688 quoque
1388 1630 1549 1671 sensu
1581 1627 1678 1684 pro
1724 1609 2018 1666 mobilitate

476 1711 702 1768 levitatis
731 1699 1036 1777 accipienda
1065 1716 1209 1771 sunt,
1239 1715 1487 1773 tanquam
1517 1717 1662 1771 vaga:
1689 1708 1745 1755 et
1771 1700 2020 1752 salientes

2095 628 2192 682 sub
2212 625 2417 682 Nerone
2441 627 2618 694 exegit
2659 634 2714 678 ut
2758 624 2826 678 ibi
2862 623 3199 677 morientium
3230 620 3451 687 sanguis
3479 628 3649 683 esset,

2097 717 2178 770 vel
2203 715 2432 769 moribus
2460 715 2509 768 in
2538 714 2664 766 urbe
2691 711 2971 780 corruptis,
3003 712 3085 765 vel
3114 709 3167 762 in
3211 708 3368 763 bellis
3421 709 3474 760 in
3523 709 3655 762 orbe

2097 807 2231 861 sicut
2256 806 2466 875 sanguis
2487 804 2620 859 :illic
2649 814 2753 859 tam
2784 806 2834 858 in
2864 802 3051 871 puteis.
3075 817 3231 872 quam
3259 803 3309 856 in
3344 799 3655 854 ﬂuminibus

2006 967 2012 970 ~
2099 895 2218 996 luit.
2249 895 2324 951 ibi
2371 907 2598 965 sequens
2639 895 2788 966 plaga
2820 901 3213 961 perstrepentes
3245 891 3656 959 petulantesque

2105 985 2155 1038 itt
2179 999 2258 1053 pet
2282 984 2532 1040 etralibus
2562 998 2739 1046 ranas.
2762 983 2948 1037 inedia:
2979 981 3358 1051 propemodum
3379 993 3540 1034 causa
3565 979 3660 1030 ha-

2105 1072 2419 1128 bitatoribus
2445 1083 2600 1140 atque
2623 1073 2676 1128 in
2701 1069 2806 1127 illis
2829 1070 3011 1127 litisse.
3043 1070 3142 1125 Hic
3171 1083 3405 1139 sequens
3429 1069 3536 1122 sub
3558 1067 3661 1121 Do-

2109 1163 2323 1218 mitiano
2367 1168 2572 1231 pinnam
2618 1161 2860 1218 similiter
2901 1160 3188 1216 satellitum
3228 1159 3369 1215 illius
3400 1158 3662 1225 improbis

2107 1253 2475 1321 ellreuatisque
2502 1252 2845 1319 discursibus,
2866 1251 3220 1308 cruentissimi
3243 1249 3501 1321 principis
3517 1250 3664 1317 jussa

2107 1345 2502 1413 exsequentium
2527 1343 2780 1414 compulit
2803 1343 2868 1398 ad
2893 1343 3122 1412 inopiam
3147 1355 3241 1411 per
3261 1355 3450 1394 omnes
3481 1340 3666 1392 lideles

2109 1436 2355 1503 civesque
2385 1432 2648 1486 Romanos
2677 1432 2912 1495 adactos,
2941 1431 3234 1499 exsilioque
3259 1429 3560 1497 dispersos.
3593 1426 3666 1478 lbi

2113 1526 2262 1581 tertia
2292 1524 2521 1588 vexatio,
2549 1523 2729 1578 habuit
2757 1522 2971 1584 cinifex.
3002 1534 3208 1575 muscas
3228 1519 3436 1575 scilicet
3464 1519 3668 1586 pravis-

2114 1616 2275 1670 simzts
2301 1613 2744 1679 savissitnasque,
2771 1625 2888 1680 qua
2913 1610 3178 1664 adunatim
3202 1608 3438 1663 densata
3467 1606 3669 1674 capillis

2117 1704 2387 1758 hominum
2410 1701 2488 1756 vel
2511 1701 2764 1768 pecudum
2790 1699 3052 1753 interlerri
3075 1697 3264 1751 solent.
3291 1696 3387 1749 llic
3409 1695 3552 1749 idem
3577 1694 3670 1746 sub

468 1802 682 1865 anima,
707 1800 986 1864 volitantes
1029 1797 1080 1852 itt
1129 1799 1229 1851 hoc
1257 1795 1472 1849 mundo.
1521 1791 1669 1847 Nona
1698 1789 1846 1857 plaga
1876 1795 2022 1839 tene-
2054 1861 2088 1865 __
2118 1792 2348 1861 Traiano
2400 1802 2549 1846 terna
2582 1791 2729 1860 plaga
2756 1789 2970 1845 Judazos
2997 1786 3262 1851 excitavit,
3289 1787 3376 1854 qui
3403 1799 3525 1838 cum
3560 1785 3671 1835 ubi-

473 1893 584 1948 bm
604 1900 749 1955 δυηιι
779 1899 837 1943 ιιι
858 1887 975 1942 Si“
999 1897 1202 1941 mentes
1231 1899 1412 1940 00mm
1444 1881 1694 1937 εεοὶιειίδ
1715 1885 2020 1949 “suam”.
2053 1861 2096 1920 Β
2123 1891 2430 1953 queessent
2476 1881 2721 1949 dispersi,
2755 1889 2970 1942 repente
3021 1877 3071 1931 in
3123 1876 3237 1943 ipso
3264 1873 3573 1928 savieruat.
3602 1871 3668 1923 lbi

471 1985 596 2040 sive
622 1990 680 2036 ut
704 1980 997 2048 intelligant
1024 1975 1221 2032 divina:
1251 1973 1591 2043 providentia:
1627 1965 2025 2026 obscurissimas

477 2085 597 2128 esse
618 2071 875 2125 nationes.
908 2067 1087 2120 Posuit
1112 2065 1250 2118 enim
1297 2063 1432 2117 Deus
1477 2059 1723 2115 tenebras
1749 2055 2024 2111 latibulum

475 2176 653 2225 suum,
680 2173 809 2229 quas
861 2157 935 2211 illi
982 2154 1230 2210 audacter
1277 2161 1332 2207 et
1359 2160 1561 2206 temere
1589 2145 1905 2219 perscrutari
1936 2159 2029 2198 cu-

483 2247 706 2312 pientes,
737 2256 788 2298 et
806 2245 907 2296 alia
929 2257 992 2296 ex
1021 2241 1139 2295 aliis
1164 2248 1481 2304 asserentes,
1515 2238 1569 2292 in
1598 2249 1805 2290 crassas
1831 2242 1885 2289 et
1916 2231 2026 2301 pal-

485 2335 684 2404 pabiles
711 2332 952 2387 tenebras
979 2343 1220 2384 errorum
1243 2327 1478 2381 devoluti
1507 2335 1647 2381 sunt.

1005 2419 1196 2473 (JAPP.
1252 2417 1342 2484 XI,
1399 2417 1506 2474 XIL

555 2513 640 2571 .Ad
686 2515 926 2568 ulttmum
976 2512 1358 2579 primitivorum
1392 2507 1607 2562 infertur
1644 2505 1910 2559 interitus.
1932 2501 2032 2558 De-

485 2605 664 2659 lentur
686 2603 825 2658 enim
855 2600 1199 2670 primogenita
1231 2597 1466 2668 Egypti,
1489 2595 1601 2651 sive
1626 2595 1953 2665 principatus
1981 2600 2037 2646 et

492 2701 778 2763 poti-states
827 2691 1060 2746 illorum.
1103 2688 1165 2742 Et
1217 2686 1369 2756 hujus
1418 2684 1597 2740 mundi
1651 2695 1882 2738 rectores
1925 2681 2037 2736 sive

493 2793 733 2838 auctores
753 2787 805 2833 ct
834 2778 1135 2833 inventores
1180 2775 1452 2836 falsarum,
1481 2786 1599 2842 qua:
1627 2772 1678 2826 itt
1709 2770 1810 2824 hoc
1839 2769 2037 2823 mundo

492 2878 722 2941 luerunt,
754 2875 1086 2943 religionum,
1117 2884 1245 2938 quas
1284 2866 1481 2922 Christi
1531 2863 1726 2919 veritas
1768 2875 1888 2916 cum
1927 2858 2040 2914 suis

495 2965 748 3021 exstinxit
781 2961 1100 3024 auctoribus,
1132 2967 1186 3013 et
1208 2957 1422 3010 delevit.
1450 2944 1572 3008 Haec
1599 2950 1835 3022 mystice.
1864 2951 2038 3004 liora-

496 3058 615 3108 litcr
642 3067 847 3122 quoque
895 3062 1219 3116 unaquaque
1266 3044 1436 3098 anima
1477 3043 1530 3095 in
1563 3040 1662 3096 hoc
1690 3038 2038 3118 mundogdum

500 3151 550 3199 in
580 3115 1025 3206 erroribus'vivit,
1053 3139 1219 3204 posita
1247 3145 1324 3189 est
1358 3137 1408 3188 in
1434 3131 1684 3202 Egypto,
1716 3130 1768 3189 id
1795 3115 1894 3193 est,
1939 3128 2039 3181 hoc

499 3235 729 3298 mundo;
772 3233 815 3286 si
864 3229 1281 3299 appropinquare
1330 3224 1555 3291 cmperit
1598 3223 1682 3276 lex
1735 3221 1845 3293 Dei,
1877 3233 2040 3285 aquas

499 3341 681 3380 cottvet
697 3327 756 3378 tit
783 3324 833 3375 in
872 3321 1202 3388 sanguinem,
1233 3314 1282 3367 id
1337 3323 1440 3379 est,
1471 3313 1680 3366 ﬂuidam
1705 3319 1759 3364 et
1790 3308 2040 3362 lubricam

501 3414 784 3484 iuventutis
811 3412 966 3464 vitam
996 3406 1257 3464 convertit
1289 3407 1337 3458 in
1367 3401 1673 3470 sanguinem
1706 3399 1824 3453 novi
1849 3397 1927 3452 vel
1957 3413 2044 3450 ve-

505 3505 633 3556 teris
659 3519 670 3553 :
705 3511 826 3554 tunc
852 3499 1042 3553 deinde
1065 3496 1206 3550 ducit
1232 3510 1292 3550 ex
1323 3509 1384 3547 ea
1413 3507 1598 3547 vanam
1653 3488 2068 3560 loquacitatem,

505 3603 559 3648 et
582 3593 858 3646 adversum
892 3590 982 3643 Dei
1032 3588 1404 3657 providentiam
1449 3599 1690 3639 ranarum
1715 3582 1937 3638 similem
1963 3589 2044 3634 te-

509 3683 633 3736 lam.
663 3680 860 3748 Purgat
905 3679 1044 3732 enim
1104 3675 1357 3746 malignas
1409 3675 1752 3744 cogitationes
1805 3673 1967 3735 illius,
1995 3680 2048 3726 et

513 3770 856 3826 inordacitate
887 3767 1166 3830 ocitnicutn,
1218 3765 1429 3818 aculeos
1468 3762 1678 3818 discutit
1727 3759 1997 3812 libidinum
2029 3775 2043 3822 ;

514 3876 812 3916 muscarum
847 3859 1104 3914 morsibus
1129 3855 1400 3910 stultitiam
1422 3865 1472 3908 et
1494 3851 1810 3908 intellectum
1839 3848 2050 3917 pecudi-

517 3955 612 4008 bus
639 3950 860 4005 similem
884 3951 1024 4004 delet
1047 3990 1060 4012 ,
1088 3963 1186 4014 qua
1214 3953 1541 4012 comparatus
1559 3938 1904 4009 estjumeutis
1928 3939 2051 3992 insi-

517 4042 794 4113 pientibus.
831 4039 1012 4096 Ulcera
1041 4045 1217 4092 autem
1265 4040 1489 4102 arguunt
1539 4037 1869 4099 peccatorum
1897 4037 2054 4096 atque

517 4134 828 4202 arrogantia:
881 4142 1162 4193 tumorem,
1193 4125 1557 4192 lervoremque
1609 4121 1801 4176 furoris
1856 4120 2052 4174 exstin-

516 4231 711 4290 guuttt;
740 4223 806 4275 ab
834 4221 915 4273 his
947 4227 998 4272 et
1032 4227 1147 4285 post
1172 4217 1270 4270 itas
1300 4229 1452 4268 voces
1493 4207 1712 4265 lilioruin
1745 4209 1979 4274 tonitrui,
2003 4210 2052 4262 id

521 4322 623 4376 est,
638 4307 965 4377 evangelicae
986 4306 1270 4359 doctrinas.
1291 4304 1353 4357 Et
1373 4301 1765 4369 castigationem
1789 4297 2055 4367 grandinis

519 4407 756 4463 amovet,
788 4407 844 4451 ut
874 4396 1108 4449 luxurias
1142 4383 1544 4460 voluptatesque
1592 4396 1851 4443 coerceat.
1894 4386 2056 4441 Adhi-

2065 3188 2112 3251 C

2122 1973 2173 2027 in
2195 1981 2376 2042 quarta
2411 1984 2602 2024 musca:
2631 1970 2834 2023 caninae
2859 1969 3084 2021 luerunt
3107 1965 3218 2018 sive
3248 1979 3277 2017 a
3310 1963 3537 2026 lumine,
3562 1977 3672 2030 qua:

2124 2063 2424 2133 putredines
2453 2061 2704 2116 vermium
2735 2067 2874 2114 sunt.
2906 2058 3000 2112 llic
3023 2064 3208 2126 quarta
3246 2055 3346 2109 sub
3372 2053 3554 2108 Marco
3583 2057 3670 2104 An-

2126 2152 2269 2207 t0nio
2318 2153 2466 2220 plaga
2527 2152 2638 2206 lues
2691 2149 2928 2220 plurimis
2995 2147 3263 2202 intimatur
3321 2144 3406 2196 vel
3459 2144 3675 2196 intertur

2125 2240 2449 2310 provinciis:
2478 2239 2713 2293 Italicum
2757 2251 2965 2306 quoque
2993 2235 3286 2291 exercitum
3320 2232 3671 2284 Romanorum

2131 2342 2223 2397 per
2245 2327 2554 2396 longinquos
2577 2327 2771 2380 limites
2799 2326 3122 2392 dispersum,
3148 2319 3414 2389 putrediui
3443 2319 3602 2371 simul
3626 2328 3675 2371 et

2131 2415 2394 2471 vermibus
2432 2415 2592 2470 dedit.
2624 2415 2900 2482 Ibi'quinta
2945 2410 3209 2479 correptio
3237 2423 3484 2478 pecorum
3515 2421 3581 2459 ac
3599 2407 3678 2473 ja-

2132 2513 2426 2560 menlorntn
2460 2502 2676 2558 interitu
2705 2499 2976 2570 repentino
2995 2499 3202 2568 expleta
3231 2508 3332 2552 est.
3359 2497 3454 2551 Hic
3474 2508 3676 2564 quoque

2133 2592 2308 2663 quinta
2331 2592 2526 2646 ultione
2544 2592 2643 2646 sub
2662 2590 2858 2644 Severo
2882 2587 3137 2658 principe,
3161 2584 3524 2640 celeberrimis
3551 2583 3674 2637 civi-

2138 2683 2272 2738 libus
2298 2683 2448 2737 bellis
2474 2682 2785 2754 propinquo,
2812 2675 3010 2735 viscera
3036 2693 3097 2732 ac
3115 2679 3349 2748 jumenta
3376 2674 3676 2744 reipubliea':

2135 2789 2196 2828 ac
2223 2772 2388 2843 plebis
2434 2772 2816 2842 provinciarum
2847 2780 2900 2826 et
2928 2768 3167 2840 regiones
3197 2767 3421 2821 militum
3465 2767 3680 2819 cotan

2136 2876 2298 2921 nutze.
2333 2865 2407 2920 lbi
2427 2873 2482 2920 et
2504 2864 2703 2920 vesicas
2730 2872 2876 2918 sexta
2894 2861 3097 2918 vexatio
3111 2857 3674 2920 habuitrei-vescentes,

2137 2957 2419 3025 ulceraque
2464 2953 2753 3009 manantia.
2784 2953 2878 3006 llic
2924 2951 3137 3020 equisex
3169 2950 3401 3016 punctio,
3431 2963 3550 3016 qua:
3576 2958 3682 3014 post

2139 3043 2435 3100 Ilaximiani
2465 3043 2883 3114 persecutionem
2935 3039 3052 3102 fuit,
3081 3037 3381 3106 specialiter
3410 3037 3680 3104 episcopos

2142 3145 2194 3190 et
2221 3135 2461 3199 clericos,
2493 3133 2689 3188 omissa
2719 3127 2958 3202 populari
2987 3129 3156 3192 turba,
3186 3126 3436 3180 trucidari
3465 3126 3681 3194 impera-

2143 3228 2249 3280 vit:
2279 3225 2632 3280 intumescens
2673 3222 2858 3278 erebro
2889 3220 2962 3274 ira
3002 3229 3157 3287 atque
3187 3216 3404 3278 invidia,
3441 3232 3544 3269 non
3577 3229 3682 3281 per.

2143 3317 2280 3386 vnlgi
2300 3314 2626 3377 casdem,scd
2655 3327 2746 3381 per
2771 3311 2985 3365 vulnera
3018 3308 3351 3363 morientium
3374 3306 3679 3375 principum.

2144 3405 2214 3459 ibi
2237 3406 2456 3472 septima
2483 3403 2611 3456 ttltio
2636 3410 2963 3463 numeratur,
2986 3411 3172 3452 coacto
3195 3411 3321 3450 aere
3347 3396 3554 3463 grando
3576 3409 3681 3461 per.

2143 3495 2276 3556 lusa,
2295 3508 2408 3559 qua:
2437 3493 2562 3546 satis
2589 3492 2752 3545 exitio
2777 3489 3071 3544 hominibus
3093 3497 3144 3542 et
3166 3484 3420 3556 iumentis
3445 3485 3558 3538 l'uit.
3595 3483 3680 3535 llic

2144 3583 2363 3649 septima
2393 3581 2492 3636 sub
2523 3579 2670 3635 Gallo
2695 3590 2745 3634 et
2763 3578 3065 3641 Volusiano,
3087 3576 3194 3646 qui,
3224 3583 3570 3643 persecutore
3601 3573 3684 3625 De-

2143 3675 2226 3728 cio
2257 3672 2551 3736 interiecto,
2581 3672 2728 3740 plaga
2757 3676 3104 3730 successerat,
3129 3665 3339 3720 exstitit
3377 3679 3505 3718 aere
3535 3662 3684 3730 pestis

2149 3764 2338 3826 infusa,
2355 3779 2470 3832 qua:
2493 3777 2585 3831 per
2603 3757 2779 3816 Omnia
2801 3745 2945 3830 regni
2969 3757 3188 3812 Romani
3211 3757 3277 3808 ab
3299 3753 3516 3808 Oriente
3533 3765 3684 3815 usque

2151 3854 2201 3905 in
2230 3852 2566 3906 Occidentem
2596 3849 2785 3918 spatia,
2813 3862 2946 3915 pene
2974 3846 3089 3900 neci
3126 3859 3282 3898 omne
3307 3844 3577 3894 hominum
3602 3854 3683 3906 ge-

2153 3957 2249 3995 nus
2294 3941 2456 3994 dedit.
2491 3939 2563 3993 ibi
2611 3947 2846 3993 octavam
2888 3934 3100 4004 [Egypti
3129 3932 3501 3986 contritionem
3531 3929 3688 3982 iecere

2152 4030 2391 4083 excitatis
2423 4026 2648 4096 undique
2677 4024 2910 4087 locustae,
2941 4032 3302 4089 terrentesque
3328 4021 3524 4071 omnia.
3557 4015 3689 4070 Octa-

2154 4134 2268 4171 vam
2313 4116 2433 4186 equi
2481 4117 2533 4169 in
2576 4114 2965 4169 subversiouctn
3013 4110 3155 4165 orbis
3203 4109 3446 4164 excitata
3475 4107 3688 4174 undique

2155 4197 2439 4262 intulerunt
2466 4214 2668 4276 gentos,
2699 4219 2814 4273 quas
2860 4192 3092 4256 aedibus
3115 4210 3272 4268 atque
3299 4198 3560 4251 incendiis
3578 4209 3688 4247 cus-

2154 4308 2266 4352 ctas
2294 4297 2588 4364 provincias
2616 4294 2941 4350 deleverunt.
2973 4292 3047 4345 Ibi
3078 4299 3215 4345 nona
3249 4289 3480 4342 turbatio
3503 4287 3686 4339 diuino

2160 4402 2250 4440 nas
2277 4386 2519 4440 tenebras
2541 4383 2742 4444 habuit.
2763 4383 2877 4452 plus
2900 4384 3116 4437 omnino
3145 4377 3358 4448 periculi
3387 4375 3690 4429 comminata

521 4494 608 4548 bet
637 4489 790 4544 simul
834 4497 885 4541 et
931 4486 1100 4555 ignem
1132 4481 1454 4553 pmnitentia:
1499 4480 1837 4540 locustarum,
1867 4477 1933 4532 ab
1971 4476 2058 4530 illa
2090 4511 2132 4569 ο
2159 4491 2314 4546 quam
2336 4474 2479 4531 fecit.
2511 4473 2605 4529 llic
2647 4474 2771 4528 item
2799 4486 2934 4528 nona
2956 4471 3218 4538 correptio
3247 4467 3346 4519 luit
3372 4479 3515 4528 cum.
3548 4463 3691 4517 Aure-

520 4581 758 4637 subducit
779 4576 1044 4646 exemplo,
1073 4576 1259 4645 quibus
1288 4571 1623 4627 mo'rdeantur
1644 4579 1695 4625 et
1714 4570 2059 4638 depascuntur

521 4685 705 4726 omnes
730 4667 943 4737 inquieti
987 4674 1158 4719 motus
1188 4663 1327 4718 illius
1355 4670 1409 4717 et
1440 4660 1629 4716 turbidi
1658 4699 1672 4723 ,
1705 4667 1761 4712 ut
1780 4659 1953 4712 omnia
1975 4671 2060 4712 sc-

521 4761 750 4814 cnndum
802 4757 1037 4809 ordinem
1090 4753 1236 4806 lianl.
1275 4752 1367 4806 Ubi
1410 4764 1533 4804 vero
1580 4748 1812 4803 conﬁteri
1839 4744 2062 4815 coeperit

527 4848 648 4920 quid
674 4845 863 4913 digitus
894 4843 986 4896 Dei
1014 4851 1114 4905 est,
1144 4853 1195 4895 et
1226 4855 1437 4909 patvum
1461 4838 1584 4908 quid
1605 4837 1886 4907 agnitionis
1911 4850 2060 4891 acce-

529 4941 681 5008 perit,
713 4948 836 4990 tunc
864 4944 1131 5002 gestorum
1179 4948 1392 4986 suorum
1444 4932 1686 4986 tenebras
1716 4931 1886 4995 videt;
1915 4945 2061 4984 cutu-

529 5049 628 5102 que
655 5016 846 5086 viderit
887 5038 1008 5081 tunc
1051 5024 1337 5078 tnerebilur
1385 5035 1439 5077 ut
1477 5024 1868 5092 exstinguantur
1897 5023 1948 5074 in
1977 5019 2060 5074 illa

531 5124 870 5193 primogenita
915 5117 1148 5186 Egypti,
1177 5131 1292 5183 qua:
1319 5124 1441 5167 sunt
1467 5113 1655 5167 delicta
1696 5109 1985 5181 iuventutis
2012 5117 2066 5162 et

533 5214 856 5283 ignorantiae.
884 5212 1112 5265 Primum
1144 5195 1482 5258 enim‘motus
1517 5204 1569 5255 in
1617 5210 1883 5270 peccatum
1921 5198 2020 5252 ruit
2047 5213 2061 5260 ;

531 5307 572 5358 si
606 5313 778 5358 autem
803 5301 1029 5355 noluerit
1050 5298 1192 5366 jungi
1225 5293 1524 5348 lsraelitica:
1554 5289 1712 5359 plebi,
1743 5303 1847 5342 non
1878 5289 2066 5355 poterit

533 5400 596 5449 dc
622 5395 873 5461 proluudo
898 5391 1136 5446 evadere.
1167 5388 1288 5440 Alio
1319 5397 1536 5453 quoque
1580 5393 1735 5434 sensu
1783 5380 1881 5433 hoc
1927 5375 2065 5431 idem

535 5498 811 5552 possumus
843 5481 1148 5547 intelligere.
1181 5476 1310 5530 Nam
1338 5474 1470 5526 sicut
1491 5471 1674 5525 decem
1703 5463 2069 5521 contradictio-

539 5593 632 5632 nes
653 5577 720 5630 ab
746 5571 1005 5642 [Egyptiis
1031 5571 1311 5621 adversum
1358 5563 1600 5630 populum
1652 5559 1833 5642 Israel,
1860 5558 1935 5610 sic
1980 5555 2072 5607 ad-

539 5679 743 5720 versum
786 5636 1054 5715 Christum
1084 5666 1136 5708 et
1162 5656 1436 5706 adversum
1467 5649 1713 5717 populum
1747 5636 2071 5701 Christiano-

538 5767 652 5808 rum
699 5753 883 5806 decem
931 5737 1174 5801 vindictzc
1216 5740 1424 5796 luerunt
1450 5753 1480 5793 a
1510 5736 1774 5794 Romanis.
1807 5731 1879 5788 lbi
1904 5729 2069 5800 prima

2161 4566 2302 4619 liano
2330 4566 2745 4632 persecutionem
2767 4565 3152 4621 commovente,
3175 4554 3304 4608 diris
3327 4551 3693 4608 turbationibus

2159 4657 2390 4714 terribile
2435 4672 2498 4709 ac
2547 4655 2698 4709 triste
2745 4653 2940 4706 l’ulnten
2991 4649 3089 4701 sub
3135 4645 3352 4714 pedibus
3382 4644 3551 4712 ipsis
3579 4643 3686 4702 ruit.

2158 4746 2439 4800 ostendens
2469 4741 2592 4809 quid
2619 4755 2737 4793 cum
2762 4737 2889 4791 ultio
2912 4733 3030 4789 talis
3057 4737 3310 4803 exigeret,
3340 4740 3521 4786 tantus
3547 4732 3691 4800 possit

2162 4835 2314 4894 ulzor,
2343 4831 2438 4884 nisl
2470 4830 2584 4897 plus
2604 4836 2742 4882 esset
2771 4834 2824 4880 et
2864 4825 3087 4893 patiens,
3115 4835 3413 4890 quanquam
3442 4821 3578 4872 intra
3612 4829 3687 4870 se!

2162 4935 2367 4977 menses
2408 4922 2473 4973 ab
2501 4920 2602 4973 hoc
2650 4925 2757 4972 tres
2794 4915 3007 4971 succidii
3057 4914 3424 4978 imperatores,
3463 4908 3565 4962 hoc
3603 4913 3688 4964 est.

2166 5011 2494 5072 Aurelianus,
2525 5007 2755 5071 Tacitus,
2789 5004 3062 5060 Florianus
3078 5001 3301 5053 diversis
3320 4997 3500 5051 causis
3520 4994 3688 5050 multi

2162 5109 2299 5155 sunt.
2333 5099 2404 5152 ibi
2431 5097 2632 5151 decima
2663 5095 2808 5162 plaga
2831 5091 2928 5145 fuit
2955 5087 3253 5143 interiectio
3299 5084 3553 5149 ﬁliorum,
3578 5095 3688 5152 quos

2166 5190 2360 5257 primos
2409 5187 2600 5255 quippe
2641 5189 2951 5254 genuerunt.
2988 5177 3082 5233 llic
3112 5176 3458 5232 nihilominus
3483 5174 3688 5255 decima,

2165 5253 2216 5331 id
2240 5289 2340 5344 est,
2365 5253 2661 5330 novissima
2681 5284 2832 5339 pmns
2857 5277 2958 5334 est,
2981 5268 3214 5322 omnium
3241 5265 3469 5334 perditio
3492 5253 3688 5318 siuis-

2168 5381 2394 5430 crorutn,
2422 5380 2537 5434 qua:
2563 5362 2799 5430 primitus
2830 5359 2964 5435 facta
2995 5365 3316 5411 amsverant.
3348 5355 3404 5408 In
3435 5353 3614 5424 primis
3629 5347 3688 5403 ibi

2169 5472 2259 5512 rex
2284 5456 2641 5526 penitentiam
2665 5451 2754 5506 Dei
2781 5449 2968 5518 sensit,
3000 5457 3055 5502 et
3076 5447 3334 5516 probavit,
3357 5455 3414 5500 et
3430 5444 3618 5504 timuit,
3638 5451 3690 5491 at:

2170 5562 2262 5618 per
2291 5550 2388 5602 hoc
2415 5543 2659 5613 populum
2687 5541 2776 5618 Dei
2807 5541 3028 5594 liberum
3053 5538 3198 5618 abire
3227 5534 3486 5608 permisit.

2168 5609 2260 5691 ius
2275 5609 2731 5703 vobis'prinzipiast
2761 5627 3025 5688 amittat,
3053 5609 3242 5691 primu
3263 5621 3360 5680 erit
3387 5621 3440 5675 in
3462 5615 3691 5673 usus“.

2169 5723 2308 5783 cuni.
2338 5719 2469 5788 Quid
2499 5720 2710 5786 mirum,
2741 5715 2786 5772 sl
2829 5716 2928 5773 iste
2956 5711 3162 5772 mensis
3188 5712 3392 5782 primus
3417 5706 3622 5770 luisset.
3645 5705 3689 5758 Ia
