3872 6262
270 350 384 406 305

1053 335 1118 393 IN
1157 331 1695 392 PENTATEUCHU)!
1733 323 2217 385 COMMENTARII.
2257 357 2327 369 --
2367 323 2652 382 EXUDL‘S.

274 457 386 512 quo
411 444 644 494 creatum
685 441 767 490 est
788 432 976 489 calum
999 441 1053 487 et
1091 440 1250 495 terra,
1279 429 1331 483 in
1359 442 1463 497 quo
1489 435 1540 482 et
1561 425 1812 481 diluvium
1839 415 1889 475 Δ
1913 419 2036 512 dum
2085 417 2372 512 historiam,
2416 417 2509 472 sed
2566 426 2738 469 tamen
2799 427 3010 512 sensum
3058 414 3456 512 interpretatur.

272 501 474 584 factum
503 533 586 581 est
613 533 668 579 et
692 522 889 586 ﬁnitur,
918 531 972 577 et
1013 524 1066 575 in
1118 534 1221 591 quo
1251 518 1397 587 plebs
1425 518 1580 572 Israel
1608 516 1819 570 libo-rata
1920 509 2085 577 Aptns
2121 507 2324 561 videtur
2349 519 2534 561 sensus
2564 517 2810 558 numerus
2838 502 2904 558 ad
2949 517 3139 591 agnum
3168 501 3484 591 comedent»

278 624 386 678 est,
421 614 472 667 in
496 628 602 684 quo
647 612 728 668 lex
762 610 881 666 aliis
911 609 1029 664 data
1059 590 1178 664 ese
1203 608 1409 669 dicitur,
1437 607 1486 660 in
1512 622 1616 674 quo
1645 605 1824 673 praedi-
1920 599 2063 661 dum,
2104 597 2190 666 qui
2218 596 2349 684 bene
2385 594 2619 684 videntes
2646 607 2736 684 ses
2773 591 2972 684 diebus,
3012 590 3203 684 quibus
3231 590 3457 684 mundus

281 704 426 758 catio
466 679 678 766 Christi,
717 709 771 756 et
810 699 946 753 illius
987 699 1160 767 passio
1201 697 1332 750 l‘acta
1357 694 1473 749 esti
1505 692 1700 748 Deinde
1721 706 1822 744 non
1921 697 2002 741 est
2027 686 2286 751 evolutus,
2310 682 2600 753 signiﬁcat;
2627 683 2738 737 sive
2766 696 2837 735 vu
2867 680 2987 746 viri,
3011 681 3062 734 id
3093 689 3194 747 est,
3222 679 3462 733 viventes

287 801 371 848 ast
395 791 781 855 admirandam,
801 790 846 845 si
868 777 1044 858 aptum
1077 788 1261 842 fuisset
1285 787 1336 842 in
1366 785 1504 856 quod
1526 785 1636 839 haec
1654 783 1823 836 omnia

286 884 422 939 iacta
452 894 594 950 sunt,
625 886 745 955 quia
790 883 925 950 apud
971 882 1215 937 Hebrrcos
1241 879 1397 934 Nisan
1425 885 1660 941 vocatur,
1692 871 1827 941 apud

287 974 508 1032 Latinos
550 975 762 1033 Martius
801 973 1010 1028 dieitur.
1055 971 1177 1027 ideo
1205 970 1291 1023 hic
1311 969 1505 1023 mensis
1529 965 1830 1034 designatur

287 1070 556 1126 mensibus
573 1065 694 1120 anni
717 1061 1026 1133 principium
1047 1075 1181 1124 esse,
1198 1057 1313 1128 quia
1337 1056 1536 1112 Hebraei
1563 1054 1830 1118 hucusque

286 1158 527 1215 ordinem
548 1156 601 1210 in
631 1154 896 1210 mensibus
927 1168 1028 1206 non
1050 1151 1456 1205 observaverunt
1483 1144 1706 1215 proprie,
1737 1141 1830 1196 sed

289 1265 440 1304 more
475 1247 764 1318 gentilium,
794 1247 930 1300 inter
955 1230 1085 1315 quos
1114 1246 1255 1312 prius
1285 1242 1661 1296 habitaverunt.
1691 1235 1833 1290 Men-

291 1343 564 1417 aisautem
586 1353 614 1392 a
640 1336 902 1393 metiendo
924 1335 1132 1396 dicitur,
1163 1343 1218 1386 ut
1255 1333 1340 1385 alii
1372 1340 1570 1399 putant,
1598 1343 1662 1381 ee
1695 1326 1831 1395 quod

295 1420 674 1499 heliiomadas,
695 1441 746 1485 et
771 1432 904 1495 dies,
929 1441 979 1487 et
1011 1429 1173 1491 honr,
1200 1438 1251 1482 et
1298 1435 1562 1480 momenta
1598 1419 1752 1475 simul
1780 1418 1832 1473 in

295 1523 391 1577 illo
420 1523 718 1583 metiantur.
743 1519 935 1574 Mensis
972 1527 1144 1572 autem
1176 1515 1328 1584 primi
1352 1514 1519 1582 legem
1547 1518 1746 1562 natura:
1765 1504 1836 1561 si—

293 1611 534 1682 gniﬁcat,
559 1607 756 1668 mensis
784 1619 954 1662 autem
985 1586 1108 1660 anni
1136 1605 1305 1674 legem
1335 1601 1465 1657 Mosi
1486 1611 1538 1656 et
1563 1598 1839 1667 propheta-

296 1717 438 1756 rum.
486 1703 665 1757 Annus
707 1712 878 1756 autem
927 1700 1174 1754 mundum
1221 1706 1404 1752 totum.
1436 1696 1638 1749 interea
1667 1692 1721 1746 ﬁt
1743 1690 1840 1744 Pa-

1923 786 2016 842 per
2036 771 2321 826 doctrinam
2339 769 2692 837 septiformem
2711 784 2726 833 ;
2747 769 2828 823 vel
2857 783 2950 831 xit,
2967 767 3018 822 id
3038 775 3138 832 est,
3164 767 3462 822 doctrinam

1925 861 2279 932 apostolorum
2311 861 2606 929 implentes.
2640 859 2701 916 lli
2744 859 2885 916 enim
2914 859 3114 912 numeri
3145 857 3201 912 in
3225 857 3465 912 Ecclesia

1926 953 2162 1024 quotidie
2200 951 2462 1007 Christum
2500 960 2793 1017 assumunt,
2824 950 2910 1021 qui
2949 949 3194 1005 sufﬁcere
3222 959 3472 1019 possunt,

1929 1043 1980 1099 id
2010 1053 2114 1112 est,
2142 1041 2233 1118 qui
2251 1034 2395 1113 digni
2412 1040 2642 1098 inerunt.
2674 1045 2850 1110 Agnus
2882 1055 3091 1113 quoque
3119 1053 3212 1109 pro
3227 1037 3384 1093 Josue
3412 1046 3469 1093 et

1929 1133 2126 1200 Caleph
2157 1132 2416 1187 immolari
2441 1132 2648 1196 dicitur,
2679 1131 2817 1202 quod
2846 1130 3106 1194 signiﬁcat
3140 1130 3317 1184 hmdus
3347 1128 3468 1184 illus

1931 1223 2016 1288 qui
2065 1221 2118 1275 in
2169 1236 2348 1276 eremo
2407 1222 2730 1276 ceciderunt.
2777 1222 2936 1276 Aliter
2986 1221 3138 1275 nubis
3191 1236 3327 1273 nunc
3377 1234 3475 1287 per.

1932 1324 2121 1379 agnum
2152 1320 2205 1364 et
2245 1308 2473 1376 hadum,
2505 1310 2785 1364 credulitas
2821 1303 3109 1365 ditittilatil
3134 1317 3189 1362 et
3223 1309 3460 1362 lncarna-
3497 1341 3506 1348 -

1933 1400 2091 1455 tionis
2114 1398 2305 1454 Christi
2337 1401 2642 1459 insinuatur.
2678 1400 2740 1453 Et
2767 1400 3078 1455 obsmabitis
3113 1399 3276 1466 illum,
3307 1407 3361 1452 et
3387 1411 3481 1452 re-

1935 1491 2098 1560 liqua,
2140 1489 2376 1546 Christus
2412 1507 2504 1562 per
2532 1492 2720 1563 legem,
2751 1500 2806 1546 ut
2831 1490 3480 1562 praediximus,.obserra-

1940 1593 2042 1649 tus,
2060 1597 2213 1652 quem
2236 1597 2331 1636 nos
2351 1582 2616 1637 moraliter
2643 1583 2695 1638 in
2710 1581 2954 1638 cordibus
2975 1583 3172 1639 nostris
3194 1582 3486 1638 observare

1941 1670 2212 1736 debemus,
2243 1687 2397 1740 usque
2437 1671 2506 1724 ad
2548 1680 2781 1741 quartum
2810 1672 3054 1727 decimum
3081 1673 3251 1737 diem,’
3281 1670 3332 1724 id
3374 1679 3479 1728 est;

296 1790 429 1845 scha
457 1807 473 1854 ;
503 1790 554 1844 in
577 1791 891 1854 occisionem
933 1790 1053 1842 anni
1080 1785 1333 1841 occiditur
1362 1781 1620 1846 Christus,
1646 1780 1713 1835 de
1739 1792 1840 1844 quo

1951 1761 2062 1816 dum
2077 1760 2274 1817 venerit
2298 1776 2392 1831 per
2409 1775 2540 1830 opus
2560 1761 2798 1832 Dccaiogi
2815 1757 3087 1832 Evangelii
3105 1762 3288 1817 mensis
3305 1761 3481 1827 hujus,

297 1852 494 1936 d'citnr
517 1899 528 1932 :
551 1852 680 1934 Esse
705 1895 865 1950 agnus
885 1879 998 1933 Dei.
1013 1877 1160 1944 Quod
1182 1887 1351 1930 autem
1372 1873 1572 1929 decima
1593 1870 1678 1926 die
1697 1884 1843 1924 men-

297 1971 378 2026 sis
405 1985 564 2041 agnus
595 1971 813 2031 tollitur,
843 1978 895 2024 et
928 1983 1032 2022 nou
1061 1965 1357 2022 immolatur
1383 1977 1553 2034 usque
1590 1960 1655 2017 ad
1683 1974 1842 2030 quar-

299 2071 413 2114 tum
434 2043 692 2114 decimum
714 2057 1140 2127 diem,signiﬁrat
1161 2055 1298 2126 quod
1328 2069 1417 2120 rer
1439 2054 1604 2121 legem
1629 2049 1841 2120 quidem

298 2150 495 2205 Christi
528 2149 700 2218 passio
753 2148 1200 2218 praetignrabatur.
1254 2146 1316 2200 Et
1367 2155 1539 2199 tamen
1579 2138 1842 2207 Evangelii

299 2246 488 2292 currus
516 2243 637 2292 ante
685 2251 902 2307 passus;
930 2236 1176 2290 denarius
1217 2234 1356 2288 enim
1401 2243 1648 2285 numerus
1674 2228 1739 2282 ad
1769 2226 1872 2283 ιε-ν

299 2340 421 2393 gem
463 2326 686 2394 pertinet
729 2333 939 2394 propter
974 2325 1154 2378 decem
1185 2320 1341 2390 verba
1372 2321 1520 2391 legis.
1553 2318 1846 2384 Quaternus

303 2428 555 2468 numerus
590 2412 654 2468 ad
699 2412 898 2469 Novum
926 2412 1340 2476 Testamentum,
1369 2416 1582 2477 propter
1624 2414 1848 2474 quatuor

301 2486 607 2572 Evangelia.
651 2503 799 2571 Quoi
845 2504 1101 2572 sequitur,
1158 2500 1216 2555 Si
1260 2499 1423 2552 minor
1464 2511 1708 2551 numerus
1750 2509 1849 2548 non

303 2592 525 2660 sumsere
549 2593 701 2660 possit
723 2593 791 2646 ad
814 2593 1108 2646 vescendum
1147 2604 1349 2662 agnum,
1373 2596 1591 2642 assumat
1634 2587 1850 2640 uicinum

301 2696 451 2737 num
476 2720 491 2743 ,
521 2688 576 2733 et
614 2681 812 2750 reliqua
846 2680 1071 2749 :signat,
1101 2681 1187 2750 qui
1220 2693 1314 2748 per
1357 2676 1696 2746 semetipsum
1744 2689 1848 2730 non

304 2769 446 2823 valet
473 2769 689 2838 implere
716 2771 797 2825 vel
841 2770 1130 2840 intelligere
1177 2777 1563 2824 sacramentum
1593 2765 1730 2827 ﬁdei.
1754 2764 1850 2820 de-

308 2856 447 2911 beta
475 2855 788 2925 sapientiore
808 2857 1090 2925 inquirere.
1122 2856 1298 2923 illique
1335 2855 1622 2919 adharere,
1654 2851 1853 2909 eidem-

305 2964 414 3016 que
443 2949 626 3016 ﬁdere,
651 2949 739 3021 qui
767 2949 868 3005 scit
898 2948 1020 3019 quid
1050 2949 1197 3004 illum
1235 2956 1474 3018 oporteat
1514 2945 1703 3012 facere,
1731 2944 1850 3016 agni

303 3041 556 3096 carnibus
575 3040 736 3097 vesci.
1589 3043 1592 3047 ’

388 3129 496 3184 Erit
520 3147 682 3202 agnus
720 3131 903 3200 absque
928 3132 1144 3187 macula.
1171 3131 1319 3198 Quod
1347 3131 1557 3186 Christo
1583 3138 1850 3200 convenit,

307 3219 382 3274 de
400 3232 502 3288 quo
525 3219 715 3274 dicitur
740 3236 754 3272 :
789 3220 888 3286 Qui
909 3229 1166 3289 peccatum
1201 3235 1300 3274 non
1338 3221 1477 3286 fecit,
1508 3234 1601 3274 nec
1629 3220 1858 3274 inuentus

305 3322 386 3367 est
408 3311 556 3365 dolus
581 3312 632 3365 iu
665 3311 842 3382 lingua
875 3313 1008 3382 ejus.
1035 3309 1319 3365 Anniculus
1346 3323 1510 3380 agnus
1537 3310 1854 3381 immolatur,

282 3410 370 3456 "et
407 3390 642 3456 Christus
667 3411 871 3456 matura
910 3409 1067 3455 etate
1105 3413 1308 3468 passus.
1356 3398 1603 3470 Sequitur
1641 3415 1660 3454 :
1698 3397 1859 3454 Juxta

311 3505 461 3558 quens
486 3490 638 3544 ritum
663 3490 844 3544 tolletis
867 3499 914 3545 et
934 3490 1154 3544 Ita-dunt.
1195 3489 1293 3558 Qui
1323 3497 1380 3544 et
1410 3489 1523 3558 ipse
1547 3487 1727 3544 haedus
1752 3503 1857 3545 non

310 3577 600 3646 incongrue
639 3577 810 3645 ipsum
853 3576 1134 3646 signiﬁcat,
1169 3591 1235 3631 eo
1277 3575 1416 3644 quod
1444 3577 1514 3630 sit
1556 3575 1723 3629 hostia
1764 3588 1859 3642 pro

313 3677 551 3735 peccato.
598 3666 695 3733 Qui
731 3666 882 3731 enim,
927 3667 1112 3736 inquit,
1156 3671 1414 3735 peccatum
1455 3679 1555 3718 non
1595 3663 1731 3735 fecit,
1768 3679 1860 3732 pro

313 3756 460 3811 nobis
487 3765 742 3827 peccatum
762 3756 926 3824 factus
952 3762 1046 3811 est.
1079 3753 1158 3809 Ad
1188 3768 1462 3821 vesperum
1486 3765 1650 3822 agnus
1676 3752 1863 3808 immo-

311 3846 471 3912 latur,
498 3847 616 3916 quia
646 3846 697 3900 in
719 3860 935 3915 vespera
964 3845 1140 3901 mundi
1163 3859 1350 3916 passus
1373 3853 1451 3901 est
1474 3844 1729 3901 Christus.
1757 3844 1864 3902 Su-

312 3953 406 4006 per
427 3948 693 4008 utrumque
721 3947 908 4007 postem
928 3939 1134 4009 sanguis
1152 3937 1271 4007 agni
1297 3937 1467 3993 datu.
1496 3937 1565 3992 Et
1590 3951 1685 3992 nos
1703 3936 1864 3992 corde

315 4035 376 4081 et
397 4041 615 4095 corpore
636 4028 905 4096 signamur
928 4027 1082 4097 signo
1099 4028 1276 4082 crucis
1292 4026 1509 4092 Christi,
1529 4037 1580 4082 et
1603 4025 1824 4082 dicimus
1845 4044 1859 4079 :

316 4112 586 4186 Signatunt
603 4128 674 4172 est
695 4135 846 4187 super
863 4133 954 4172 nas
979 4118 1146 4171 lumen
1169 4115 1337 4170 nullus
1382 4118 1477 4179 tui,
1507 4115 1736 4170 Domine.
1761 4113 1861 4169 Alii

313 4210 494 4260 autem
532 4205 714 4260 dicunt
739 4220 834 4275 per
877 4206 1068 4275 pascha
1093 4206 1235 4277 quod
1267 4206 1319 4258 in
1364 4205 1588 4276 Ευριο
1625 4205 1861 4260 celebra-

317 4307 427 4356 tur.
460 4295 652 4362 pascha
677 4294 887 4351 Veteris
904 4296 1224 4351 Testamenti
1247 4297 1550 4366 signiﬁcari,
1571 4297 1710 4365 quod
1733 4313 1862 4350 nou-

1940 1851 1994 1905 id
2033 1859 2136 1917 est,
2167 1850 2523 1920 historialiter,
2549 1851 2666 1922 quia
2695 1851 2751 1906 in
2789 1851 2997 1917 eodem,
3035 1859 3093 1906 ut
3120 1849 3485 1918 praediximus.

1939 1940 2177 1997 Christus
2205 1957 2386 2012 passus
2429 1950 2529 1999 est.
2578 1941 2818 1998 Uniuersa
2840 1941 3127 2008 multitudo,
3173 1940 3228 1995 id
3253 1948 3352 2006 est,
3385 1939 3484 1995 ius

1941 2030 2171 2096 deorum
2228 2030 2492 2087 Christum
2539 2031 2974 2103 crueiﬁgentium,
3031 2030 3112 2086 vel
3157 2028 3490 2085 credentium

1945 2123 2222 2180 multitud)
2262 2123 2326 2179 ad
2371 2125 2646 2196 mysticum
2692 2122 3038 2187 intellectum,
3069 2122 3182 2178 sive
3216 2123 3482 2176 tuen-aliter

1945 2213 2224 2268 multitudo
2251 2227 2498 2269 sensuum
2522 2213 2888 2282 perfecturum.
2914 2213 2992 2268 Art
3010 2230 3036 2267 υ
3057 2229 3287 2284 sperum,
3306 2212 3355 2265 id
3377 2221 3488 2275 est,

1944 2304 2007 2358 ad
2031 2305 2532 2359 consummationem
2549 2303 2748 2360 Veteris
2767 2302 3204 2360 TestamentiNei
3219 2303 3488 2358 moraliter

1945 2411 2250 2466 vesperum,
2274 2396 2774 2451 consummationem
2805 2396 3167 2466 prosperitatis
3195 2393 3346 2460 hujus
3376 2407 3482 2446 sa:-

1945 2487 2050 2542 culi
2086 2487 2358 2555 signiﬁcat.
2391 2485 2456 2544 Et
2495 2485 2638 2540 edent
2664 2500 2836 2540 carnes
2873 2493 3014 2539 nocte
3052 2482 3174 2550 illa;
3217 2480 3267 2538 id
3295 2489 3394 2548 est,
3427 2481 3492 2534 in.

1947 2578 2267 2634 obscuritate
2295 2587 2771 2642 sacramentorum;
2811 2577 2894 2633 vel
2931 2576 3217 2639 moraliter,
3247 2575 3302 2636 in
3337 2574 3488 2642 igno-

1948 2666 2115 2720 rantia
2155 2667 2372 2734 peccati.
2401 2665 2584 2720 Assata
2607 2667 2756 2736 igne;
2801 2664 2858 2720 id
2894 2674 3006 2731 est,
3038 2665 3172 2734 ignis
3209 2665 3487 2733 passionis.

1951 2756 2144 2810 Domus
2166 2767 2340 2810 autem
2367 2754 2418 2810 in
2439 2756 2626 2826 quibus
2648 2769 2833 2810 carnes
2856 2754 3235 2809 manducantnr
3264 2754 3507 2808 annuam-

1949 2847 2034 2903 vel
2057 2861 2246 2917 corpus
2271 2846 2548 2917 significat.
2572 2846 2719 2914 Quod
2746 2854 2919 2901 autem
2948 2859 3160 2918 azymos
3191 2859 3352 2915 panes
3373 2859 3500 2898 cum

1950 2938 2167 2992 lactucis
2226 2937 2521 3008 agrestibus
2586 2936 2903 2992 manducare
2950 2936 3184 3008 iubetur,
3239 2935 3494 3005 signiﬁcat

1952 3026 2088 3095 quod
2114 3026 2270 3079 vitam
2300 3025 2366 3078 ab
2390 3025 2534 3080 omni
2560 3026 2821 3080 fermento
2843 3025 3053 3079 malitiae
3081 3035 3372 3093 reparatam
3398 3025 3501 3078 du«

1955 3124 2156 3180 centes,
2203 3114 2604 3169 amaritudinem
2636 3113 3060 3183 compunctionis
3089 3113 3263 3169 cordis
3288 3128 3492 3182 semper

1956 3203 2152 3260 habere
2189 3203 2461 3271 debemus,
2489 3203 2629 3273 quod
2656 3199 2913 3270 signiﬁcat
2947 3203 3168 3258 lactuca.
3191 3201 3322 3257 Cum
3353 3201 3517 3256 enim».

1957 3297 2359 3365 manducantur,
2388 3298 2463 3352 sic
2487 3305 2610 3352 sunt
2638 3296 2781 3350 falsa:
2808 3305 2863 3350 et
2887 3309 3097 3361 amara,
3125 3303 3181 3348 ut
3203 3293 3495 3363 producant

1958 3387 2283 3443 comedentis
2306 3387 2587 3456 lacrymas.
2627 3384 2714 3440 Sic
2751 3385 2997 3439 nimirum
3027 3394 3081 3437 et
3110 3383 3378 3439 cmlestem
3404 3398 3494 3453 pa~

1958 3491 2079 3531 nem
2106 3474 2442 3544 awipientes,
2471 3475 2688 3544 irrigare
2728 3474 2912 3530 faciem
2958 3473 3229 3537 debemus.
3257 3472 3370 3530 Non
3402 3488 3498 3528 co-

1957 3577 2190 3640 quuntur
2211 3569 2328 3640 agni
2355 3583 2541 3625 carnes
2559 3584 2712 3637 aqua,
2740 3569 2830 3624 sed
2853 3577 3051 3623 tantum
3080 3566 3205 3639 igni,
3233 3568 3354 3639 quia
3383 3582 3500 3623 non

1958 3675 2055 3732 per
2109 3659 2418 3731 sapientiam
2493 3662 2669 3715 mundi
2733 3661 2885 3727 hujus
2947 3660 3249 3730 intelligitur
3321 3659 3495 3728 passio

1960 3747 2178 3816 Christi,
2210 3751 2301 3805 sed
2333 3747 2426 3820 per
2465 3751 2682 3820 gratiam
2716 3749 2939 3817 Spiritus
2966 3750 3151 3804 sancti.
3184 3747 3342 3819 Caput
3382 3765 3510 3803 ruas

1960 3842 2167 3914 pedibus
2187 3852 2233 3896 et
2253 3841 2498 3896 intestinis
2523 3840 2777 3894 curabilis.
2809 3839 2862 3894 in
2890 3840 3078 3909 capite,
3110 3839 3394 3894 divinitatis
3425 3839 3495 3893 si-

1962 3945 2156 4001 gnum;
2195 3932 2248 3985 in
2287 3931 2528 4001 pedibus.
2561 3929 2915 3985 humanitatis.
2950 3929 3193 3984 Intestina
3217 3930 3527 3984 secretiora.

1961 4032 2014 4076 et
2043 4023 2324 4079 occultiora
2371 4023 2616 4093 mysteria
2641 4020 2954 4092 signiﬁcant,
2987 4035 3104 4088 quas
3129 4021 3303 4074 omnia
3341 4020 3496 4074 debe-

1960 4126 2078 4166 mus
2099 4126 2304 4178 vorare,
2323 4112 2429 4167 hoc
2459 4119 2562 4175 est,
2582 4111 2814 4164 credere.
2845 4108 3096 4178 Quodque
3124 4107 3349 4163 dicitur:
3379 4107 3500 4163 Non

1962 4202 2232 4258 remanebit
2275 4219 2336 4258 ea:
2382 4219 2438 4258 eo
2500 4203 2773 4273 quidquam
2839 4217 2990 4270 usque
3036 4217 3181 4254 mane
3240 4199 3536 4267 signiﬁcat-

1962 4294 2101 4361 quod
2146 4304 2422 4364 antequam
2459 4302 2657 4362 tempus
2687 4291 2846 4347 futuri
2869 4291 3049 4361 judicii
3079 4291 3368 4357 illucescat,
3405 4293 3500 4345 de-

257 4447 264 4453 ,
311 4384 442 4437 dum
471 4395 501 4436 a
545 4383 902 4438 voluntatibus
941 4387 1214 4438 transitum
1244 4396 1354 4450 est;
1399 4394 1516 4470 post
1560 4388 1661 4439 iter
1702 4385 1863 4441 maris
1892 4412 1940 4471 ι)
1967 4386 2149 4442 bemus
2177 4387 2353 4442 omnia
2391 4400 2507 4455 quae
2535 4388 2724 4455 s.ripta
2755 4395 2895 4448 sunt,
2925 4384 3141 4438 credere
3175 4395 3226 4438 et
3261 4385 3498 4452 implere.

315 4473 506 4538 Rubri,
530 4473 750 4545 ﬁguram
780 4475 987 4543 pascha:
1013 4473 1142 4529 Novi
1171 4465 1492 4530 Testamenti
1522 4477 1572 4528 in
1604 4475 1860 4543 Ecclesia,

315 4581 440 4637 quae
467 4575 582 4635 post
622 4567 936 4636 baptismum
976 4567 1182 4623 deserta
1212 4575 1290 4624 est
1331 4581 1360 4622 a
1397 4567 1763 4637 cupiditatibus
1785 4571 1863 4621 v3-

315 4673 520 4714 rnrum.
549 4657 651 4712 Sed
693 4669 863 4713 tamen
891 4668 1007 4729 post
1038 4657 1226 4728 pascha
1258 4660 1309 4713 in
1353 4659 1640 4722 desertum.
1672 4658 1860 4727 pascha

319 4759 480 4804 terra
517 4747 938 4815 repromissionis
969 4757 1164 4813 restat;
1216 4749 1292 4804 sic
1319 4757 1374 4803 et
1402 4747 1598 4802 sanctis
1632 4757 1747 4814 post
1775 4763 1864 4816 pa-

315 4837 466 4900 scha
491 4835 620 4892 Novi
649 4835 990 4900 Testameuti,
1035 4837 1227 4905 pascha
1267 4837 1448 4907 judicii
1470 4846 1654 4905 restat,
1694 4839 1743 4891 id
1784 4846 1865 4892 est

319 4940 545 4993 regnum
583 4926 854 4982 cmlorum.
888 4924 1091 4978 Decima
1117 4926 1199 4978 die
1237 4927 1418 4981 mensis
1446 4927 1648 4989 dicitur,
1676 4936 1729 4981 et
1760 4942 1861 4980 non

316 5001 526 5068 decima
565 5026 737 5079 nocte,
771 5017 819 5070 id
848 5024 950 5082 est,
977 5025 1035 5069 ut
1065 5014 1133 5067 ab
1158 5015 1346 5082 insigni
1386 5025 1531 5082 parte
1573 5015 1860 5082 praeferret,

322 5105 412 5156 uel
442 5119 505 5159 eo
531 5106 668 5173 quod
710 5108 826 5163 dies
853 5107 916 5163 sit
947 5106 1180 5171 condita,
1203 5114 1256 5160 et
1301 5119 1406 5158 non
1436 5117 1558 5159 nos.
1592 5101 1676 5158 ιω
1703 5121 1862 5158 unus-

318 5193 552 5263 quisque,
579 5196 631 5248 id
656 5205 758 5260 est,
790 5199 1146 5266 unusquisque
1175 5197 1439 5265 princeps.
1458 5194 1719 5250 iiuraliler
1740 5211 1866 5251 vero

321 5287 532 5340 decima
561 5283 674 5340 dies
693 5304 790 5356 qua
813 5305 976 5359 agnus
998 5292 1296 5358 immolatur
1323 5291 1580 5356 signiﬁcat
1600 5291 1864 5346 Christum

323 5380 512 5431 decent
541 5377 780 5430 sensibus
808 5381 960 5435 nobis
993 5383 1056 5437 ad
1085 5381 1400 5436 credendum
1432 5379 1626 5442 induci,
1657 5380 1742 5447 qui
1775 5397 1867 5448 per

325 5466 682 5523 innocentiam
729 5467 1046 5525 immolatur.
1102 5469 1328 5527 Familia:
1370 5478 1546 5526 autem
1585 5480 1638 5523 et
1682 5470 1867 5526 domus

324 5574 516 5613 βειιειις
543 5555 727 5611 anian
755 5567 806 5612 et
826 5562 1059 5627 corporis
1084 5563 1305 5633 signant.
1335 5560 1390 5615 lu
1417 5563 1514 5614 hoc
1536 5567 1708 5614 autem
1732 5560 1867 5614 diili-

322 5649 433 5706 cile
460 5650 679 5718 videtur,
713 5652 830 5720 quia
862 5661 1059 5706 certum
1089 5659 1488 5710 numerum’non
1520 5649 1649 5707 dixit
1676 5665 1864 5707 secun-

1965 4478 2030 4531 Et
2055 4479 2100 4532 si
2127 4477 2247 4546 quid
2272 4476 2551 4531 obscurum
2579 4488 2660 4530 est
2682 4475 2851 4537 valde,
2875 4484 2926 4528 et
2953 4473 3308 4537 altiusnubis,
3337 4474 3500 4543 Spiri-

1963 4567 2032 4619 tui
2056 4574 2257 4631 sancto,
2283 4567 2369 4634 qui
2391 4566 2524 4633 ignis
2551 4579 2864 4620 consumens
2884 4574 2984 4630 est,
3008 4565 3374 4620 reservandum
3397 4575 3496 4619 est.

1960 4659 2054 4724 Qui
2081 4659 2160 4712 sic
2205 4656 2497 4722 advenerit,
2533 4659 2964 4713 commemoan
3001 4658 3177 4711 oninia
3206 4671 3322 4724 quae
3359 4655 3500 4710 dicta

1959 4757 2083 4804 sunt
2107 4748 2276 4802 nobis.
2307 4748 2574 4817 Signiﬁcat
2597 4750 2719 4803 illud
2745 4751 2881 4819 quod
2907 4749 3095 4806 dicitur
3119 4768 3132 4802 :
3157 4747 3217 4803 Si
3236 4750 3357 4820 quid
3374 4751 3500 4803 resi-

1962 4839 2118 4893 duum
2147 4838 2295 4906 fuerit
2324 4839 2430 4906 igni
2466 4841 2780 4895 comburetis.
2827 4840 3078 4912 Quodque
3103 4841 3294 4894 dicitur
3336 4857 3348 4892 :
3385 4839 3500 4893 Non

1961 4931 2226 4984 comedetis
2253 4945 2314 4983 es;
2333 4945 2389 4983 eo
2427 4933 2655 4996 crudum,
2681 4934 2748 4986 ab
2772 4931 2888 4987 aliis
2911 4931 2988 4986 sic
3011 4930 3330 5000 intelligitur,
3357 4932 3507 4997 quod

1961 5022 2180 5078 crudum
2210 5022 2392 5088 edunt,
2419 5024 2505 5091 qui
2532 5021 2795 5076 Christum
2827 5031 3023 5077 I'mtum
3064 5025 3357 5094 intelligunt
3383 5040 3501 5082 car-

1966 5113 2171 5168 nalit-r.
2195 5110 2355 5180 Caput
2377 5130 2488 5165 cum
2511 5114 2802 5180 pedibus,id
2827 5123 2925 5176 est,
2951 5114 3214 5170 Christum
3231 5130 3348 5171 cum
3371 5117 3508 5170 duae

1966 5203 2062 5256 bus
2091 5201 2290 5266 ’egibus
2316 5202 2398 5255 vel
2431 5218 2551 5255 cum
2589 5202 2856 5270 apostolis.
2886 5202 3138 5269 Quodque
3159 5205 3261 5273 igni
3284 5204 3507 5258 combu-

1966 5295 2107 5348 retis.
2140 5291 2399 5345 Moraliter
2443 5301 2610 5361 potest
2657 5290 2889 5359 intelligi,
2933 5292 3052 5358 quia
3099 5296 3214 5362 igne
3253 5309 3505 5361 compun-

1965 5381 2150 5438 ctiouis
2166 5385 2471 5436 comburere
2491 5382 2742 5436 debemus
2765 5382 3106 5451 quodcunque
3125 5387 3190 5436 de
3215 5383 3361 5438 bonis
3376 5399 3500 5452 ope-

1968 5470 2110 5524 ribus
2136 5485 2236 5524 non
2263 5469 2601 5525 tenueiimus.
2633 5471 2789 5532 lienes
2811 5479 2991 5525 uestras
3010 5473 3287 5537 accingetis.
3321 5473 3373 5525 lu
3405 5474 3503 5526 hoc

1967 5559 2214 5633 signiﬁcat
2254 5560 2630 5614 correctionem
2673 5561 2911 5614 humane
2949 5562 3400 5628 concupiscentiae.
3445 5561 3505 5616 in

1970 5651 2180 5710 renibus
2202 5658 2371 5706 autem
2405 5649 2822 5720 concupiscentia
2851 5649 3078 5707 virorum
3096 5650 3168 5721 iit,
3188 5651 3238 5707 in
3258 5652 3512 5706 umbilico»
