3872 6262
484 259 585 312 3117
977 257 1181 313 BENE
1226 256 1672 313 VENERABILIE
1722 255 1994 312 JPEllUM
2036 256 2211 312 PARS
2251 257 2313 312 il.
2355 287 2424 302 —
2462 243 2850 316 EXEGETICA
2893 262 3219 320 CESUINA.

478 386 655 425 autem
698 369 997 423 mulierum.
1048 369 1209 424 Nobis
1261 383 1467 438 quoque
1509 368 1665 422 dicit...

481 648 719 702 habebitis
739 649 790 702 in
813 649 1046 718 pedibus,
1070 647 1122 702 id
1140 660 1219 704 est
1235 648 1544 704 charitatem
1567 650 1827 720 duplicem
1853 655 1901 706 in
1923 669 2046 707 sen-

483 739 628 793 sibus
661 739 966 804 habeamus,
991 739 1074 793 vel
1099 740 1344 808 exemplo
1375 741 1747 808 prophetarum
1779 744 2046 811 aposzolo-

480 847 698 900 rumqne
722 833 772 885 iu
805 846 1030 896 corpore
1057 840 1110 884 et
1139 830 1332 884 anima.
1373 830 1614 886 Tenentes
1643 833 1867 893 buculos,
1899 846 2046 886 arma

475 936 593 988 quae
638 933 861 989 utraque
909 935 1066 974 manu
1116 929 1380 974 tenentur.
1433 926 1590 976 Arma
1643 931 1819 975 autent
1867 933 2042 976 rostra

477 1011 669 1079 quibus
698 1009 1055 1072 defendimur,
1087 1020 1134 1063 et
1169 1011 1356 1079 quibus
1383 1025 1696 1080 pugnamus,
1726 1012 1832 1065 duo
1860 1011 2042 1065 Testa-

477 1113 654 1157 menta
701 1111 861 1160 sunt;
896 1103 974 1156 vel
1023 1105 1296 1156 moralitrr
1320 1103 1569 1158 auxilium
1605 1105 1876 1170 utriusque
1918 1104 2043 1158 sub-

479 1191 706 1246 stantiae.
739 1188 804 1245 In
847 1192 1094 1256 manibus,
1133 1193 1180 1244 id
1211 1203 1309 1255 est,
1342 1194 1390 1245 in
1413 1195 1660 1263 operibus
1682 1211 1699 1260 ;
1723 1195 2038 1264 festinanter,

479 1282 529 1336 id
575 1294 675 1346 est,
722 1282 1085 1350 spisitualiter.
1135 1284 1467 1338 Festinanter
1512 1285 1778 1341 Christum
1823 1287 2041 1341 crede'e

479 1374 731 1428 debemus
759 1384 880 1427 ante
909 1374 1045 1426 diem
1070 1374 1278 1442 indicii,
1321 1379 1396 1430 vel
1431 1380 1700 1434 moraliter
1733 1378 2042 1433 festinanter

479 1463 645 1534 pergit
686 1474 808 1517 ante
854 1465 989 1518 diem
1041 1468 1223 1519 mortis
1280 1467 1513 1522 Ecclesia
1561 1470 1628 1523 de
1677 1470 2037 1528 terrestribus.

484 1555 682 1608 Pascha
716 1564 895 1609 autem
929 1562 1183 1610 traus'tus
1217 1558 1609 1625 iulerprt'tultlr,
1635 1559 1682 1614 id
1714 1570 1820 1624 est,
1843 1561 2036 1615 transi-

478 1658 562 1700 tus
604 1644 809 1700 Dotninl
841 1647 904 1700 ad
946 1650 1247 1702 vindicum.
1281 1647 1479 1702 Deinde
1505 1652 1569 1703 ad
1613 1649 1769 1706 Israel
1797 1651 1989 1707 dicitur
2021 1670 2036 1706 :

478 1738 695 1792 Camede
733 1738 1030 1807 festinanter
1057 1748 1173 1792 ante
1199 1739 1492 1795 uindictam.
1527 1741 1697 1795 Multis
1726 1753 1899 1797 autem
1925 1758 2039 1797 mo-

2149 464 2465 531 peccaverit,
2499 467 2690 533 peribit
2717 467 2784 521 de
2814 469 3030 522 sanctis.
3071 470 3112 521 Α
3152 469 3316 533 primo
3357 472 3444 524 die
3473 488 3648 539 usque
3679 479 3744 528 ad

2148 552 2435 619 septimum,
2467 555 2515 608 id
2536 567 2637 620 est,
2671 557 2737 610 ab
2762 557 2915 612 initio
2944 557 3064 611 novi
3095 558 3158 611 ad
3189 559 3370 623 linem,
3408 564 3493 614 vel
3529 564 3603 615 ab
3639 564 3743 616 iui~

2151 643 2222 696 tio
2250 645 2424 711 operis
2453 662 2614 715 usque
2636 648 2699 701 ad
2732 649 2889 702 finem
2913 668 2928 714 ;
2959 651 3090 704 vela
3120 651 3496 718 persecutione
3524 655 3742 707 anima-

2149 749 2261 787 rum
2295 752 2458 806 usque
2506 740 2570 792 ad
2595 742 3018 808 persecutionem
3039 757 3340 810 corporum.
3370 741 3498 797 Dies
3532 748 3742 812 prima:

2146 829 2241 881 erit
2267 841 2489 894 sanctus,
2523 831 2572 886 id
2611 843 2711 900 est,
2740 833 2855 888 sine
2893 837 3093 890 labore.
3127 834 3200 889 Ita
3232 835 3346 890 dies
3375 835 3514 888 Novi
3544 834 3740 889 Tesu-

2147 921 2306 972 menti
2326 919 2578 976 solemnis
2596 933 2700 988 est,
2723 924 2996 979 abundans
3019 926 3170 979 bonis
3193 924 3592 992 spiritualihus,
3617 923 3741 978 sine

2147 1006 2414 1062 laboribus
2439 1023 2789 1076 peccatorum.
2826 1012 2888 1066 In
2916 1024 3130 1082 utraque
3155 1013 3464 1067 substantias
3491 1019 3740 1078 exceptis

2146 1096 2224 1150 Itis
2250 1112 2414 1166 usque
2452 1103 2720 1166 pertinent.
2755 1119 2872 1173 qua:
2917 1107 3182 1172 pertinent
3235 1103 3300 1156 ad
3345 1103 3514 1157 vitam
3551 1113 3739 1155 actua-

2146 1188 2270 1243 lem.

2214 1277 2279 1332 In
2305 1280 2478 1332 eadem
2502 1296 2612 1350 ipsa
2633 1281 2713 1333 die
2741 1297 2907 1350 usque
2936 1294 3195 1350 perpetuo,
3222 1283 3272 1338 id
3301 1294 3384 1338 est
3414 1297 3517 1351 pro
3567 1285 3735 1338 bene—

2145 1370 2266 1424 flcio
2293 1371 2432 1438 quod
2466 1371 2570 1426 illis
2601 1371 2852 1428 Dominus
2891 1374 2942 1428 in
2988 1375 3076 1430 die
3107 1375 3325 1430 Pascbaa
3378 1375 3531 1438 fecit,
3588 1376 3733 1443 quod

2143 1461 2305 1518 etiam
2331 1463 2492 1532 iustis
2519 1465 2569 1517 in
2590 1465 2742 1520 Novo
2767 1465 3111 1522 Testamento
3135 1467 3386 1522 convenit
3407 1482 3552 1536 quos
3574 1469 3731 1521 Chri-

2142 1564 2255 1610 stus
2285 1557 2530 1612 redemit.
2558 1558 2788 1625 Quartus
2813 1559 3048 1616 dccimus
3076 1560 3188 1614 dies
3213 1560 3367 1614 ﬁdem
3395 1559 3611 1613 Christi
3641 1573 3731 1612 no-

2144 1645 2225 1700 bis
2280 1645 2625 1702 demonstrat.
2681 1647 2782 1703 Per
2831 1648 3014 1705 decem
3075 1659 3333 1720 precepta
3389 1659 3447 1703 et
3493 1660 3731 1717 quatuor

2149 1736 2450 1808 Evangelia,
2499 1742 2613 1793 sive
2657 1740 2723 1793 ad
2771 1741 3122 1810 sumptionem
3153 1741 3328 1794 carnis
3353 1739 3585 1801 Christi,
3635 1755 3728 1804 per

477 1831 557 1882 dis
577 1843 732 1898 supra
785 1829 921 1885 dicta
971 1832 1332 1899 interpretatio
1378 1833 1684 1887 convenit:
1737 1834 1904 1901 primo
1953 1851 2044 1903 ρει·
2139 1829 2321 1883 decem
2346 1844 2538 1884 sensus
2566 1840 2619 1884 et
2653 1839 2897 1898 quatuor,
2931 1831 3122 1898 quibus
3149 1831 3309 1883 homo
3345 1837 3596 1884 constat:
3623 1828 3727 1880 Im-

479 1926 759 1977 transitum
789 1923 996 1977 Domini
1025 1924 1089 1976 ad
1119 1925 1419 1988 vindictam,
1452 1933 1510 1977 ut
1535 1923 1761 1978 dicitur:
1796 1925 2043 1979 Transibo

477 2032 564 2086 per
591 2025 772 2068 terram
812 2013 1046 2085 Egypti.
1083 2016 1204 2069 Sive
1235 2015 1370 2085 quod
1403 2015 1628 2068 vindicta
1676 2033 1768 2086 per
1795 2016 2040 2085 populum

481 2107 571 2160 Dei
616 2109 883 2173 transiret,
924 2107 1036 2162 sive
1082 2109 1330 2160 tramitns
1375 2107 1425 2162 iu
1476 2108 1636 2164 nube.
1684 2107 2042 2177 Spit'ilttaliler

478 2207 652 2252 autem
682 2200 932 2253 transitus
955 2200 1008 2253 in
1033 2200 1256 2253 vin-licia
1279 2199 1458 2266 jmlicii
1488 2198 1814 2266 intelligitur,
1847 2201 1956 2253 sive
1977 2201 2044 2253 de

481 2288 676 2341 mundo
718 2305 836 2343 cum
882 2292 1126 2346 omnibus
1179 2293 1376 2345 sanctis
1425 2291 1490 2346 ad
1544 2306 1707 2359 regna
1760 2289 2038 2344 calorum.

481 2373 754 2432 Transitus
779 2391 952 2434 autem
981 2379 1184 2433 Domini
1216 2397 1316 2433 non
1348 2383 1399 2434 in
1422 2380 1580 2444 nube,
1623 2379 1872 2430 auxilium
1906 2376 2044 2430 illius

480 2479 598 2519 cum
643 2473 841 2522 sanctis
881 2469 1161 2538 signiﬁcat.
1225 2469 1394 2523 Media
1433 2479 1603 2521 autem
1649 2478 1791 2520 nocte
1829 2466 2043 2535 populus

482 2553 649 2608 Israel
676 2571 738 2609 ea:
778 2555 1007 2626 /Egypto
1033 2574 1262 2625 egressus
1309 2569 1401 2618 est,
1445 2567 1490 2612 et
1522 2559 1854 2627 primoyeuita
1881 2556 2046 2608 occisa

481 2655 614 2698 sunt.
655 2643 783 2699 Item
813 2647 996 2700 eadem
1049 2647 1173 2700 hora
1201 2647 1458 2716 judicium
1490 2648 1668 2702 venire
1715 2657 1942 2716 putatur,
1993 2657 2045 2700 et

481 2737 647 2787 sancti
679 2735 831 2789 Israel
863 2736 929 2790 de
980 2739 1172 2790 mundo
1199 2738 1558 2807 egrediuntur,
1595 2748 1713 2807 post
1735 2755 1925 2808 sgnum
1954 2754 2044 2792 co-

481 2823 820 2891 medendum,
850 2826 899 2879 id
929 2834 1031 2893 est,
1067 2825 1330 2882 Christum
1353 2846 1366 2894 ;
1393 2839 1515 2884 tunc
1543 2829 1717 2884 omnis
1755 2831 1918 2883 virtus
1947 2829 2044 2883 ho-

483 2916 682 2966 minum
710 2917 1032 2970 mundalium
1063 2917 1430 2988 confringiaur.
1467 2921 1636 2975 Media
1683 2931 1858 2975 autem
1893 2929 2046 2975 nocte

485 3007 707 3072 ponulus
737 3007 920 3060 inferni
948 3011 1149 3062 solutus
1177 3023 1309 3076 erat,
1331 3021 1385 3065 et
1414 3012 1657 3066 diabolus
1683 3027 1801 3066 cum
1824 3012 1933 3066 suis
1957 3027 2038 3065 sa-

488 3097 740 3153 tellitibus
758 3097 979 3154 vinctus.
1014 3101 1109 3154 Hic
1134 3104 1291 3156 etiam
1318 3103 1509 3157 solutio
1539 3104 1676 3159 Petri
1698 3105 1869 3159 media
1889 3117 2042 3160 nocte

482 3189 753 3244 convenit.
778 3190 855 3244 Ad
881 3189 1038 3245 Israel
1065 3203 1236 3245 autem
1269 3193 1609 3248 liisturialiter
1627 3193 1849 3248 dicitur:
1877 3192 2043 3247 Tollat

484 3284 849 3354 unusquisque,
886 3294 938 3337 cl
969 3286 1192 3355 reliqua,
1227 3285 1275 3339 id
1307 3294 1408 3351 est,
1434 3295 1492 3340 ut
1521 3293 1692 3338 utrum
1728 3284 1924 3337 bonum
1954 3284 2041 3336 sit.

481 3376 683 3442 Agnus,
716 3385 772 3426 ut
801 3376 1040 3442 superius
1073 3376 1432 3443 exposuimus,
1476 3389 1570 3442 pro
1623 3376 1703 3428 his
1742 3374 1829 3443 qui
1859 3388 2042 3427 evase-

482 3475 603 3519 runt
631 3466 694 3518 ad
728 3477 944 3532 terram,
977 3467 1148 3531 idest,
1174 3467 1555 3534 promi~sionis.
1593 3467 1807 3531 Hmdus,
1844 3481 1936 3534 pro
1966 3465 2044 3519 his

482 3555 565 3620 qui
588 3554 638 3606 in
664 3571 842 3606 eremo
867 3556 1149 3620 pet'ieruut.
1185 3555 1528 3622 I’rimogcnita
1553 3556 1788 3625 .‘i'z'gypti,
1822 3571 1913 3621 pro
1937 3557 2043 3623 pri-

485 3645 760 3713 mogeuitis
787 3645 944 3698 lsracl
977 3648 1146 3698 occisa
1182 3655 1321 3698 sum.
1349 3645 1698 3714 Primogcuita
1725 3657 1898 3698 autem
1925 3661 2044 3712 pec-

483 3745 738 3794 catorum,
761 3749 826 3789 eo
852 3737 990 3804 quod
1028 3737 1110 3788 illa
1138 3737 1286 3790 idolis
1317 3736 1741 3789 immolaverunt.
1775 3738 1872 3802 Qui
1903 3739 2043 3789 enim

483 3825 620 3893 pleni
673 3827 882 3903 maliti}:
926 3837 1102 3890 erunt,
1135 3825 1341 3894 plenam
1381 3826 1664 3880 vindictam
1716 3831 2040 3877 meruerunt.

483 3918 631 3984 Quod
677 3932 850 3972 autem
896 3919 1086 3972 dicitur
1119 3937 1129 3970 :
1168 3917 1228 3970 In
1265 3920 1360 3972 diis
1390 3920 1591 3972 illorum
1625 3918 1740 3986 fecit
1769 3918 2041 3987 judicium,

486 4009 687 4064 Hebra'i
735 4019 1010 4064 autumant
1053 4011 1192 4081 quod
1231 4021 1384 4065 nocte
1423 4012 1508 4063 illa
1540 4027 1640 4078 qua
1684 4025 1928 4076 egressus
1966 4019 2046 4064 est

484 4103 704 4170 pOpulus
739 4101 895 4155 Israel
925 4105 1101 4155 omnia
1146 4103 1341 4169 templa
1376 4102 1745 4172 Egyptiornm
1775 4101 2042 4155 destructa

482 4204 625 4256 sunt,
681 4194 798 4247 sine
854 4203 1179 4248 terrmmotu.
1235 4195 1588 4262 Spiritualiter
1641 4204 1838 4257 autem,
1905 4194 2044 4262 quod

482 4285 870 4352 egredientibus
923 4284 1072 4337 nobis
1115 4284 1182 4338 de
1231 4285 1409 4336 inundi
1452 4285 1719 4337 erroribus
1761 4285 1898 4336 idola
1929 4300 2046 4337 cur-

2069 3056 2118 3122 C

2142 1923 2356 1976 molatio
2397 1924 2513 1992 agni
2543 1933 2733 1993 quarto
2779 1925 2986 1979 decimo
3029 1924 3116 1980 die
3157 1923 3428 1988 convenit,
3457 1925 3588 1992 quia
3618 1923 3724 1977 Περ

2138 2012 2298 2068 sraim
2326 2025 2515 2082 quarto
2539 2013 2746 2069 decimo
2772 2018 2837 2069 ab
2866 2015 3030 2069 Adam
3061 2016 3233 2084 primo
3257 2015 3579 2084 sanguinem
3612 2015 3724 2069 ido-

2143 2103 2206 2158 lis
2234 2102 2546 2166 immolavit,
2581 2118 2745 2173 usque
2772 2105 2835 2157 ad
2863 2105 3002 2158 diem
3036 2105 3341 2158 vicesimum
3374 2104 3636 2174 primum.
3669 2107 3719 2158 id

2140 2204 2241 2259 est,
2287 2194 2338 2246 in
2385 2193 2567 2263 ﬁguris
2613 2193 2836 2248 duarum
2884 2195 3079 2262 legum.
3131 2203 3187 2249 el
3217 2195 3427 2248 illarum
3472 2196 3719 2249 unitatis.

2143 2283 2390 2353 Ejusdem
2421 2284 2640 2348 mensis,
2670 2283 2720 2337 id
2751 2293 2851 2349 est,
2876 2284 3369 2340 Novi'l'ostameuti.
3393 2285 3716 2346 Deadaenis.

2142 2385 2195 2429 et
2239 2373 2462 2442 reliqua.
2509 2373 2740 2428 Advena:
2788 2375 3010 2445 gentiles
3038 2374 3370 2446 signiﬁcant;
3422 2377 3717 2445 indigeam,

2142 2465 2371 2528 Judaeos,
2423 2475 2559 2518 terra
2607 2465 2860 2521 Ecclesia.
2908 2463 3175 2538 Hyssopus
3214 2454 3388 2521 :intem
3440 2471 3609 2521 herba
3641 2479 3718 2521 est

2144 2555 2354 2610 humilis
2381 2573 2394 2620 ;
2433 2557 2553 2626 quia
2582 2567 2768 2625 pectus
2800 2569 3002 2624 purgat.
3049 2559 3265 2622 figuram
3296 2559 3492 2613 Christi
3545 2572 3713 2615 tenet.

2145 2647 2365 2703 Humilis
2394 2649 2444 2701 in
2470 2649 2830 2716 assumptione
2852 2651 3045 2704 carnis.
3071 2649 3376 2705 Fasriculus
3401 2655 3638 2725 Ιιρμς--νρὶ,
3669 2657 3714 2706 id

2144 2747 2246 2806 est,
2272 2738 2557 2793 credulitas
2588 2741 2970 2795 lucarnationis
3008 2743 3205 2796 Christi
3240 2755 3289 2796 et
3324 2744 3625 2798 divinitatis
3658 2747 3715 2798 il-

2146 2829 2244 2885 lius
2292 2832 2602 2897 corporibus
2654 2831 2828 2888 inesse
2881 2834 3058 2889 debet.
3109 2834 3247 2889 Tulit
3295 2838 3454 2907 igitur
3496 2841 3715 2905 papulas

2144 2937 2462 2989 conspersum
2491 2923 2729 2992 farinam,
2761 2923 2810 2976 id
2839 2933 2939 2986 est,
2979 2925 3205 2978 litteram
3241 2929 3368 2996 legis
3388 2941 3509 2980 cum
3540 2930 3714 2995 vperi-

2148 3009 2243 3063 bus
2283 3010 2434 3062 bonis
2461 3011 2777 3063 carnalibus.
2821 3011 3046 3079 Pupulus
3086 3011 3504 3066 Christianorum
3545 3016 3713 3082 legi-ru

2145 3113 2378 3166 sparsam
2408 3114 2563 3152 sensu
2595 3101 2756 3167 ligans
2802 3100 2853 3152 iu
2877 3103 3026 3169 palis,
3063 3102 3112 3155 id
3142 3113 3244 3166 est,
3275 3106 3400 3172 iugo
3449 3106 3588 3168 vitae,
3618 3116 3666 3157 ut
3699 3124 3710 3156 :

2146 3189 2204 3243 Si
2225 3192 2337 3256 quis
2368 3190 2471 3242 vult
2499 3189 2667 3242 venire
2696 3199 2806 3250 post
2847 3207 2942 3256 me,
2972 3201 3024 3244 et
3063 3193 3285 3260 reliqua.
3323 3196 3436 3250 Vita
3468 3199 3609 3251 enim
3637 3212 3712 3252 est

2145 3280 2508 3332 mandatorum
2555 3279 2813 3347 ii-pletio.
2857 3278 3112 3347 Praecepit
3164 3285 3355 3340 dehinc
3398 3285 3535 3343 Deus
3568 3298 3624 3339 ut
3653 3290 3713 3339 ab

2145 3366 2409 3438 Egyptiis
2437 3367 2533 3421 sihi
2564 3367 2895 3422 commodam
2940 3381 3207 3438 peterent;
3237 3375 3312 3426 sic
3346 3376 3568 3442 populus
3599 3391 3713 3444 pro-

2147 3449 2411 3521 ﬁciscens,
2446 3475 2574 3513 auro
2602 3469 2655 3514 et
2682 3471 2902 3528 argento
2929 3463 3240 3529 cxspoliavit
3271 3462 3548 3535 Egyptios
3569 3467 3712 3535 jussu

2146 3551 2238 3604 Dei
2275 3549 2402 3602 nihil
2438 3550 2625 3617 injuste
2649 3548 2903 3618 jubentis.
2935 3551 2990 3606 lu
3017 3567 3144 3605 auro
3172 3562 3227 3608 et
3250 3563 3466 3623 argento
3489 3565 3540 3608 et
3575 3565 3714 3607 veste

2147 3637 2538 3708 Egyptiorum,
2583 3639 2943 3709 signiﬁCantnr
2982 3641 3223 3709 quaedam
3275 3643 3552 3705 doctrinm,
3601 3660 3714 3712 qua:

2145 3729 2525 3783 ecusm-tudiue
2554 3730 2827 3798 gentilium
2860 3748 2964 3784 non
3009 3733 3174 3784 inutili
3211 3732 3392 3786 studio
3420 3733 3711 3786 discuntur.

2147 3816 2210 3870 Et
2240 3817 2392 3870 aliter
2414 3833 2596 3870 aurum
2621 3829 2672 3871 et
2693 3830 2964 3886 argentum
2990 3819 3358 3888 Egyptiorum
3382 3822 3572 3873 animre
3595 3831 3716 3874 sunt

2146 3921 2268 3961 cum
2311 3908 2420 3959 suis
2473 3909 2631 3960 etiam
2679 3910 3010 3974 Corporibus,
3043 3909 3182 3978 quod
3233 3917 3408 3963 vestes
3459 3909 3717 3978 signiﬁcat

2144 3998 2422 4068 iungentes
2443 4012 2500 4051 se
2523 3999 2715 4066 populo
2739 3998 2847 4053 Dei.
2873 4000 3006 4065 Quid
3029 4011 3202 4054 autem
3235 3999 3529 4069 signiﬁcent
3555 3999 3714 4054 Ratu-

2150 4103 2377 4155 masses,
2410 4095 2463 4141 et
2490 4098 2697 4140 ca'terte
2728 4089 3048 4153 mansiones,
3096 4103 3213 4142 cum
3245 4087 3314 4143 de
3353 4087 3717 4143 mansionibus

2147 4180 2326 4235 dicere
2364 4181 2700 4246 eruperimus,
2741 4177 3159 4247 explauabimus.
3205 4177 3384 4232 Omnis
3431 4178 3715 4248 alienigena

2149 4290 2248 4326 non
2269 4273 2493 4326 comedet
2519 4289 2581 4327 ea:
2607 4289 2685 4326 eo.
2715 4272 2900 4328 Omnis
2917 4273 3144 4327 infidelis
3171 4288 3275 4327 non
3299 4275 3534 4328 vescitur
3555 4287 3714 4326 carne

483 4385 655 4438 ruant,
703 4383 758 4430 et
808 4375 1134 4443 quatiuntur.
1167 4372 1450 4428 Fermeuto
1495 4382 1668 4425 autem
1720 4373 1927 4426 subluto
1967 4373 2044 4427 sic
2077 4363 2366 4454 DChl’lSli.
2403 4365 2577 4417 Omnis
2615 4380 2783 4419 servus
2817 4365 3068 4432 emptitius
3098 4357 3508 4427 circumcidet'ur,
3553 4374 3600 4417 et
3646 4365 3714 4417 sic

483 4465 905 4530 proﬁciscuntur.
963 4466 1030 4519 Et
1067 4480 1164 4519 nos
1209 4474 1464 4518 exeuntes
1513 4479 1580 4518 ex
1617 4462 1843 4533 .£gypto
1891 4463 2048 4532 hujus

485 4556 685 4621 mundi,
719 4573 821 4610 non
853 4556 1182 4612 ambulemus
1221 4558 1271 4610 in
1303 4557 1563 4611 fermento
1601 4555 1838 4609 malilizc.
1872 4553 1938 4608 Et
1971 4556 2050 4609 illi

483 4653 670 4712 septem
695 4647 868 4700 diebus
895 4664 1076 4716 azyma
1111 4649 1452 4702 comederunt.
1489 4648 1553 4701 Et
1579 4661 1673 4701 nos
1699 4660 1900 4712 septem
1937 4647 2045 4702 die-

485 4740 582 4793 bus
610 4739 720 4806 puri
750 4754 814 4792 ac
855 4741 1184 4807 simpliciter,
1215 4741 1404 4810 quibus
1439 4741 1668 4796 mundus
1697 4742 1796 4795 iste
1845 4741 2050 4809 peragi-

485 4839 591 4889 tur,
613 4826 749 4878 vesri
772 4826 1042 4890 debemus,
1066 4838 1122 4880 et
1141 4830 1372 4896 quatidie
1395 4829 1546 4883 nobis
1566 4844 1730 4899 agnus
1753 4829 2045 4890 occidatur,

484 4928 534 4972 et
562 4917 792 4983 quotidie
820 4917 1017 4970 Pascha
1043 4918 1440 4973 celebravimus.
1470 4920 1592 4974 Haec
1622 4937 1827 4989 quoque
1855 4919 2049 4984 templa

486 5011 750 5062 idolorum
781 5008 1048 5063 destructa
1079 5009 1356 5073 signiﬁcat,
1388 5010 1666 5065 adventum
1695 5012 1964 5066 Christum
1998 5011 2047 5062 in

488 5097 796 5168 Egyptum,
846 5113 952 5165 quo
1002 5099 1285 5152 simulacra
1335 5099 1546 5169 Egypti
1595 5103 1858 5156 destrmta
1905 5109 2045 5154 sunt.

483 5191 688 5242 Occisio
719 5200 891 5243 autem
923 5190 1318 5244 rationabilium
1347 5202 1398 5243 et
1426 5191 1886 5259 irrationabiliuui,
1905 5193 2014 5245 ucci
2033 5219 2048 5230 -

485 5273 689 5324 sionem
723 5274 990 5327 hominum
1018 5287 1069 5330 et
1091 5274 1451 5343 jumentorum
1477 5273 1526 5326 in
1553 5277 1681 5328 muri
1709 5277 1908 5338 ltuhro,
1938 5279 2051 5328 sive

484 5373 766 5427 corporum
813 5372 867 5414 et
894 5365 1210 5426 animarum,
1257 5367 1367 5420 sive
1415 5365 1588 5433 plagas
1622 5381 1949 5432 peccatorum
1997 5366 2048 5418 in

489 5450 737 5515 prtescnti
767 5459 820 5503 et
849 5454 897 5504 iu
930 5453 1120 5507 futuro.
1156 5457 1511 5523 Primogenita
1554 5468 1726 5511 autem
1777 5459 2052 5528 Egyptio-

488 5558 604 5596 rum
637 5543 810 5596 occisa
840 5557 980 5607 sunt,
1015 5559 1068 5600 ut
1104 5549 1199 5602 hoc
1230 5548 1499 5620 (Egnatios
1531 5551 1808 5618 impediret
1839 5552 1903 5606 de
1933 5565 2053 5620 per-

490 5636 758 5688 scontione
781 5634 960 5689 Israel.

2151 4459 2393 4509 comedet.
2425 4457 2608 4512 Omnis
2638 4473 2793 4526 quem
2823 4456 2951 4512 emit
2977 4457 3230 4525 sanguine
3257 4471 3376 4520 suo,
3408 4457 3565 4512 debet
3598 4472 3714 4512 esse

2149 4562 2333 4603 servus
2373 4549 2588 4618 Chrisﬁ,
2619 4558 2671 4604 et
2699 4550 2997 4606 circumcidi
3030 4551 3190 4616 vitiis,
3223 4551 3395 4615 et,sie
3431 4549 3708 4605 comedere

2149 4654 2340 4706 corpus
2369 4642 2584 4695 Christi.
2618 4643 2822 4696 Advena
2859 4653 2910 4698 et
2948 4645 3282 4697 mercenarius
3317 4659 3418 4696 non
3458 4641 3710 4695 comedat

2151 4749 2212 4784 ex
2241 4734 2348 4787 illo.
2384 4734 2618 4799 Advena,
2671 4737 2759 4802 qui
2789 4751 2954 4802 nuper
3001 4737 3142 4791 venit
3188 4736 3238 4788 in
3279 4734 3458 4798 fidem,
3490 4743 3548 4786 ut
3593 4740 3709 4786 suat

2153 4823 2423 4892 neOphyti.
2477 4823 2834 4878 Mercenarius
2880 4835 3053 4879 autem
3099 4832 3183 4879 est
3221 4822 3310 4890 qui
3362 4835 3458 4888 pro
3507 4828 3708 4874 terrm

2154 4921 2352 4965 tantum
2381 4913 2528 4968 lucro
2552 4916 2777 4980 laborat,
2802 4926 2857 4969 et
2882 4916 3078 4969 nullum
3103 4915 3152 4966 in
3183 4913 3415 4966 futurum
3441 4913 3706 4980 praemium

2152 5003 2365 5068 requirit
2411 5021 2421 5055 :
2468 5004 2500 5056 ii
2545 5019 2670 5058 sane
2717 5020 2820 5058 nou
2868 5011 2991 5056 sunt
3032 5001 3172 5069 digni
3228 5001 3474 5068 accipere
3525 5016 3708 5069 corpus

2152 5094 2364 5148 Chrisﬁ.
2397 5095 2459 5148 In
2493 5113 2591 5148 una
2617 5099 2766 5149 domo
2799 5095 3109 5155 comedelur.
3151 5093 3200 5146 id
3231 5103 3336 5159 est,
3367 5096 3419 5149 in
3459 5095 3705 5153 Ecclesia.

2157 5185 2270 5240 Uua
2295 5201 2366 5238 est
2408 5189 2555 5249 enim,
2605 5189 2793 5255 inquit,
2839 5185 3072 5238 columba
3116 5201 3249 5247 mea.
3297 5200 3365 5239 ne
3397 5186 3542 5243 foras
3567 5197 3705 5243 eam

2156 5276 2444 5328 limes-iam
2481 5277 2528 5328 in
2571 5278 2774 5343 plebem
2806 5275 3168 5330 haereticorum
3202 5277 3420 5331 feratur.
3458 5277 3706 5332 Prohibe.

2155 5381 2270 5418 mur
2299 5379 2412 5432 quae
2444 5365 2640 5419 Pascha
2675 5369 2941 5420 liuntossa
2969 5365 3085 5433 agni
3117 5365 3382 5438 frangere.
3425 5368 3541 5426 Non
3577 5368 3710 5423 fran—

2154 5467 2348 5527 guutur
2375 5459 2423 5509 in
2452 5473 2608 5513 cruce
2643 5474 2762 5532 ossa
2798 5459 3023 5511 Domini.
3055 5458 3178 5514 Sive
3209 5463 3352 5530 quod
3381 5462 3510 5528 dicit
3545 5481 3559 5517 :
3592 5461 3712 5514 0m

2156 5549 2294 5601 itiius
2372 5565 2471 5602 nou
2553 5551 2936 5614 comminuetis;
3017 5551 3281 5620 prohibuit
3353 5553 3710 5609 credulitatem

2159 5640 2349 5695 Christi
2397 5641 2686 5695 divinitatis
2731 5643 3105 5699 comminuere.
3175 5644 3340 5700 Omne
3384 5649 3712 5699 masculinam

3640 266 3748 323 508

1748 387 1758 420 :
1793 369 2047 438 Arcingile
2076 375 2121 430 Α
2223 369 2409 425 Peribit
2438 375 2609 429 anima
2631 376 2694 429 de
2723 375 2905 439 Israel.
2936 377 2984 430 id
3015 390 3116 446 est,
3146 379 3454 449 quicunque
3482 398 3547 435 ea
3579 387 3746 438 uoltis

393 475 402 484 “
480 465 674 518 lumbos
713 465 888 517 mentis
926 474 1119 530 vestra,
1145 463 1196 518 id
1239 474 1340 530 est,
1370 475 1576 518 mentes
1605 479 1664 517 ac
1701 464 1879 534 ’ngite.
1920 465 2046 520 Sive

484 557 622 622 quod
663 555 874 619 dicitur,
907 569 1028 623 pars
1060 570 1155 624 pro
1185 563 1297 609 toto
1326 556 1660 624 intelligitur.
1701 555 2048 611 Cati-eumeum
2078 607 2084 613 .
