3872 6262
137 329 248 388 50'.)

945 325 1008 380 IN
1048 321 1608 380 PENTATEUCIIUM
1649 317 2138 374 C(IIIIIENI‘ARII.
2185 351 2241 359 -
2293 319 2594 378 EXODUS.

3277 318 3380 373 SIO

135 443 303 505 illius,
327 455 473 493 omne
492 436 633 493 virile
648 437 785 491 illius
809 437 856 489 in
881 446 1102 501 peccato.
1132 434 1376 488 Fecerunt
1399 434 1494 503 ﬁlii
1522 431 1704 495 Israel,
1737 436 1778 491 A
1813 434 1978 488 Iulum
1997 433 2201 498 fuit,sie
2223 443 2274 486 et
2291 433 2549 487 columna:
2575 430 2818 484 insoluta:
2843 431 3074 483 luerunt.
3106 429 3226 482 Dure
3249 445 3378 497 quo-

137 544 307 598 usque
334 531 524 583 Aaron.
557 528 762 599 lloyses
792 536 840 580 et
881 529 1053 580 Aaron
1087 524 1508 593 frequentissime
1536 524 1706 589 lcgcin

85 686 88 688 γ
134 628 194 672 et
232 619 586 673 sacerdotium
627 618 955 686 signiﬁcant;
992 615 1081 668 ﬁlii
1115 615 1292 682 Israel,
1323 613 1619 668 credentes.
1656 613 1706 667 ln

136 723 268 770 uno,
308 722 467 764 omne
498 709 922 776 primogenimm.
967 706 1075 759 lloc
1123 707 1346 771 primum
1389 704 1706 757 sacriﬁcium

133 798 456 864 postulatur,
489 813 551 853 ac
588 799 629 852 si
663 798 857 852 diceret
887 797 1136 850 Dominu.
1168 815 1180 848 :
1213 795 1567 864 Primogenita
1619 809 1708 848 ve-

131 897 250 939 Stra
285 885 713 950 immolate,dum
747 885 909 938 vestri
941 901 1098 938 causa
1131 886 1476 954 primogenita
1493 883 1708 953 Egypti

131 977 334 1033 occidi.
384 977 491 1032 Nos
542 986 716 1031 autem
766 976 1108 1044 spiritualiter
1147 978 1318 1044 ‘opera
1371 987 1548 1029 nostra
1603 975 1709 1028 Deo

132 1067 330 1122 oﬂ'erre
353 1069 632 1129 debemus.
654 1078 711 1122 ut
732 1076 815 1122 est
836 1067 979 1121 alibi.
1015 1066 1323 1132 Prtecipitur
1351 1074 1527 1121 autem
1559 1066 1710 1119 nobis

131 1166 196 1210 nt
224 1173 436 1226 setnper
469 1158 668 1213 Pascha
698 1157 1052 1219 celebremus,
1092 1157 1140 1209 id
1166 1165 1265 1215 est.
1311 1156 1588 1210 transitum
1616 1172 1709 1210 no-

127 1261 304 1304 Strtttn
333 1251 395 1304 a'd
421 1251 638 1305 meliora
667 1251 730 1304 de
765 1250 1053 1317 pegoribus.
1103 1249 1165 1301 Et
1210 1249 1556 1317 primogenita
1603 1249 1711 1302 Deo

128 1354 508 1394 cinisecremns
541 1350 840 1395 nostrorum
891 1354 1133 1407 operum,
1165 1340 1250 1403 qui
1286 1355 1382 1401 pro
1415 1339 1564 1393 nobis
1602 1339 1711 1392 dre-

131 1444 321 1482 nlmies
350 1429 560 1484 occidit.

729 1519 953 1574 CAPUT
983 1517 1115 1572 XIII.

207 1609 359 1676 Quod
409 1620 591 1680 aperta
641 1611 792 1664 vulva
845 1609 953 1665 Deo
1000 1608 1326 1674 immolatur,
1379 1610 1428 1663 in
1492 1611 1707 1679 ﬁguram

126 1698 328 1754 Cltri~ti
367 1703 573 1754 vultum
616 1700 832 1770 virginis
883 1700 1057 1754 Marie
1093 1699 1398 1767 aperientis.
1448 1701 1521 1754 De
1555 1702 1709 1755 domo

1807 541 1908 592 que
1933 524 2192 578 columna:
2223 523 2354 578 duas
2377 523 2639 577 Ecclesias
2658 524 2905 588 ﬁgurant,
2925 521 2973 572 id
3006 531 3085 574 est
3108 521 3308 574 Veteris
3325 531 3378 574 ct

1809 615 1935 668 Novi
1970 615 2311 678 Testamenti,
2345 617 2395 668 in
2425 615 2612 684 quibus
2641 613 2890 679 loquitur.
2925 611 3092 664 Aliter
3127 612 3373 664 columna

1810 707 1942 773 ignis
1972 706 2022 756 iu
2056 717 2227 770 nocte,
2262 705 2507 759 divinitas
2551 706 2600 756 in
2636 718 2793 756 carne
2834 702 3048 770 virginis
3081 701 3280 767 λιιι-ιω,
3317 711 3374 754 ιιι

1808 797 1997 850 dicitur
2025 813 2038 850 ι
2067 798 2288 866 Spiritus
2338 809 2542 851 sanctus
2588 795 2893 865 superveniet
2949 796 2997 845 in
3048 804 3110 845 tc.
3149 793 3372 860 Utroque

1810 898 2048 956 tempore,
2081 889 2128 940 id
2157 899 2258 948 est,
2296 888 2378 940 hic
2408 897 2459 943 et
2489 888 2540 940 in
2571 888 2764 940 futuro.
2801 886 3070 954 Nunquam
3101 885 3257 952 defuit
3282 898 3368 935 co-

1811 979 2003 1040 (utrum,
2029 985 2080 1030 et
2111 978 2322 1046 reliqua.
2353 977 2462 1030 lloc
2485 975 2745 1045 signiﬁeat
2766 1017 2778 1039 ,
2812 975 2950 1044 quod
2984 975 3103 1026 alibi
3131 973 3322 1026 dicitur
3356 991 3368 1025 ;

1810 1066 1999 1122 Civium
2033 1081 2076 1122 et
2100 1079 2228 1121 lcrm
2255 1070 2553 1133 transibunt,
2579 1069 2718 1122 verba
2747 1078 2912 1121 autem
2944 1084 3048 1120 mea
3077 1082 3172 1119 non
3200 1073 3370 1117 trans-

1812 1172 1946 1212 t‘mtl.

2384 1249 2608 1305 Cll‘L'T
2657 1250 2790 1304 .\'I\'.

1881 1340 1911 1391 J
1957 1341 2064 1392 uti!
2088 1343 2241 1408 igitur
2278 1342 2481 1393 Pharao
2527 1358 2766 1403 currunt;
2799 1343 2846 1392 id
2879 1351 2977 1403 est,
3014 1340 3206 1391 tllill‘UL
3243 1353 3372 1405 qna-

1813 1434 2004 1501 drigas.
2042 1437 2304 1503 Quadriga
2336 1435 2556 1501 diaboli,
2591 1435 2957 1504 unusquisque
2985 1445 3229 1501 peccator
3252 1449 3370 1488 cuin

1811 1528 1928 1592 gula
1949 1539 2001 1581 et
2019 1528 2391 1594 loruicatime,
2407 1538 2458 1583 et
2481 1529 2582 1594 ira,
2601 1537 2657 1585 et
2673 1528 2942 1598 superbia.
2959 1528 3214 1582 Percussit
3238 1531 3374 1598 virga

1817 1614 2019 1686 Moyses
2076 1633 2266 1687 aquas,
2308 1629 2354 1672 et
2401 1619 2712 1672 transierunt
2756 1620 2852 1688 ﬁlii
2899 1616 3083 1674 Israel.
3139 1618 3375 1672 Rubrum

1818 1721 1963 1761 mare
1993 1708 2258 1777 signiﬁcat
2289 1709 2629 1778 baptismum,
2661 1708 2856 1766 Christi
2898 1712 3153 1780 sanguine
3180 1725 3370 1765 conse«

125 1805 222 1842 ser:
244 1790 405 1855 italis,
439 1791 489 1844 id
522 1799 621 1853 est,
653 1789 720 1843 de
745 1785 996 1857 Egypto,
1030 1788 1355 1855 quaedicitur
1382 1790 1572 1844 domus
1590 1805 1708 1844 ser-
1740 1773 1786 1833 Β
1816 1811 2041 1854 cratum.
2078 1799 2230 1868 Virga
2257 1810 2432 1855 autem
2465 1817 2563 1867 qua
2595 1817 2738 1855 mare
2765 1773 3022 1871 tangitur,
3050 1802 3186 1856 sicut
3216 1816 3372 1870 supra

125 1883 339 1943 vitulis,
387 1883 526 1951 quod
582 1881 741 1935 Israel
798 1882 866 1934 ibi
919 1881 1157 1935 servivit.
1214 1880 1304 1934 Vel
1358 1882 1498 1949 quod
1553 1882 1709 1936 idzdfs

127 1973 506 2044 rEgyptiurum
538 1975 864 2038 servierunt,
893 1973 1005 2027 sive
1030 1972 1169 2041 quod
1199 1973 1383 2040 quinta
1418 1988 1536 2040 pars
1574 1975 1708 2042 regi-

130 2065 229 2117 lius
259 2065 503 2117 dabatur.
550 2064 614 2116 lu
647 2079 813 2116 mense
854 2079 1115 2122 natorum,
1164 2062 1212 2115 id
1244 2071 1349 2128 θεῖ,
1380 2063 1429 2114 iu
1461 2079 1616 2120 ιιοκο.
1652 2074 1709 2119 ιιι

124 2155 321 2209 dicitur
366 2173 376 2207 :
437 2154 762 2208 Renovamini
809 2165 975 2207 autem
1025 2156 1204 2224 spiritu
1253 2156 1448 2210 mentis.
1505 2156 1709 2221 Septem

125 2250 330 2314 diebus,
378 2259 431 2303 et
478 2248 700 2317 reliqua.
745 2249 818 2302 De
849 2249 948 2302 hoc
976 2249 1100 2302 al.bi
1130 2248 1327 2303 dicitur
1358 2267 1366 2299 :
1404 2251 1580 2302 Untnis
1627 2267 1709 2302 so-

126 2341 366 2391 lenmitas
393 2339 532 2406 apud
566 2337 805 2391 Hebrive.»-
835 2339 1042 2407 septimo
1074 2338 1155 2392 die
1181 2339 1412 2405 ﬁniatur.
1446 2337 1707 2407 Primoge-

121 2430 237 2480 nfta
264 2429 395 2481 asini
427 2443 590 2496 usque
635 2429 928 2495 interﬁcies.
969 2428 1032 2484 Ut
1065 2429 1198 2482 bona
1242 2431 1408 2482 virtus
1452 2444 1545 2497 pro
1587 2433 1711 2484 vitio

124 2519 452 2573 ininiutetnr.
484 2517 632 2585 Quod
665 2520 708 2574 si
749 2521 866 2586 quis
913 2519 1104 2571 bonam
1161 2518 1408 2573 virtutem
1456 2536 1550 2585 pro
1582 2522 1710 2573 vitio

125 2623 232 2660 n0n
270 2609 533 2672 habuerit,
571 2618 742 2662 tamen
786 2609 990 2662 occidat
1030 2609 1211 2662 vitium
1261 2625 1436 2664 suum.
1477 2610 1712 2680 Tulitque
1765 2611 1768 2614 ’

126 2697 336 2768 Moyses
384 2713 499 2750 ossa
526 2695 741 2766 Ioseph.
777 2696 871 2749 llic
901 2697 1198 2751 Ostenditur
1236 2698 1374 2766 quod
1402 2699 1536 2754 ﬁlios
1563 2699 1711 2768 jura-

130 2797 370 2842 tnentmn
396 2795 598 2854 patrum
623 2800 838 2840 suorum
864 2795 979 2854 post
1003 2796 1226 2840 mortem
1252 2787 1459 2841 illorum
1485 2789 1707 2859 implere

124 2889 362 2950 «portet.
397 2877 536 2932 Deus
563 2888 729 2932 autent
772 2877 1103 2946 prazcedebat,
1136 2888 1188 2932 et
1222 2880 1448 2948 reliqua.
1479 2879 1589 2934 Iloc
1627 2882 1708 2934 lu-

124 2988 247 3027 men
281 2972 418 3025 ﬁlius
447 2970 605 3024 Israel
634 2968 836 3024 anteire
864 2969 1078 3032 dicitur,
1107 2977 1164 3022 ut
1185 2968 1377 3024 dicitur
1407 2986 1421 3023 :
1451 2969 1584 3024 Deus
1614 2988 1707 3024 au-

124 3077 223 3118 tem
254 3063 564 3134 prwcedebat
592 3061 732 3125 illos,
759 3070 812 3114 ct
843 3069 962 3128 post
993 3060 1112 3115 illos
1131 3061 1308 3130 aliquo
1337 3062 1492 3115 modo
1525 3063 1704 3128 ﬁebat,

125 3155 340 3225 quando
371 3155 507 3210 inter
539 3155 790 3223 pepulum
820 3151 977 3207 Israel
1013 3160 1065 3206 et
1096 3151 1330 3223 Egyptii
1371 3154 1704 3210 interierunt.

125 3246 507 3300 Columnarum
533 3254 710 3297 autent
743 3243 961 3316 materia
992 3242 1272 3309 indicatur,
1305 3244 1440 3299 sicut
1460 3249 1706 3300 columna

127 3339 288 3393 nubis
315 3339 382 3391 de
408 3338 636 3392 noctein
663 3337 751 3391 die
774 3337 1098 3403 remanebat,
1123 3337 1199 3390 sic
1226 3349 1279 3392 et
1306 3340 1548 3392 columna
1574 3339 1707 3405 ignis

129 3432 197 3485 de
235 3431 324 3485 die
357 3432 408 3483 in
441 3439 594 3484 nocte
631 3428 810 3483 ﬁebat.
847 3428 936 3481 lla:
984 3439 1160 3481 autem
1208 3429 1466 3482 columna:
1506 3430 1556 3482 iu
1587 3444 1709 3482 aere

128 3524 343 3577 luerunt
373 3524 508 3576 inter
539 3522 730 3576 ccelum
763 3531 815 3573 et
846 3530 1062 3574 terram.
1099 3517 1274 3574 Nubes
1302 3530 1479 3574 autem
1540 3520 1590 3572 in
1622 3521 1709 3573 die

127 3623 365 3668 veterem
412 3583 580 3680 legein
634 3625 753 3664 eum
810 3610 1132 3664 obscuritate
1184 3609 1373 3662 litterte
1426 3610 1703 3678 signiﬁcat.

128 3705 384 3760 Columna
439 3717 564 3757 vero
615 3701 772 3769 ignis,
820 3699 988 3767 legem
1045 3699 1165 3754 novi
1220 3701 1543 3763 testamenti,
1602 3711 1703 3754 ut:

129 3795 302 3866 lgnita
323 3794 456 3848 enim
485 3803 600 3846 sunt
627 3790 828 3860 eloquia
855 3788 980 3853 Dei,
1004 3799 1057 3843 et
1091 3807 1103 3843 :
1140 3787 1298 3858 Ignea
1327 3790 1408 3843 le:
1426 3789 1478 3841 in
1501 3791 1708 3844 dextera

128 3888 290 3952 illius,
321 3887 372 3939 id
405 3893 504 3949 est,
535 3883 780 3938 Christus
822 3883 872 3937 in
912 3881 1126 3937 dextera
1171 3881 1264 3936 Dei
1294 3881 1484 3936 Patris.
1514 3883 1704 3950 Aliter,

128 3979 240 4032 dies
270 3980 322 4031 in
355 3993 457 4046 quo
489 3977 655 4031 nubes
685 3974 784 4030 l'uit
812 3973 1215 4042 prosperitatem
1248 3973 1404 4041 hujus
1427 3975 1606 4029 mundi
1630 3975 1707 4030 si-

129 4069 345 4138 gniﬁcat
373 4082 491 4120 cum
524 4065 688 4121 veleri
719 4066 852 4131 lege.
889 4063 955 4118 Ut
981 4079 1094 4134 qua:
1129 4065 1260 4117 bona
1295 4073 1410 4117 sunt
1446 4074 1614 4130 terrte,
1655 4073 1708 4120 et

128 4159 354 4228 reliqua.
396 4157 649 4210 Columna
680 4170 808 4209 vero
851 4153 986 4223 ignis
1026 4153 1079 4206 in
1111 4161 1267 4209 nocte
1308 4169 1499 4208 novum
1545 4163 1704 4209 testa-

131 4262 367 4306 mentum
399 4251 449 4303 in
481 4249 803 4302 obscuritate
843 4245 1235 4316 mysteriorum,
1285 4249 1369 4302 vel
1402 4250 1454 4300 in
1485 4263 1696 4316 compa.

130 4341 336 4396 ratione
366 4341 487 4393 vita:
534 4335 744 4389 futurae.
776 4335 923 4389 Sicut
953 4335 1092 4388 enim
1119 4349 1313 4389 novum
1359 4336 1525 4391 veteri
1563 4351 1701 4404 prae-

131 4432 317 4495 fertur,
343 4430 413 4482 ita
437 4437 489 4481 et
514 4426 628 4481 dies
655 4423 837 4493 judieii
867 4439 1058 4477 novum
1083 4434 1315 4491 superat.
1343 4425 1623 4479 Ambulant
1645 4426 1697 4479 in
1731 4446 1781 4505 Ι)

133 4535 285 4576 noue
319 4530 368 4571 et
406 4519 512 4583 die,
545 4518 595 4570 in
637 4517 855 4582 ﬁguram
886 4515 1270 4566 ambulantium
1313 4515 1364 4566 in
1394 4518 1622 4582 peccatis
1647 4525 1703 4570 et

133 4614 182 4663 in
209 4609 414 4680 justitia
445 4608 510 4661 de
539 4605 741 4658 semine
784 4605 1012 4658 illorum.
1058 4601 1226 4657 Aliter
1265 4603 1553 4658 ambulatio
1582 4605 1704 4660 talis

135 4705 184 4757 in
218 4701 451 4757 tenebris
491 4709 541 4753 et
571 4700 621 4751 in
651 4697 871 4763 lumine,
903 4695 1167 4764 signiﬁcat
1195 4696 1334 4764 quod
1374 4696 1463 4751 alii
1493 4714 1554 4752 ex
1601 4699 1704 4753 Illis

134 4801 311 4848 essent
338 4792 389 4844 in
423 4790 617 4852 littera,
647 4788 713 4856 de
742 4803 840 4855 qua
873 4784 1062 4837 dicitur
1093 4805 1102 4836 :
1137 4784 1329 4839 Littera
1355 4790 1580 4853 occidit,-
1615 4792 1702 4846 alii

135 4886 184 4937 in
215 4898 398 4948 sensu,
448 4883 514 4936 de
555 4894 661 4946 quo
707 4877 899 4930 dicitur
931 4894 940 4926 :
977 4876 1200 4940 Spiritus
1248 4885 1412 4930 autem
1464 4880 1698 4946 viviﬁcnt,

136 4975 274 5026 velut
307 4970 508 5024 'similis
548 4969 730 5022 luisset
761 4966 930 5018 honor
963 4963 1051 5016 Dei
1095 4963 1146 5016 in
1191 4965 1280 5016 die
1309 4979 1373 5017 ac
1419 4977 1593 5020 nocte.
1637 4967 1702 5021 Et

137 5062 443 5128 prmcedebat
489 5063 625 5125 illos,
669 5057 718 5112 id
747 5067 849 5122 eat,
883 5054 1018 5111 Deus
1063 5062 1224 5122 pater.
1257 5053 1500 5110 Christus
1527 5070 1700 5114 autem

139 5157 406 5218 prmcessit
437 5168 532 5206 nos
556 5155 606 5205 in
637 5166 794 5215 novo,
829 5151 876 5203 in
909 5146 1236 5202 ostendendo
1269 5147 1403 5199 viam
1438 5149 1699 5217 veritatis,

140 5253 192 5297 ut
219 5243 446 5298 dicitur:
483 5241 609 5309 Qua
636 5246 779 5312 carpit
808 5243 954 5295 Iesus
976 5245 1146 5316 facere
1179 5247 1226 5292 et
1254 5240 1460 5300 docere;
1500 5241 1612 5295 sive
1651 5244 1700 5296 in

143 5335 546 5398 resurrectione,
577 5336 690 5388 sive
731 5336 781 5388 in
837 5335 1165 5396 ascensione,
1195 5331 1307 5383 sive
1362 5330 1411 5382 in
1459 5333 1587 5387 sede
1634 5336 1700 5388 ad

144 5429 410 5482 dexteram
444 5425 533 5479 Dei
567 5426 748 5492 patris.
783 5426 882 5479 Per
905 5426 1039 5477 diem
1066 5433 1115 5475 et
1144 5429 1371 5477 noctem.
1400 5420 1447 5474 id
1479 5431 1580 5487 est,
1609 5439 1702 5492 per

149 5519 396 5573 actualem
433 5517 589 5568 vitam
638 5525 690 5568 et
723 5515 1209 5581 contemplativarn,
1236 5511 1316 5563 vel
1350 5526 1440 5576 per
1468 5511 1598 5566 duas
1626 5513 1700 5567 leo

150 5627 252 5678 ges.
285 5611 534 5665 Columna
562 5608 711 5660 nubis
737 5618 788 5660 et
812 5608 965 5674 ignis,
995 5605 1227 5659 dot-trina
1251 5601 1478 5668 Spiritus
1508 5607 1695 5668 sancti,

154 5702 392 5760 dtﬁerens
430 5702 617 5758 litteris
668 5709 718 5752 c'.
767 5712 946 5753 sensu.
1002 5696 1182 5761 Aliter,
1229 5699 1364 5747 ειειιι
1393 5707 1523 5759 opus
1557 5710 1699 5749 msu-

1811 1891 1842 1942 d
1871 1900 2007 1942 ctum
2037 1900 2136 1955 est,
2171 1905 2298 1945 crux
2329 1892 2525 1945 Christi
2571 1901 2671 1954 est,
2697 1907 2854 1959 quam
2901 1906 2992 1960 per
3047 1892 3364 1959 baptismum

1811 1982 2118 2049 accipimus.
2162 1981 2474 2050 Cousepulti
2524 1985 2664 2036 enim
2717 1999 2900 2036 S'Jllllls
2956 1998 3071 2035 cum
3141 1983 3230 2035 illo
3279 1998 3371 2050 pcr

1811 2072 2148 2138 baptismum.
2207 2071 2408 2126 Inimici
2464 2082 2744 2139 sequentes
2801 2087 2918 2124 cum
2980 2086 3144 2139 rege,
3203 2072 3290 2140 qui
3335 2087 3369 2124 a

1813 2171 1961 2231 tergo
2032 2162 2369 2227 moriuntur,
2428 2165 2698 2230 prmterita
2768 2173 2975 2233 peccata
3046 2175 3204 2226 sunt,
3253 2181 3368 2232 qttte

1810 2252 2096 2315 diluentur,
2140 2261 2194 2306 et
2226 2253 2468 2306 diabolus
2519 2253 2569 2306 in
2619 2253 2842 2321 spiritali
2894 2255 3127 2316 lavacro,
3172 2251 3218 2304 id
3262 2260 3366 2310 est,

1813 2344 2102 2411 baptismo,
2134 2342 2444 2397 sull'ocatur.
2480 2343 2680 2411 Urgent
2735 2342 2947 2410 quidem
3003 2341 3256 2410 rligyptii,
3291 2343 3367 2393 iu-

1811 2441 1952 2484 staut
2005 2444 2240 2500 peccata,
2271 2433 2361 2485 sed
2418 2449 2581 2502 usque
2613 2434 2676 2485 ad
2723 2447 2908 2500 aquam
2951 2432 3086 2484 latus
3123 2432 3366 2485 dextrum

1815 2521 1988 2586 populi
2017 2533 2198 2575 contra
2229 2521 2526 2591 Egyptios,
2550 2533 2729 2575 contra
2760 2516 2905 2575 mare
2926 2521 3198 2574 sinistrum
3229 2529 3370 2584 erat,

1813 2611 1860 2664 id
1901 2623 2000 2675 est,
2032 2614 2255 2680 populus
2282 2612 2702 2667 Christianorum
2748 2612 2799 2666 in
2833 2613 3092 2676 Ecclesia,
3124 2629 3239 2679 quae
3280 2621 3363 2664 cst

1813 2699 1947 2753 imor
1978 2701 2231 2754 mundum
2279 2711 2332 2754 et
2371 2717 2588 2770 regnum
2621 2702 2907 2762 caelorum;
2943 2701 3022 2752 vel
3058 2703 3191 2751 inter
3239 2703 3367 2751 duas

1813 2799 2004 2842 mortes
2031 2831 2046 2854 ,
2098 2791 2336 2858 corporis
2369 2799 2423 2844 et
2450 2790 2660 2843 animat.
2715 2789 2888 2841 Voluit
2936 2789 2987 2840 in
3035 2788 3319 2856 As'gyp'um
3348 2831 3362 2855 ,

1812 2881 1861 2935 id
1885 2891 1987 2947 est,
2021 2881 2073 2936 in
2106 2883 2402 2936 voluntates
2426 2882 2580 2951 hujus
2612 2881 2950 2936 mundi.’l‘rcs
2972 2891 3146 2934 autem
3173 2897 3369 2949 coope-

1813 2974 1909 3024 rati
1942 2980 2064 3025 sunt
2107 2972 2159 3024 in
2209 2972 2433 3026 salutem
2484 2972 2666 3036 Israel,
2709 2971 2760 3025 id
2808 2983 2912 3037 est,
2974 2973 3128 3035 Deus,
3162 2970 3368 3041 Moyses

1811 3069 1864 3115 et
1889 3063 2055 3131 virga.
2082 3061 2153 3116 Ita
2174 3072 2227 3116 et
2257 3079 2352 3116 nos
2375 3078 2470 3132 per
2493 3072 2599 3116 tres
2627 3063 2791 3132 leges,
2811 3074 2864 3117 et
2897 3063 3054 3117 ﬁdem
3071 3063 3364 3126 Trinitatis,

1807 3164 1861 3210 et
1902 3169 1992 3222 per
2020 3155 2414 3222 cogitationem,
2455 3164 2506 3209 et
2536 3156 2776 3222 verbum,
2811 3165 2863 3211 et
2888 3169 3021 3224 opus
3054 3157 3360 3210 liberamur.

1882 3243 2021 3298 Inter
2051 3245 2178 3298 duos
2217 3261 2407 3307 muros,
2443 3263 2470 3298 e
2518 3245 2698 3314 quibus
2725 3246 2853 3298 alter
2881 3246 2932 3296 in
2983 3244 3206 3306 Oriente,
3237 3245 3367 3297 alter

1807 3336 1866 3386 ab
1902 3335 2187 3387 Occidente.
2235 3333 2490 3389 Similiter
2535 3336 2672 3386 inter
2721 3335 2851 3386 duas
2897 3334 3040 3400 leges
3080 3334 3358 3396 signiﬁcat,

1809 3425 1943 3477 inter
1972 3437 2098 3489 quas
2124 3438 2245 3483 una,
2287 3437 2405 3490 qua:
2433 3436 2594 3488 super
2613 3426 2794 3488 justus
2826 3438 2929 3473 non
2958 3423 3207 3473 vindicat.
3245 3421 3365 3474 sive

1809 3510 1944 3563 inter
1974 3508 2110 3561 duos
2135 3522 2333 3570 muros,
2360 3510 2462 3561 iter
2486 3509 2622 3561 inter
2653 3523 2845 3576 corpus
2868 3518 2922 3563 et
2945 3513 3172 3562 animam
3202 3511 3365 3576 signi—

1810 3601 1949 3661 ticat,
1993 3608 2050 3652 ut
2075 3598 2310 3654 dicitur:
2344 3597 2523 3668 Neque
2559 3600 2626 3651 ad
2675 3601 2953 3663 dea'teram,
2990 3617 3147 3669 neque
3192 3602 3258 3651 ad
3297 3602 3365 3652 si-

1807 3693 2036 3743 nistram.
2078 3690 2388 3744 Amaritudo
2429 3705 2521 3759 per
2551 3706 2708 3760 quam
2760 3693 3005 3746 exierunt
3051 3691 3362 3744 autaritndi-

1810 3794 1928 3834 nem
1960 3778 2210 3847 implendi
2259 3779 2484 3833 verbum
2520 3779 2611 3834 Dei
2659 3781 2939 3849 signiﬁcat.
2970 3779 3076 3834 Cur
3122 3780 3285 3832 annis
3315 3791 3369 3835 et

1811 3870 2088 3939 pecoribus
2123 3882 2175 3925 et
2204 3871 2530 3924 vestimentis
2580 3870 2857 3934 exierunt,
2911 3873 2991 3926 sic
3021 3885 3116 3924 nos
3143 3887 3236 3939 per
3275 3871 3366 3923 lia-

1810 3960 2068 4028 ptisrnum
2106 3973 2224 4013 cum
2255 3974 2351 4028 spe
2381 3968 2434 4012 et
2463 3961 2714 4026 operibus
2762 3960 2935 4014 bonis.
2979 3961 3134 4012 Arma
3173 3969 3368 4025 autem,

1807 4062 1860 4106 et
1891 4051 2116 4119 reliqua.
2146 4050 2280 4104 Vasa
2322 4050 2559 4103 diversas
2583 4050 2807 4102 virtutes
2838 4051 2889 4102 in
2934 4050 3166 4103 Ecclesia
3197 4051 3363 4117 signi-

1807 4142 1983 4196 ﬁcant.
2009 4143 2172 4209 Aquae
2203 4154 2295 4206 per
2329 4152 2460 4207 quas
2483 4140 2571 4191 ﬁlii
2600 4138 2757 4192 Israel
2800 4141 3037 4193 exierunt
3068 4151 3174 4192 tres
3203 4139 3356 4192 fletus

1805 4228 2122 4298 significant.
2165 4228 2368 4282 Fletum
2402 4227 2744 4295 paenitentiae,
2778 4242 2870 4294 per
2903 4241 3046 4280 mare
3097 4226 3355 4292 Ilubrutn,

1805 4321 2110 4374 utdicitur:
2160 4316 2304 4371 Beati
2350 4318 2441 4386 qui
2478 4319 2645 4386 lugent
2689 4333 2844 4383 nunc,
2873 4327 2927 4370 et
2977 4316 3199 4384 reliqua.
3257 4315 3355 4369 Per

1806 4415 2012 4476 Arnou,
2058 4411 2235 4465 ﬂetum
2285 4410 2700 4479 compassionis,
2755 4420 2807 4462 ut
2852 4408 3134 4479 Apostolus
3183 4407 3354 4464 dicit:

1806 4507 1941 4558 Alter
1981 4504 2192 4555 alterius
2243 4518 2395 4554 onera
2435 4510 2650 4567 portate,
2673 4510 2725 4553 et
2771 4501 2992 4566 reliqua.
3045 4496 3356 4552 I’et'Jortla-

1804 4609 1943 4656 nexu,
1987 4592 2163 4646 fletum
2195 4605 2317 4658 erga
2358 4604 2572 4656 regnum
2603 4590 2878 4651 caelorum,
2921 4600 3013 4641 ut:
3046 4587 3204 4658 Cupio
3241 4591 3351 4643 dis-

1803 4687 1947 4747 solvi,
1975 4695 2026 4738 et
2057 4683 2274 4750 reliqua.
2308 4681 2450 4744 Quos
2479 4680 2634 4733 ﬁctus
2664 4695 2758 4746 per
2807 4680 3202 4748 cogitationem,
3237 4699 3352 4738 ver-

1805 4778 1926 4830 bum
1951 4783 2004 4828 ιιι
2029 4787 2160 4841 opus
2184 4772 2341 4826 edere
2361 4770 2632 4824 debemus.
2675 4770 2860 4823 Ventus
2889 4789 3035 4827 urens
3061 4790 3121 4827 ea:
3149 4776 3353 4841 Austro,

1805 4870 1854 4922 id
1881 4878 1979 4931 cst,
2013 4864 2239 4934 Spiritus
2271 4871 2482 4915 sanctus
2507 4876 2536 4914 ἢ
2567 4861 2797 4924 Christo,
2829 4864 3145 4918 teutationes
3193 4865 3347 4932 hujus

1804 4958 1980 5012 mundi
2006 4971 2032 5009 a
2056 4955 2248 5008 sanctis
2266 4952 2557 5020 expellens.
2573 4953 2703 5008 Tres
2727 4964 2903 5008 autem
2938 4954 3029 5008 lilii
3052 4955 3118 5009 de
3141 4955 3349 5008 fornace

1807 5048 2030 5107 liberati,
2063 5056 2116 5098 et
2158 5043 2248 5096 lilii
2293 5043 2452 5097 Israel
2500 5043 2570 5099 de
2617 5044 2846 5108 mari,et
2897 5043 3004 5098 Noe
3051 5044 3100 5096 In
3132 5043 3348 5104 diluvio,

1801 5141 2015 5194 Christo
2065 5153 2183 5190 eum
2229 5136 2422 5191 sanctis
2451 5137 2784 5191 conveniunt.
2831 5135 2893 5188 In
2942 5145 3117 5203 quarta
3153 5134 3347 5203 vigilia,

1804 5234 1852 5286 id
1903 5242 2004 5294 est,
2059 5240 2176 5297 post
2206 5241 2431 5297 quatuor
2465 5227 2743 5296 Evangelia
2776 5226 3034 5293 implenda
3056 5222 3252 5278 'sancti
3283 5226 3350 5278 de

1801 5325 1996 5377 ruundu
2022 5321 2399 5373 liberabuntur.
2426 5320 2551 5372 Ecce
2591 5318 2806 5382 resperit
2833 5316 3093 5378 Dominus,
3124 5325 3176 5368 et
3221 5315 3347 5368 relio

1802 5431 1923 5484 qua.
1959 5414 2128 5478 Super
2179 5412 2476 5463 columnam
2527 5408 2677 5459 nubis
2726 5421 2775 5460 et
2810 5407 2942 5474 ignis
2983 5406 3229 5461 Dominus
3282 5408 3351 5462 ad

1802 5507 2084 5558 vindictam
2137 5501 2375 5566 respicit,
2407 5500 2448 5550 si
2491 5500 2760 5550 dmuones
2807 5508 2857 5549 et
2914 5499 3053 5564 itnpii
3110 5515 3200 5563 per
3248 5509 3365 5553 tres

1801 5599 1944 5665 leges
1974 5593 2301 5651 occiduntur,
2336 5579 2788 5644 et'subvertnntur
2820 5599 2946 5641 rotae
2989 5588 3206 5642 diaboli.

1874 5688 1938 5744 lu
1977 5697 2216 5741 retentum
2248 5693 2464 5752 tempus,
2496 5683 2545 5737 id
2593 5692 2693 5750 cst,
2729 5695 2892 5748 usque
2919 5681 2982 5735 ad
3032 5680 3348 5736 solutionem
