3872 6262
978 451 1178 508 ΒΕΒΑΞ
1219 448 1664 506 VENERABILIS
1704 446 1980 504 OPEllUSl
2021 445 2198 500 PARS
2241 441 2302 497 Il.
2369 471 2410 482 -
2452 432 2832 496 EXECETICA
2876 434 3197 492 CENUINA.

3609 425 3725 484 δη

495 568 725 620 virorum
769 565 978 625 inferni,
1005 566 1084 620 vel
1116 565 1230 619 sine
1271 564 1394 619 line.
1426 564 1538 616 Duo
1569 569 1743 630 patres
1789 571 1903 613 sunt
1929 599 1944 624 ,
1981 556 2032 612 id
2066 563 2107 616 Α
2136 562 2374 608 sanetum
2419 553 2684 616 liberavit,
2719 553 2770 604 in
2814 550 3021 618 iustitia
3050 546 3392 619 gubernabit,
3425 552 3483 598 et
3527 561 3581 596 III
3632 556 3722 596 re-

468 647 603 720 ἰειι,
630 667 772 723 pater
798 654 1133 709 tenebrarum
1159 664 1209 708 et
1240 667 1392 722 pater
1420 652 1696 707 luminum.

904 737 914 742 ’
1094 774 1315 828 CAPUT
1341 773 1456 827 xv.

572 896 693 951 Post
725 891 996 949 transitum
1028 896 1188 949 maris
1219 893 1405 957 Rubri,
1449 901 1623 947 cantat
1651 891 1920 946 canticum
1944 904 2040 958 po-

501 989 658 1057 pultis
699 987 826 1053 Deo,
862 985 1125 1055 Egyptils
1151 994 1205 1038 et
1245 985 1515 1038 Pharaone
1559 983 1862 1037 submerso.
1895 980 2045 1034 Nune

503 1078 658 1131 aliter
703 1087 757 1130 et
805 1075 1006 1137 lideles,
1039 1082 1308 1140 post-tuam
1357 1072 1424 1127 de
1465 1073 1676 1126 lavacro
1724 1069 2045 1131 ascendunt,

506 1154 735 1237 peccatis
765 1165 1036 1220 exstinctis
1080 1163 1328 1233 hymnum
1383 1163 1551 1217 laudis
1601 1161 1869 1215 emittunt.
1913 1158 2045 1212 Cum

510 1253 672 1307 multa
716 1263 888 1307 autem
935 1254 984 1306 in
1013 1253 1200 1307 divinis
1243 1249 1594 1303 voluminibus
1639 1249 1746 1300 sint
1789 1246 2048 1307 carmina,

512 1345 695 1398 horum
725 1355 896 1399 tamen
921 1345 1152 1396 titnnium
1194 1343 1416 1409 primum
1463 1349 1541 1393 est
1571 1338 1706 1392 istud
1757 1337 2047 1390 canticum.

508 1437 691 1493 Melius
718 1446 891 1490 autem
926 1446 977 1488 et
1003 1435 1210 1502 dignius
1241 1433 1351 1486 haec
1380 1431 1542 1494 dices,
1569 1432 1612 1482 si
1646 1429 1890 1482 habueris
1918 1437 2054 1495 tym-

514 1544 702 1597 panum
730 1529 779 1578 in
809 1541 980 1578 manu
1011 1533 1124 1590 tua,
1155 1523 1202 1577 id
1231 1533 1331 1587 est,
1363 1524 1406 1576 si
1451 1535 1664 1574 carnem
1699 1528 1839 1572 tuam
1871 1515 2054 1570 cruci-

521 1619 706 1672 lixeris
756 1632 873 1669 cnm
902 1615 1064 1670 vitiis.
1101 1615 1377 1667 Videamus
1399 1611 1536 1679 quod
1575 1611 1728 1664 dicit.
1783 1607 2056 1663 Cantemus

518 1703 751 1771 Donu'rto,
785 1705 1000 1773 gloriose
1029 1705 1159 1756 enim
1209 1701 1571 1769 honori/iratus
1601 1708 1693 1754 est.
1737 1696 1896 1765 Quasi
1954 1710 2056 1749 non

512 1796 780 1850 sul'liceret
815 1794 1149 1848 Gloril‘nattt‘s
1187 1803 1289 1859 εει,
1323 1793 1471 1846 addit
1519 1791 1760 1846 Cloriose
1806 1785 2055 1840 honoriﬁ-

2149 643 2413 712 lrigerium
2454 643 2697 696 deducet.
2769 637 2980 694 Dolores
3029 637 3525 708 comprehenderunt
3564 633 3702 686 inh-

2150 734 2359 787 bitantes
2389 732 2684 792 Philistiim.
2716 731 2978 797 Quantum
3009 729 3074 782 ad
3122 727 3402 782 historiam
3450 724 3720 795 pertica,

2149 822 2581 876 tuanilestumest
2604 819 2958 883 Philisthzeos,
2977 828 3032 872 et
3045 817 3322 876 Moabitae,
3347 825 3400 868 et
3423 815 3724 873 Idumaeas,

2153 923 2208 965 et
2226 913 2539 979 Cananmoa,
2579 925 2682 964 non
2714 903 2890 965 inesse
2918 909 2999 963 his
3043 908 3207 976 signis
3230 920 3354 975 quas
3384 905 3530 958 facta
3561 911 3721 957 sunt.

2158 1000 2435 1065 Quomodo
2458 1013 2584 1067 ergo
2628 999 2873 1052 dicuntur
2902 1010 3149 1059 tremere,
3181 997 3260 1053 vel
3293 993 3590 1054 fest'nare,
3628 1000 3723 1043 aut

2154 1089 2272 1144 irati
2302 1089 2460 1144 esse?
2487 1088 2841 1156 Spiritualiter
2869 1097 3043 1140 tamen
3076 1085 3358 1146 Philistini,
3382 1083 3434 1137 id
3467 1091 3602 1145 est,.
3631 1095 3723 1133 ea-

2153 1178 2343 1231 dentes
2397 1178 2608 1243 poculo.
2646 1175 2834 1240 Edum,
2883 1175 2971 1244 qui
3018 1174 3392 1242 interpretatur
3437 1180 3724 1229 terrenus.

2157 1270 2466 1338 trepidavit;
2513 1277 2568 1321 et
2615 1268 2799 1322 horum
2850 1268 3117 1322 hominum
3163 1268 3423 1338 principes
3451 1305 3468 1328 ,
3531 1266 3586 1318 id
3619 1274 3725 1328 est,

2156 1357 2441 1423 da'nmnes,
2488 1361 2801 1421 cursitantes
2847 1366 3036 1426 pavent
3086 1356 3357 1412 constricti
3402 1355 3722 1412 doloribus.

2159 1461 2278 1500 cum
2334 1448 2506 1500 vident
2560 1462 2715 1513 regna
2757 1463 2874 1508 sua.
2924 1461 3046 1515 qua:
3086 1448 3136 1500 in
3191 1445 3399 1500 inferno
3421 1453 3580 1504 sunt,
3630 1457 3721 1510 pe-

2160 1545 2365 1590 netrata
2409 1537 2476 1591 ab
2521 1554 2585 1593 co
2611 1539 2702 1607 qui
2731 1538 3008 1592 descendit
3035 1537 3098 1591 ad
3147 1534 3394 1590 inferiora
3449 1543 3640 1594 terra,
3673 1543 3724 1583 ut

2161 1630 2387 1697 eriperet
2421 1631 2540 1682 ilus
2587 1631 2672 1699 qui
2721 1628 3186 1698 possidebantura
3216 1633 3410 1679 morte.
3471 1623 3724 1691 Compre-

2161 1718 2336 1770 heudit
2367 1718 2484 1772 illos
2512 1720 2681 1781 timor,
2711 1720 2796 1786 qui
2842 1727 3122 1772 senserunt
3148 1714 3577 1785 magnitudinem
3599 1716 3724 1770 lm-

2162 1808 2265 1862 chii
2294 1810 2449 1864 illius.
2485 1808 2619 1863 Hinc
2637 1808 2869 1862 abierunt
2894 1825 3063 1863 omnes
3084 1807 3418 1861 inhabitantes
3449 1805 3725 1866 Circum,

513 1897 686 1944 catus.
720 1885 869 1938 Aliud
904 1894 986 1936 est
1017 1884 1347 1952 gloriﬁcare,
1397 1880 1540 1934 aliud
1581 1881 1810 1949 gloriose
1842 1876 2056 1929 bonuri-
2095 1877 2138 1934 Β
2163 1899 2248 1968 qui
2302 1899 2570 1954 nummis
2621 1903 3031 1969 “nuptum”,
3091 1911 3210 1951 cum
3267 1896 3452 1951 ﬁdem
3525 1894 3724 1948 umeri

523 1977 702 2030 iicare.
725 1975 1058 2029 (ilorilicatus
1085 1984 1165 2028 est
1192 1983 1365 2028 autem
1392 1973 1654 2034 Christus,
1696 1984 1814 2024 cum
1844 1966 1907 2021 ad
1941 1980 2061 2032 pas-

526 2069 726 2122 sionem
758 2083 903 2120 suam
933 2067 1096 2131 venit,
1127 2066 1354 2135 quando,
1407 2062 1545 2118 sicut
1573 2063 1686 2131 ipse
1713 2060 1781 2114 de
1808 2074 1867 2114 se
1890 2057 2016 2112 dicit
2047 2073 2060 2109 :

527 2160 697 2221 Pater,
732 2159 958 2230 glori/ica
988 2158 1147 2224 [ilium
1197 2166 1371 2220 tuum;
1416 2154 1508 2209 sed
1542 2163 1716 2207 tamen
1751 2151 1866 2204 haec
1895 2146 2060 2213 gloria

524 2264 626 2302 non
657 2259 769 2302 erat
804 2247 1073 2316 gloriosa,
1122 2247 1214 2301 sed
1270 2244 1508 2299 humilis.
1559 2240 1860 2294 Humiliauit
1909 2237 2064 2298 enim,

2163 2003 2322 2057 regna
2351 2004 2465 2052 sua,
2496 2000 2548 2046 et
2578 1990 2780 2060 alligari
2825 1990 3037 2052 fortem,
3086 1998 3141 2042 et
3169 1995 3291 2040 vasa
3344 1986 3492 2040 illius
3535 1983 3724 2054 diripi.

2164 2077 2315 2132 Cadit
2359 2094 2521 2147 super
2548 2095 2639 2134 eos
2672 2079 2850 2144 timor,
2902 2094 3024 2132 cum
3070 2077 3301 2132 viderint
3342 2078 3396 2130 in
3447 2075 3613 2130 nobis
3653 2077 3726 2127 si-

2165 2182 2323 2236 gnum
2352 2172 2544 2224 crucis.
2582 2168 2737 2222 Fiant
2768 2181 3007 2237 tanquam
3033 2169 3185 2235 lepis,
3212 2183 3316 2221 non
3349 2167 3474 2234 quia
3513 2174 3725 2216 νεοτιιιο-

2169 2268 2252 2312 tur
2281 2258 2335 2313 in
2363 2259 2564 2328 lapides
2592 2258 2858 2324 homines,
2885 2261 2982 2313 sed
3022 2258 3142 2325 quia
3189 2263 3373 2309 essent
3400 2249 3724 2313 immobiles,

527 2339 719 2405 iml'mv
762 2352 816 2391 ⁸⁸
864 2352 1018 2406 νειιιιε
1057 2336 1123 2387 σά
1167 2343 1400 2390 “mm”
1451 2331 1641 2385 verum
1694 2342 1813 2384 cum
1864 2328 2069 2381 "mem
2169 2359 2226 2402 ut
2257 2349 2482 2416 lapides,
2512 2363 2608 2412 nec
2653 2351 2888 2404 valentes
2939 2346 3205 2416 persequi,
3237 2358 3335 2398 nec
3380 2341 3725 2395 valentesfu-

526 2428 579 2480 in
608 2428 880 2495 majestate
905 2441 1018 2493 sua,
1043 2441 1161 2480 cum
1185 2433 1238 2480 et
1281 2439 1462 2480 verum
1497 2423 1852 2487 Pharaonem,
1885 2421 1934 2474 id
1964 2431 2066 2488 est,

526 2522 788 2574 diabolum
837 2520 1114 2575 interliciet
1137 2518 1324 2588 spiritu
1376 2519 1488 2571 oris
1529 2515 1632 2579 sui,
1666 2523 1790 2567 tunc
1840 2512 2072 2580 gloriose

526 2612 921 2682 glnrilicabltur.
950 2610 1143 2679 Equum
1165 2619 1211 2663 et
1245 2622 1556 2662 ascensorem
1577 2605 1783 2674 projerit
1828 2602 1880 2655 in
1910 2617 2067 2655 mare.

529 2707 660 2759 Sunt
717 2705 833 2771 equi
888 2701 1020 2770 quos
1063 2702 1315 2754 Dominus
1369 2698 1637 2763 ascendit;
1701 2696 1768 2751 de
1822 2694 2067 2764 quibus:

2173 2452 2322 2507 guto.
2359 2437 2715 2505 Spiritualiter
2760 2451 2934 2491 autem
2985 2451 3078 2506 per
3128 2435 3228 2490 hoc
3274 2432 3548 2500 signiﬁcat
3593 2435 3728 2500 quod

2183 2526 2404 2596 populus
2431 2525 2734 2582 Judseorum
2762 2536 2898 2582 esset
2936 2526 3079 2579 velut
3124 2525 3280 2593 lapis,
3323 2537 3650 2591 permanens
3679 2521 3728 2572 in

2178 2616 2389 2684 duritia,
2432 2615 2599 2670 donec
2636 2620 2867 2687 gentium
2922 2613 3254 2670 Christianus
3283 2611 3458 2666 lactus
3515 2618 3601 2664 est
3641 2623 3728 2676 po-

2179 2707 2356 2776 pulus,
2387 2718 2447 2761 et‘
2489 2716 2610 2761 lunc
2657 2708 2828 2760 Omnis
2876 2705 3035 2758 Israel
3085 2704 3260 2756 salvus
3297 2702 3424 2754 erit.
3469 2696 3728 2752 Indum

531 2792 787 2860 Equitato
814 2804 899 2846 tua
944 2795 1098 2847 salus.
1133 2795 1194 2847 Et
1212 2801 1339 2847 sunt
1358 2793 1444 2864 qui
1482 2805 1823 2846 ascensorem
1868 2788 2073 2842 habent
2176 2798 2378 2867 ριαηια,
2408 2811 2513 2851 εοε,
2539 2796 2648 2848 Non
2679 2793 2788 2848 νυιι
2828 2793 2964 2847 Dens
2994 2806 3091 2844 nos
3113 2791 3166 2844 in
3193 2788 3430 2859 AEgypto
3463 2788 3728 2855 plantam,

534 2885 802 2939 diabolum
833 2894 886 2937 et
915 2884 1126 2954 angelo~
1175 2884 1336 2939 illius.
1385 2881 1582 2937 Omnes
1609 2895 1736 2951 ergo
1763 2878 1852 2949 qui
1886 2891 2073 2947 perse-

2174 2887 2267 2940 srd
2291 2887 2342 2940 in
2364 2893 2542 2941 monte
2569 2882 2906 2945 brereditatig
2927 2883 2975 2936 id
3004 2889 3108 2947 est,
3130 2881 3181 2933 in
3204 2878 3464 2933 Ecclesia.
3487 2876 3558 2931 lu
3595 2891 3726 2944 prc-

534 2986 768 3046 qtttmtur
812 2985 1046 3038 sanctos,
1092 2973 1212 3040 equi
1265 2981 1407 3034 sunt,
1440 2979 1494 3025 et
1524 2970 1718 3025 habent
1765 2980 2078 3022 ascensores
2177 2987 2356 3048 parato
2401 2973 2691 3029 ιιαδεωιιιο
2731 2983 2835 3027 tuo,
2874 2972 2975 3027 Alii
3024 2972 3164 3026 enim
3222 2971 3624 3028 laboraverunt,
3678 2974 3728 3014 et

534 3065 791 3120 diabolus.
821 3063 977 3118 Tales
1006 3063 1124 3133 equi
1155 3071 1208 3117 et
1232 3062 1439 3132 equites
1467 3063 1520 3116 in
1552 3061 1680 3116 mari
1714 3058 1869 3128 hujus
1895 3057 2077 3112 mundi

541 3163 865 3224 merguntur,
915 3154 1107 3224 repulsi
1147 3167 1175 3206 a
1237 3153 1430 3219 nobis,
1483 3152 1702 3207 Domino
1768 3147 2076 3219 adiuvante.

537 3243 637 3298 Hic
695 3243 828 3298 Deus
874 3259 1046 3307 meas,
1095 3254 1143 3297 et
1187 3245 1417 3297 excitabo
1456 3244 1622 3296 illam.
1681 3241 1840 3296 Pater
1897 3247 2081 3294 noster

535 3317 772 3386 Christus
817 3340 919 3396 est,
951 3330 1036 3400 qui
1083 3345 1180 3384 nos
1217 3331 1414 3400 genuit,
1448 3341 1502 3385 et
1553 3330 1698 3384 fecit.
1753 3329 1891 3396 Ergo
1947 3330 2084 3383 Deus

539 3426 689 3482 Pater
716 3434 896 3480 noster
917 3434 1017 3488 est,
1046 3433 1115 3499 et.
1130 3425 1268 3478 Deus
1321 3424 1485 3494 patris
1517 3425 1680 3502 nostri
1730 3421 1962 3486 Christi,
1990 3422 2080 3488 qui

538 3517 964 3573 dicltzAsceudo
1010 3518 1076 3570 ad
1110 3515 1272 3570 Deum
1319 3531 1482 3570 meum
1534 3526 1579 3568 et
1637 3515 1798 3568 Deum
1841 3522 2082 3566 uestrum.

544 3609 906 3664 Clorillcamus
956 3607 1126 3671 illum,
1179 3608 1222 3662 si
1272 3621 1620 3677 agnoscamus
1664 3608 1825 3661 Deum
1875 3605 2084 3660 Patrem

542 3716 663 3755 esse
703 3709 959 3753 nostrum.
995 3699 1294 3752 Exaltamus
1353 3699 1516 3754 Deum
1565 3699 1734 3750 altiorl
1791 3697 2083 3759 intellectu,

545 3804 664 3842 cum
707 3788 1047 3857 intelligimus
1088 3788 1356 3855 quomodo
1389 3787 1552 3840 Deum
1597 3800 1745 3837 suum
1779 3787 1908 3838 dixit
1938 3785 2089 3838 (41)ῖί-

543 3888 844 3946 stns,qttem
869 3887 1053 3931 natura
1085 3877 1292 3932 Patrem
1319 3883 1489 3929 vocat.
1507 3874 1639 3929 Dens
1659 3885 1914 3928 conterens
1933 3873 2084 3936 bella,

545 3966 834 4036 rtreliqua.
865 3968 977 4020 Non
994 3968 1162 4020 solum
1186 3967 1468 4020 visibilium
1499 3965 1632 4020 bella
1664 3966 1971 4033 prosternit,
1994 3963 2086 4018 sed

545 4061 703 4113 etiam
735 4058 1033 4112 illVlsiiJiieS
1062 4072 1258 4127 equos;
1283 4056 1360 4110 sic
1380 4071 1587 4120 currus,
1616 4055 1667 4109 id
1705 4063 1808 4118 est,
1842 4055 2014 4108 unitos
2040 4054 2090 4107 in

546 4150 764 4204 malitia.
823 4146 1211 4202 Ternistatores
1264 4146 1530 4210 dicuntur,
1589 4145 1707 4214 quia
1765 4144 1955 4211 triplex
2010 4142 2091 4198 via

549 4235 821 4306 peccandi,
853 4247 941 4290 aut
969 4234 1152 4299 verbo,
1183 4243 1274 4288 aut
1317 4235 1474 4296 iacto,
1504 4245 1591 4286 aut
1635 4232 1970 4301 cogitatione.
2006 4231 2092 4286 Isti

544 4339 722 4382 autem
771 4328 1136 4382 ternistatores
1166 4337 1288 4380 sunt
1338 4326 1508 4391 angeli
1542 4338 1792 4391 nequam,
1820 4322 1885 4377 de
1931 4336 2092 4377 exer-

549 4423 655 4471 citu
687 4415 998 4473 Pharaonis.
1031 4416 1254 4480 Pelagus
1303 4413 1574 4478 couperuit
1603 4427 1729 4477 eos,
1757 4415 1877 4481 quia
1929 4414 1980 4466 in
2008 4413 2096 4466 die

2180 3083 2275 3123 vos
2302 3067 2355 3122 in
2380 3066 2563 3122 labore
2592 3065 2871 3136 introistis.
2916 3062 3320 3120 Sanetimouiusu
3349 3070 3521 3121 suam,
3556 3057 3728 3110 Dolui-

2181 3171 2271 3219 ue.
2305 3167 2358 3211 et
2410 3155 2634 3223 reliqua.
2691 3151 3137 3213 Sanctimonium,
3193 3149 3293 3204 hoc
3335 3156 3441 3210 est.
3490 3156 3728 3201 sanetum

2185 3245 2465 3302 aedilicium
2491 3243 2583 3299 Dei
2611 3257 2831 3298 sumus:
2876 3257 2982 3297 non
3013 3239 3134 3295 l‘acti
3166 3238 3409 3293 manibus
3439 3233 3728 3296 luminum”.

2181 3339 2275 3394 sed
2307 3337 2400 3393 Dei
2432 3335 2762 3406 agricultura
2808 3317 3010 3388 sumus.
3071 3331 3304 3391 Domine,
3357 3340 3413 3381 ru
3459 3342 3643 3394 regnas
3679 3327 3728 3375 ia

2182 3439 2445 3490 (sternam,
2472 3435 2519 3478 et
2565 3424 2618 3479 in
2662 3421 2906 3476 saeuiunt
2931 3418 3122 3473 seculi.
3156 3419 3220 3472 Et
3266 3416 3438 3468 adhuc
3483 3428 3580 3481 per
3635 3412 3729 3464 hoc

2184 3529 2403 3583 regnum
2431 3514 2546 3566 sine
2576 3509 2680 3568 line
2722 3509 3004 3578 signillcat.
3040 3505 3290 3569 Quoniam
3339 3502 3548 3554 intrauit
3598 3502 3729 3566 equu-

2190 3614 2343 3658 tatus.
2378 3602 2452 3656 De
2481 3600 2584 3656 hoc
2615 3613 2776 3668 supra
2797 3597 3045 3652 diximus.
3091 3595 3196 3649 Nos
3225 3606 3400 3647 autem
3432 3593 3520 3660 qui
3553 3593 3731 3645 sumus

2189 3696 2280 3748 lilii
2311 3692 2494 3756 Israel,
2527 3691 2860 3745 ambulemus
2910 3703 3004 3756 per
3050 3686 3246 3740 siccum
3282 3686 3334 3738 in
3378 3684 3558 3738 medio
3585 3681 3728 3742 mari,

2192 3789 2245 3842 in
2279 3785 2452 3842 medio
2479 3783 2708 3838 nationis
2739 3794 2932 3849 pravae,
2966 3779 3180 3832 verbum
3227 3777 3348 3830 vitae
3377 3776 3724 3830 continentes

2193 3878 2314 3930 llaec
2357 3875 2588 3930 breviter
2635 3873 2834 3926 dixisse
2887 3869 3102 3934 sufﬁcit,
3160 3883 3228 3923 ne
3272 3867 3416 3936 quod
3472 3866 3729 3920 fastidium

2193 3962 2382 4038 lectori
2423 3969 2724 4030 generetur.
2779 3959 2940 4014 Maria
2984 3967 3158 4011 autem
3210 3965 3518 4025 tympanum
3557 3963 3735 4010 testans

2192 4071 2344 4111 soror
2385 4055 2581 4118 Aaron,
2626 4063 2863 4105 sororem
2892 4047 3146 4116 signiﬁcat
3194 4047 3302 4100 veri
3337 4046 3658 4108 sacerdotis,
3686 4043 3728 4097 id

2193 4160 2295 4211 est,
2328 4147 2640 4208 Ecclesium,
2670 4158 2787 4212 qua:
2815 4149 2898 4194 εει
2918 4153 3070 4192 soror
3099 4137 3314 4192 Christi.
3341 4137 3588 4192 Mulieres
3617 4149 3729 4190 vae

2195 4253 2380 4293 omnes
2414 4236 2672 4292 Ecclesias
2701 4247 2819 4286 cum
2846 4230 3025 4286 choris
3048 4239 3097 4285 et
3117 4230 3401 4299 tympanis,
3422 4229 3472 4282 id
3500 4239 3728 4289 est,cum

2205 4327 2379 4383 Veteri
2410 4324 2638 4382 etNovu
2666 4323 3026 4377 Testamento.
3075 4319 3200 4374 Post
3249 4321 3528 4374 transitum
3584 4311 3727 4370 maris

2197 4421 2420 4490 populus
2449 4416 2501 4471 in
2545 4416 2814 4472 desertum
2845 4413 3084 4474 ducitur;
3121 4411 3365 4475 baptizati
3395 4408 3607 4462 scilicet
3631 4404 3724 4457 uni

551 4507 727 4578 indicii
775 4508 907 4575 ignis
937 4505 1184 4559 ﬂuctibus
1232 4503 1523 4567 tradentur,
1580 4511 1632 4555 et
1671 4511 1918 4570 tanquam
1968 4515 2092 4571 gra-
2127 4527 2175 4587 ι)
2201 4510 2336 4563 νει-εί
2364 4524 2456 4578 per
2485 4506 2662 4562 mundi
2707 4504 2865 4572 lmju.
2887 4503 3178 4564 desertum,
3204 4514 3300 4554 nec
3325 4499 3393 4551 ibi
3422 4497 3628 4552 deserit
3653 4506 3735 4548 eos

552 4599 748 4652 vissimi
780 4597 980 4666 lapides
1009 4597 1436 4663 submergentur,
1468 4593 1587 4663 quia
1636 4611 1737 4648 non
1779 4604 1933 4648 erunt
1965 4594 2098 4662 lapi-

555 4689 644 4739 tius
672 4687 796 4740 vivi.
829 4687 893 4739 Et
922 4700 1014 4761 per
1063 4685 1300 4751 spiritum
1344 4684 1646 4748 iracundiae,
1691 4685 1794 4739 hoc
1839 4694 1941 4752 est,
1975 4699 2100 4740 cor-
2129 4673 2133 4680 ’

556 4782 800 4834 rectionis
829 4778 1042 4833 Domini
1071 4777 1318 4831 dividitur
1347 4792 1514 4846 aqua;
1547 4778 1648 4831 hoc
1690 4788 1788 4842 est,
1821 4793 1914 4847 per
1944 4779 2101 4847 hujus

558 4873 736 4925 mundi
767 4869 1027 4925 desideria
1053 4883 1112 4921 ac
1135 4869 1430 4936 voluptates
1454 4867 1624 4922 evadit
1657 4867 1880 4935 pupulus
1907 4869 2018 4933 Dei,
2048 4870 2098 4920 in

550 4962 743 5029 qubus
771 4970 1075 5024 merguntur
1127 4958 1384 5013 inlidelcs.
1443 4958 1546 5012 Aut
1594 4970 1737 5012 certe
1787 4975 1880 5025 per
1908 4973 2098 5027 aquam

559 5046 799 5118 baptismi
827 5045 996 5098 salvat
1033 5046 1169 5098 Deus
1208 5045 1397 5114 justus.
1449 5045 1503 5099 ln
1553 5060 1684 5115 aqua
1713 5046 1906 5100 occidit
1949 5047 2101 5109 vitia,

564 5140 714 5203 quasi
747 5141 1004 5192 irascens.
1047 5136 1165 5189 Non
1197 5146 1267 5188 est
1295 5137 1474 5190 similis
1517 5137 1730 5191 Domino
1763 5138 1816 5189 in
1846 5138 1944 5190 diis
1984 5153 2103 5207 gen-

555 5244 707 5284 tium.
733 5230 844 5284 Non
871 5235 953 5283 est
980 5242 1075 5282 nec
1105 5227 1154 5281 in
1181 5227 1401 5290 sanctis,
1431 5227 1518 5294 qui
1558 5228 1609 5280 in
1653 5227 1831 5282 multis
1863 5227 1992 5280 locis
2031 5227 2101 5279 dii

564 5331 948 5390 nuncupantur,
984 5321 1105 5376 licet
1150 5318 1419 5389 apostolus
1448 5318 1676 5374 Joannes
1720 5320 1795 5373 ait
1827 5334 1842 5374 :
1899 5319 2104 5373 Similes

565 5412 611 5466 ei
632 5414 832 5476 erimus,
865 5426 970 5464 non
1001 5427 1093 5480 per
1117 5422 1376 5476 naturam,
1420 5410 1511 5463 sed
1541 5423 1633 5477 per
1663 5414 1903 5478 gratiam.
1943 5409 2106 5463 Devo-

564 5506 686 5557 rusit
727 5513 968 5562 eos.terra
994 5519 1107 5555 cum
1149 5504 1374 5572 gramine
1414 5517 1522 5555 suo.
1565 5501 1787 5567 Semper
1825 5502 1965 5556 enim
2015 5501 2108 5554 de-

567 5598 763 5650 voravit
816 5606 954 5651 terra
1002 5595 1118 5650 illos
1163 5595 1252 5662 qui
1325 5605 1530 5648 terrena
1593 5591 1842 5660 sapiunt,
1896 5593 1983 5658 qui
2055 5591 2105 5643 in

570 5687 788 5740 terrenis
841 5696 1135 5749 versantur,
1188 5695 1240 5738 et
1277 5698 1498 5750 superna
1544 5699 1645 5738 non
1697 5694 1963 5750 quaerunt.
2005 5683 2108 5736 Do-

567 5777 741 5832 minus
769 5787 941 5832 autem
991 5789 1144 5833 suum
1200 5773 1443 5844 ropulum
1469 5811 1485 5841 ,
1533 5787 1686 5841 quem
1719 5786 1810 5843 per
1844 5774 2109 5828 lavacrum

2198 4598 2458 4653 Christus.
2489 4599 2616 4666 Nam
2662 4603 2715 4650 et
2759 4593 3012 4649 columna
3032 4605 3136 4644 non
3177 4588 3393 4653 recedit,
3427 4601 3524 4642 nec
3573 4584 3727 4641 cordi-

2197 4690 2296 4745 bus
2317 4689 2425 4744 suis
2459 4693 2794 4747 revertuntur
2843 4683 2895 4734 in
2947 4679 3255 4750 Egyptians.
3295 4677 3422 4733 Post
3452 4680 3570 4732 hac
3606 4690 3727 4732 mur-

2199 4791 2369 4835 murat
2411 4777 2656 4847 p0pulus,
2711 4783 2875 4840 aquas
2907 4784 3112 4826 amaras
3157 4782 3342 4840 potare
3390 4786 3496 4823 non
3536 4768 3731 4820 valens.

2201 4872 2349 4926 Unde
2377 4871 2523 4922 locus
2551 4883 2614 4920 ex
2649 4863 2998 4918 amaritudine
3047 4873 3284 4917 vocatur.
3344 4859 3505 4913 Mittit
3547 4859 3734 4924 ιεῃιιιηι

2201 4959 2401 5027 Moyses
2455 4958 2506 5010 in
2529 4971 2685 5026 aquas
2710 4993 2727 5020 ,
2784 4963 2830 5008 et
2883 4953 3030 5021 facta
3071 4962 3190 5006 sunt
3238 4951 3428 5002 dulces.
3489 4945 3732 5018 lttteilige,

2201 5041 2410 5102 amaras
2455 5058 2619 5113 aquas
2667 5044 2959 5099 occidentis
3007 5042 3218 5100 littere,
3275 5047 3328 5091 et
3373 5037 3505 5105 legis
3551 5035 3736 5091 habere

2205 5139 2446 5206 figuram.
2489 5134 2690 5201 Quibus
2716 5135 2761 5188 si
2789 5132 3088 5188 immittitur
3109 5129 3330 5198 lignum,
3363 5127 3413 5180 id
3439 5138 3542 5192 est,
3571 5141 3736 5184 sum

2203 5233 2435 5279 mentum
2465 5223 2590 5291 ligni
2618 5222 2812 5286 crucis,
2841 5230 2967 5275 tunc
3013 5217 3238 5274 efﬁcitur
3265 5232 3400 5288 aqua
3431 5217 3584 5272 mine
3631 5229 3736 5271 sua-

2204 5310 2410 5379 vitatis,
2425 5325 2479 5369 et
2499 5313 2795 5368 amaritudo
2822 5313 3012 5367 littera
3042 5309 3262 5364 vertitur
3285 5311 3338 5364 in
3385 5305 3737 5378 intelligentia

2204 5407 2531 5462 dulcedinem
2584 5419 2772 5460 sensus
2825 5400 3126 5471 spiritualis.
3162 5399 3231 5455 Ut
3279 5414 3406 5470 ergo
3451 5396 3620 5466 possit
3657 5391 3741 5447 tibi

2206 5511 2340 5565 aqua
2362 5510 2560 5558 amara,
2585 5494 2816 5548 ostendit
2857 5493 2997 5546 Deus
3027 5491 3165 5559 quod
3194 5489 3450 5554 mittitur,
3480 5484 3648 5554 utqui
3668 5484 3738 5538 bi—

2209 5587 2343 5642 berit
2390 5599 2492 5640 non
2539 5585 2808 5637 moriatur.
2867 5581 2938 5634 De
2989 5580 3246 5648 sapientia
3289 5579 3542 5634 Salomon
3583 5571 3733 5628 ﬁcit:

2210 5676 2432 5746 Lignum
2488 5675 2600 5726 vita
2643 5668 2987 5742 est~otsutibtts
3030 5669 3118 5738 qui
3159 5663 3546 5737 apprehendat
3587 5660 3740 5713 illul.

2211 5767 2318 5824 Hoc
2363 5779 2488 5835 ergo
2518 5764 2735 5831 lignum,
2768 5758 2821 5815 id
2869 5769 2972 5825 est,
3000 5758 3258 5830 sapientia
3305 5755 3488 5810 crucis
3535 5749 3744 5807 (ii-isit-
