3872 6262
236 306 391 365 313

1049 311 1115 369 ΙΝ
1151 313 1698 376 ρεΝτΑτευοιιωι
1736 313 2220 376 COIMENTARII.
2261 352 2332 366 --
2369 323 2658 384 ειοουε.

3368 337 3467 393 δη

245 428 503 482 missum
525 434 606 482 est
630 424 682 480 iu
709 440 896 496 aquam
922 430 1113 483 veteris
1142 430 1294 502 legis,
1324 443 1380 488 et
1419 407 1820 488 saluberrimum
1847 429 1897 489 Δ
1922 439 2120 487 sentem
2150 433 2305 488 vitam
2336 443 2535 491 tantum
2585 437 2932 509 tbesaurisss,
2980 445 3230 502 continuo
3259 463 3467 507 vermes

246 525 463 581 potum
491 514 712 584 prabuit
749 516 886 571 ildeli
931 521 1142 586 populo,
1171 523 1260 592 qui
1286 523 1353 577 de
1380 524 1481 578 hac
1507 522 1684 577 bibere
1722 536 1823 575 nou

245 616 405 662 ante
436 606 621 677 potuit.
648 607 786 674 Quid
830 619 1004 666 autem
1054 613 1287 672 amarius
1329 628 1486 681 quam
1512 622 1700 668 octavo
1739 612 1826 666 die

247 698 474 752 vulnus
492 698 912 754 eircnmcisionis
935 703 1198 768 accipere,
1223 711 1279 758 et
1304 703 1532 760 diversis
1551 703 1825 762 sacriﬁciis

246 786 591 843 deservire?
637 787 760 842 Alio
811 802 1018 857 quoque
1061 803 1221 845 sensu
1259 805 1451 846 amara
1497 805 1649 861 aqua:
1685 791 1824 859 ligno

253 877 327 931 in
364 891 428 934 se
447 887 693 948 suscepto
719 879 900 936 dulces
922 879 1124 936 edet-tte
1154 880 1387 938 indicant
1419 881 1826 936 amaritudinem

254 971 514 1032 gentium
536 983 632 1037 per
658 969 854 1040 lignum
883 970 1058 1026 crucis
1085 972 1137 1026 iu
1167 986 1318 1025 usum
1335 971 1636 1028 dulcedinis
1656 986 1824 1039 quan-

251 1060 452 1128 doque
489 1071 612 1116 esse
639 1061 967 1117 vertendam.
1010 1062 1084 1118 De
1111 1062 1212 1118 hac
1251 1073 1426 1118 autem
1474 1062 1823 1118 amaritudine

254 1147 470 1203 littera:
518 1149 661 1203 venit
712 1151 931 1218 populus
980 1153 1044 1205 ad
1090 1151 1282 1207 lentes.
1326 1153 1399 1206 De
1457 1155 1621 1206 veteri
1663 1160 1822 1205 testa-

259 1249 458 1295 mento
495 1241 742 1295 transitur
766 1243 831 1295 ad
855 1257 1067 1305 novum,
1105 1243 1170 1295 ad
1214 1242 1574 1310 apostolorum
1620 1241 1822 1296 duode-

255 1332 379 1385 cim
428 1331 620 1386 fontes.
674 1331 746 1387 lbi
799 1333 1137 1401 reperiuntur
1199 1333 1528 1401 septuaginta
1586 1334 1814 1400 palmae:

251 1419 486 1476 luerunt
525 1430 581 1475 et
633 1422 720 1476 alii
770 1423 1098 1493 septuaginta
1152 1422 1295 1477 missi
1335 1422 1400 1476 ad
1431 1421 1815 1492 pradicandum

251 1512 492 1568 verbum
533 1511 647 1568 llei.

857 1599 1080 1661 CAPUT
1118 1604 1252 1660 XVI.

335 1690 630 1748 Πίγρητα
657 1703 770 1763 post
796 1693 905 1751 hcc
932 1697 1152 1765 populus
1175 1696 1544 1764 quiatodeeime
1563 1695 1647 1751 die
1671 1710 1813 1751 eten-

1923 521 2198 590 ebulliunt,
2230 526 2318 596 qui
2350 526 2597 584 videlicet
2639 545 2844 587 vermes
2887 549 2989 589 non
3031 539 3342 594 moriuntur.
3377 540 3463 594 Isti

1921 621 2044 666 sunt
2085 628 2292 670 vermes
2330 632 2464 688 quos
2505 619 2691 688 genuit
2734 622 2979 692 avaritia,
3003 634 3055 681 et
3086 641 3187 682 non
3217 629 3458 694 aliunde;

1921 699 1975 755 in
2002 702 2150 759 nobis
2179 703 2311 759 llunt
2351 722 2560 764 vermes
2581 709 2646 765 de
2672 725 2881 776 manna,
2905 714 3004 769 hoc
3043 724 3146 784 est,
3189 719 3253 772 de
3275 720 3460 774 verba.

1920 789 2010 845 Sic
2036 793 2175 846 enim
2201 793 2334 848 dixit
2358 814 2373 850 :
2402 797 2466 852 Si
2484 814 2586 853 non
2609 803 2837 868 venisset,
2852 811 2898 856 et
2917 803 3110 859 locutus
3130 807 3323 874 fuisset,
3350 826 3463 878 pec-

1920 890 2087 940 catum
2108 899 2208 937 non
2233 883 2480 942 haberent.
2507 888 2629 944 Post
2643 901 2945 961 susceptum
2964 895 3103 949 enim
3134 896 3348 951 verbum
3372 899 3461 952 Dei

1918 967 1963 1021 si
1992 970 2108 1037 quis
2144 979 2346 1040 peccet,
2377 974 2603 1031 efﬁcitur
2640 979 2810 1044 ipsum
2852 982 2923 1036 illi
2951 987 3146 1038 vermis
3166 1026 3179 1049 ,
3209 987 3295 1054 qui
3322 985 3462 1042 illius

1918 1059 2296 1115 conscientiam
2334 1063 2513 1120 lodiat.
2545 1065 2700 1121 Panis
2722 1069 2863 1123 enim
2892 1072 2979 1139 qui
3003 1071 3286 1127 Israelitico
3307 1075 3461 1132 datus

1918 1152 2001 1198 cst
2027 1147 2237 1214 populo,
2269 1149 2336 1203 ab
2363 1150 2624 1221 aliquibus
2669 1155 2864 1210 dicitur
2907 1159 3108 1228 angelis
3138 1162 3345 1227 proprie
3378 1178 3461 1217 rc-

1921 1235 2114 1300 putari,
2158 1244 2218 1290 ut
2244 1237 2311 1291 ibi
2342 1255 2355 1290 :
2384 1237 2579 1294 Panem
2633 1246 2942 1315 angelorum.
2986 1246 3092 1302 Sed
3142 1249 3207 1302 de
3251 1248 3466 1305 Christo

1916 1324 2114 1378 dictum
2163 1335 2246 1382 est
2286 1347 2299 1381 :
2334 1329 2492 1393 Quem
2541 1334 2901 1398 concupiscunt
2947 1338 3113 1406 angeli
3158 1340 3461 1410 prospicere.

1920 1411 2228 1470 .llauducant
2265 1435 2399 1484 eum,
2444 1421 2495 1474 id
2535 1433 2636 1489 est,
2677 1425 2849 1478 omnis
2873 1437 3103 1481 sanctus.
3156 1429 3336 1482 l’luant
3364 1447 3457 1501 po-

1917 1516 2023 1566 nes,
2065 1513 2111 1555 et
2138 1506 2360 1575 pluviam
2408 1509 2780 1575 voluntariam,
2829 1521 2881 1568 et
2934 1516 3148 1584 reliquz.
3205 1516 3459 1575 Eumdem

1917 1606 2128 1646 sensum
2163 1593 2359 1650 habere
2386 1595 2651 1665 dicuntur,
2683 1611 2962 1672 utrumque
2988 1603 3217 1660 divinam
3246 1607 3458 1676 sapien-

1917 1683 2040 1734 tiam
2073 1682 2330 1754 designat.
2351 1686 2597 1756 Sequitur
2620 1704 2636 1742 :
2675 1689 2890 1761 Vespere
2911 1693 3076 1748 scietis
3095 1694 3215 1763 quia
3235 1711 3326 1766 ego
3344 1712 3458 1750 sunt

251 1780 335 1835 sis
379 1783 608 1847 secundi,
630 1757 891 1852 postquam
927 1757 1112 1858 egressi
1162 1757 1278 1841 sunt
1301 1787 1364 1840 de
1393 1796 1527 1840 terra
1570 1785 1803 1860 Egypti.

1919 1770 2196 1840 Dominus;
2232 1792 2375 1830 mane
2399 1790 2566 1833 autem
2605 1757 2832 1835 videbitis
2875 1757 3189 1858 majestatent
3229 1757 3457 1841 Domini.

255 1868 571 1926 Recordare
620 1871 688 1927 de
721 1871 920 1943 legibus
966 1874 1180 1930 Patebat
1225 1889 1342 1944 qua
1377 1876 1514 1931 dicta
1545 1887 1687 1940 sunt,
1739 1877 1808 1932 ibi

255 1959 505 2016 invenies
541 1959 644 2016 hoc
693 1976 813 2018 esse
838 2000 854 2027 ,
910 1965 1049 2033 quod
1094 1974 1400 2020 statuuntur
1426 1965 1491 2019 ad
1517 1965 1807 2021 secundum

261 2048 468 2105 Pascha
499 2049 795 2107 faciendum
823 2052 875 2106 bi
902 2055 991 2124 qui
1008 2054 1263 2110 immundi
1292 2055 1343 2109 in
1372 2057 1545 2109 anima
1573 2053 1808 2126 luerunt,

260 2138 352 2192 vel
379 2140 622 2208 occupati
667 2143 891 2210 negotiis
914 2143 1228 2214 peregrinis.
1258 2141 1326 2198 Et
1351 2144 1404 2198 in
1431 2143 1530 2198 hoc
1572 2151 1809 2212 tempore

105 2192 108 2194 Ὺ
139 2257 144 2260 ν
255 2192 462 2283 manna
484 2192 1381 2304 in
1406 2233 1602 2289 Pascha
1626 2192 1806 2289 llt'nou

253 2316 558 2372 descendit.
589 2317 823 2374 Primum
852 2321 1053 2376 Pascha
1085 2322 1238 2392 primi
1286 2322 1461 2393 populi
1490 2331 1592 2388 est,
1618 2338 1807 2377 secun-

257 2407 388 2460 dum
414 2407 610 2463 Pascha
631 2419 992 2466 nostrumest.
1007 2410 1113 2466 Nos
1133 2411 1520 2482 auteleuimus
1551 2413 1805 2466 immundi

258 2499 314 2551 in
364 2498 534 2553 anima
560 2541 575 2563 ,
621 2500 708 2569 qui
733 2499 866 2556 idola
904 2502 1163 2558 coluimus
1194 2513 1250 2559 et
1294 2504 1531 2571 occupati
1563 2503 1805 2557 mundia-

258 2585 399 2642 libus
427 2590 608 2658 rebus,
635 2591 788 2660 longe
817 2591 1300 2660 peregrinabantur.
1332 2593 1406 2647 De
1447 2593 1639 2663 quibus
1665 2592 1806 2662 Apo-

257 2676 427 2733 stolus
450 2677 578 2734 dicit
609 2697 623 2734 :
660 2680 902 2749 Hospites
946 2682 1395 2737 Testomeatorum.
1433 2682 1803 2739 Verumtamen

258 2781 366 2821 non
398 2768 447 2820 in
473 2768 644 2834 primo
665 2770 880 2837 pascha,
903 2771 997 2825 sed
1021 2772 1072 2824 in
1094 2771 1328 2826 secundo
1349 2785 1537 2826 manna
1563 2773 1720 2828 datur
1738 2773 1804 2828 de

258 2856 421 2913 caelo.
452 2857 608 2914 Panis
632 2861 774 2916 enim
799 2861 888 2931 qui
917 2860 985 2916 de
1026 2862 1165 2917 cosio
1188 2861 1483 2928 descendit,
1528 2877 1632 2918 non
1661 2865 1804 2918 venit

256 2950 325 3005 ad
355 2951 471 3007 illos
493 2952 580 3024 qui
609 2953 836 3022 primum
884 2953 1077 3022 pascha
1127 2953 1407 3021 iecerunt,
1452 2954 1546 3010 sed
1572 2954 1637 3010 ad
1683 2969 1799 3022 nos.

261 3039 392 3096 Ecce
414 3056 508 3110 ege
545 3043 721 3109 pluen-
765 3059 946 3111 penest
980 3045 1044 3100 de
1071 3043 1218 3110 calo,
1245 3054 1296 3100 et
1327 3045 1546 3116 reliqua.
1579 3045 1678 3102 Per
1703 3045 1802 3102 hoc

256 3134 396 3198 quod
422 3133 614 3188 dicitur
639 3133 750 3188 :-ln
777 3145 918 3190 sexto
946 3137 1029 3190 die
1058 3137 1303 3207 colligunt
1348 3137 1581 3209 duplum.
1621 3147 1802 3193 osten-

257 3223 399 3275 ditur
420 3221 559 3290 quod
587 3220 638 3275 in
670 3223 757 3278 die
784 3223 1054 3280 Dominica
1097 3225 1322 3292 primum
1379 3241 1568 3279 manna
1622 3227 1800 3282 datum

255 3322 339 3367 est
357 3310 422 3366 de
440 3312 597 3368 cmio.
627 3312 672 3367 Δ
697 3312 972 3370 Dotulnico
1007 3316 1148 3371 enim
1173 3315 1262 3371 die
1285 3331 1564 3383 pensare
1585 3319 1670 3375 Sal
1692 3321 1798 3375 bali

255 3411 432 3458 sextus
458 3402 572 3458 dies
598 3412 701 3458 est.
753 3405 818 3458 Et
866 3421 960 3473 per
1011 3408 1111 3460 hoc
1157 3406 1459 3476 intelligunt
1485 3407 1650 3462 .ludzei
1689 3409 1797 3476 jam

257 3504 380 3548 tunc
433 3494 703 3564 praiatum
759 3510 879 3551 esse
923 3496 1243 3552 Dominicttm
1298 3508 1534 3554 nostrum
1581 3500 1798 3555 iudaico

259 3581 510 3648 Snbbato,
541 3582 662 3651 quia
692 3581 830 3636 nulla
856 3585 1022 3652 gratia
1050 3585 1114 3641 ad
1157 3585 1275 3638 illos
1301 3584 1570 3640 descendit
1593 3587 1645 3640 in
1668 3586 1798 3641 Sab-

256 3674 378 3730 hato
414 3673 646 3730 illorum.
686 3672 740 3728 in
773 3683 954 3727 nostro
974 3682 1149 3728 autem
1177 3674 1452 3729 Dominico
1477 3675 1565 3729 die
1589 3689 1798 3743 semper

259 3766 401 3831 Deus
421 3763 554 3831 pluit
588 3777 778 3818 manna
823 3763 891 3819 de
930 3761 1089 3819 celo.
1134 3762 1239 3819 Per
1265 3773 1431 3820 totum
1481 3767 1622 3820 enim
1667 3767 1814 3822 Novi-

255 3853 570 3912 Testamenti
605 3864 810 3924 tempus
838 3855 1012 3910 divina
1042 3856 1246 3924 eloquia
1293 3856 1442 3912 nobis
1493 3857 1798 3915 ministram-

153 3987 156 3989 λ
257 3955 360 4000 tur.
389 3945 641 4000 Minutum
689 3959 810 4001 esse
862 3960 1053 4001 manna
1081 3945 1291 4000 dicitur.
1335 3946 1469 4014 Quid
1500 3951 1639 4002 enim
1692 3957 1794 4001 tam

256 4035 443 4099 subtile
468 4046 521 4090 et
566 4036 824 4095 minutum
854 4052 1008 4103 quam
1038 4037 1327 4102 spiritualis
1354 4038 1572 4091 sensus?
1600 4037 1794 4091 Caudi-

234 4129 397 4196 ’Jllltl,
426 4127 543 4196 quia
577 4127 716 4179 nulla
769 4127 1062 4195 ignorantia
1105 4126 1356 4181 fuscatur.
1399 4127 1584 4180 Manna
1637 4130 1795 4193 inter-

257 4225 481 4287 pretatur
505 4215 630 4284 quid
656 4223 728 4267 est
759 4214 893 4268 hoc!
919 4214 1049 4268 Cum
1069 4214 1309 4268 audimus
1341 4215 1508 4284 legem
1542 4217 1632 4271 Dei
1662 4220 1796 4273 reci-

257 4307 375 4369 tari,
411 4305 634 4359 dicimus
663 4303 928 4373 magistris
960 4321 974 4355 :
1006 4304 1142 4368 Quid
1182 4306 1293 4358 est?
1327 4304 1487 4360 Valde
1526 4315 1608 4361 Cal
1653 4310 1792 4363 enim

1882 2858 2060 2927 esset.
2109 2851 2356 2921 Sequitur
2404 2872 2417 2909 :

1911 1862 1969 1915 ln‘
1998 1862 2280 1932 Evangelio
2325 1867 2437 1920 huic
2497 1870 2765 1925 inveniunt
2816 1875 3056 1943 scripta:
3107 1875 3323 1940 Quando
3373 1894 3458 1931 ve-

1907 1966 2048 2019 spere
2088 1953 2297 2009 Sabbati
2323 1958 2452 2011 venit
2489 1958 2660 2014 Maria
2691 1960 3021 2032 Hogdalena,
3068 1975 3115 2019 et
3140 1968 3302 2021 altera
3330 1965 3447 2019 lla-

1905 2041 1985 2093 rie
2004 2042 2169 2096 videre
2188 2046 2491 2112 sepulcrum,
2525 2058 2573 2101 et
2592 2058 2901 2105 lemernotus
2940 2054 3104 2123 foetus
3126 2045 3197 2109 est
3220 2070 3451 2124 magnus.

1907 2127 2129 2200 Angelus
2148 2133 2280 2185 enim
2300 2133 2557 2190 descendit
2586 2138 2648 2191 de
2667 2141 2811 2206 calo,
2839 2151 2888 2207 et
2917 2143 3150 2197 custodes
3185 2145 3307 2211 [acti
3333 2150 3453 2199 sunt

1905 2218 2037 2272 velut
2057 2223 2258 2274 mortui.
2288 2223 2386 2278 Per
2415 2223 2528 2279 haec
2569 2228 2621 2281 in
2650 2243 2868 2299 vespere
2895 2230 3104 2300 agnitus
3128 2244 3206 2288 est
3233 2226 3301 2288 ab
3351 2235 3455 2291 Ec—

1905 2307 2096 2373 clesia,
2150 2311 2355 2379 agnitus
2409 2324 2491 2368 est
2554 2332 2648 2383 per
2701 2320 2968 2374 virtutem
3005 2326 3446 2391 resurrectionis,

1905 2411 2060 2454 mane
2089 2414 2210 2454 vero
2234 2401 2400 2470 gloria
2430 2404 2566 2457 illius
2600 2407 2708 2460 visa
2731 2417 2834 2462 est.
2864 2408 2995 2464 Cum
3025 2413 3293 2468 venissent
3332 2415 3450 2469 alin:

1906 2486 2154 2542 mulieres
2178 2493 2343 2557 prima
2373 2494 2584 2548 Sabhati
2627 2497 2778 2551 valde
2807 2513 2981 2563 mane.
3015 2501 3330 2558 invenerunt
3357 2520 3450 2557 an-

1903 2579 2047 2646 gelos
2073 2593 2189 2634 cum
2221 2583 2375 2636 nimia
2403 2585 2645 2641 claritate
2674 2587 2904 2643 dicentes
2937 2609 2950 2642 ε
2985 2591 3149 2648 Dicite
3190 2593 3450 2664 discipulis

1901 2669 2041 2722 illius
2088 2673 2208 2739 quia
2254 2676 2469 2729 surrexit
2504 2692 2535 2729 n
2586 2679 2815 2733 mortuis.
2847 2679 2968 2735 Visa
2996 2690 3075 2735 est
3115 2685 3242 2754 ergo
3285 2687 3449 2752 gloria

1902 2758 2193 2828 maiestatis
2224 2763 2431 2820 Domini
2479 2781 2654 2833 mane,
2677 2782 2795 2823 cum
2827 2785 2921 2836 per
2966 2773 3180 2842 angelos
3215 2775 3448 2828 nuntiata

2481 2854 2693 2924 Vespere
2729 2860 3094 2916 manducabitis
3140 2878 3313 2918 carnes
3334 2903 3351 2929 ,
3401 2874 3451 2917 et

1902 2954 2046 2992 mane
2066 2941 2379 3010 replebinrini
2402 2946 2636 3023 putribus.
2664 2948 2744 3002 Ad
2778 2963 3053 3016 vesperum
3082 2951 3236 3020 hujus
3267 2953 3447 3008 mundi
3529 3019 3532 3023 ἢ

1902 3031 2113 3085 verbum
2143 3047 2265 3088 mro
2313 3033 2506 3089 laetum
2557 3042 2662 3103 est,
2690 3045 2744 3091 et
2793 3036 2883 3091 illa
2918 3052 3077 3094 carne
3113 3041 3446 3110 agnoscimus

2084 3083 2111 3085 η
2149 3083 2258 3088 ρ--
2314 3083 2505 3089 __-__--_
2560 3083 2662 3103 ..Ἴ
2694 3083 2744 3091 --
2793 3083 2883 3091 η.-
2921 3083 3077 3094 --.ην
3113 3083 3446 3110 "gnum...

1826 3083 1875 3148 ϐ
1903 3120 2202 3192 Dominum,
2217 3139 2372 3193 quam
2396 3125 2628 3196 suscepit
2654 3141 2719 3182 es
2739 3126 2959 3200 virgine.
2983 3129 3118 3184 istas
3140 3131 3282 3186 enim
3301 3133 3447 3188 verbi

1904 3212 1995 3268 Dei
2028 3229 2418 3282 carues,neque
2447 3232 2624 3285 mane,
2650 3232 2819 3289 neque
2834 3221 3054 3278 meridie
3081 3223 3269 3292 aliquis
3298 3240 3446 3280 man-

1900 3304 2130 3360 ducavit.
2159 3306 2236 3361 Ad
2281 3322 2558 3374 vesperum
2589 3308 2742 3379 hujus
2769 3313 2952 3365 mundi
2980 3313 3122 3367 venit
3152 3314 3391 3372 Christus
3422 3333 3438 3369 :

1901 3394 2006 3450 Sed
2031 3410 2196 3457 mane,
2226 3395 2414 3464 inquit,
2459 3397 2772 3466 repleln'ntini
2815 3401 3048 3470 panibus.
3098 3401 3254 3459 Panis
3296 3407 3446 3462 nobis

1899 3485 2113 3539 verbum
2145 3486 2235 3540 Dei
2267 3494 2378 3554 est;
2428 3488 2537 3557 ipse
2563 3489 2696 3544 enim
2740 3500 2814 3546 est
2844 3493 2988 3560 panis
3039 3496 3198 3563 idem,
3251 3499 3333 3566 qui
3383 3499 3445 3554 de
3498 3556 3503 3560 ,

1896 3575 2020 3627 calo
2058 3572 2333 3640 descendit,
2364 3586 2418 3631 et
2463 3571 2682 3648 reliqua.
2727 3579 2834 3636 Sed
2859 3584 2997 3652 quod
3028 3584 3251 3650 dicitur,
3291 3603 3444 3642 mane

1896 3665 2008 3720 dari
2051 3667 2193 3723 hunc
2224 3684 2450 3736 panem,
2501 3685 2622 3724 cum
2661 3671 2943 3727 adventum
2995 3675 3130 3730 illius
3182 3677 3231 3729 in
3280 3691 3443 3733 caroe

1897 3754 2090 3809 factum
2139 3756 2428 3810 dixerimus
2449 3755 2514 3810 ad
2539 3773 2811 3826 vesperam
2844 3759 2968 3816 huic
2997 3763 3216 3827 mundo,
3246 3766 3440 3818 iutelii-
3493 3789 3496 3792 ~

1893 3845 2117 3915 gendum
2174 3854 2298 3915 puto
2352 3847 2491 3915 quod
2547 3848 2611 3903 ad
2666 3864 2942 3918 vesperum
3014 3855 3222 3924 quidem
3287 3856 3442 3928 huius

1895 3935 2073 3989 mundi
2117 3935 2367 3992 Dominus
2405 3938 2580 4005 venit,
2633 3939 2725 3994 sed
2773 3941 3006 3996 adventu
3059 3959 3157 3999 suo
3200 3948 3336 4012 quod
3375 3948 3440 4000 ad

1895 4020 2197 4093 vesperum,
2220 4028 2336 4091 quia
2363 4027 2475 4094 ipse
2495 4028 2697 4095 iustitia
2731 4039 2836 4094 est,
2864 4044 3053 4098 novum
3101 4035 3441 4090 credentibus

1829 4112 1833 4115 ⁷
1893 4114 2154 4181 reparavit
2189 4114 2482 4181 diem,quia
2514 4130 2704 4169 novum
2730 4116 2959 4173 scientiae
2982 4118 3154 4175 lumen
3185 4127 3440 4179 ostendit.

1894 4192 2159 4269 Tanquam
2182 4202 2256 4258 sol
2278 4203 2500 4271 iustitiae
2526 4219 2677 4260 suum
2707 4221 2880 4273 mane,
2925 4211 3060 4278 qttod
3091 4211 3245 4266 modo
3281 4211 3438 4266 nobis

1894 4292 2137 4361 produxit
2181 4291 2410 4358 radium,
2457 4303 2512 4348 et
2559 4294 2611 4349 in
2645 4297 2743 4350 hoc
2789 4313 2944 4352 mane
2997 4301 3260 4365 replentur
3295 4311 3433 4365 pane

255 4396 480 4461 subtilis,
507 4396 656 4466 quasi
688 4410 870 4452 semen
920 4395 1208 4456 coriandri.
1256 4394 1425 4450 liabet
1451 4395 1592 4450 enim
1633 4399 1683 4451 in
1735 4413 1792 4453 se

1903 4381 1982 4448 qui
2013 4393 2270 4452 precepts
2297 4383 2608 4451 suscipiunt.
2635 4384 2740 4441 Nec
2771 4387 3032 4442 miremini
3069 4375 3186 4458 quia
3217 4386 3432 4442 verbum

256 4487 446 4556 aliquid
501 4488 705 4553 oleris,
757 4503 862 4553 quo
908 4488 1111 4543 nutrire
1173 4486 1410 4561 inlirutos
1456 4488 1640 4554 possit.
1692 4489 1793 4556 Qui

1903 4471 2007 4537 Dei,
2030 4483 2082 4525 et
2103 4487 2247 4537 caro,
2276 4481 2331 4527 et
2360 4474 2508 4540 panis
2549 4472 2768 4539 dicitur,
2799 4490 2917 4529 cum
2969 4477 3049 4532 iac
3089 4490 3136 4533 et
3177 4480 3317 4533 olera
3355 4477 3432 4531 di.

256 4575 392 4632 enim
434 4573 673 4629 inlirmus
724 4584 807 4628 est
854 4575 1000 4629 olera
1026 4575 1327 4630 manducet.
1377 4574 1586 4642 Aliquid
1638 4577 1795 4631 habet

264 4663 569 4734 frigoriset
597 4661 716 4715 ideo
742 4671 801 4715 ut
830 4660 1014 4728 pruina
1039 4671 1140 4716 est.
1172 4662 1305 4728 Quid
1328 4669 1409 4716 est
1431 4670 1626 4728 autem,
1658 4674 1713 4716 ut
1741 4664 1792 4717 in

257 4753 344 4808 die
369 4752 493 4806 festo
539 4750 755 4817 duplum
800 4748 1110 4816 colligatur?
1160 4751 1354 4804 Sextus
1400 4751 1530 4813 dies,
1561 4766 1793 4819 prmsens

261 4843 361 4893 vita
387 4851 465 4894 est
496 4839 549 4894 in
580 4853 679 4907 qua
710 4837 925 4906 duplum
961 4836 1137 4905 colligi
1161 4837 1390 4905 iubetur.
1423 4841 1477 4892 in
1509 4854 1604 4892 sex
1649 4839 1790 4894 enim

184 4928 191 4933 ’
258 4930 432 4984 diebus
451 4930 588 4984 Deus
612 4928 736 4982 fecit
758 4928 896 4981 hunc
913 4925 1181 4980 mundum.
1209 4927 1317 4979 Hac
1345 4941 1472 4993 ergo
1487 4927 1571 4981 die
1588 4937 1789 4982 tantum

260 5025 543 5077 recondere
565 5023 820 5077 debemus
845 5031 1095 5090 quantum
1114 5018 1337 5076 sufﬁciat
1356 5021 1404 5074 in
1425 5020 1598 5076 futuro
1615 5023 1718 5078 die.
1735 5024 1790 5080 Si

257 5112 374 5182 quid
401 5110 536 5164 enim
566 5112 684 5182 boni
717 5114 890 5178 operis
919 5112 1006 5167 hic
1031 5111 1279 5183 acquiris.
1304 5109 1470 5164 hocin
1501 5112 1672 5165 iuturo
1689 5127 1790 5189 sa:-

260 5203 375 5258 eulo
404 5205 500 5254 erit
524 5201 616 5254 tibi
645 5201 816 5258 cibus.
851 5202 998 5269 Quod
1026 5212 1198 5257 autem
1228 5201 1452 5254 seminat
1478 5204 1660 5268 homo,
1691 5202 1790 5257 hoc

261 5303 317 5346 et
342 5298 509 5343 metet.
543 5288 680 5356 Ergo
721 5305 824 5342 non
854 5292 1175 5346 seminemus
1221 5289 1359 5358 Quod
1413 5294 1786 5359 corrnmpilur.

261 5379 348 5437 sed
374 5379 507 5448 quod
540 5377 787 5446 perduret
812 5380 862 5433 in
907 5383 1213 5436 crastinum.
1260 5378 1408 5446 Quod
1445 5379 1673 5448 inﬁdeles
1701 5383 1790 5437 de-

262 5472 492 5540 fecerunt,
534 5477 849 5535 servaverunt
889 5471 952 5523 de
987 5486 1188 5533 manna,
1221 5477 1269 5522 et
1311 5466 1608 5522 ebulliertmt
1637 5486 1698 5523 ex
1732 5487 1790 5524 eo

263 5571 452 5620 termes,
474 5564 520 5608 et
543 5557 870 5624 computruit.
897 5557 1045 5622 Quod
1078 5562 1290 5628 propter
1318 5554 1601 5610 Sabbatum
1634 5574 1785 5626 repoo

264 5649 468 5707 llCll'Jllll'
499 5663 602 5702 non
633 5648 1098 5716 cot'iumpebatur',
1128 5649 1170 5704 si
1201 5656 1372 5703 autem
1415 5659 1626 5717 propter
1653 5665 1785 5719 [trax-

1891 4569 2075 4615 cantur
2113 4575 2208 4628 pro
2261 4575 2511 4616 mensura
2564 4564 2906 4620 sumentium.
2948 4567 3123 4622 Potest
3150 4584 3355 4638 quoque
3383 4580 3438 4626 et

1893 4651 1993 4705 hoc
2013 4652 2252 4722 intelligi,
2277 4652 2416 4720 quod
2451 4662 2566 4718 post
2594 4656 3038 4711 resurrectionem
3075 4672 3247 4723 suam,
3278 4675 3435 4728 quam

1897 4755 2052 4794 mane
2079 4741 2410 4796 ostendimus
2427 4742 2639 4803 iactam.
2659 4746 2936 4800 credentes
2973 4749 3252 4815 repleverit
3290 4749 3435 4817 paui-

1893 4828 2008 4893 bos.
2041 4844 2135 4897 pro
2157 4830 2374 4898 eoquod
2401 4830 2562 4885 libros
2581 4833 2714 4904 legis
2739 4842 2793 4887 et
2819 4834 3207 4905 Prophetarum
3229 4838 3435 4909 ignotos

1890 4918 2098 4972 dederit
2127 4918 2298 4981 nobis,
2329 4915 2530 4988 ut'ipse
2556 4922 2626 4974 sit
2650 4922 2802 4987 panis
2827 4925 2876 4977 in
2911 4925 3226 4994 Evangelia;
3257 4931 3430 4984 ceteri

1890 5007 2032 5073 libri,
2067 5009 2206 5077 leges
2255 5013 2309 5059 et
2349 5010 2724 5076 prophetarum
2775 5014 2982 5080 plurimi
3013 5028 3172 5082 panes
3222 5024 3428 5073 nuneu-

1890 5101 1995 5168 pati
2022 5107 2160 5162 sunt,
2189 5111 2256 5150 es
2283 5100 2472 5167 quibus
2519 5100 2794 5167 replentur
2840 5101 2989 5174 justi,
3017 5113 3070 5158 et
3098 5105 3238 5159 illius
3277 5108 3428 5162 intel-

1891 5191 2054 5259 ligere
2083 5200 2384 5255 possumus,
2411 5188 2548 5257 quod
2581 5188 2864 5260 unicuique
2899 5201 3139 5247 nostrum
3171 5211 3323 5250 mane
3351 5211 3428 5251 est

1890 5289 2112 5347 tempus,
2146 5291 2247 5345 quo
2277 5278 2649 5342 illuminamur,
2677 5290 2733 5334 et
2759 5281 2823 5335 ad
2853 5283 3018 5336 lucem
3043 5283 3159 5338 lidci
3189 5294 3419 5341 ascendi-

1887 5374 2114 5432 mus;'et
2141 5369 2191 5422 iu
2221 5370 2314 5425 illo
2332 5384 2488 5426 mane
2512 5383 2700 5428 carnes
2729 5371 2870 5428 verbi
2907 5372 2996 5427 Dei
3025 5378 3299 5432 comedere
3323 5389 3430 5435 non

1888 5476 2180 5532 possumus,
2209 5463 2258 5516 id
2308 5471 2408 5527 est,
2450 5461 2690 5528 perlecta:
2734 5464 2983 5519 doctrina:
3016 5469 3242 5524 nondum
3274 5488 3430 5539 capa-

1885 5568 1970 5608 ces
2003 5554 2294 5617 existimus,
2341 5553 2432 5606 sed
2488 5565 2604 5620 post
2632 5556 2795 5633 longa
2843 5560 3114 5614 exercitia.
3159 5560 3286 5615 Cum
3319 5562 3425 5630 j:un

1883 5646 2018 5700 enim
2053 5645 2272 5714 proximi
2295 5659 2474 5701 sumus
2499 5647 2560 5703 ad
2593 5661 2885 5716 vestierunt,
2912 5658 2962 5703 ct
2982 5650 3044 5704 ad
3078 5650 3232 5706 linem
3257 5651 3416 5712 ἰωνον
