3872 6262
492 311 597 366 515

987 306 1192 362 [υἰυῶ
1236 306 1691 364 ἮΞΝΕΒᾹΒΙΙΛδ
1727 308 2013 366 OPERUM
2058 309 2231 365 PARS
2273 310 2336 364 II.
2378 340 2448 353 —
2489 312 2872 373 EXEGETICA
2913 317 3240 378 GENUINA.

3675 322 3771 375 3l6

494 417 928 481 imperfectionts,
961 424 1087 469 tunc
1127 418 1338 472 demum
1378 418 1680 484 solidiores,
1707 419 1809 473 cibi
1841 434 2063 488 capaces
2093 426 2138 482 Α
2169 421 2461 491 Christum,
2487 434 2544 479 ut
2581 425 2647 482 de
2670 428 2762 482 illo
2790 429 2952 485 bibat.
2981 432 3152 488 Locus
3174 434 3264 488 ubi
3297 443 3460 501 petra
3496 450 3768 504 parcns-it

492 509 788 564 existituus.
821 506 961 561 Istud
1004 516 1205 576 autem,
1238 520 1391 577 prout
1417 513 1528 565 vult
1566 512 1947 583 unusquisque,
1981 510 2060 567 ta-

495 600 598 653 lem
640 612 882 666 saporem
937 598 1114 652 reddit
1144 613 1292 654 more
1337 600 1501 666 illius,
1539 601 1744 655 sienim
1773 601 2062 668 tribularis,

496 691 599 744 hoc
624 702 837 752 manna,
871 689 920 744 id
967 699 1069 750 est.
1103 691 1321 746 verlmm
1367 691 1672 747 consolatur
1719 703 1792 758 te,
1832 693 2015 748 dit-ens
2047 711 2059 746 :

491 776 592 834 Cor
635 779 904 833 contritum
952 789 998 834 et
1046 779 1368 834 humiliatus:
1421 782 1556 835 Dm
1604 798 1705 835 non
1753 781 1965 846 spernit.
2003 782 2060 839 3i

495 869 782 926 iracundus
827 884 906 935 es,
940 870 1186 938 mitigans
1213 881 1264 924 te
1285 871 1416 926 dicit
1447 887 1465 927 :
1497 870 1681 927 Desine
1707 872 1883 934 abire,
1903 881 1949 926 et
1970 874 2062 927 dc-

493 960 718 1028 relinque
754 963 1004 1030 furorem.
1035 958 1090 1014 Si
1136 973 1241 1014 non
1282 960 1445 1015 babes
1482 969 1538 1015 et
1573 975 1770 1015 cacus.
1817 959 2064 1015 Dominus

495 1050 753 1104 illuminat
790 1065 969 1105 cocos.
1023 1049 1201 1104 Potest
1247 1049 1461 1120 quidem
1511 1061 1565 1105 et
1616 1051 1888 1104 volucrum
1941 1063 2062 1104 esca

499 1140 695 1196 veteris
736 1141 868 1211 legis
910 1140 1211 1212 signiﬁcare
1239 1141 1469 1211 eloquia,
1501 1156 1622 1211 qua:
1663 1142 1910 1209 populum
1949 1155 2066 1194 car-

502 1232 698 1296 nalem,
741 1241 988 1302 tanquam
1018 1233 1286 1288 carnalem
1316 1233 1510 1299 elevat,
1559 1246 1652 1302 per
1682 1233 1839 1288 verba
1874 1232 2064 1288 divini-

497 1331 583 1373 tus
617 1322 795 1376 missa.
831 1323 930 1377 Per
953 1323 1182 1378 volatilia
1209 1324 1348 1379 unde
1374 1333 1427 1380 et
1451 1338 1668 1394 vespere
1698 1324 1912 1385 dantur.
1941 1323 2063 1394 quia

498 1424 688 1466 cuncta
711 1429 826 1481 qua!
852 1413 1134 1468 carnaliter
1158 1413 1372 1482 dantur,
1410 1414 1568 1469 ﬁnem
1614 1412 1832 1468 habent.
1867 1416 1907 1468 Α
1949 1427 2064 1466 ma-

498 1501 689 1555 nifesto
721 1504 917 1556 lumine
943 1502 1083 1570 ﬁdei,
1115 1503 1271 1558 datur
1298 1519 1487 1559 manna
1513 1504 1704 1573 populo
1733 1503 1845 1571 Dei,
1878 1503 1930 1559 id
1958 1512 2062 1571 est,

494 1591 761 1655 Christus,
789 1593 876 1661 qui
905 1603 986 1646 est
1027 1593 1174 1660 panis
1217 1593 1388 1648 vivus.
1441 1593 1553 1649 lloc
1579 1603 1752 1648 autem
1787 1593 2063 1650 volucrum

497 1697 661 1752 genus
691 1683 826 1756 apud
858 1683 1108 1739 Hebraeos
1136 1692 1358 1740 vocatur
1385 1683 1647 1750 coturnix,
1678 1684 1816 1752 apud
1843 1681 2063 1739 Graecos

2165 522 2246 566 est
2274 525 2489 570 Vocatur
2515 516 2799 587 Tentatio;
2828 531 2881 575 et
2913 522 2962 578 in
3013 525 3127 579 loco
3176 527 3460 592 passionis
3491 539 3622 579 orta
3654 547 3768 582 tua.

2165 617 2263 669 gna
2291 606 2534 674 tentatio,
2566 609 2777 676 quando
2799 610 3040 680 discipuli
3072 614 3215 668 illius
3239 631 3438 670 omnes
3469 620 3685 671 relicto
3712 639 3772 673 ro

2165 689 2426 757 ingerunt.
2460 693 2581 749 Post
2623 695 2738 754 haec
2765 697 2973 769 Moyses
3007 702 3246 758 ascendit
3277 703 3329 757 in
3363 716 3658 765 montem.
3691 707 3770 762 Jo-

2162 794 2255 834 stts
2278 791 2458 836 contra
2489 783 2741 839 Amalech
2781 789 3028 856 pugnavit
3059 805 3074 843 :
3104 791 3229 860 quid
3269 807 3366 860 per
3401 794 3519 847 hoc
3548 796 3768 862 signino

2162 877 2332 933 catur,
2365 870 2464 925 nisi
2494 873 2614 940 quia
2650 873 2876 945 Moyses,
2911 877 2960 930 id
2989 888 3070 934 est
3103 879 3207 944 lcx,
3241 895 3346 934 non
3371 882 3569 950 potuit
3597 884 3770 947 impt-

2164 956 2368 1014 dientes
2396 961 2498 1016 iter
2539 973 2777 1019 nostrum
2824 967 3164 1023 adversarios
3211 985 3586 1039 expugnare;
3639 974 3770 1028 nihil

2164 1048 2304 1138 enim
2334 1049 2398 1106 ad
2428 1052 2716 1122 perfectum
2747 1057 2992 1126 perduxit
3034 1059 3144 1126 lex,
3172 1065 3263 1116 sed
3294 1064 3464 1119 Iesus
3501 1072 3768 1138 pugnavit

2165 1137 2374 1202 etvicit,
2405 1143 2493 1208 qui
2516 1151 2600 1197 est
2627 1144 2874 1201 Salvator
2903 1158 3100 1203 noster.
3141 1149 3344 1222 Moyses
3372 1158 3527 1208 stetit
3562 1137 3620 1210 in
3657 1175 3768 1210 M-

2164 1230 2259 1282 tice
2287 1232 2448 1297 collis,
2484 1233 2584 1288 hoc
2604 1245 2707 1302 est,
2745 1237 2828 1293 lex
2855 1240 3027 1309 surgit
3052 1241 3102 1294 in
3124 1243 3464 1310 spiritualetxt
3484 1263 3723 1301 sensura
3752 1269 3764 1310 ;

2163 1328 2211 1372 et
2249 1319 2301 1372 in
2345 1320 2566 1389 lapidem
2605 1326 2754 1388 sedit,
2783 1326 2885 1382 hoc
2923 1338 3027 1395 est,
3060 1331 3111 1384 in
3163 1331 3396 1386 Ecclesia
3433 1338 3762 1401 requiescit.

2167 1407 2315 1475 Quod
2342 1421 2516 1464 autem
2544 1415 2803 1483 sequitur,
2833 1415 3016 1472 Manus
3057 1418 3228 1490 Moysi
3255 1433 3402 1475 erant
3441 1442 3666 1494 graves,
3699 1443 3765 1480 st-

2166 1500 2375 1569 gniﬁcat
2419 1503 2537 1573 quin
2588 1519 2868 1574 peccantes
2897 1525 3135 1580 quasque
3179 1529 3282 1568 non
3315 1517 3764 1572 misericorditer

2165 1592 2403 1658 protulit,
2429 1596 2520 1647 sel
2544 1608 2728 1649 severa
2754 1597 3088 1654 districtione
3111 1606 3396 1670 percussit.
3427 1608 3620 1661 Aaron
3652 1624 3763 1662 erro

2166 1691 2214 1734 et
2261 1680 2334 1736 Ur
2361 1687 2701 1740 sustinuerunt
2728 1705 2908 1744 manus
2935 1691 3094 1744 illius.
3152 1695 3327 1750 Aaron
3359 1697 3760 1766 interpretatur

497 1752 860 1841 ortigotnetra,
892 1774 1001 1827 avis
1031 1774 1233 1829 marina
1265 1775 1314 1828 in
1363 1775 1572 1830 Latina.
1614 1774 1717 1830 Alii
1757 1775 1938 1829 dicunt
1968 1789 2061 1844 per
2091 1752 2138 1812 Β
2167 1785 2320 1826 mons
2366 1773 2719 1845 ΐοτιὶιυάίηίες
2766 1779 2860 1846 υτ.
2893 1782 3047 1850 ίευὶεο
3095 1784 3243 1840 Μοῐδι
3284 1788 3472 1857 ἱιεισιυε
3520 1752 3626 1844 ἔπιέ

498 1866 800 1917 cOturnlces
850 1862 1230 1919 humanitatem
1275 1864 1472 1918 Christi
1505 1877 1660 1932 posse
1704 1865 1946 1934 intelligi,
1974 1878 2069 1932 per

502 1966 717 2016 manna,
762 1953 926 2022 ipsius
972 1954 1322 2010 divinitatem.
1365 1955 1596 2021 Vespere
1639 1956 1780 2012 enim
1823 1957 2064 2012 coturnix

501 2043 815 2112 percutitur,
846 2044 1059 2112 quando
1089 2046 1265 2100 carnis
1291 2045 1484 2101 Christi
1513 2045 1835 2101 occisionem
1861 2045 2065 2117 signiﬁ-

502 2141 609 2186 cat.
642 2134 792 2187 Mane
818 2148 1008 2188 manna
1035 2135 1361 2190 divinitatem
1390 2137 1598 2204 corpori
1626 2136 2060 2205 pracellcntiam,

503 2221 658 2276 nobis
688 2222 996 2292 mysterium
1029 2224 1323 2292 sapientiae,
1350 2235 1404 2280 et
1445 2227 1683 2293 corporis
1724 2225 1920 2281 Christi
1963 2241 2060 2279 no-

507 2317 703 2377 tantur,
739 2309 910 2366 donec
952 2311 1018 2366 de
1067 2313 1260 2366 mundo
1300 2325 1354 2368 et
1379 2327 1473 2383 per
1504 2314 1821 2380 baptismum
1870 2313 2064 2368 exieri-

503 2416 648 2468 mus;
695 2405 833 2459 sicut
874 2405 1067 2474 pOpulo
1106 2407 1333 2476 quandiu
1374 2406 1468 2460 l‘tnt
1515 2405 1845 2476 tntEgypto,
1874 2419 2064 2459 manna

501 2509 607 2547 nun
652 2495 824 2564 datur.
864 2495 1051 2550 Manna
1093 2498 1200 2566 pilo
1245 2507 1474 2562 tonsum,
1525 2511 1720 2565 corpus
1770 2494 1965 2550 Christi
2011 2496 2062 2548 in

495 2597 653 2639 cruce
679 2585 974 2652 signiﬁcat;
1004 2587 1054 2638 in
1079 2587 1186 2652 die,
1217 2587 1268 2641 id
1301 2597 1407 2652 εει,
1439 2601 1596 2652 novo,
1632 2595 1686 2638 ιιι
1706 2586 1913 2650 dicitur,
1936 2584 2065 2639 Filii

492 2675 621 2729 lucis
667 2677 806 2743 estis,
831 2687 883 2731 et
914 2677 1130 2748 reliqua,
1167 2693 1332 2748 usque
1378 2680 1556 2732 noctis.
1599 2678 1786 2732 Manna
1822 2675 1980 2747 justis
2007 2685 2063 2733 et

493 2765 703 2830 injustis
747 2767 988 2831 traditur,
1033 2768 1108 2822 sic
1136 2776 1192 2824 et
1220 2768 1438 2824 verbum
1485 2768 1576 2822 Dei
1605 2767 1853 2821 omnibus
1881 2768 2057 2822 datur.

491 2855 630 2910 Caro
654 2865 832 2912 autem
862 2873 1080 2926 vespere
1099 2857 1219 2913 data
1245 2858 1508 2930 signiﬁcat
1533 2861 1671 2929 quod
1701 2859 1914 2923 dicitur,
1940 2858 2060 2915 Scio

491 2947 626 3015 quod
655 2962 753 2999 non
781 2958 852 3001 est
879 2950 1063 3008 bonum
1089 2950 1143 3003 in
1186 2965 1338 3005 carne
1381 2966 1513 3005 mea.
1568 2950 1724 3004 l’anis
1755 2963 1910 3004 mane
1948 2947 2062 3002 ani-

2164 1857 2521 1919 fortitudinem
2548 1906 2563 1932 ,
2613 1869 2874 1937 signiﬁcat
2915 1873 3184 1929 Christum
3236 1894 3249 1930 ε
3304 1879 3427 1946 ipse
3473 1895 3567 1934 cet
3594 1884 3755 1936 .l’llim

2163 1968 2338 2020 mons,
2371 1959 2619 2024 pracisus
2672 1962 2803 2030 lapis
2843 1965 2911 2020 de
2954 1977 3134 2022 ntonte
3178 1969 3295 2025 sine
3341 1973 3627 2038 manibus,
3672 1975 3756 2043 qui

2163 2045 2329 2097 crevit
2374 2046 2423 2099 in
2473 2057 2704 2102 montem
2757 2068 3024 2122 magnum.
3071 2057 3207 2126 Ignis
3248 2068 3430 2114 autem
3490 2062 3753 2127 Sptﬁtnm

2164 2146 2400 2190 sanctum
2428 2139 2708 2208 signiﬁcat,
2742 2142 2810 2197 de
2852 2159 2959 2214 quo
2997 2142 3208 2215 dicitur,
3244 2147 3430 2220 Ignem
3475 2159 3597 2205 neat"
3643 2159 3752 2205 zm-

2165 2233 2282 2278 tere.
2315 2228 2483 2280 Aaron
2522 2243 2637 2282 vero
2686 2243 2731 2284 et
2774 2230 2847 2285 Ur
2891 2235 3133 2288 sustinent
3178 2253 3358 2292 manus
3395 2239 3602 2310 Moysi,
3634 2259 3750 2310 illi"!

2165 2314 2424 2370 mediator
2448 2317 2538 2372 Dei
2568 2326 2621 2372 et
2670 2319 2942 2375 hominum
2987 2338 3108 2376 cum
3153 2325 3272 2392 igne
3303 2326 3552 2394 Spiritus
3583 2334 3750 2386 sancti

2165 2406 2409 2472 veniens,
2452 2407 2695 2464 mandata
2737 2410 2871 2479 legis
2918 2416 3119 2480 gravia,
3163 2429 3283 2485 qua:
3312 2421 3619 2474 carnaliter
3649 2440 3750 2478 mm

2166 2506 2449 2564 potuerunt
2494 2501 2715 2568 portari,
2763 2503 3114 2559 tolerabiliora
3167 2507 3318 2562 nobis
3360 2525 3458 2576 per
3489 2514 3747 2581 spiritua-

2165 2585 2266 2638 lem
2296 2600 2510 2642 sensum
2542 2592 2793 2646 ostendit.
2818 2590 3020 2662 Magne
3046 2607 3220 2652 autem
3245 2599 3639 2659 admirationis
3668 2617 3746 2659 est

2163 2677 2372 2746 Moyses
2405 2679 2513 2736 Deo
2543 2685 2751 2752 plenus,
2781 2687 2870 2756 qui
2900 2703 3020 2741 cum
3057 2688 3165 2745 Deo
3195 2693 3327 2748 (acie
3347 2694 3415 2748 ad
3446 2694 3648 2752 (aciein
3673 2699 3744 2752 lo-

2160 2767 2439 2835 quebatur.

2360 2935 2364 2940 ,
2722 2862 2949 2920 Ctrur
2977 2865 3154 2924 xvnt.

2232 2946 2312 2999 Ab
2354 2948 2558 3016 Jethro,
2592 2949 2692 3007 hoc
2734 2962 2816 3008 est
2855 2955 2922 3010 ab
2951 2955 3167 3013 homine
3210 2961 3423 3031 gentili,
3453 2966 3736 3019 consilium

491 3049 630 3089 niam
663 3037 887 3090 lucidam
915 3039 1171 3106 ostendit,
1199 3040 1371 3092 simile
1394 3054 1514 3093 cum
1545 3038 1723 3100 melle.
1751 3037 1801 3091 id
1840 3048 1942 3102 est,
1973 3039 2058 3093 Iit-
2083 3085 2132 3150 ο
2161 3036 2387 3104 accepit,
2419 3046 2473 3092 et
2503 3039 2625 3092 fecit
2654 3043 2830 3100 munia
2871 3060 3201 3117 quaecunque
3225 3049 3466 3115 diceret;
3501 3056 3603 3107 sed
3637 3056 3738 3107 [ων.

492 3130 620 3150 ιιι-..ι
649 3136 766 3150 ,ιη-ιιι
793 3137 950 3150 ’-κρυ
998 3124 1183 3150 ιιηκ..-
1209 3134 1383 3150 -..ιιι-ν.
1407 3125 1725 3150 ...ι-...1..-,.-Α
1753 3127 1891 3150 2...-..
1913 3140 2053 3150 ...-_-
2163 3140 2295 3150 ..ΑΔ-μ.
2326 3129 2631 3150 ι.--.--ειε.-.ε-
2727 3135 2737 3144 ο
2816 3136 2826 3146 ο
2873 3136 2904 3150 η
3027 3137 3041 3150 ι
3087 3148 3094 3150 Α
3186 3149 3191 3150 ,
3228 3141 3246 3150 ρ
3375 3144 3387 3150 -
3726 3148 3735 3150 -

492 3130 621 3176 terte
648 3136 767 3176 cum
793 3137 974 3177 sensu.
998 3124 1186 3177 Manna
1207 3134 1384 3178 autem
1407 3125 1728 3180 manducare
1753 3127 1891 3181 inter
1912 3140 2058 3183 mare
2083 3124 2132 3150 ν
2161 3140 2298 3179 mam
2325 3129 2635 3185 humilitatis
2663 3135 2986 3202 principibus
3008 3137 3118 3201 dat,
3143 3149 3199 3195 et
3225 3141 3387 3196 futuri
3409 3148 3737 3200 sacrameati

492 3208 751 3277 Rubrum,
779 3220 833 3265 et
855 3219 1051 3267 terram
1081 3211 1313 3282 AEgypti,
1354 3221 1409 3268 et
1434 3217 1636 3281 Arnon,
1667 3226 1721 3270 et
1746 3215 2055 3284 Jordanem,

489 3309 544 3354 et
577 3308 770 3355 terrain
795 3300 1079 3367 Chanaan;
1121 3300 1172 3355 id
1202 3309 1305 3370 est,
1352 3303 1488 3360 inter
1514 3304 1768 3360 mundum
1799 3314 1855 3361 et
1887 3307 2056 3377 bapti-

488 3408 685 3458 smum,
727 3400 782 3472 et
809 3394 1197 3463 paenitentiam,
1242 3402 1297 3451 et
1327 3396 1501 3466 ignem
1528 3395 1710 3466 judicii
1756 3408 1809 3454 et
1836 3415 2055 3472 regnum

489 3483 729 3536 caeleste.
763 3470 942 3538 Potest
968 3498 1176 3553 quoque
1203 3493 1385 3540 sextus
1427 3485 1564 3552 dies,
1608 3488 1661 3542 in
1709 3504 1814 3556 quo
1839 3470 2054 3560 duplum

489 3572 661 3641 colligi
687 3571 921 3639 jubetur,
964 3584 1166 3628 sextam
1210 3584 1420 3630 aetatem
1461 3576 1615 3646 hujus
1646 3579 1825 3635 mundi
1851 3581 2054 3649 signiﬁ-

486 3679 630 3728 care,
663 3664 714 3718 in
757 3679 858 3733 qua
901 3679 1085 3720 sumus
1133 3682 1292 3723 nunc.
1329 3667 1382 3723 In
1411 3669 1638 3740 quinque
1666 3671 1805 3727 enim
1844 3674 2053 3742 diebus,

492 3755 589 3809 hoc
612 3766 695 3811 est
722 3759 1005 3826 praeteritis
1033 3760 1359 3828 temporibus
1391 3761 1543 3832 hujus
1564 3763 1766 3831 mundi,
1795 3765 1861 3819 ab
1886 3766 2053 3820 Adam

489 3861 654 3916 usque
681 3848 734 3902 in
775 3848 1051 3914 diluvium,
1091 3865 1121 3904 a
1151 3849 1350 3905 diluvio
1385 3853 1438 3906 in
1483 3851 1771 3921 Abraham,
1798 3853 1866 3907 ab
1889 3854 2054 3908 Abra-

487 3938 606 3993 ham
637 3936 688 3990 in
721 3937 960 4009 Moysen,
990 3953 1021 3992 a
1063 3938 1242 4009 Moyse
1289 3956 1454 4010 usque
1488 3943 1554 3997 ad
1594 3943 1777 4009 David,
1823 3959 1851 3998 a
1887 3945 2050 4000 David

486 4027 538 4080 in
571 4018 836 4082 Christum
867 4042 962 4097 pro
992 4029 1270 4083 mundanis
1293 4033 1586 4087 commodis
1622 4034 1924 4089 serviebant
1955 4035 2051 4090 ho-

486 4133 676 4185 mines,
702 4128 760 4173 ut
783 4120 918 4174 bona
945 4121 1344 4177 manducarent.
1373 4113 1478 4178 Nos
1499 4134 1696 4191 autent,
1719 4126 1908 4194 quibus
1938 4143 2045 4182 nott

488 4210 703 4276 praemia
732 4209 1021 4279 mundana,
1051 4212 1145 4267 sed
1173 4227 1392 4282 regnum
1423 4215 1678 4269 caelorum
1719 4218 2047 4285 promittitur

487 4302 538 4354 in
585 4303 685 4356 hoc
727 4310 879 4358 sexto
918 4301 1030 4368 die,
1069 4303 1121 4357 id
1162 4314 1263 4371 est,
1306 4320 1335 4358 a
1364 4305 1575 4361 Christo
1596 4322 1761 4375 usque
1805 4309 1857 4362 in
1886 4309 2042 4364 ﬁnem

488 4389 643 4458 hujus
668 4391 872 4457 mundi,
904 4391 1122 4462 duplum
1143 4393 1478 4464 colligimus;
1508 4397 1628 4465 quia
1660 4411 1762 4450 non
1793 4399 1962 4452 solum
1989 4400 2039 4454 in
2068 4427 2122 4489 ο

485 4481 754 4546 pra-senti,
794 4480 889 4536 sed
929 4481 1089 4536 etiam
1119 4483 1346 4538 futuram
1393 4488 1627 4553 requiem
1657 4487 1811 4544 nobis
1841 4503 2044 4558 praepa-

483 4587 680 4629 ramus.
720 4573 917 4630 Gomor
953 4585 1128 4632 autem
1178 4577 1305 4632 illud
1335 4579 1476 4649 quod
1525 4582 1816 4649 repositum
1855 4592 1956 4644 est,
1987 4593 2043 4639 ut

481 4676 815 4732 permaneret
851 4668 922 4723 ibi
960 4682 1140 4724 coram
1180 4669 1403 4726 Domino
1432 4671 1482 4725 in
1523 4675 1861 4740 praeputium,
1890 4674 2041 4729 nimi—

482 4769 599 4808 rum
635 4756 895 4823 signiﬁcat
917 4773 1108 4828 corpus
1136 4758 1358 4828 Christi,
1389 4777 1506 4830 qua:
1545 4763 1652 4817 Deo
1692 4763 1932 4832 copulata
1983 4781 2042 4820 se

484 4847 691 4902 nescire
718 4848 906 4902 nescit.

1043 4938 1266 4996 CAPUT
1301 4941 1460 4997 XVII.

554 5028 749 5083 Dehinc
778 5034 921 5098 petra
965 5041 1212 5096 percussa
1242 5045 1432 5099 aquam
1466 5035 1688 5100 vomuit,
1739 5051 1856 5104 qua:
1883 5037 2037 5090 Chri-

481 5129 619 5173 stutn
659 5118 918 5183 signiﬁcat
949 5136 961 5171 :
995 5132 1274 5188 percussus
1309 5124 1450 5175 enim
1484 5125 1724 5179 Christus
1762 5144 1816 5180 tn
1858 5143 2032 5194 cruce,

480 5211 775 5265 Sttiettlibns
806 5212 987 5282 gratia:
1019 5221 1289 5266 lavacrum
1319 5213 1526 5271 elludit.
1564 5216 1715 5272 Petra
1737 5232 1920 5285 autem,
1957 5222 2036 5275 in-

481 5305 594 5372 quit
625 5306 925 5374 Apostolus,
946 5315 1050 5359 erat
1078 5305 1329 5360 Christus.
1359 5305 1510 5374 Quod
1542 5320 1715 5361 autem
1747 5320 2037 5366 murmurat

479 5396 699 5464 populus
718 5399 900 5453 sitiens
924 5409 1104 5452 contra
1130 5399 1363 5471 Moysen.
1385 5409 1437 5453 et
1471 5401 1700 5454 ostendit
1730 5403 1804 5457 eis
1833 5415 2032 5472 petram

477 5488 544 5540 de
570 5501 669 5555 qua
697 5488 895 5551 bibant,
922 5487 1185 5559 signiﬁcat
1209 5492 1350 5561 quod
1391 5493 1433 5544 si
1463 5492 1579 5562 quis
1607 5501 1785 5547 contra
1817 5495 2030 5565 Moysen

2158 3214 2402 3288 designat
2445 3218 2750 3290 imaginem.
2795 3223 3052 3282 Futurum
3079 3230 3221 3285 enim
3261 3240 3378 3286 erat
3409 3236 3738 3303 quandoque

2157 3308 2294 3374 quod
2316 3324 2418 3373 per
2447 3312 2692 3380 p0pulum
2723 3328 2786 3369 ex
2807 3317 3051 3381 gentibus
3080 3331 3463 3391 congregatum
3487 3323 3584 3378 illa
3611 3341 3727 3395 qua

2159 3395 2209 3449 in
2261 3397 2375 3466 lege
2417 3399 2639 3454 deerant
2692 3404 3104 3474 complerentur,
3146 3408 3384 3479 legisque
3441 3415 3730 3468 diminutio

2156 3501 2473 3559 Suggerente
2503 3493 2789 3564 Evangelia
2817 3500 3194 3567 compleretur.
3240 3502 3393 3569 Quod
3425 3515 3609 3562 autem
3635 3507 3726 3563 Je-

2157 3581 2268 3636 tltra
2293 3585 2501 3637 adducit
2523 3585 2590 3639 ad
2609 3585 2818 3657 Moysen
2841 3587 3145 3658 Sep/rorant,
3169 3601 3216 3646 et
3237 3605 3510 3665 utrumque
3538 3599 3727 3665 ﬁliani,

2155 3672 2416 3741 signiﬁcat
2478 3676 2598 3743 quia
2657 3677 2826 3734 sant-ti
2874 3680 3244 3748 praedicatores
3311 3685 3611 3757 Ecclesia,
3677 3702 3727 3744 et

2156 3772 2437 3834 utrumque
2483 3766 2648 3823 ﬁlium
2690 3785 2753 3824 ex
2795 3780 3017 3839 utroque
3062 3777 3252 3844 populo
3297 3789 3585 3846 propterea
3617 3791 3724 3836 tutu

2155 3852 2508 3919 producerent
2537 3855 2600 3907 ad
2631 3855 2868 3909 divinam
2915 3858 3106 3927 legem,
3151 3876 3378 3930 quorum
3407 3868 3640 3923 oonsilio
3674 3880 3726 3923 et

2152 3944 2587 4014 interpretatione
2624 3949 2812 4003 eadem
2843 3951 2926 4006 lex
2958 3955 3386 4012 conﬁrmaretur.
3424 3959 3524 4015 Per
3555 3965 3724 4018 tritta.

2159 4053 2256 4092 nos
2286 4052 2460 4095 autem
2492 4042 2860 4112 signiﬁcantur
2882 4045 2914 4098 ii
2944 4047 3032 4115 qui
3063 4056 3169 4103 tres
3197 4049 3338 4116 leges
3361 4053 3610 4122 implent,
3643 4059 3719 4110 vel

2149 4131 2236 4197 qui
2283 4134 2505 4188 credunt
2551 4133 2881 4189 Trinitatem.
2939 4138 3038 4194 l‘er
3081 4143 3421 4196 centuriones
3477 4160 3716 4215 quoque,

2151 4223 2402 4290 perfecti;
2435 4238 2531 4291 per
2574 4226 3050 4295 quinquagenarios
3097 4239 3147 4284 et
3197 4231 3450 4300 decanos,
3493 4234 3716 4292 Decla-

2147 4327 2269 4382 gum
2297 4313 2597 4382 implentes.

2726 4405 2952 4464 CAPUT
2988 4409 3129 4464 XIX.

2253 4493 2470 4559 Quando
2496 4500 2796 4562 portaverim
2819 4515 2906 4553 vos
2940 4517 3092 4566 super
3112 4503 3221 4554 aias
3242 4505 3550 4570 aquilarum.
3580 4510 3710 4574 Alc,

2143 4581 2191 4636 id
2222 4594 2303 4638 est
2330 4585 2540 4655 Moyses
2569 4595 2622 4640 et
2646 4589 2844 4641 Aaron.
2877 4589 2955 4644 Ad
2980 4605 3191 4645 sensum
3233 4602 3410 4647 autem
3449 4597 3568 4651 dua
3591 4601 3710 4664 alr,

2144 4672 2192 4724 id
2222 4683 2305 4726 est
2325 4674 2441 4728 dum
2465 4675 2641 4744 leges;
2674 4678 2844 4746 aquila
2875 4694 3000 4733 vero
3027 4680 3273 4736 Christus
3302 4693 3402 4738 est.
3440 4684 3622 4742 Cauete
3648 4705 3710 4742 tu

2139 4764 2424 4818 ascendam
2453 4769 2503 4817 in
2532 4779 2766 4834 montem,
2800 4769 2848 4822 id
2901 4779 2984 4824 est
3030 4772 3080 4823 in
3123 4777 3614 4844 congregationem,
3655 4777 3706 4834 ia

2144 4851 2452 4915 Ecclesiam,
2485 4868 2545 4906 ne
2571 4857 2790 4924 tangatis
2820 4857 2970 4924 ﬁnem
3001 4858 3163 4924 illius,
3191 4861 3242 4915 id
3287 4873 3369 4916 est
3395 4872 3507 4919 tres
3530 4866 3704 4921 mulli-

2142 4943 2367 4996 tudines.
2400 4943 2563 4999 Morte
2594 4947 2850 5011 morietur,
2879 4949 2977 5002 hoc
3002 4959 3102 5016 est,
3137 4952 3188 5006 in
3222 4954 3570 5022 pandentia;
3594 4973 3705 5012 m-

2141 5049 2238 5087 nus
2266 5050 2368 5090 non
2401 5044 2579 5105 tanget
2607 5035 2776 5103 illum,
2820 5037 2871 5093 id
2900 5051 2982 5094 est
3015 5055 3148 5106 opus
3179 5041 3494 5110 humanum,
3519 5047 3610 5100 sed
3632 5049 3705 5101 ia-

2139 5126 2338 5193 pidibus
2367 5127 2626 5196 obruetur,
2668 5128 2719 5182 id
2749 5138 2833 5184 est
2867 5130 3240 5198 Testimoniis;
3270 5134 3372 5188 sive
3387 5137 3700 5206 jar-tentata,

2139 5217 2188 5269 itl
2233 5228 2314 5270 est
2337 5219 2566 5285 gentilis,
2601 5220 2679 5273 vcl
2725 5219 3015 5288 insipiens;
3062 5223 3166 5275 sine
3203 5223 3374 5290 homo,
3407 5227 3460 5279 id
3489 5236 3571 5281 est
3608 5226 3700 5283 Ju-

2137 5309 2281 5363 dteus
2329 5312 2405 5365 vel
2452 5314 2700 5380 sapiens;
2744 5313 2962 5367 buccina
3007 5315 3221 5369 verbum
3272 5315 3364 5372 Dei
3411 5317 3696 5390 signiﬁcat.

2140 5400 2277 5455 Tunc
2307 5405 2543 5477 ascendit
2589 5405 2639 5458 in
2668 5415 2907 5458 montem.
2956 5405 3055 5460 Per
3096 5405 3197 5462 hoc
3221 5411 3522 5466 ostenditur
3555 5414 3696 5477 Quod

2137 5494 2274 5549 Deus
2322 5496 2683 5550 multitudines
2722 5497 2771 5551 in
2819 5497 3054 5553 Ecclesia
3087 5500 3292 5555 invitat.
3345 5502 3696 5570 Sanctiﬁcuit

477 5588 788 5643 murmurat,
821 5579 870 5632 id
901 5589 1002 5642 est,
1029 5580 1166 5634 sicut
1209 5581 1290 5636 lex
1321 5597 1437 5650 qua:
1479 5583 1768 5638 secundum
1805 5587 2030 5640 litteram
2134 5588 2299 5653 illum,
2335 5588 2381 5640 id
2405 5597 2482 5640 cst
2507 5587 2967 5652 immolationibus,
2995 5591 3074 5644 vel
3098 5592 3528 5649 circumcisione.
3557 5591 3692 5646 Sao-

477 5669 738 5738 displicet,
787 5673 1015 5726 ostendit
1065 5673 1139 5728 illi
1189 5676 1371 5730 eadem
1423 5677 1502 5731 lcx
1551 5688 1774 5747 petram,
1827 5679 1877 5734 id
1926 5690 2026 5749 cst,

2133 5677 2380 5735 ctiﬁcavit
2406 5678 2546 5736 enim
2577 5679 2929 5748 circumcisio,
2960 5683 3256 5750 purilicavit
3299 5683 3413 5753 lex,
3437 5683 3694 5756 justiﬁes-
