3872 6262
51 226 196 322 .317

869 258 932 314 IN
971 244 1524 315 PENTATEUCIIUM
1565 253 2058 310 COMMEN'I'ARII.
2097 286 2166 302 α-
2211 261 2495 318 εχοειυε.

3213 273 3314 330 518

88 377 168 432 vit
209 376 410 444 gratia;
457 382 502 427 et
531 371 788 426 descendit
829 370 1049 442 Moyses,
1083 372 1134 426 id
1177 380 1258 426 est
1302 371 1542 426 Christus
1589 369 1656 424 de
1686 377 1734 432 Α
1763 369 1919 424 d.bus
1945 370 2161 427 claritas
2193 375 2593 438 miraculorum;
2622 375 2674 429 ln
2697 391 2830 431 sono
2855 391 3028 434 autem
3059 383 3294 443 buccina

82 468 250 529 cmlo,
280 477 336 520 ut
378 464 462 519 lex
510 463 576 516 de
619 463 851 517 Ecclesia
898 463 962 516 ad
1012 463 1314 533 coniugium
1340 463 1653 517 discernen-

83 558 240 611 dum.
290 555 391 610 l’el’
434 555 807 610 veSIimentunt
857 568 1017 621 opera
1047 552 1425 622 signiﬁcantur.
1475 553 1542 607 In
1570 555 1653 609 die

81 646 258 712 tertio,
290 645 341 699 id
371 655 453 699 est
494 646 545 699 in
579 645 692 714 lege
725 645 878 708 novi;
912 645 991 698 vel
1033 646 1084 698 in
1109 659 1270 714 apere
1307 653 1422 713 post
1451 646 1652 712 cogita-

83 735 287 789 tionem
310 743 361 790 et
387 735 638 798 verbum;
665 734 744 787 vel
775 733 825 787 iu
858 735 960 787 lide
983 734 1272 789 Trinitatis.
1301 734 1448 801 Quod
1471 745 1648 790 autem

79 825 237 889 dicit,
265 823 350 879 Ne
374 825 785 894 appropinquans
813 825 1074 886 uxoribus,
1100 824 1361 894 signiﬁcat
1397 827 1523 893 quia
1553 825 1651 878 Ec-

79 915 254 970 clesia
301 914 603 983 coniugium
653 914 827 981 eiecit.
884 915 1052 968 Aliter
1101 929 1195 982 per
1241 929 1435 967 uxores
1475 916 1697 968 omnis~

81 1003 305 1059 mollitia
335 1005 660 1073 voluptatum
691 1005 1020 1071 designatur.
1052 1003 1271 1071 Quando
1300 1014 1473 1058 autem
1501 1003 1644 1073 Moy-

80 1108 174 1147 ses
206 1093 274 1147 de
304 1103 482 1148 tnonte
503 1093 794 1158 descendit,
841 1096 1099 1163 signiﬁcat
1128 1093 1292 1162 legem
1321 1094 1647 1147 descenden-

82 1195 218 1246 tem,
253 1184 332 1238 vel
365 1183 631 1237 Christum
663 1184 731 1238 de
760 1183 919 1246 cado,
961 1185 1039 1237 vel
1062 1194 1299 1236 sanctum
1327 1183 1394 1238 de
1421 1187 1643 1237 summi-

80 1283 196 1327 tate
224 1275 573 1339 perlectorum
596 1287 813 1341 operum
839 1273 902 1326 ad
932 1271 1090 1326 vitam
1120 1275 1405 1330 actualem.
1441 1275 1484 1328 Μ
1511 1289 1646 1344 ~yses

75 1363 286 1417 scilicet
334 1362 608 1416 historiam
655 1364 900 1431 populum
935 1373 1122 1426 vocat,
1165 1363 1248 1419 lex
1292 1377 1343 1419 et
1396 1362 1644 1418 Dominus

75 1449 326 1506 Christus
358 1454 660 1508 universum
685 1458 962 1519 mundum,
993 1465 1206 1508 sanctos
1244 1455 1378 1509 alios
1409 1455 1459 1509 in
1489 1471 1641 1510 suum

74 1544 404 1610 exemplum,
435 1545 512 1599 sic
553 1555 607 1598 et
650 1558 838 1598 sensus
888 1545 1058 1600 bonus
1103 1546 1234 1600 alios
1280 1545 1333 1601 in
1381 1561 1439 1602 se
1469 1556 1637 1600 vocat.

75 1631 252 1692 Mune,
284 1632 335 1685 id
366 1645 446 1688 est
473 1637 594 1690 novi
635 1649 688 1690 et
731 1637 1055 1702 pmnitentize
1095 1651 1149 1693 et
1196 1641 1408 1699 mortis,
1435 1648 1491 1693 et
1533 1639 1638 1693 diei

1759 459 1908 518 lortis
1938 464 2246 530 praedicatio
2275 475 2576 519 sanctorum
2610 482 2623 519 :
2653 483 2768 535 quze
2798 469 2972 524 onmia
3004 473 3054 526 in
3091 476 3317 532 adventu

1757 550 1945 614 Christi
1985 556 2248 618 completa
2276 567 2417 610 sunt.
2449 556 2594 624 Quod
2633 567 2804 610 autem
2847 560 2896 612 in
2928 562 3044 628 igne
3084 575 3139 617 et
3170 567 3314 622 iunio

1757 643 2029 698 descendit
2075 644 2349 711 Dominus,
2399 649 2656 717 signiﬁcat
2687 651 2804 716 quia
2851 652 2901 704 in
2945 654 3174 709 adventu
3213 674 3312 712 suo

1757 733 2008 789 Dominus
2035 735 2330 792 claritatem
2375 755 2524 793 suam
2559 739 2738 796 ﬁdeles
2784 742 3058 809 illuminat,
3102 759 3152 801 et
3184 749 3308 803 inﬁ-

1753 823 1900 879 deles
1929 841 2020 894 per
2065 827 2266 882 furnum
2295 844 2536 884 errorum
2560 831 2825 886 obscurat.
2876 837 3022 901 Quod
3052 853 3175 892 vero
3211 842 3310 891 lto.

1757 917 1929 972 minus
1983 919 2032 971 in
2082 920 2329 987 caligine,
2377 921 2640 986 signiﬁcat
2691 925 2830 992 quod
2885 926 3051 995 legem
3108 927 3310 985 Judaais

1754 1009 1904 1075 quasi
1934 1023 2028 1078 per
2043 1011 2322 1080 caliginem
2353 1012 2545 1068 litterae
2570 1015 2738 1080 dedit,
2764 1018 3074 1074 ntvidentes
3099 1037 3200 1074 non
3235 1024 3310 1075 vi.

1752 1095 1934 1150 deant.
1995 1099 2191 1153 Dicitur
2237 1112 2408 1155 autem
2455 1103 2523 1157 ab
2572 1105 2690 1158 aliis
2733 1119 2827 1173 per
2867 1108 3151 1163 tonitruum
3196 1113 3310 1165 hoc

1751 1192 2012 1246 sententia
2063 1194 2346 1262 designari,
2397 1211 2500 1265 qua
2553 1196 2771 1262 dicitur,
2816 1200 2899 1254 lle
2948 1205 3201 1256 maledicti
3253 1205 3305 1258 in

1751 1277 1915 1348 ignem
1944 1290 2223 1346 auct-num;
2252 1294 2304 1338 et
2342 1299 2436 1352 per
2463 1283 2723 1352 fulgorem
2741 1329 2755 1354 ,
2779 1290 2911 1359 justi
2939 1290 3199 1361 fulgebunt
3229 1294 3306 1347 si-

1748 1376 1831 1419 cut
1859 1371 1957 1425 sol.
2004 1372 2106 1428 Per
2137 1375 2433 1438 buccinam,
2461 1375 2628 1444 iussio
2657 1387 2712 1432 et
2739 1381 3053 1446 prohibitio;
3087 1398 3180 1451 per
3228 1393 3306 1438 tu-

1747 1456 1889 1520 bam,
1922 1464 2136 1517 verbum
2168 1463 2280 1520 Dei.
2331 1464 2522 1535 Majas,
2572 1467 2622 1521 id
2653 1477 2752 1531 est,
2788 1469 2871 1524 lex
2901 1472 3028 1526 dum
3075 1476 3304 1539 crescit;

1745 1559 1790 1602 et
1811 1554 2076 1620 prolixius,
2107 1556 2156 1610 id
2186 1567 2266 1610 cst
2295 1555 2420 1611 dum
2450 1558 2602 1613 docet
2632 1574 2724 1628 per
2754 1560 3099 1618 incrementa.
3135 1563 3300 1619 Stete-

1744 1650 1860 1693 runt
1892 1644 2095 1698 stabiles
2115 1656 2160 1698 et
2191 1647 2466 1711 instabiles,
2497 1649 2547 1702 id
2575 1659 2675 1714 est,
2704 1649 2756 1702 in
2783 1650 2945 1718 ﬁgura
2978 1657 3197 1708 duarum
3224 1654 3301 1708 lu-

73 1721 289 1790 juilicii.
321 1721 425 1778 Lex
469 1733 644 1777 autem
672 1726 758 1779 die
789 1727 940 1780 tertia
975 1728 1167 1781 tributa
1198 1726 1481 1797 signiﬁcat,
1503 1728 1640 1794 quod
1674 1702 1719 1764 Β
1743 1745 1886 1800 gum.
1940 1731 2090 1788 Mons
2139 1738 2396 1804 terribilis,
2435 1702 2494 1792 id
2540 1702 2623 1794 est
2663 1702 3196 1806 'Eccle‘siajniwpwiis";
3217 1702 3301 1799 vel

73 1808 179 1864 illis
210 1810 294 1865 lex
324 1811 474 1865 tertia
505 1813 692 1866 iterum
727 1817 1048 1880 perveniret,
1098 1817 1218 1870 illos
1248 1831 1458 1884 quoque
1486 1833 1642 1885 Opor-

73 1905 173 1956 tuit
203 1903 257 1957 in
300 1902 547 1972 patientia
595 1903 762 1973 legem
795 1916 1112 1974 exspectare
1135 1946 1150 1971 ,
1198 1908 1324 1960 dum
1357 1909 1440 1961 lex
1473 1909 1642 1976 paeni-

72 2005 296 2050 tentiam
346 1996 662 2063 praedicavit.
700 1999 887 2052 Actum
935 2013 1147 2066 quoque
1196 2009 1310 2052 erat
1359 2009 1414 2052 ut
1457 2001 1535 2054 lex
1585 2002 1639 2055 in

73 2097 254 2140 monte
283 2085 517 2150 daretur,
563 2088 685 2141 dum
737 2088 819 2142 lex
865 2089 1108 2142 sublimis
1137 2099 1271 2156 erat,
1311 2105 1431 2158 qua:
1478 2093 1638 2146 etiam

70 2188 189 2226 cum
234 2178 460 2248 caligine
504 2178 626 2232 data
666 2190 774 2243 est;
801 2183 920 2247 quia
970 2190 1119 2234 vetus
1163 2181 1244 2235 li-x
1291 2197 1412 2236 cum
1448 2184 1638 2238 littera:

71 2264 366 2322 occidentis
404 2267 647 2338 caligine,
692 2285 821 2320 nova
855 2284 980 2322 vero
1031 2286 1148 2323 cum
1181 2270 1482 2338 splendore,
1517 2273 1634 2338 quia

71 2354 289 2419 spiritus
318 2358 566 2413 viviﬁcat.
600 2359 656 2412 ln
689 2369 865 2411 unintu
896 2371 1072 2413 autem
1120 2360 1270 2429 signa
1303 2361 1404 2414 vivi
1434 2372 1636 2416 tantunt

72 2454 242 2503 erant,
273 2447 324 2496 in
354 2448 524 2500 altero
550 2459 724 2501 atatem
761 2447 860 2500 vivi
883 2457 936 2501 i-t
964 2449 1178 2502 mortui.
1204 2448 1312 2502 Lex
1345 2465 1470 2504 vero
1494 2453 1635 2520 prior

74 2537 210 2585 rivis
236 2545 436 2588 tantum
467 2537 717 2601 dabatur,
752 2537 800 2590 id
830 2550 912 2592 est
942 2541 1023 2594 his
1053 2542 1144 2610 qui
1177 2541 1325 2596 bonis
1349 2550 1501 2596 terra:
1523 2559 1637 2596 ser-

74 2636 299 2680 vierunt.
337 2626 578 2680 Secunda
603 2638 778 2681 autem
807 2629 856 2682 in
887 2632 1009 2695 vita,
1035 2642 1086 2685 et
1117 2640 1238 2700 post
1264 2642 1484 2686 tnmtem
1511 2649 1634 2701 pro-

75 2716 231 2768 liciat.
265 2715 408 2770 Unus
433 2716 539 2769 illic
565 2714 816 2771 Dominus
848 2718 1234 2786 alloquebatur,
1258 2723 1379 2790 quia
1407 2721 1518 2789 ipsa
1550 2725 1630 2778 lex

75 2819 171 2857 non
198 2805 378 2860 multis
402 2805 718 2872 proﬁciebat.
747 2805 879 2859 llinc
904 2820 1079 2862 autem
1102 2813 1335 2882 quinque
1353 2812 1629 2869 Christum

76 2898 433 2966 alloquuntur,
464 2898 581 2963 quia
622 2896 704 2950 Ιυι
737 2911 869 2949 nova
901 2899 1075 2964 plures
1098 2904 1162 2955 ad
1187 2901 1451 2958 Christum
1473 2919 1629 2974 quant

76 2998 220 3039 vetus
264 2992 590 3055 provocavit.
634 2991 734 3046 l’er
772 2992 1052 3060 caliginem
1099 3003 1154 3049 et
1187 3012 1346 3052 omne
1379 2996 1628 3068 quidquid

79 3081 414 3133 tenebrosum
469 3091 600 3144 erat,
651 3082 826 3138 littera
877 3083 1214 3153 designatur;
1261 3103 1354 3156 per
1397 3099 1626 3144 montem

78 3185 196 3225 vero
225 3182 280 3225 ct
309 3185 464 3224 omne
503 3173 756 3240 quidquid
782 3177 1112 3243 splendidum
1154 3181 1269 3248 luit,
1308 3194 1496 3236 sensus
1522 3183 1633 3250 spio

79 3265 276 3317 ritualis
309 3263 715 3319 demonstratur.
753 3269 924 3322 Omne
955 3270 1110 3323 molle
1154 3280 1207 3324 et
1247 3273 1472 3328 lucidum
1506 3274 1630 3329 ﬁde-

79 3353 208 3407 lihos
257 3363 505 3421 pertinet,
538 3357 710 3410 omnis
758 3367 932 3413 autem
983 3370 1155 3412 terror
1194 3373 1246 3416 et
1292 3364 1628 3419 tenebrosum

79 3442 370 3500 inﬁdelibus
418 3446 667 3511 pertinet.
717 3448 840 3505 Ideo
865 3463 1037 3504 autem
1070 3453 1150 3505 lex
1185 3469 1276 3520 per
1307 3457 1480 3509 omnia
1510 3474 1626 3509 cunt

79 3541 352 3593 severitate
397 3538 569 3600 datur,
599 3550 653 3591 ut
684 3539 851 3611 legem
885 3554 939 3598 et
962 3545 1174 3609 Moysen
1207 3550 1424 3612 populus
1467 3547 1624 3600 time-

77 3637 156 3678 ret
175 3641 229 3682 et
257 3628 645 3683 honoriﬁcaret.
670 3628 799 3684 Tres
817 3645 994 3687 autem
1019 3649 1134 3687 cum
1158 3633 1369 3687 Christo
1393 3636 1444 3686 in
1478 3649 1628 3688 mon-

79 3723 201 3783 tem,
263 3717 653 3787 proximitatcm
708 3733 1013 3776 sanctorum
1068 3723 1277 3777 Christo
1323 3723 1623 3791 signiﬁcat;

79 3820 176 3858 non
205 3809 284 3863 sic
311 3811 363 3863 in
389 3808 599 3862 datione
629 3811 820 3862 veteris
848 3813 998 3881 legis,
1033 3813 1151 3882 quia
1197 3812 1343 3878 plebs
1369 3814 1499 3866 Novi
1526 3814 1626 3869 Te-

79 3902 316 3956 stamenti
355 3901 566 3971 propior
599 3907 679 3954 est
718 3914 872 3967 quam
909 3906 1127 3960 Veteris.
1151 3906 1283 3958 Tres
1323 3915 1502 3960 autem
1553 3907 1625 3958 la-

79 3989 275 4046 ctiones
307 3994 507 4048 habet:
540 3992 703 4058 prima
744 3989 899 4045 factio
946 3978 1165 4066 populus
1206 3994 1335 4064 legis
1383 4006 1621 4058 naturae;

79 4081 301 4134 secunda
350 4084 569 4153 p0pulus
620 4080 750 4150 legis
805 4081 1030 4152 littera,
1082 4104 1199 4159 quae
1247 4095 1360 4141 erat
1411 4089 1626 4155 propior

82 4171 203 4224 Deo.
247 4173 456 4231 Tertius
487 4174 703 4245 populus
735 4173 867 4245 legis
913 4189 1085 4241 nova,
1126 4181 1214 4248 qui
1245 4180 1504 4234 adunatus
1544 4189 1624 4232 est

85 4263 182 4317 Deo
210 4262 259 4314 in
292 4262 543 4322 Ecclesia.
574 4265 664 4320 Hic
701 4267 842 4319 enim
876 4280 1026 4319 mons
1062 4269 1294 4327 Ecclesia
1324 4282 1404 4327 est
1430 4272 1618 4340 prima,

1741 1831 1972 1886 sanctus,
2025 1825 2248 1892 quisque
2279 1829 2440 1883 vitiis.
2473 1829 2751 1892 Terminus,
2799 1830 2847 1883 id
2893 1841 2974 1884 est
3021 1831 3152 1886 ﬁdes
3179 1849 3301 1901 erga

1741 1910 2054 1978 Ecclesiam,
2103 1917 2225 1984 quia
2277 1919 2452 1974 nullus
2480 1923 2530 1974 in
2565 1919 2849 1976 Ecclesiam
2883 1921 2980 1974 nisi
3014 1936 3108 1989 per
3140 1925 3297 1978 ﬁdem

1741 2003 1920 2058 intrat.

2319 2122 2542 2183 CAPUT
2589 2127 2704 2182 XX.

1812 2271 2064 2328 Dominus
2085 2273 2310 2342 denique
2334 2275 2502 2343 legem
2528 2279 2579 2332 in
2604 2281 2786 2336 decem
2816 2282 2969 2335 verba
3000 2284 3288 2338 constituit.

1738 2359 1924 2415 Nullus
1954 2379 2202 2418 numerus
2249 2368 2438 2418 crescit
2470 2371 2714 2436 amplius,
2764 2374 2861 2426 nisi
2895 2389 3058 2442 usque
3095 2377 3158 2426 ad
3203 2377 3294 2426 de-

1735 2465 1852 2504 cem
1887 2468 1900 2504 :
1933 2453 1976 2505 si
2009 2454 2150 2507 enim
2179 2455 2360 2523 viginti
2393 2460 2770 2522 numeraveris,
2805 2462 2987 2517 decem
3019 2463 3207 2522 habes;
3248 2465 3292 2518 si

1737 2540 1966 2608 triginta,
1995 2543 2179 2598 decem
2210 2546 2527 2614 triplicahis;
2557 2557 2609 2601 et
2637 2546 2712 2602 sic
2754 2549 2989 2606 invenies
3019 2562 3293 2619 quantum-

1733 2645 1940 2700 cunque
1969 2647 2284 2700 progressus
2314 2636 2496 2704 fueris,
2536 2651 2594 2689 ac
2628 2654 2717 2703 per
2746 2639 2844 2694 hoc
2885 2643 2934 2694 in
2968 2643 3293 2710 plenitudine

1736 2725 1936 2778 numeri
1987 2725 2364 2791 plenitudim-m
2411 2729 2774 2782 mandatorum
2829 2735 3124 2797 constituit,
3174 2749 3295 2801 qua:

1733 2816 1932 2868 scilicet
1954 2814 2196 2866 mandata
2229 2817 2303 2869 sic
2335 2818 2546 2885 quidam
2578 2819 2921 2887 distinguunt,
2956 2833 3009 2873 ut
3039 2824 3134 2875 tria
3167 2837 3291 2890 per-

1735 2905 1934 2959 tineam
1963 2904 2027 2957 ad
2074 2904 2410 2960 dilecuonem
2464 2908 2759 2974 Trinitatis,
2803 2919 3003 2978 septem
3054 2927 3180 2964 vero
3225 2912 3289 2965 ad

1733 3007 1966 3048 amorem
1994 2991 2306 3057 fraternum,
2345 2997 2536 3063 quibus
2562 3000 2790 3054 societas
2818 2999 3042 3053 humana
3069 3016 3170 3054 non
3203 3002 3294 3054 tur-

1733 3085 1893 3140 ditur.
1921 3084 2151 3139 Primum
2175 3086 2479 3140 tnandatum
2507 3090 2736 3157 pertinet
2762 3088 2827 3144 ad
2863 3089 3024 3144 Deum
3056 3089 3290 3156 Patrem,

1731 3175 1853 3229 dum
1877 3173 2025 3238 dicit,
2059 3172 2166 3246 Ego
2193 3192 2302 3229 su-n
2331 3175 2576 3230 Dominus
2603 3177 2737 3232 Deus
2759 3189 2894 3246 tuus,
2943 3178 3064 3233 Non
3092 3180 3296 3234 habebis

1730 3266 1847 3319 deos
1875 3266 2084 3319 alienos.
2122 3265 2238 3318 Non
2263 3267 2418 3331 [acies
2448 3268 2540 3318 tibi
2563 3270 2820 3335 sculptile,
2850 3280 2900 3322 et
2931 3269 3150 3336 reliqua.
3182 3271 3294 3323 Uti-

1729 3370 1830 3422 qne
1874 3367 1931 3408 ut
1965 3357 2077 3408 huic
2106 3354 2208 3406 aud
2234 3369 2352 3417 ens,
2387 3354 2732 3409 fornicatione
2758 3366 2841 3409 tua
2873 3358 2921 3411 in
2951 3359 3141 3412 multos
3162 3359 3292 3414 deos

1729 3456 1830 3494 non
1865 3442 2118 3497 offendas.
2152 3443 2459 3496 Secundum
2493 3445 2718 3511 pertinet
2747 3446 2810 3498 ad
2841 3446 3052 3513 Filium,
3085 3447 3168 3500 ubi
3204 3450 3286 3502 tli-

1726 3529 1967 3593 cit,‘Non
1993 3547 2218 3583 assumes
2249 3548 2426 3586 nomen
2460 3533 2554 3586 Dei
2584 3535 2654 3587 tui
2683 3537 2735 3588 in
2763 3551 2966 3602 vanum,
3005 3537 3054 3591 id
3090 3548 3190 3606 est,
3225 3554 3293 3592 ne

1726 3621 1999 3674 existimes
2046 3631 2340 3675 creaturam
2370 3638 2488 3678 esse
2527 3623 2714 3678 Filium
2745 3628 2856 3690 Dei,
2890 3629 3135 3695 quoniam
3167 3644 3285 3684 om-

1728 3712 1808 3763 nis
1853 3711 2076 3766 visibilis
2105 3720 2348 3766 creatnra
2384 3715 2598 3768 vanitati
2642 3716 2880 3784 subiecta
2908 3729 3006 3770 est.
3053 3717 3288 3774 Tertium

1728 3800 2033 3855 mandatum
2065 3801 2132 3855 de
2171 3801 2414 3868 sabbato,
2459 3803 2524 3856 ad
2557 3804 2810 3872 Spiritum
2844 3816 3086 3860 sanctum
3127 3811 3290 3875 perti-

1727 3899 1835 3956 net,
1866 3890 2014 3959 cujus
2044 3891 2202 3944 domo
2243 3891 2452 3959 requies
2483 3893 2635 3950 nobis
2664 3897 2980 3962 sempiterna
3016 3899 3286 3964 promitti-

1728 3987 1829 4031 tur.
1864 3978 1962 4033 Per
1993 3978 2188 4032 donum
2210 3989 2385 4033 autem
2413 3979 2643 4049 Spiritus
2677 3985 3069 4038 sanctiﬁcamur
3101 4003 3112 4038 :
3147 3988 3289 4043 unde

1724 4074 1778 4119 et
1805 4066 1890 4122 hic
1914 4068 2125 4130 dicitur,
2156 4067 2405 4121 Memento
2428 4081 2481 4122 ut
2524 4072 2658 4126 diem
2688 4075 2874 4128 sabbati
2901 4074 3202 4143 sanctiﬁces.
3239 4079 3290 4132 In

1724 4169 1814 4208 sex
1864 4171 1992 4226 ergo
2021 4160 2264 4214 aetatibus
2308 4157 2466 4226 huius
2497 4164 2678 4217 mundi
2711 4177 3014 4233 operamur,
3046 4167 3199 4234 quasi
3239 4169 3290 4221 in

1725 4259 1818 4299 sex
1863 4247 2085 4314 diebus;
2119 4249 2170 4304 in
2201 4249 2423 4316 septima
2455 4250 2563 4316 die,
2619 4254 2719 4308 hoc
2758 4264 2838 4308 est
2883 4256 2933 4307 in
2983 4255 3087 4309 line
3133 4255 3292 4324 hujus

85 4367 188 4421 Quae
227 4353 387 4406 factio
415 4357 675 4424 signiﬁcat
717 4355 1040 4425 coniugales.
1074 4358 1335 4428 secunda,
1381 4339 1622 4430 ρόρυιιηη
1656 4373 1705 4434 D
1731 4339 1909 4392 tnuodi
1935 4346 2148 4412 requies
2171 4344 2322 4398 nobis
2337 4352 2547 4434 a-terna
2573 4345 2851 4402 tribuetur.
2882 4347 3004 4400 Post
3031 4345 3129 4399 tria
3161 4362 3290 4415 pra:-

87 4443 418 4512 pmnitentire,
470 4449 622 4503 tertia
664 4453 873 4499 sanctos
921 4462 1041 4501 cum
1069 4447 1298 4513 Christo,
1342 4462 1395 4506 et
1443 4453 1494 4507 in
1548 4454 1628 4507 his

87 4536 242 4590 tribus
275 4534 694 4594 multitudinibus
735 4539 1002 4605 cogitatio,
1035 4547 1088 4591 et
1137 4539 1376 4608 verbum,
1411 4553 1464 4598 et
1498 4558 1629 4612 opus

87 4626 401 4693 designatur,
429 4629 520 4680 sed
549 4644 644 4685 nec
687 4628 782 4681 hoc
825 4628 1333 4694 praetermittendum
1379 4643 1462 4687 est
1490 4634 1629 4703 quod

84 4718 264 4771 dicitur
297 4733 310 4767 :
343 4712 544 4784 Moyses
583 4729 750 4775 autem
780 4719 999 4771 ascendit
1027 4721 1079 4775 in
1104 4729 1341 4785 montem,
1375 4733 1419 4775 et
1454 4725 1626 4779 Denti-

85 4825 168 4861 nus
188 4805 458 4860 descendit.
488 4807 635 4890 Mons
679 4809 894 4867 altitudo
942 4812 1403 4880 contemplationis
1442 4824 1543 4875 est,
1578 4818 1629 4870 in

87 4911 229 4963 quem
256 4892 586 4950 ascendimus
614 4908 672 4952 ut
700 4901 763 4953 ad
812 4899 897 4952 illa
927 4911 1044 4964 qua:
1073 4900 1206 4954 ultra
1238 4914 1340 4954 non
1382 4911 1506 4953 sunt
1547 4904 1629 4956 in-

91 4989 264 5044 tuenda
296 4985 668 5054 sublevemur;
701 4992 795 5047 sed
823 4992 871 5044 in
895 4989 1030 5042 hunc
1059 4991 1308 5046 Dominus
1331 4992 1627 5058 descendit,

89 5080 198 5145 quia
225 5074 374 5146 iustis
399 5075 624 5130 multum
654 5082 1068 5149 proﬁcientibus.
1105 5099 1286 5146 parum
1318 5083 1503 5136 deesse
1533 5086 1630 5138 ali-

92 5170 206 5234 quid
233 5170 434 5223 illorum
466 5168 707 5224 sensibus
732 5176 921 5241 aperit.
949 5170 1381 5240 Quinquagesima
1402 5173 1486 5227 die
1514 5186 1629 5238 post

94 5269 254 5313 actum
284 5254 492 5325 pascha,
522 5255 642 5309 data
689 5272 772 5315 est
819 5265 898 5317 lex
934 5261 1109 5330 Moysi.
1148 5263 1214 5316 ita
1263 5278 1314 5320 et
1355 5279 1446 5332 pro
1476 5264 1631 5331 quin-

97 5348 379 5418 quagesima
400 5346 486 5400 die
516 5355 633 5414 post
663 5353 954 5415 passionem
986 5349 1186 5402 Domini
1213 5354 1368 5409 datus
1399 5365 1474 5409 est
1505 5354 1626 5416 Spi-

100 5431 217 5492 ritus
259 5445 469 5493 sanctus
498 5450 658 5503 super
696 5451 905 5497 centum
937 5439 1111 5507 viginti
1144 5438 1384 5499 homines
1415 5446 1464 5497 in
1495 5441 1633 5511 Moy-

99 5528 240 5587 ελὶω
264 5531 428 5589 aetatis
454 5541 674 5581 numero
695 5534 1026 5586 constitutos.
1050 5530 1102 5584 ln
1133 5531 1348 5589 vocibus
1372 5544 1547 5589 autem
1573 5542 1629 5585 et

103 5622 325 5682 tunilruis
350 5625 550 5681 clamor
578 5619 966 5690 praedicationis
996 5621 1315 5691 intelligitur,
1351 5631 1402 5682 in
1433 5628 1626 5690 lampa-

1730 4436 1881 4494 cepta
1927 4435 2258 4499 septenarius
2299 4429 2534 4488 succedit
2585 4453 2873 4501 numerus,
2916 4437 3182 4505 pertinens
3221 4439 3288 4492 ad

1729 4536 1961 4576 amorem
2009 4527 2256 4592 proximi,
2289 4534 2342 4579 et
2387 4526 2572 4594 incipit
2621 4529 2689 4582 ab
2718 4544 2900 4584 amore
2927 4537 3229 4595 parentum,
3256 4544 3285 4582 a

1728 4611 1916 4682 quibus
1959 4611 2011 4666 in
2055 4614 2152 4670 hac
2183 4618 2284 4669 vita
2326 4617 2588 4672 sumimus
2616 4619 2912 4673 exordium.
2955 4617 3068 4672 lloc
3109 4628 3286 4674 autem

1729 4702 2028 4758 mandatum
2056 4706 2106 4760 in
2136 4707 2322 4762 ordine
2351 4717 2432 4761 est
2451 4719 2725 4777 quartum,
2750 4725 2842 4764 sex
2867 4718 3044 4763 tamen
3074 4725 3139 4763 ex
3162 4724 3286 4777 sep—

1731 4804 1830 4851 tem
1859 4795 2209 4861 estprimum.
2237 4795 2386 4852 Unde
2410 4797 2558 4865 iuxta
2591 4799 2935 4869 Evangelium
2961 4800 3155 4854 dicitur
3179 4802 3281 4866 pri-

1730 4900 1895 4951 mum,
1942 4886 2170 4953 primum
2199 4891 2340 4941 enim
2371 4896 2455 4942 est
2503 4890 2555 4942 in
2597 4891 2762 4946 altera
2794 4892 2988 4944 tabula.
3041 4889 3284 4944 Fortasse

1729 4981 1845 5036 ideo
1874 4991 1974 5028 nou
2015 4989 2135 5041 una,
2175 4979 2267 5033 sed
2297 4979 2414 5032 duae
2447 4980 2637 5034 tabula:
2666 4981 2824 5035 dictae
2866 4991 3007 5043 sunt,
3040 4979 3158 5045 quia
3189 4979 3280 5032 de-

1728 5088 1841 5129 cem
1880 5067 2120 5123 mandata
2171 5071 2284 5124 hac
2310 5071 2374 5125 ad
2406 5071 2740 5126 dilectionem
2791 5073 3050 5140 pertinent
3101 5070 3194 5124 Dei
3225 5080 3280 5124 et

1731 5158 1968 5238 proximi.
2019 5158 2270 5224 Quintum
2321 5175 2424 5228 est,
2482 5163 2596 5216 Non
2644 5163 3001 5223 mcechaberis;
3049 5172 3281 5230 sextum,

1733 5255 1850 5307 Non
1867 5250 2088 5312 occides;
2113 5255 2417 5321 septimum,
2446 5250 2568 5304 Non
2590 5252 2778 5318 furtum
2800 5250 2983 5316 facies;
3013 5262 3278 5315 octavum,

1731 5345 1851 5397 Non
1883 5341 2061 5412 falsum
2101 5346 2435 5397 testimonium
2464 5342 2634 5402 dices;
2665 5353 2879 5400 nonum,
2935 5339 3054 5393 Non
3093 5359 3273 5395 concu-

1728 5439 1885 5507 pisces
1906 5447 2107 5488 uxorem
2127 5437 2343 5502 proximi
2372 5434 2442 5487 tui
2462 5449 2481 5496 ;
2501 5432 2789 5493 decimum,
2816 5430 2936 5484 Non
2959 5436 3276 5502 concupisces

1730 5548 1833 5584 rem
1856 5525 2068 5599 proximi
2099 5527 2192 5578 lui.
2221 5528 2326 5582 Aut
2353 5537 2494 5582 certe
2529 5525 2603 5579 sic
2643 5522 3092 5592 diStiuguendnm,
3125 5534 3182 5576 ut
3209 5524 3272 5577 sit

1733 5628 1956 5690 primum
1983 5615 2303 5689 mandatum,
2336 5616 2672 5688 Non/iubebis
2693 5615 2812 5670 deos
2833 5616 3023 5670 alienos
3037 5632 3056 5681 ;
3083 5628 3268 5670 secun-
