3872 6262
589 395 693 453 819

1076 393 1278 451 πολε
1320 391 1765 450 VENERABILIS
1799 387 2082 451 OPERUI
2123 387 2296 444 PARS
2328 387 2392 444 ll.
2434 417 2500 432 -—
2540 387 2925 446 EXECB'I'ICA
2963 387 3282 447 GENDISA.

3698 392 3809 448 θέο

516 549 519 552 -
593 515 740 577 dum,
769 512 883 566 Non
906 519 1058 581 [acies
1081 511 1167 566 tibi
1193 513 1459 577 sculptile;
1483 510 1715 574 tertium,
1743 508 1860 563 Non
1881 521 2136 571 assumes;
2169 481 2214 562 Α
2241 503 2481 571 explanat
2525 503 2918 573 quaestiunculis
2957 515 3225 560 auctorem
3270 504 3338 558 ab
3369 505 3462 559 illo
3513 510 3665 569 loco,
3721 509 3808 560 ubi

591 613 646 659 et
676 603 755 657 sic
786 617 876 670 per
899 601 1158 663 ordinem,
1185 602 1356 655 donec
1397 600 1741 670 coniungatur
1768 598 1891 654 illud
1927 598 2013 653 ubi
2038 597 2132 652 di-

590 694 682 752 cit.
718 692 833 746 Non
875 693 1190 758 concupisces
1214 691 1416 746 domum
1457 691 1672 759 proriini
1698 691 1793 751 tui.
1820 707 1908 744 nec
1934 690 2129 744 deside-

589 783 724 835 rabis
742 797 946 835 uxorem
967 783 1098 853 ejus.
1114 781 1260 847 Quod
1283 792 1455 836 autem
1477 783 1618 844 dicit,
1647 781 1764 836 Non
1787 782 1985 836 habebis
2011 782 2129 836 deos

592 871 802 935 alienos,
828 884 930 922 non
962 871 1164 938 negavit
1192 885 1306 939 quae
1335 872 1457 934 sint,
1487 871 1577 924 sed
1606 887 1671 924 ue
1697 871 1746 924 ei
1775 872 1881 926 sint
1905 871 1989 926 cui
2017 869 2130 927 hac

595 959 970 1028 praecipiuntur
999 959 1290 1027 prohibuit;
1316 959 1460 1025 juxta
1493 958 1616 1013 illud
1647 959 1904 1026 Apostoli,
1930 959 2019 1013 ubi
2041 957 2126 1013 di-

593 1051 666 1103 cit
700 1067 712 1101 :
748 1049 880 1103 Nam
898 1051 941 1102 si
961 1059 1072 1102 sunt
1097 1050 1180 1118 qui
1207 1051 1378 1103 dicunt
1396 1046 1466 1103 dii
1493 1051 1655 1114 multi,
1680 1062 1725 1104 et
1745 1050 1938 1104 domini
1958 1049 2127 1115 multi,

593 1137 732 1192 nobis
761 1148 921 1192 tamen
951 1153 1077 1192 unus
1107 1138 1257 1192 Deus.
1288 1139 1428 1193 llulti
1455 1140 1592 1194 enim
1619 1141 1840 1209 gentiles
1861 1141 2130 1196 daemones

591 1223 722 1280 deus
748 1236 952 1292 vocant,
971 1234 1066 1280 aut
1085 1237 1227 1283 certe
1249 1231 1480 1296 angelos,
1501 1230 1686 1298 quibus
1708 1229 1971 1299 negandas
2000 1243 2130 1299 geu-

594 1322 674 1367 tes
699 1315 1016 1369 commiserit
1056 1317 1305 1383 appellari
1335 1317 1462 1371 deos
1507 1328 1562 1370 et
1604 1316 1845 1372 dominos
1891 1327 2129 1382 constat;

593 1399 742 1465 deos,
772 1405 917 1470 quasi
941 1417 970 1456 a
1000 1403 1101 1458 deo
1136 1405 1313 1469 datos;
1357 1406 1618 1472 dominos,
1654 1406 1803 1473 quasi
1833 1408 2133 1474 acceperint

596 1500 928 1558 potestatvm.
955 1494 1141 1547 Statuit
1163 1496 1316 1559 enim,
1347 1496 1532 1563 inquit,
1575 1499 1804 1549 terminos
1829 1497 2132 1567 populorum

587 1579 739 1648 juxta
780 1595 1038 1633 numerum
1074 1585 1366 1651 angelorum
1392 1583 1503 1639 Dei.
1541 1582 1659 1638 Non
1685 1586 1838 1654 facies
1875 1587 1962 1640 tibi
1989 1587 2128 1639 scul-

592 1670 732 1738 ptile,
753 1685 840 1722 nec
863 1687 1055 1724 omnem
1071 1673 1474 1729 similitudinem.
1503 1675 1656 1728 Aliud
1687 1685 1769 1730 est
1789 1674 1963 1731 facere
1990 1677 2128 1732 scul-

2229 595 2322 659 ait,
2355 593 2474 649 Non
2519 595 2754 649 adorabis
2776 595 2895 650 deos
2919 595 3129 658 alienos,
3157 595 3206 648 id
3247 605 3350 661 est,
3384 610 3492 649 nou
3540 598 3808 652 adorabis

2229 682 2378 748 vitia,
2412 697 2516 736 non
2558 682 2833 747 confirmis,
2861 685 2947 751 qui
2970 693 3021 737 et
3049 694 3318 738 auctorem
3349 685 3545 754 ignoro
3579 704 3594 738 :
3632 687 3807 754 majo-

2229 765 2344 826 rum
2365 780 2536 827 autem
2557 781 2638 827 est
2670 773 2802 828 hanc
2831 774 3071 838 probare.
3116 773 3367 842 Sequitur
3399 790 3413 825 :
3452 774 3711 827 Reddam
3758 778 3806 824 ie

2231 864 2425 915 tertiam
2451 870 2498 917 et
2527 872 2754 931 quartam
2797 873 3050 932 peccatum
3080 864 3381 930 progeniem.
3406 862 3466 918 In
3498 880 3616 933 quo
3650 867 3799 920 testi-

2232 955 2406 1006 monio
2436 953 2662 1008 haeretici
2691 954 2871 1008 dicunt
2917 969 3021 1006 non
3062 954 3345 1008 convenire
3386 954 3534 1008 bono
3571 953 3717 1016 Deo,
3754 965 3802 1007 ut

2233 1056 2326 1110 pro
2373 1051 2588 1112 peccato
2630 1043 2858 1097 alterius'
2910 1043 3132 1096 alterum
3185 1045 3416 1098 damnet.
3471 1043 3802 1098 Reddutnr

2229 1132 2367 1185 enim
2418 1142 2621 1198 peccata
2651 1143 2854 1199 patrum
2882 1133 2932 1185 in
2966 1131 3097 1185 filios
3141 1134 3192 1186 in
3236 1136 3446 1188 tertiam
3477 1140 3801 1206 progeniem

2229 1234 2280 1274 et
2309 1232 2566 1290 quartam.
2598 1231 2650 1274 et
2679 1222 2729 1275 in
2761 1223 2904 1290 ipsos
2947 1229 3122 1290 patres
3167 1237 3270 1277 non
3301 1223 3632 1291 redduntur,
3667 1227 3797 1281 nihil

2231 1313 2368 1364 enitn
2409 1311 2476 1365 de
2501 1313 2736 1378 patribus
2761 1313 2914 1370 dixit.
2953 1314 3201 1370 Diabolus
3241 1323 3387 1384 pater
3431 1325 3519 1370 est
3545 1321 3796 1370 omnium

2233 1411 2591 1468 peccatorum.
2634 1401 2733 1457 Vos
2752 1404 2905 1469 enim,
2935 1403 3104 1474 inquit
3128 1405 3399 1471 Dominus,
3420 1419 3490 1457 es
3506 1414 3667 1474 patre
3691 1407 3794 1458 dis-

2230 1490 2341 1544 bolo
2367 1491 2504 1544 estis.
2538 1491 2711 1547 Donec
2737 1495 2876 1548 enim
2896 1502 3000 1549 stat
3028 1493 3270 1560 mundus,
3301 1505 3521 1563 peccata
3563 1509 3667 1550 sua
3693 1483 3791 1548 lien

2231 1579 2412 1649 recipit
2449 1581 2718 1648 diabolus;
2759 1583 2937 1638 omnia
2963 1583 3104 1640 enim
3147 1584 3223 1638 illi
3263 1586 3694 1638 reservabuntnr
3738 1591 3782 1638 ia

2229 1669 2478 1739 futurum,
2507 1673 2792 1728 redduntur
2816 1683 2989 1730 tamen
3027 1675 3078 1729 in
3110 1673 3246 1730 ﬁlios
3273 1689 3404 1742 quos
3430 1679 3658 1744 genuit.
3693 1677 3788 1730 i'er

598 1758 745 1825 ptile,
792 1759 934 1814 aliud
964 1760 1380 1828 similitudinem,
1425 1763 1667 1832 sculptile
1695 1765 1832 1818 enim
1865 1765 2009 1831 facit,
2038 1767 2125 1833 qui
2162 1826 2201 1833 Α
2233 1770 2500 1826 peccatum
2523 1761 2665 1816 enim
2699 1761 2935 1817 homines
2964 1763 3018 1817 in
3044 1776 3202 1818 carne
3231 1763 3383 1831 positi
3413 1765 3721 1832 puniuntur
3764 1780 3786 1814 a

595 1848 731 1916 quod
771 1849 986 1904 omnino
1013 1865 1115 1904 non
1145 1849 1288 1916 facit,
1331 1826 1422 1907 sed
1455 1826 1650 1908 tauium
1682 1856 1746 1908 ad
1775 1826 2127 1910 inventionem
2162 1826 2208 1887 Β
2238 1848 2480 1916 ὒμιωὶυο,
2524 1851 2612 1919 qui
2651 1866 2754 1906 non
2799 1853 2906 1906 vult
2956 1861 3176 1907 mortem
3225 1826 3554 1919 peccatoris,
3609 1857 3704 1934 sed
3737 1867 3788 1931 ut

594 1935 771 1988 cordis
794 1938 874 1990 sui
904 1939 1253 1993 machinatur.
1282 1941 1689 1998 Similitudinem
1721 1959 1845 1999 vero
1872 1945 2014 2011 facit,
2042 1947 2131 2016 qui

594 2021 831 2090 alicujus,
865 2026 1008 2080 verbi
1057 2029 1242 2096 gratia,
1292 2031 1669 2099 quadrupedis,
1716 2033 1797 2087 vel
1848 2035 2127 2103 serpentis,

593 2118 680 2162 aut
710 2113 844 2177 avis,
872 2113 1270 2171 similitudinem
1300 2117 1442 2176 facit.
1484 2119 1604 2175 Non
1649 2123 1902 2186 adorabis,
1932 2139 2020 2177 nec
2047 2140 2134 2177 co-

590 2201 662 2254 les
691 2214 710 2254 :
739 2202 960 2257 adorant
1005 2207 1366 2274 multipliciter
1400 2211 1572 2274 inviti,
1600 2221 1690 2265 aut
1730 2213 1917 2268 timore
1941 2214 2128 2278 coacti,

594 2300 686 2366 aut
728 2308 824 2362 per
865 2297 1136 2352 avaritiam
1173 2299 1392 2355 seducti.
1437 2302 1626 2361 Colunt
1667 2315 1860 2372 autem,
1906 2310 1994 2378 qui
2023 2317 2132 2364 toto

595 2384 784 2439 all‘ectu
833 2398 1164 2455 venerantur,
1207 2391 1593 2448 obscurissimis
1631 2397 2005 2463 qumstionibus
2049 2414 2133 2453 re-

594 2473 814 2541 tardati,
873 2474 1181 2532 desideratte
1227 2479 1495 2537 brevitatis
1546 2487 1758 2539 modum
1808 2489 2130 2542 escedimus.

592 2562 633 2615 Λ
647 2578 712 2617 οη
733 2565 964 2621 adorabis
985 2569 1102 2624 decs
1125 2572 1334 2638 alienos,
1359 2574 1408 2628 id
1429 2584 1528 2640 est,
1555 2590 1657 2630 non
1681 2577 1922 2635 adorabis
1945 2582 2129 2638 vitium

589 2655 672 2706 vel
703 2657 1140 2730 gastrimargiam,
1173 2671 1229 2716 ut
1263 2664 1502 2732 leguntur
1529 2668 1562 2721 ii
1594 2683 1813 2738 quorum
1847 2673 1984 2728 Deus
2007 2689 2130 2729 ven-

589 2757 686 2812 t-r,
717 2758 771 2804 et
814 2751 865 2804 in
912 2755 1150 2820 avaritia,
1190 2757 1323 2812 etin
1368 2757 1733 2828 fornicatione,
1785 2773 1837 2818 et
1879 2765 1982 2818 alia
2027 2775 2132 2821 tam

585 2840 829 2907 plurima,
865 2857 978 2910 qua:
1008 2855 1127 2899 sunt
1173 2847 1428 2902 idolorum
1477 2853 1722 2921 servitus,
1755 2863 1812 2908 ut
1852 2855 2135 2922 Apostolus

590 2928 886 2985 continuat.
914 2931 1131 3000 Propter
1157 2938 1294 3005 quod
1320 2939 1462 2994 venit
1483 2941 1560 2996 ira
1585 2941 1676 2998 Dei
1710 2960 1724 2996 :
1757 2942 1809 3000 in
1829 2947 2133 3014 gastrimar-

589 3017 670 3083 gia
719 3018 882 3072 Adam
914 3022 1135 3090 primum
1179 3029 1429 3093 peccavit,
1471 3030 1521 3085 in
1559 3031 1780 3088 avaritia
1828 3034 1990 3092 Judas
2014 3052 2134 3092 cor-

589 3105 716 3168 ruit,
744 3117 797 3162 et
823 3108 1004 3180 Gyeli,
1034 3123 1088 3167 et
1115 3115 1368 3182 Ananiae,
1397 3128 1455 3174 et
1489 3121 1756 3194 Saphyra;
1783 3133 1836 3180 et
1863 3129 2128 3193 quomodo

591 3196 615 3249 f
617 3200 689 3251 nit
718 3201 766 3252 in
791 3200 1133 3260 fornicatione
1160 3206 1384 3262 Sodoma
1411 3219 1465 3263 et
1486 3211 1802 3270 Gomorrlia.
1829 3216 1941 3272 Non
1967 3217 2129 3274 facies

594 3286 688 3340 tibi
717 3289 978 3356 sculptile,
1026 3293 1092 3348 de
1121 3295 1276 3351 malis
1305 3301 1707 3369 cogitationibus
1733 3305 1924 3362 dicitur
1952 3325 1964 3360 :
1995 3310 2131 3366 sicut

591 3375 733 3466 enim
779 3377 974 3434 ferrum
1008 3392 1206 3450 partem
1236 3387 1432 3443 excidit
1468 3391 1532 3446 de
1576 3391 1739 3462 ligno,
1787 3396 1855 3450 ita
1884 3398 2131 3468 cogitatio

591 3468 762 3556 mala;
791 3469 918 3525 utin
951 3471 1252 3544 Evangelio,
1277 3477 1614 3548 Cogitationes
1644 3486 1791 3539 malis
1808 3487 2131 3556 coinquinant

590 3555 834 3610 homines.
860 3558 978 3612 Non
1016 3577 1238 3619 assumes
1264 3582 1441 3622 nomen
1471 3570 1673 3626 Domini
1712 3571 1808 3628 Dei
1847 3555 2008 3630 tuiiin
2046 3593 2133 3632 suo

589 3662 730 3713 num,
763 3656 820 3702 ut
848 3651 897 3703 in
929 3650 1230 3722 Evangelio,
1264 3655 1384 3711 Non
1399 3662 1576 3729 jurare
1619 3667 1839 3718 omnino.
1878 3666 2132 3724 Hemento

589 3737 720 3791 diem
741 3739 931 3794 sabbati
949 3744 1250 3814 sancti/ices,
1276 3749 1341 3802 de
1383 3748 1527 3803 Novo
1553 3749 1890 3808 Testamento
1920 3756 2128 3824 dicitur,

588 3838 639 3882 et
670 3829 886 3900 reliqua.
917 3825 1064 3887 Sicut
1095 3836 1232 3890 enim
1263 3839 1606 3894 sanctificavit
1646 3841 1787 3895 diem
1816 3843 2040 3908 sabbati,
2078 3853 2134 3900 et

588 3921 842 3989 requievit
867 3923 919 3976 in
950 3924 1060 3990 illo,
1085 3925 1162 3980 sic
1189 3935 1244 3981 et
1272 3943 1367 3982 nos
1393 3944 1485 3998 per
1504 3930 1707 3985 Novum
1737 3932 2128 3990 Testamentum

588 4009 952 4074 sauctillcavit,
981 4020 1037 4065 et
1065 4013 1394 4082 requiescere
1415 4030 1444 4068 a
1488 4021 1715 4084 peccatis
1743 4022 1884 4076 fecit.
1919 4022 2130 4078 Honora

586 4108 778 4167 patrem
822 4107 982 4162 tuum,
1013 4110 1060 4153 et
1101 4110 1312 4156 matrem
1354 4112 1509 4156 tuam.
1557 4104 1710 4161 Pater
1734 4111 1926 4163 ctenim
1957 4109 2131 4166 Domi-

588 4205 706 4252 nus,
739 4200 906 4244 mater
954 4191 1204 4258 Ecclesia,
1252 4194 1301 4248 id
1350 4205 1449 4259 est,
1485 4195 1750 4252 Dominum
1791 4199 1950 4255 Deum
1994 4215 2131 4258 tuum

587 4277 844 4341 adorabis,
885 4286 931 4329 et
959 4279 1040 4331 illi
1063 4281 1157 4332 soli
1187 4284 1388 4336 servies.
1441 4285 1505 4338 Et
1534 4285 1768 4342 Ecclesia
1799 4289 1988 4346 domus
2016 4294 2126 4359 Dei,

587 4377 737 4434 pater
779 4377 832 4420 et
877 4376 1044 4421 mater
1085 4372 1319 4424 omnium
1368 4372 1627 4440 justorum
1671 4378 1721 4429 in
1769 4379 2046 4451 baptismo,
2077 4393 2132 4437 et

586 4454 940 4519 confessione,
973 4467 1028 4512 et
1052 4459 1377 4526 pmnitentia.
1413 4460 1531 4516 Non
1571 4466 1784 4531 occides,
1816 4469 1866 4522 id
1895 4481 1995 4537 est,
2023 4487 2126 4527 non
2159 4492 2206 4551 υ

585 4549 735 4602 odies
783 4548 995 4603 fratrem
1037 4558 1203 4605 tuum.
1241 4551 1340 4618 Qui
1371 4555 1523 4618 enim,
1551 4555 1734 4626 inquit,
1780 4561 1886 4614 odit
1928 4563 2131 4632 fratrem

585 4653 752 4701 suum,
791 4639 1041 4717 homicida
1067 4652 1138 4695 est
1155 4659 1174 4707 ;
1217 4643 1425 4711 iterum,
1452 4645 1553 4710 Qui
1580 4649 1814 4703 irascitur
1842 4653 1990 4722 fratri
2016 4672 2130 4722 suo,

585 4743 702 4780 reus
740 4729 834 4780 erit
874 4731 1106 4788 concilio.
1138 4731 1256 4786 Non
1296 4737 1633 4805 multabm’s,
1666 4739 1715 4792 id
1762 4750 1862 4805 est,
1892 4743 1988 4796 soli
2020 4742 2130 4798 Deo

593 4816 868 4872 adhaerere
895 4820 1079 4886 debes,
1107 4829 1162 4874 et
1215 4821 1264 4875 id
1309 4824 1446 4890 quod
1491 4834 1572 4880 est
1623 4827 1711 4882 Dei
1758 4843 1859 4882 non
1909 4833 2128 4886 reddere

587 4907 820 4973 diabolo,
843 4911 932 4962 sed
962 4902 1078 4979 qum
1104 4921 1226 4966 sunt
1256 4914 1346 4968 Dei
1381 4915 1502 4982 Deo,
1533 4919 1584 4972 iu
1627 4919 1890 4988 operibus,
1922 4932 1974 4976 et
2000 4939 2130 4979 ver-

585 4998 689 5062 bis,
721 5004 774 5051 et
814 4999 1230 5068 cogitationibus.
1256 5001 1490 5074 Denique
1514 5017 1569 5062 et
1596 5007 1852 5077 Propheta
1883 5013 1957 5066 ait
1990 5031 2001 5065 :
2035 5011 2126 5067 Et-

585 5090 718 5141 enim
738 5097 902 5143 autem
932 5091 1187 5147 adbcrere
1212 5093 1333 5161 Deo,
1358 5096 1541 5151 bonum
1565 5109 1654 5155 est.
1683 5101 1801 5155 Non
1822 5105 2010 5172 furtum
2037 5110 2128 5174 fa-

585 5182 706 5242 cies,
735 5179 786 5234 id
817 5191 915 5245 eSI,
947 5184 1083 5250 quod
1126 5194 1295 5250 potest
1322 5188 1478 5241 homo
1520 5188 1689 5244 facere
1735 5201 1788 5245 et
1837 5208 1937 5247 non
1980 5195 2122 5258 facit,

589 5283 643 5324 ut
695 5272 744 5324 in
775 5275 992 5339 psalmo,
1025 5273 1284 5329 Peccatori
1311 5289 1478 5331 autem
1508 5280 1633 5332 dixit
1665 5282 1801 5336 Deus
1842 5300 1996 5353 usque
2021 5301 2128 5338 ser-

587 5377 730 5413 mone
757 5373 1044 5417 retrorsum.
1071 5364 1186 5417 Non
1220 5371 1534 5437 concupisces
1557 5387 1656 5422 rem
1685 5374 1898 5440 proximi
1919 5375 2014 5438 tui,
2038 5377 2127 5428 do-

587 5469 721 5503 mum
762 5465 804 5506 et
847 5457 1012 5507 omnia
1051 5457 1209 5509 illius.
1259 5457 1576 5525 Proximum,
1609 5464 1855 5516 mundum
1888 5466 2127 5534 intelligi-

591 5558 728 5601 mus,
761 5553 814 5594 ut
861 5554 939 5596 est
984 5543 1129 5608 illud,
1165 5545 1336 5600 Nolite
1370 5550 1576 5617 diligere
1606 5554 1869 5617 mundum,
1901 5565 1946 5607 et
1975 5556 2128 5608 nolite

584 5632 918 5684 thesaurisare
956 5635 1209 5688 thesauros
1258 5637 1307 5687 in
1351 5645 1499 5691 terra.
1552 5639 1675 5704 Qui:
1702 5642 1834 5693 enim
1876 5645 2122 5710 videntur,

582 5725 877 5790 temporalia
901 5739 1008 5777 sunt
1028 5743 1044 5790 ;
1069 5743 1177 5793 aute
1200 5745 1297 5781 non
1325 5729 1570 5800 videnlur,
1590 5745 1774 5789 a'tema
1796 5745 1932 5792 sunt.
1963 5735 2124 5806 Hujus

2234 1951 2565 1996 convertatur
2589 1950 2644 1997 et
2675 1944 2832 1998 vivat.
2863 1942 3154 2000 Peccantes
3189 1943 3330 1998 enim
3352 1943 3642 1999 ministros
3667 1960 3786 2012 pee-

2235 2032 2338 2087 cati
2364 2032 2734 2104 adjutoresque
2754 2035 3091 2104 requirimus,
3113 2049 3244 2106 quos
3272 2035 3488 2092 tertiam
3519 2037 3608 2091 vel
3634 2052 3785 2107 quar-

2237 2132 2341 2177 tam
2390 2127 2694 2194 progeniem
2724 2124 2884 2182 habet
2922 2126 3184 2192 diabolus,
3231 2140 3367 2195 quos
3399 2139 3694 2194 peccantes
3738 2129 3784 2180 in

2235 2216 2478 2283 presenti
2506 2216 2642 2271 Dcus
2665 2219 2932 2280 verberat,
2953 2227 3011 2270 ut
3031 2217 3083 2270 in
3107 2217 3280 2270 futuro
3300 2217 3477 2272 levius
3503 2219 3784 2273 sustineat.

2236 2305 2480 2359 Diabolus
2503 2306 2728 2374 denique
2755 2305 2936 2374 genuit
2958 2305 3146 2362 ludam
3175 2319 3268 2373 per
3289 2317 3600 2374 peccatum.
3627 2308 3788 2362 intra-

2234 2395 2308 2448 vit
2323 2398 2460 2449 enim
2489 2397 2539 2448 in
2566 2396 2706 2449 illum
2740 2397 2981 2462 Satanas,
3005 2403 3059 2449 et
3080 2393 3244 2450 indas
3261 2392 3391 2450 abiit
3418 2397 3490 2450 ad
3524 2397 3790 2465 principes

2232 2481 2592 2547 sacerdotum;
2627 2499 2728 2538 non
2784 2484 2924 2538 enim
2952 2483 3097 2538 solus
3122 2483 3300 2539 scelus
3345 2484 3531 2537 crucis
3573 2483 3790 2549 implere

2235 2576 2402 2642 potuit
2439 2593 2450 2626 :
2486 2561 2750 2645 principes
2777 2574 2969 2629 deinde
2995 2573 3393 2627 concitaverunt
3413 2586 3480 2626 ae
3512 2586 3789 2642 persuase-

2232 2673 2355 2719 runt
2385 2665 2610 2731 populo;
2637 2665 2716 2719 sic
2754 2675 2873 2717 nata
2900 2672 2981 2718 est
3008 2677 3072 2716 es
3105 2661 3235 2717 Juda
3278 2669 3468 2730 quarta
3496 2664 3784 2730 generatio.

2236 2752 2472 2806 Reddidit
2492 2763 2663 2806 autem
2694 2752 3088 2827 misericordiam,
3105 2752 3158 2806 in
3176 2751 3336 2804 millia
3362 2750 3439 2804 Itis
3461 2751 3553 2819 qui
3571 2753 3787 2822 dits‘gut

2233 2842 2396 2896 illum.
2429 2843 2525 2910 Qui
2552 2845 2690 2899 enim
2715 2842 2938 2913 diligunt
2956 2843 3362 2907 correctionem,
3393 2855 3503 2895 non
3528 2842 3782 2912 indigent,

2233 2935 2324 2991 sed
2355 2937 2459 2991 illis
2484 2938 2647 2991 solam
2678 2935 3088 2992 misericordiam
3112 2935 3310 2990 tribuit.
3345 2931 3499 2988 Beati
3526 2934 3666 2988 enim
3693 2934 3785 2984 sai-

2233 3027 2525 3092 sericordes,
2561 3028 2800 3097 quoniam
2822 3027 2934 3097 .ipsi
2974 3024 3365 3079 misericordiam
3395 3031 3778 3090 meq-sensu.

2235 3113 2292 3168 in
2319 3115 2525 3170 duabus
2555 3115 2744 3169 tabulis
2770 3115 2965 3182 scripta
2988 3123 3068 3168 est
3095 3115 3201 3176 les,
3226 3121 3441 3182 propter
3466 3112 3577 3166 duo
3601 3112 3783 3166 Testa-

2230 3212 2423 3269 menta,
2449 3204 2530 3260 vel
2558 3213 2767 3273 propter
2792 3218 3022 3259 amorem
3048 3203 3140 3257 Dei
3163 3210 3216 3258 et
3242 3201 3497 3272 proximi.
3531 3202 3780 3272 lapidea

2230 3301 2404 3348 autem
2434 3294 2622 3348 tabulae
2645 3293 2932 3362 signiﬁcant
2967 3293 3218 3348 duritiam
3244 3292 3423 3348 cordis
3447 3292 3776 3348 Judaomsa.

2229 3381 2489 3438 Additur:
2519 3381 2710 3437 Deinde
2738 3399 2838 3436 non
2863 3383 3058 3451 facietis
3093 3382 3228 3436 vobis
3251 3382 3371 3434 deos
3409 3396 3600 3434 aureos
3627 3388 3780 3434 et‘ur=

2229 3483 2448 3539 genteos,
2481 3482 2539 3526 ut
2565 3475 2761 3545 nullum
2791 3471 3110 3542 superﬂuum
3152 3485 3388 3534 sensum,
3415 3475 3670 3541 quamvis
3699 3488 3777 3526 ra-

2230 3559 2376 3616 diare
2405 3561 2628 3626 videtur,
2674 3562 2751 3617 vel
2781 3563 2989 3618 inanem
3017 3563 3375 3634 eloquentiam
3405 3565 3778 3632 suscipiamus.

2230 3648 2400 3703 Altare
2425 3651 2489 3704 de
2524 3659 2658 3704 terra
2696 3652 2886 3719 facietis
2922 3652 3062 3705 mihi.
3101 3654 3281 3708 Altare
3312 3653 3381 3707 de
3409 3661 3555 3708 terra
3584 3654 3775 3710 facere.

2220 3747 2311 3792 est
2356 3738 2730 3797 humanitatem
2778 3741 2968 3795 Christi
3013 3757 3254 3810 sperare.
3304 3743 3366 3796 Et
3416 3743 3471 3798 in
3522 3743 3683 3797 altari
3723 3747 3778 3795 de

2231 3838 2367 3883 terra
2399 3845 2585 3884 munus
2625 3832 2950 3887 oblationum
2991 3833 3282 3897 offerimus,
3307 3835 3352 3887 si
3382 3845 3539 3888 actus
3570 3844 3778 3888 ηιισυλοι

2229 3915 2506 3972 dominica:
2549 3921 2926 3976 lncarnationis
2977 3922 3079 3976 ﬁde
3120 3917 3429 3976 solidamus.
3485 3923 3776 3991 Sequitur:

2231 4004 2378 4070 Quod
2400 4007 2442 4060 si
2461 4008 2622 4061 altare
2646 4009 2897 4077 lapideum
2921 4008 3098 4077 feceris
3117 4009 3260 4074 milii,
3281 4025 3381 4062 non
3403 4011 3694 4077 αἰἱρωῶ
3725 4013 3777 4063 dt

2227 4098 2371 4150 sectis
2415 4096 2686 4165 lapidibus.
2737 4099 2875 4154 Secti
2921 4097 3121 4166 lapides
3149 4099 3182 4152 ii
3230 4109 3354 4152 sunt
3381 4101 3472 4168 qui
3525 4103 3773 4155 unitatem

2227 4187 2497 4240 scindunt.
2526 4185 2682 4241 Tales
2713 4186 2763 4240 in
2794 4201 3016 4255 corpore
3038 4201 3134 4240 suo
3161 4185 3406 4242 Christus
3433 4202 3544 4240 non
3572 4191 3774 4255 recipit,

2228 4279 2380 4343 cujus
2399 4277 2636 4344 corporis
2663 4276 2883 4345 figuram
2903 4275 3222 4331 altare'illud
3246 4277 3552 4332 obumbrat.
3576 4277 3654 4332 De
3683 4294 3773 4330 non

2229 4366 2384 4420 sectis
2413 4375 2585 4419 autem
2616 4365 2876 4432 lapidibus
2906 4367 3118 4432 dicitur,
3160 4366 3424 4438 Tanquam
3449 4368 3653 4435 lapides
3695 4373 3774 4421 viri

2229 4452 2721 4520 superadiﬁcamiui.
2772 4452 2825 4506 lu
2875 4455 2958 4506 his
3011 4468 3113 4507 non
3152 4463 3235 4507 est
3272 4453 3527 4518 injectum
3558 4452 3772 4516 iam.

2235 4541 2353 4608 quia
2379 4541 2549 4609 jacula
2577 4540 2786 4609 maligni
2817 4554 2919 4593 non
2959 4549 3287 4606 receperant.
3324 4539 3585 4610 Sequitur
3611 4560 3626 4596 ε
3659 4542 3772 4597 Nu

2231 4629 2466 4683 ascendes
2489 4643 2575 4695 per
2602 4628 2790 4699 gradus
2816 4627 2883 4678 ad
2905 4625 3084 4692 altare,
3115 4625 3216 4679 hoc
3239 4635 3340 4687 est,
3380 4642 3490 4681 non
3520 4630 3769 4697 gradatim

2229 4733 2387 4772 unum
2415 4717 2502 4770 alii
2534 4716 2822 4784 pralereus
2848 4714 2913 4768 ad
2957 4716 3344 4782 mepervenies
3377 4734 3393 4772 :
3424 4721 3570 4786 quod
3599 4721 3768 4773 Ariani

2176 4831 2179 4836 -
2227 4805 2424 4860 faciunt
2449 4804 2538 4874 qui
2572 4803 2734 4858 Patris
2761 4814 2816 4858 et
2844 4803 2960 4858 Filii
2985 4813 3039 4859 et
3063 4805 3290 4872 Spiritus
3317 4805 3488 4859 sancti
3521 4806 3768 4860 substan-

2227 4897 2350 4951 tiam
2379 4895 2635 4948 dividunt.
2681 4894 2858 4950 Altare
2883 4893 2950 4950 de
2976 4902 3113 4950 terra
3163 4893 3388 4960 facietis,
3425 4895 3576 4962 quod
3620 4912 3767 4964 supra

2227 4987 2475 5054 diximus,
2497 4985 2565 5040 ab
2591 4985 2705 5040 aliis
2731 4984 2950 5040 docetur
2977 4986 3130 5040 tertia
3155 4999 3275 5040 esse
3302 4984 3609 5040 diderentia
3641 4987 3767 5042 'mser

2226 5089 2407 5148 gentes
2434 5085 2487 5133 et
2527 5076 2768 5141 intimos;
2793 5076 2890 5144 ipsi
2927 5076 3064 5131 enim
3105 5077 3157 5130 iu
3197 5075 3514 5142 corporibus
3550 5078 3762 5134 dilem-

2227 5170 2368 5234 baut,
2400 5178 2454 5224 et
2497 5168 2549 5222 in
2595 5167 2932 5233 vestimentis,
2969 5174 3023 5220 et
3064 5166 3117 5218 in
3159 5163 3310 5219 altari
3353 5166 3421 5221 de
3462 5175 3633 5224 terra.
3667 5169 3764 5224 Hoc

2228 5274 2432 5328 quoque
2458 5257 2624 5311 altare
2646 5255 2714 5310 de
2739 5266 2874 5310 terra
2899 5253 3196 5324 signiﬁcare
3212 5252 3423 5318 dicitur,
3445 5258 3576 5325 quia
3599 5255 3762 5312 δαιτί

2227 5363 2320 5404 cor
2343 5362 2588 5402 carneum
2619 5347 2938 5407 habuerunt;
2964 5347 3015 5396 in
3047 5343 3252 5412 lapideo
3273 5354 3473 5410 autem.
3498 5347 3623 5418 quia
3649 5363 3760 5418 gen

2230 5440 2348 5493 tiles
2374 5438 2576 5506 lapideo
2605 5437 2764 5491 corde
2789 5435 3201 5490 aediﬁcaverunt.
3231 5435 3330 5490 Per
3370 5436 3490 5492 istuc
3520 5439 3705 5494 altaria
3723 5453 3768 5492 si

2227 5531 2340 5584 duas
2368 5530 2618 5585 Ecclesia:
2666 5527 3077 5598 przﬂgurautur.
3128 5525 3226 5581 Per
3268 5527 3435 5583 altare
3481 5529 3556 5584 de
3605 5541 3762 5584 terra.

2229 5618 2457 5674 Ecclesia
2499 5617 2703 5676 Veteris
2731 5615 3082 5681 Testameuti,
3113 5625 3166 5671 et
3212 5630 3304 5685 per
3334 5617 3634 5686 lapidata,
3675 5618 3748 5672 Nu

2226 5725 2363 5766 νυω.
