3872 6262
163 302 292 358 Ii!

301 396 312 404 ’
456 408 647 466 care.
688 407 806 463 xm
832 437 850 447 -
876 407 1281 464 χχιι-χχιιι-
1309 409 1492 464 sxw.

265 504 463 561 Deinde
485 503 649 558 multa
678 510 934 571 praeepta
959 502 1092 572 legis
1113 503 1325 566 dantur,
1346 517 1466 572 qua
1495 501 1743 558 transito-

161 597 269 651 ria
292 608 682 664 percurramus.
713 592 845 658 Quia
886 607 1004 648 cum
1028 607 1055 646 a
1087 594 1369 660 majoribus
1407 595 1602 649 nostris
1639 607 1742 648 non

162 685 526 740 inveniamus
553 697 674 738 esse
717 683 1012 752 explanata,
1042 692 1098 738 et
1126 683 1432 748 simpliciter
1459 685 1739 744 intellecta,

161 774 456 829 adibant
520 773 806 827 auditores.
855 771 1163 840 Praecipitur
1216 782 1389 828 autem
1435 783 1552 839 post
1594 773 1740 831 bac:

167 863 333 919 Pater
354 863 600 924 Hebrcus
626 866 671 916 si
689 863 818 932 forte
850 864 902 915 in
929 864 1225 917 ~servitutent
1262 865 1528 931 devenerit,
1557 874 1742 933 septeni

160 957 340 1008 annis
365 955 564 1019 serviat,
591 962 636 1006 et
659 955 867 1020 septimo
893 970 1028 1008 anno
1080 956 1202 1008 liber
1227 955 1506 1007 dimittatur
1550 957 1612 1008 de
1637 972 1742 1008 ser-

163 1043 364 1098 s-s'tttte.
429 1043 534 1096 Sed
582 1042 626 1094 si
653 1044 865 1095 noluerit
889 1059 920 1094 a
943 1045 1174 1096 seruitute
1226 1043 1416 1113 egredi,
1462 1045 1740 1114 perforati-

163 1141 276 1184 rasr
299 1131 532 1184 auricula
558 1132 715 1195 illius,
754 1142 800 1185 et
825 1133 918 1185 erit
955 1147 1124 1186 servus
1150 1134 1203 1185 in
1228 1134 1486 1187 secutum.
1535 1132 1599 1186 Et
1643 1147 1739 1186 nos

168 1222 238 1276 ira
297 1236 392 1276 ses
444 1222 683 1274 aetatibus
726 1220 877 1289 hujus
915 1222 1097 1275 mundi
1145 1221 1455 1286 servientes,
1515 1221 1740 1288 septimo

165 1325 354 1376 anno,
385 1311 483 1364 lioc
512 1322 593 1364 est
641 1321 840 1387 aeterno
887 1311 1104 1365 sabbato
1153 1311 1459 1375 liberamur,
1491 1311 1534 1364 si
1563 1321 1736 1364 tamen

169 1400 509 1456 voluerimus
550 1413 670 1455 esse
704 1399 876 1468 liberi,
918 1401 962 1454 si
1008 1414 1189 1453 sumus
1237 1398 1465 1464 Hebraei,
1515 1399 1616 1454 boc
1657 1408 1738 1453 est

169 1493 498 1546 transitores
539 1505 630 1558 per
658 1491 796 1544 liunc
817 1489 1066 1543 mundum
1096 1500 1442 1543 transeuntes.
1479 1488 1610 1542 Dum
1636 1503 1734 1542 au-

171 1588 297 1633 tern
326 1594 507 1634 sumus
530 1579 579 1633 in
607 1579 706 1632 boc
735 1577 948 1643 mundo,
994 1578 1252 1632 servimus
1299 1575 1574 1630 mundanis
1593 1576 1734 1630 desi-

166 1671 354 1726 deriis
373 1687 387 1724 :
406 1686 434 1724 a
458 1670 649 1739 quibus
675 1670 720 1724 si
748 1670 1069 1723 voluerimus
1121 1668 1346 1728 liberari.
1387 1666 1735 1736 perforabitur

176 1759 432 1813 auricula
463 1730 515 1811 in
541 1758 890 1813 testimonium
918 1756 1282 1810 lnobedientiai
1304 1772 1318 1819 ;
1344 1764 1397 1810 et
1423 1771 1540 1809 cum
1568 1771 1734 1810 uxore
1768 1730 1809 1790 Β

138 1857 238 1919 ,ει
273 1849 396 1903 liliis
426 1848 619 1902 nostris
647 1861 778 1915 quos
809 1847 1117 1914 protulimus
1155 1845 1378 1910 libenti,
1411 1845 1462 1898 id
1487 1854 1586 1911 est,
1616 1859 1735 1899 cum

164 1952 346 1992 carne
374 1947 427 1992 et
456 1936 703 2004 o’peribns
728 1935 957 2004 peccati,
992 1934 1129 1987 servi
1154 1933 1351 1988 erimus
1381 1936 1430 1987 in
1456 1941 1730 2002 aeternum.

169 2028 288 2082 Per
318 2026 455 2081 hunc
474 2040 681 2096 quoque
702 2039 916 2080 servum
943 2023 1213 2078 Hebraeum
1239 2024 1538 2076 universum
1569 2036 1734 2091 genus

171 2116 482 2170 humanum
529 2113 790 2183 designari
831 2127 982 2180 posse
1023 2112 1231 2178 dicitur,
1259 2114 1397 2180 quod
1428 2111 1479 2164 in
1509 2112 1733 2180 septimo

167 2217 348 2270 attito,
398 2204 448 2258 id
495 2211 599 2266 est,
644 2202 698 2256 in
747 2201 925 2272 requie
963 2201 1092 2256 Novi
1132 2199 1455 2256 Testamenti
1485 2198 1733 2255 liberatus

167 2301 285 2347 est.
317 2292 441 2344 Cum
461 2295 599 2360 quati
625 2300 756 2346 reste
783 2289 1056 2353 intrauerit,
1086 2305 1198 2342 cunt
1237 2287 1329 2341 tali
1365 2297 1527 2354 mat,
1556 2287 1608 2343 id
1631 2296 1730 2354 est,

184 2397 216 2433 a
272 2381 391 2450 lege
436 2379 706 2433 naturain
754 2393 949 2433 novum
987 2393 1104 2432 cum
1164 2376 1265 2432 llde
1305 2377 1494 2442 veniat,
1533 2391 1648 2446 qua
1680 2387 1733 2433 et

169 2472 349 2525 vestis
390 2479 524 2524 erat.
556 2468 795 2523 Dominus
835 2483 957 2521 suus
984 2467 1036 2530 in
1066 2467 1314 2521 omnibus.
1350 2465 1525 2520 Bonus
1549 2465 1735 2520 doetor

169 2557 330 2611 dedit
359 2556 429 2610 illi
457 2571 694 2620 uxorem.
727 2557 777 2610 id
805 2565 885 2610 est
900 2555 1076 2624 junxit
1115 2554 1343 2609 animam
1371 2553 1538 2619 illius;
1561 2563 1615 2609 et
1641 2554 1731 2608 lilii

169 2660 231 2700 et
253 2646 398 2711 illis,
422 2647 471 2699 id
502 2657 583 2700 est
631 2659 816 2698 sensus
843 2645 964 2698 boni
993 2653 1048 2698 et
1070 2645 1409 2714 cogitationes
1447 2644 1730 2700 secundum

172 2741 324 2791 hunc
357 2737 696 2790 intellectum.
735 2733 850 2803 Ipse
879 2748 992 2788 vero
1015 2733 1166 2788 exibit
1194 2749 1308 2786 cunt
1335 2735 1512 2788 vestitu
1539 2749 1648 2801 suo,
1681 2733 1730 2788 id

169 2837 262 2880 est
292 2839 411 2880 cum
461 2826 577 2895 lege
631 2835 851 2890 naturae,
898 2825 978 2879 vel
1009 2824 1141 2890 (ide;
1188 2833 1234 2878 et
1280 2823 1617 2894 applicabitur
1661 2825 1730 2877 ad

170 2917 386 2978 ostium,
429 2913 482 2968 id
521 2923 602 2968 est
643 2913 991 2983 principibus;
1044 2920 1228 2980 postes,
1256 2913 1357 2968 hoc
1384 2908 1730 2968 estsecunda

173 3003 330 3072 legis.
361 3002 645 3073 Perforabit
666 3019 837 3057 aurem
859 3003 999 3057 illius
1019 3003 1219 3069 subula,
1247 3004 1296 3057 id
1321 3010 1404 3058 est
1431 3002 1732 3072 pradicabit

997 294 1058 351 IN
1092 295 1642 354 PENTATEUCHUM
1680 295 2168 353 COMUENTARII.
2213 326 2278 340 -—
2315 296 2603 356 EXODUS.

3279 303 3382 362 δη

1767 413 1811 468 Α
1839 408 2022 464 minuit
2048 409 2210 464 cibos.
2241 409 2421 484 Manus
2445 420 2622 465 autem
2650 411 2788 468 illius
2815 415 3004 470 animas
3030 413 3212 476 virtus,
3239 434 3385 484 qua:-

1841 512 1959 552 rere
1981 509 2034 552 et
2059 501 2416 570 constringere
2441 501 2636 570 aliquid
2661 511 2864 568 potest:
2891 507 3034 560 velut
3055 509 3098 560 si
3125 508 3380 572 dicamus,

1839 592 1986 641 actus
2013 585 2172 650 illius,
2195 597 2247 641 et
2270 601 2359 654 pes
2388 602 2493 657 quo
2522 591 2717 644 incedit
2744 592 2808 646 ad
2839 592 2973 646 bona
3000 603 3053 648 et
3073 596 3228 649 mala.
3252 598 3384 663 Quia

1840 676 2028 744 ergosi
2055 675 2356 732 scandalum
2400 679 2590 741 patitur
2633 680 2806 734 anima
2837 697 2938 735 non
2991 683 3159 737 solum
3182 686 3236 739 in
3261 690 3384 749 title,

1837 765 1929 818 sed
1951 773 2005 819 et
2043 765 2097 818 in
2125 766 2328 820 actibus
2373 765 2671 834 ejiciantur,
2698 783 2814 837 qua:
2841 785 2933 837 per
2974 777 3161 828 manus
3189 776 3384 844 signiti-

1836 863 2024 908 csntur
2065 865 2174 909 :~et
2227 855 2389 923 pedes
2465 854 2790 924 acii-runtur,
2842 860 2960 927 quia
3015 865 3381 918 oﬂendiculum

1840 941 2058 1010 prtebuit
2089 959 2102 995 :
2129 951 2182 996 et
2203 959 2384 998 manus
2405 945 2595 1012 quibus
2634 961 2738 1001 non
2766 949 2898 1002 bene
2927 960 3191 1018 operatur.
3217 964 3270 1009 et
3291 971 3384 1024 pc-

1838 1033 1932 1088 des
1957 1032 2148 1102 quibus
2176 1049 2278 1086 nnn
2328 1032 2460 1087 bene
2489 1034 2765 1091 inceditur.
2807 1035 3018 1107 Recipit
3045 1043 3184 1095 enim
3243 1059 3386 1097 euin-

1837 1120 2129 1187 bustorum,
2163 1124 2281 1190 quia
2311 1122 2598 1177 combussit
2619 1125 2866 1178 animam.
2901 1127 3003 1182 Per
3028 1144 3143 1197 qua:
3183 1133 3382 1200 singula

1839 1210 1938 1266 hoc
1964 1211 2275 1275 ostenditur,
2322 1223 2376 1264 ut
2403 1211 2504 1266 iste
2533 1226 2803 1278 percussor
2829 1215 3068 1270 omnibus
3096 1219 3375 1275 detrunca-

1839 1301 1906 1355 tis
1935 1301 2187 1355 membris
2212 1316 2241 1354 a
2269 1315 2489 1369 corpore
2532 1286 2804 1356 excidatur
2832 1303 3098 1370 Ecclesiae,
3130 1317 3182 1361 ut
3209 1311 3385 1363 cmteii

1837 1392 2070 1447 timeant.
2095 1391 2316 1447 iubetur
2343 1403 2459 1459 post
2488 1393 2600 1448 haec
2629 1395 2910 1450 Israelitico
2936 1400 3126 1466 populo
3153 1401 3385 1456 decimas

1836 1481 2193 1549 primitiasque
2208 1481 2437 1534 omnium
2463 1497 2638 1537 rerum
2663 1485 2767 1538 Deo
2789 1485 2999 1541 offerre.
3028 1487 3278 1543 Primitiae
3295 1508 3388 1543 au-

1835 1577 1942 1623 tem
1970 1569 2224 1638 principia
2268 1570 2523 1623 bonorum
2547 1586 2764 1640 cperunt
2792 1575 3095 1643 ostendunt,
3122 1581 3199 1633 vel
3222 1579 3386 1647 ipst

1839 1658 2031 1713 bonam
2064 1659 2388 1712 voluntatem
2419 1674 2533 1728 quae
2573 1661 2713 1726 prior
2736 1671 2819 1716 est
2843 1679 3024 1731 opere,
3056 1681 3208 1734 quam
3239 1670 3385 1724 Pera--

1835 1749 1973 1818 giani
2005 1749 2103 1803 sibi
2131 1749 2406 1804 odendunt
2434 1750 2731 1806 tribuendo.
2786 1753 2922 1807 Deus
2951 1766 3122 1810 autem
3143 1757 3264 1810 dum
3294 1759 3380 1810 illa

1836 1839 1936 1892 sibi
1974 1853 2004 1893 a
2035 1839 2184 1893 nobis
2225 1838 2378 1907 jubet
2427 1839 2627 1907 oﬂerri,
2674 1843 2868 1896 indicat
2889 1844 2952 1898 ad
2978 1845 3142 1915 ipsius
3161 1852 3384 1916 gratiam

1838 1928 2116 1994 pertinere.
2168 1927 2351 1982 Omnis
2391 1942 2564 1985 autem
2623 1947 2871 1986 numerus
2921 1951 3086 2004 usque
3110 1939 3176 1992 ad
3200 1939 3384 1994 deri-ni

1834 2017 2039 2080 crescit,
2066 2026 2119 2071 et
2144 2016 2261 2070 ideo
2289 2018 2524 2072 decimus
2573 2021 2992 2088 consumptiuuis
3039 2039 3256 2092 Operutn
3285 2029 3373 2081 ini-

1835 2104 1962 2159 tium
1990 2105 2056 2158 ad
2099 2105 2566 2162 consummationis
2613 2109 2896 2178 accipimus
2929 2110 3216 2168 allectum.”
3231 2116 3379 2176 Quod

1833 2205 2011 2248 autem
2040 2194 2252 2261 dicitur,
2305 2193 2647 2268 Primogenita
2673 2197 2801 2250 asini
2831 2200 3043 2252 mutabit
3065 2215 3173 2266 ore,
3203 2203 3383 2255 asinus

1833 2284 2241 2355 immunditiam,
2271 2290 2384 2341 ovis
2407 2288 2756 2342 innocentiam
2785 2288 3059 2358 signiticet.
3085 2291 3231 2346 Asini
3254 2307 3379 2345 vero

1835 2374 2175 2445 primogenita
2205 2391 2302 2432 ove
2328 2385 2548 2440 mutare,
2581 2385 2662 2432 est
2691 2379 2969 2433 immunda:
2993 2381 3107 2434 vitae
3155 2385 3376 2449 primor.

1833 2465 1916 2519 dia
1943 2464 2008 2519 ad
2031 2465 2340 2521 innocentia:
2365 2467 2754 2535 simplicitatem
2778 2480 3101 2535 convertere,
3134 2483 3189 2524 ut
3227 2485 3375 2540 post-

1831 2570 1988 2622 quam
2013 2554 2277 2611 immunda
2299 2554 2523 2624 injustas
2567 2555 2696 2625 egit,
2725 2573 2840 2623 qua:
2887 2557 3132 2612 Dominus
3155 2559 3373 2628 respuit,

1831 2644 1916 2699 illa
1948 2646 2146 2715 agenda
2192 2646 2427 2714 proferat
2471 2663 2588 2721 quae
2612 2648 2664 2701 in
2694 2648 2788 2701 Dei
2826 2650 3139 2704 sacriﬁcium
3185 2645 3375 2704 munda

1831 2732 2082 2800 imponat.
2124 2733 2372 2802 Sequitur
2403 2750 2419 2788 :
2453 2734 2573 2788 Non
2612 2736 2844 2800 redimes,
2876 2739 3224 2805 interﬁcietur,
3255 2742 3374 2806 quia

1832 2820 2074 2874 nimirum
2101 2835 2250 2875 mens
2271 2821 2559 2887 immunda,
2605 2820 2651 2875 si
2674 2836 2776 2876 non
2799 2821 2954 2877 fuerit
2978 2824 3028 2877 in
3048 2824 3235 2880 melius
3255 2841 3375 2880 mu-

1830 2918 1954 2976 tata,
1989 2909 2262 2965 necabitur
2287 2921 2452 2965 morte
2481 2922 2698 2965 aeterm.

2291 3039 2295 3044 .
2392 2997 2612 3056 CAPUT
2651 3000 2790 3056 XXV

170 3065 328 3148 illum
358 3065 749 3163 praedicatione.
784 3091 849 3145 Et
869 3092 961 3146 erit
986 3108 1174 3158 servus,
1204 3065 1254 3146 id
1297 3099 1380 3147 est
1403 3065 1595 3147 Christi
1644 3093 1727 3148 vel
1752 3065 1820 3128 θ’
1900 3088 1956 3145 In
1977 3104 2096 3146 arca
2123 3099 2299 3145 autem
2347 3089 2670 3147 Testamenti
2705 3101 2855 3146 erant
2876 3093 3118 3162 repositae
3162 3095 3373 3160 tabula,

171 3184 436 3239 doctoris.
468 3182 580 3236 Duo
601 3192 766 3236 autem
792 3183 884 3255 uiri
912 3181 999 3252 qui
1025 3181 1244 3251 litigant,
1275 3181 1379 3236 duo
1399 3182 1730 3250 disputantes

172 3284 302 3326 sunt
325 3273 388 3326 de
414 3272 674 3340 aliquibus
718 3271 1095 3342 quaestionibus
1133 3271 1438 3340 Scriptura.
1502 3273 1650 3329 Unde
1677 3284 1731 3328 et

176 3363 488 3430 Apo>tolus,
519 3360 572 3415 Ν
577 3362 713 3426 alite,
759 3362 944 3430 inquit,
973 3361 1136 3415 verbis.
1166 3361 1481 3428 contendere,
1511 3363 1578 3415 ad
1605 3363 1731 3416 nihil

174 3453 312 3503 enini
350 3460 423 3504 est
477 3451 633 3514 utile;
660 3465 856 3503 servum
893 3449 1100 3503 Domini
1142 3465 1242 3503 non
1291 3450 1726 3518 oportet'lt'tigare.

178 3540 369 3594 Mulier
395 3549 571 3592 autem
603 3552 878 3608 pra-gnans
903 3538 1076 3592 anima
1106 3547 1189 3592 est
1213 3554 1330 3605 qum
1356 3554 1522 3607 nuper
1541 3553 1730 3614 conce-

178 3626 258 3695 pit
303 3625 517 3680 verbum
571 3625 682 3692 Dei,
732 3640 851 3694 quae
903 3639 997 3694 pro
1039 3625 1344 3682 inﬁrmitate
1403 3635 1729 3696 nuncupatur

180 3717 410 3770 mulier:
460 3730 577 3785 qua;
597 3730 627 3769 a
657 3715 978 3784 litigantibus
1016 3715 1143 3771 viris
1173 3731 1417 3786 percussa
1446 3727 1546 3782 est,
1574 3717 1643 3772 ita
1671 3727 1730 3772 ut

178 3810 400 3861 verbum
441 3805 663 3873 Domini,
713 3807 850 3876 quod
901 3807 1124 3862 tenuiter
1177 3808 1438 3877 concepit,
1490 3808 1723 3876 abjiciat.

183 3897 477 3969 Subjarebit
526 3909 690 3951 autem
743 3914 1001 3965 percussor
1042 3898 1248 3962 damno,
1273 3911 1513 3968 quantum
1535 3898 1726 3970 petierit

183 3990 393 4039 maritus
435 3987 678 4041 mulieris.
731 3987 984 4057 Antigetur
1034 3988 1168 4041 cuius
1228 4004 1319 4057 per
1364 3989 1724 4058 panitentiant,

178 4078 299 4146 quia
347 4077 520 4147 adi-git
553 4077 851 4143 infirmum.
907 4065 1302 4138 Protuiiversa
1327 4078 1566 4134 doctrina
1610 4095 1726 4148 quas

182 4164 394 4220 Christo
418 4166 630 4234 placuit,
654 4165 770 4234 quia
788 4166 895 4235 jam
917 4166 1158 4238 proprius
1180 4169 1262 4222 vir
1281 4175 1364 4222 est
1384 4168 1571 4222 animai
1594 4167 1725 4224 tide-

183 4253 270 4309 lis.
303 4257 406 4308 Aut
435 4264 579 4309 certe
606 4265 853 4323 quantum
893 4257 1173 4324 espetierit
1207 4259 1472 4325 magister,
1516 4261 1606 4329 qui
1635 4273 1727 4326 pro

1828 3181 2212 3237 observantiam
2251 3181 2444 3237 veteris
2491 3181 2621 3252 legis
2650 3197 2710 3236 ac
2740 3197 2887 3237 nov-.e
2926 3184 2977 3237 in
3022 3176 3254 3240 Ecclesia
3302 3187 3376 3239 si-

1826 3271 2157 3339 gniﬁcantes.
2190 3270 2264 3330 De
2285 3273 2433 3341 lignis
2458 3272 2913 3340 imputrescentibas
2935 3274 3217 3341 fabricatur
3231 3292 3370 3330 arca.

1828 3362 1906 3417 De
1952 3363 2150 3416 sanctis
2202 3371 2378 3415 mente
2423 3372 2476 3415 et
2503 3375 2726 3428 corpore
2773 3362 3062 3417 maliﬁcatur
3089 3364 3367 3419 Ecclesia:

1826 3452 1974 3520 quasi
2014 3465 2199 3504 aurum
2256 3449 2458 3504 radiare
2502 3449 2676 3516 debet,
2731 3449 3105 3507 tam'interius
3161 3467 3223 3507 ex
3251 3454 3369 3508 vitae

1825 3540 2122 3609 splendore,
2171 3553 2325 3606 quam
2365 3539 2595 3594 exterius
2620 3540 2872 3594 doctrinm
2892 3540 3148 3598 claritate.
3179 3541 3374 3598 Corona

1824 3645 1979 3706 aurea
2022 3645 2111 3696 per
2139 3629 2424 3695 circuitum,
2473 3621 2643 3684 unitas
2698 3629 2946 3685 Ecclesia:
2982 3641 3084 3687 est.
3145 3633 3373 3696 Quatuor

1826 3722 2060 3785 circulus,
2089 3733 2308 3789 quatuOr
2333 3720 2640 3790 Evangelia,
2667 3737 2784 3790 quae
2816 3724 2865 3776 in
2899 3723 3093 3778 unitate
3125 3723 3374 3780 Ecclesiae

1827 3810 2201 3879 prmdicantur,
2227 3809 2412 3880 quibus
2440 3811 2673 3864 accincta
2705 3828 2794 3878 per
2821 3823 3046 3880 quatuor
3069 3822 3243 3881 partes
3275 3815 3370 3867 bu-

1820 3901 1908 3968 jus
1931 3901 2108 3953 mundi
2138 3899 2349 3953 dilatata
2376 3900 2623 3953 tenditur.
2674 3899 2848 3954 ναίει
2893 3919 3087 3972 quoque
3127 3907 3187 3956 de
3223 3905 3373 3975 lignis

1825 3987 2020 4043 Setltt'm
2066 3988 2280 4056 faciunt,
2321 3989 2421 4054 qui
2445 3987 2632 4039 eisdem
2670 3989 2869 4040 circulis
2910 3990 3226 4051 inseruntur;
3253 3990 3369 4056 quia

1826 4077 1986 4130 fortes
2014 4085 2517 4144 perseverantesque
2556 4075 2817 4138 doctores,
2867 4078 3006 4131 velut
3032 4077 3367 4147 iniputribilia

1823 4165 2091 4234 quaerendi
2119 4173 2262 4229 sunt,
2305 4162 2392 4231 qui
2441 4162 2782 4218 instructions
2830 4149 3102 4220 sacrorum
3143 4167 3368 4222 volumi-

1825 4267 1948 4306 num
2003 4267 2209 4319 semper
2257 4251 2571 4306 inbaerentes
2615 4263 2807 4306 sancta:
2859 4255 3123 4320 Ecclesiae,
3163 4271 3371 4327 semper

183 4343 378 4401 Christi
403 4343 634 4399 Ecclesia
659 4353 759 4398 est.
790 4343 961 4398 Potest
985 4355 1152 4398 autem
1175 4356 1228 4398 ut
1249 4348 1390 4400 illurn
1428 4365 1572 4415 quem
1595 4350 1724 4403 terit
1753 4381 1804 4440 ο
1828 4341 2079 4396 unitatem
2106 4331 2433 4407 denuntieni,
2456 4350 2509 4395 et
2529 4341 2675 4410 quasi
2705 4342 3020 4398 intromissis
3048 4346 3257 4401 circulis
3283 4363 3370 4402 sr-

184 4435 400 4487 instruat
423 4445 470 4486 et
494 4441 709 4501 reparet.
745 4432 800 4489 Si
820 4443 986 4488 autem
1018 4449 1151 4487 mors
1171 4444 1342 4488 secuta
1362 4435 1530 4504 fuerit,
1553 4437 1724 4490 reddet
1753 4431 1796 4440 ⁷
1827 4445 1941 4486 cam
1956 4440 2160 4498 portent
2176 4448 2187 4481 :
2204 4431 2768 4501 qnijubeuturquoque
2783 4449 2912 4488 auro
2927 4435 3156 4500 οιιθτίτθ.
3175 4445 3229 4490 ιιι
3247 4453 3365 4493 cum

186 4523 404 4573 animum
425 4521 732 4589 proauiam.
772 4521 920 4588 Quod
947 4531 1121 4578 autem
1151 4523 1204 4576 in
1245 4522 1332 4577 die
1353 4523 1534 4591 judicii
1575 4525 1728 4580 intel-

187 4611 448 4680 ligendum
492 4599 575 4666 est
619 4610 756 4680 apud
805 4611 1054 4680 iudicem,
1105 4612 1191 4680 qui
1217 4622 1394 4682 petest
1419 4615 1645 4669 animam
1675 4626 1728 4673 et

189 4718 377 4770 corpus
404 4702 627 4773 perdere
651 4703 702 4755 in
740 4703 1052 4771 gehennam.
1113 4703 1202 4760 Vel
1228 4716 1376 4761 certe
1418 4707 1527 4762 fieri
1559 4717 1728 4776 potest

191 4793 353 4861 utqui
380 4793 479 4849 sibi
508 4793 750 4847 conscius
778 4791 905 4844 tanti
933 4791 1186 4858 scandali,
1213 4806 1268 4846 ut
1297 4796 1525 4850 animam
1556 4797 1726 4852 homi-

191 4883 269 4937 nis
319 4883 660 4950 spiritualiter
720 4881 988 4948 occiderit,
1040 4892 1200 4956 ponat
1243 4894 1298 4939 et
1345 4885 1461 4954 ipse
1500 4889 1727 4946 animam

192 4986 336 5026 suam
384 4987 474 5039 pro
516 4971 693 5026 anima
741 4971 885 5031 illius
949 4987 1103 5040 quem
1158 4973 1619 5041 scandalizaverit;
1673 4989 1730 5034 et

199 5075 353 5131 usque
401 5061 468 5114 ad
495 5073 740 5128 mortem,
771 5063 814 5118 si
841 5077 1056 5120 necesse
1083 5063 1170 5129 sit,
1199 5077 1413 5133 operam
1439 5065 1552 5130 Dei,
1593 5084 1726 5136 quo-

194 5153 345 5207 modo
394 5152 574 5206 redeat
610 5162 666 5206 et
714 5155 1021 5210 restituatur
1055 5156 1120 5209 ad
1150 5155 1328 5209 iidem.
1358 5153 1425 5207 Et
1464 5157 1506 5209 si
1526 5159 1728 5212 oculum

195 5243 337 5307 ltuit,
365 5243 574 5305 anim,
601 5242 653 5295 id
680 5251 782 5315 est,
826 5259 1040 5298 sensum
1072 5244 1210 5298 illius
1237 5244 1481 5311 turbavit,
1520 5246 1729 5302 aufera-

199 5340 277 5386 tur
300 5345 488 5387 sensas
539 5331 890 5398 turbulentus,
920 5346 1027 5401 quo
1069 5331 1205 5387 laesit
1247 5331 1482 5387 iratrem.
1535 5333 1639 5389 Sed
1683 5336 1729 5391 si

197 5422 323 5487 linit
359 5423 558 5475 dantem
602 5420 795 5490 fratris,
824 5407 1016 5487 idest,
1043 5436 1256 5477 sensum
1295 5438 1399 5492 quo
1435 5423 1730 5480 ruminabat

197 5512 523 5579 scipturam,
584 5520 643 5565 ut
669 5510 732 5564 ad
778 5524 990 5565 sensum
1038 5513 1340 5568 interiorem
1388 5515 1725 5584 perveniret:

197 5599 459 5656 auferatur
482 5603 613 5659 dens
640 5601 798 5669 illius,
830 5601 919 5670 qui
955 5601 1222 5660 nonbene
1262 5603 1547 5678 Scriptum
1580 5619 1729 5662 corn-

1824 4535 2068 4575 sermoue
2093 4521 2210 4573 aliis
2236 4521 2579 4586 inse-iuerint,
2612 4523 2706 4590 ipsi
2746 4523 2903 4577 etiam
2927 4527 3045 4577 vit-.e
3092 4529 3369 4593 splendore

1825 4609 2134 4682 fulgescant.
2194 4611 2314 4663 llaec
2353 4625 2471 4662 arca
2527 4609 2682 4663 liabet
2719 4611 2771 4663 in
2815 4626 2874 4665 se
2901 4612 3032 4665 duas
3056 4615 3288 4680 tabulas;
3317 4626 3370 4672 et

1828 4703 2060 4758 Ecclesia
2092 4702 2246 4754 habet
2267 4703 2317 4754 in
2348 4715 2404 4756 se
2428 4701 2532 4754 duo
2587 4701 2942 4764 Testamenta,
2973 4713 3026 4758 et
3053 4714 3237 4763 urnam
3267 4721 3362 4761 au.
3436 4711 3438 4713 ’

1826 4810 1988 4858 ream,
2019 4809 2171 4864 quam
2195 4794 2530 4861 intelligimus
2559 4807 2770 4847 carnem
2803 4795 3022 4860 Christi;
3072 4811 3367 4867 purumque
3402 4794 3404 4797 ’

1825 4885 2148 4938 reconditum
2174 4885 2224 4936 in
2246 4899 2303 4938 se
2330 4884 2487 4938 liabet
2513 4894 2776 4953 perpetua
2823 4884 3107 4940 divinitatis
3152 4902 3364 4943 manus.

1832 4973 1981 5042 Virga
2002 4984 2174 5028 autem
2203 4973 2404 5038 Aaron,
2458 4974 2566 5027 veri
2619 4973 2878 5042 pontiﬁcis
2919 4977 3044 5031 Jesu
3084 4981 3371 5042 sceptrum,

1825 5064 1963 5131 quod
1991 5071 2184 5118 sancta:
2215 5061 2464 5116 Ecclesia
2495 5063 2780 5117 commisit.
2833 5063 3250 5132 Propitiatorium
3281 5080 3366 5118 su-

1828 5170 1922 5224 per
1947 5171 2142 5221 arcam,
2176 5157 2286 5223 ipse
2309 5153 2547 5208 Christus
2597 5154 2908 5218 insinuatur,
2931 5155 3019 5222 qui
3047 5155 3183 5209 inter
3206 5154 3366 5211 Deum

1827 5257 1887 5301 et
1904 5241 2144 5300 homines
2160 5246 2374 5300 medius
2399 5245 2716 5314 propitiator
2759 5245 3058 5299 intervenit.
3111 5246 3218 5300 lioc
3240 5264 3366 5317 prn-

1827 5336 2145 5404 pitiatorium
2195 5349 2331 5388 arere
2356 5333 2728 5402 supr-rponitur
2761 5351 2774 5388 :
2806 5335 2882 5390 sic
2922 5337 3165 5390 Christus
3215 5347 3371 5405 caput

1829 5422 2078 5478 Ecclesia:
2125 5430 2229 5487 est,
2282 5423 2433 5491 cujus
2461 5437 2491 5475 a
2521 5423 2721 5478 dextris
2775 5435 2830 5479 et
2857 5426 3084 5480 sinistris
3111 5427 3216 5481 duo
3236 5429 3371 5483 Clie-

1829 5514 1998 5568 rubim
2049 5512 2362 5578 coiisistnnt,
2414 5514 2552 5582 quod
2592 5525 2674 5568 est
2727 5513 2996 5584 plenitudo
3039 5519 3294 5581 scien'iie,
3317 5519 3367 5572 id

1828 5615 1929 5673 est,
1975 5603 2188 5665 dilectio
2240 5603 2335 5662 Dei
2382 5614 2435 5662 et
2481 5606 2728 5676 proximi.
2780 5608 2882 5664 Alii
2936 5608 3212 5666 Cberubim
3245 5609 3368 5664 duo
