3872 6262
102 413 213 469 325

904 410 969 469 ut
1009 412 1564 470 rsurarsucnuu
1605 411 2094 471 COMMENTARII.
2135 445 2205 459 —.
2244 407 2538 476 excolis:

3226 430 3333 488 326

102 519 484 575 candelabrum
509 519 561 574 in
590 526 772 578 austro
796 521 1040 587 collocet,
1091 533 1143 576 ut
1171 523 1236 577 ad
1265 523 1563 593 aquilonem
1586 538 1668 578 re-
1699 529 1746 586 Α
1774 525 1844 578 lia
1905 527 1967 580 de
2012 532 2170 597 45m
2194 539 2382 584 retorto
2427 532 2542 597 ﬁeri
2576 547 2639 586 ex
2677 536 2797 589 lim
2845 535 3045 593 Tunica
3087 544 3332 612 pucleris,

101 610 322 676 spiciot.
348 612 587 666 Accenso
609 610 753 664 enim
777 610 1004 675 lumine,
1035 612 1088 666 id
1116 621 1194 668 est
1225 612 1462 683 vigilanti
1490 613 1671 678 corde,

100 713 320 770 semper
360 699 630 768 respicere
659 699 816 756 debet
845 700 910 755 ad
951 701 1272 770 aquilonem,
1301 711 1355 758 et
1379 703 1672 759 observare

103 789 258 843 illum
309 790 400 860 qui
443 790 512 845 ab
550 789 813 859 aquilone.
848 790 950 846 hoc
975 801 1078 858 est,
1133 793 1423 851 observare
1451 797 1673 852 astutias

98 879 331 946 diaboli,
360 881 502 936 unde
530 881 773 936 inimicus
818 880 1063 950 abripiat.
1117 883 1296 940 Mensa
1321 901 1529 955 quoque
1552 903 1674 958 pro-

101 973 387 1040 positionis
412 972 610 1027 habens
634 988 708 1028 ιιι
739 987 904 1041 panes
935 976 986 1029 iu
1019 983 1169 1043 parte
1213 976 1500 1032 collocetur
1525 978 1671 1048 aqui-

101 1061 272 1129 lonis,
318 1062 608 1131 respiciens
637 1062 700 1115 ad
727 1072 988 1129 austrum,
1021 1074 1082 1118 ut
1111 1064 1300 1118 habeat
1330 1065 1460 1120 Novi
1489 1066 1672 1122 Testa-

97 1153 270 1208 menti
319 1153 585 1218 notitiam,
630 1166 736 1223 quo
763 1167 953 1209 omnes
998 1154 1209 1222 alimur,
1238 1164 1292 1211 et
1319 1157 1667 1226 apostolicum

94 1255 404 1298 sermonem
437 1251 541 1296 tam
571 1242 770 1297 virtute
784 1255 943 1323 quam
965 1259 1187 1300 numero
1215 1264 1227 1298 :
1255 1253 1312 1301 et
1337 1246 1402 1301 ad
1429 1256 1666 1303 austrum

94 1334 374 1402 respiciat,
407 1333 548 1389 unde
574 1333 834 1391 Dominus
857 1337 1028 1403 venit;
1059 1337 1219 1394 habet
1246 1340 1296 1393 in
1327 1342 1667 1409 penetrabili-

94 1423 202 1478 bus
243 1423 423 1478 cordis
449 1425 528 1479 sui
559 1425 727 1482 altare
772 1425 994 1494 incensi,
1025 1436 1083 1484 ut
1109 1427 1269 1494 dicat,
1293 1430 1480 1486 Christi
1509 1433 1668 1488 bonus

93 1517 228 1569 odor
248 1533 455 1583 sumus;
485 1517 644 1574 habet
669 1527 722 1574 et
741 1534 918 1575 arcam
972 1521 1312 1590 Testamenti,
1345 1526 1397 1578 in
1420 1542 1525 1595 quo
1543 1539 1666 1583 sunt

91 1607 293 1664 tabula:
343 1609 508 1680 legis,
583 1619 641 1666 ut
709 1612 882 1684 legem
935 1614 1076 1670 illius
1131 1616 1415 1672 meditetur
1467 1619 1553 1673 die
1601 1633 1664 1674 ac

91 1705 275 1764 nocte,
297 1707 350 1753 et
372 1702 624 1756 memoria
646 1702 789 1757 illius
812 1718 934 1759 arca
963 1704 1227 1762 efﬁciatur
1271 1707 1524 1763 librorum
1548 1706 1656 1765 Diei.

93 1791 178 1845 Fit
205 1793 342 1846 intra
391 1793 564 1864 ipsum
593 1804 648 1849 et
677 1811 806 1851 urna
853 1812 1067 1862 manna,
1100 1797 1150 1852 id
1180 1807 1260 1854 est
1283 1801 1545 1869 repositus
1575 1802 1658 1855 in-

1774 613 1827 667 id
1877 626 1979 686 ear,
2039 618 2221 680 talaria
2277 620 2488 687 duplice
2537 621 2798 687 sindone;
2856 636 2910 679 et
2962 629 3130 697 ipsam
3179 632 3332 689 lose-

1773 705 1910 774 phus
1935 707 2207 778 byssinam
2233 719 2385 764 vocat
2409 749 2424 776 ,
2457 712 2854 782 appellaturque
2881 721 3131 774 catenath
3151 763 3167 788 ,
3195 727 3336 790 quod

1775 792 2033 850 Hebraico
2072 812 2318 852 sermone
2349 799 2399 853 in
2431 800 2620 856 lineam
2653 805 2896 859 vertitur.
2939 805 3066 862 Rrec
3095 812 3334 870 adhaeret

1770 887 2002 954 corpori,
2021 896 2074 941 et
2090 888 2157 942 ita
2176 898 2321 942 arcta
2340 899 2419 943 est
2439 890 2671 946 astrictis
2696 894 2955 959 maniciis,
2975 899 3196 954 utnulla
3213 918 3333 956 nm-

1771 976 1896 1031 nino
1924 978 1974 1032 iu
1999 989 2143 1034 veste
2168 980 2240 1034 sit
2267 995 2414 1049 ruga,
2455 991 2508 1034 et
2547 996 2713 1051 usque
2742 988 2808 1039 ad
2847 1000 2999 1042 crura
3034 988 3322 1048 descendit.

1770 1064 2089 1123 Sacerdotes
2113 1078 2330 1124 utuntur
2357 1073 2455 1127 hac
2486 1073 2682 1142 tunica,
2721 1085 2778 1130 ut
2816 1075 3069 1135 habentes
3099 1082 3332 1150 pulchri-

1771 1155 2004 1210 tudinem
2037 1161 2470 1214 ve~titnenturum
2506 1162 2764 1218 nudorum
2804 1165 3076 1224 celeritate
3119 1169 3329 1226 discurr-

1770 1247 2152 1302 raut.Tertiuin
2166 1266 2332 1319 genus
2347 1262 2426 1306 est
2441 1266 2504 1307 ve
2536 1255 2915 1326 timenti,quod
2935 1257 3009 1313 illi
3025 1271 3326 1331 nuncupant

1767 1335 1956 1406 Bonet,
1988 1349 2040 1392 et
2067 1355 2162 1394 uas
2187 1343 2454 1409 cingulum
2487 1348 2563 1397 vel
2593 1344 2824 1400 balteum
2855 1348 2938 1404 vel
2971 1363 3157 1403 zonam
3205 1365 3329 1418 pos-

1766 1439 1952 1482 sumus
1998 1429 2221 1485 dicere:
2256 1432 2356 1486 hoc
2385 1433 2594 1502 signum
2628 1435 2681 1490 in
2728 1437 3135 1494 similitudinem
3181 1442 3329 1496 eolu-

1766 1516 1868 1583 bri,
1895 1519 2016 1588 quia
2049 1523 2204 1575 exivi:
2236 1524 2286 1576 in
2310 1536 2582 1580 senectute
2609 1527 2686 1580 sic
2711 1529 2992 1584 rotundum
3023 1538 3250 1597 textum,
3275 1545 3331 1586 ut

1766 1611 2088 1678 marsupium
2123 1613 2327 1679 longius
2377 1624 2530 1681 putes
2575 1625 2802 1679 textum,
2836 1631 2925 1673 aut
2969 1619 3068 1674 sub
3098 1623 3329 1688 tegmine

1762 1701 1964 1755 coccini
2008 1714 2254 1770 purpura:
2306 1702 2594 1771 hyacinthi,
2643 1717 2698 1759 et
2743 1707 2958 1762 ﬁatnine
3004 1709 3224 1778 byssino
3255 1711 3326 1765 ub
3385 1775 3387 1777 ι

1765 1789 2015 1844 decorem
2063 1799 2118 1844 et
2166 1791 2551 1858 fortitudinem,
2601 1806 2758 1864 atque
2805 1797 2877 1851 ita
2933 1799 3184 1869 polymita
3214 1810 3328 1856 arte

94 1884 343 1938 rellcctus
415 1884 560 1940 verbi
612 1884 733 1952 Dei,
780 1886 989 1943 subtilis
1020 1898 1073 1944 et
1101 1890 1273 1945 dulcis
1317 1866 1404 1956 sit,
1435 1900 1490 1946 et
1519 1893 1656 1962 virga

1765 1877 2096 1944 distinctum,
2143 1890 2200 1934 ut
2242 1881 2483 1936 diversos
2530 1883 2710 1952 ﬁeres,
2742 1895 2796 1940 et
2824 1866 3060 1956 gemmas
3105 1891 3326 1947 artiﬁcis

87 1973 272 2027 Aaron
290 2013 306 2034 ,
334 1974 681 2031 sacerdotalis
709 1978 948 2031 doctrina
969 2021 985 2045 ,
1016 1989 1066 2034 et
1090 1980 1273 2034 llorida
1299 1983 1554 2036 severitas
1580 1985 1661 2037 di-

87 2064 352 2132 sciplinc,
387 2065 660 2120 incensum
711 2076 888 2122 autem
913 2083 979 2122 ex
1026 2079 1251 2138 quatuor
1279 2071 1659 2127 odoratissimis

89 2153 376 2223 pigmentis
402 2156 454 2212 in
470 2173 710 2226 magnam
724 2159 1073 2214 subtilitatem
1091 2161 1429 2216 comminutis
1447 2162 1656 2227 factam,

88 2246 142 2298 id
174 2256 285 2311 est,
320 2255 512 2313 stactr,
541 2248 788 2315 lionicbe,
811 2249 1056 2320 galbana,
1082 2260 1137 2306 et
1189 2255 1364 2318 thure,
1394 2255 1658 2309 orationes

88 2336 354 2404 iustorum
379 2336 656 2407 signiﬁcat,
680 2338 1170 2412 sicutApccalypsis
1189 2342 1421 2398 ostendit
1445 2358 1459 2408 ;
1488 2359 1655 2413 quan-

87 2443 251 2494 quam
283 2429 460 2498 specie
507 2444 703 2499 genera
729 2431 1111 2486 elementorum
1143 2444 1368 2502 quatuor
1393 2433 1655 2504 designat.

87 2523 333 2586 Quatuor
365 2521 500 2587 lucc,
533 2532 590 2576 ut
619 2522 761 2588 thus,
791 2524 930 2591 quod
955 2523 1219 2594 placidum
1244 2537 1344 2590 est,
1371 2528 1479 2581 aeri
1511 2542 1658 2581 com-

90 2621 314 2680 paretur
340 2629 353 2676 ;
385 2621 551 2667 stacte
581 2628 710 2668 vero
736 2613 885 2684 aquis
911 2632 925 2680 ;
957 2614 1180 2684 galbane
1208 2626 1262 2669 et
1290 2614 1471 2681 ltonix,
1503 2626 1660 2671 terra:

86 2713 136 2757 et
173 2702 280 2771 igni
310 2719 326 2768 ;
382 2711 440 2757 ut
469 2719 563 2772 per
589 2705 690 2760 hoc
741 2705 979 2759 omnium
1009 2722 1128 2774 qua
1163 2708 1212 2761 in
1242 2708 1382 2762 cmlo
1437 2721 1580 2772 sunt,
1606 2718 1660 2763 et

89 2791 230 2844 infra
263 2802 316 2845 et
351 2791 508 2857 intra,
544 2801 598 2847 et
621 2792 776 2858 infra,
810 2802 864 2848 et
888 2795 940 2847 in
973 2794 1125 2862 aquis
1147 2795 1393 2864 placitum
1422 2797 1492 2849 sit
1521 2793 1654 2863 Deo,

84 2882 369 2936 incensum
419 2884 593 2936 omnis
640 2891 896 2937 creaturae
927 2883 1179 2937 laudatio.
1213 2884 1437 2953 Sanguis
1481 2896 1654 2937 autem

87 2989 198 3041 quo
227 2973 437 3040 Moyses
481 2972 732 3042 populum
765 2983 818 3026 et
863 2973 1038 3026 oinuia
1091 2974 1338 3039 aspersit,
1393 2974 1655 3042 signifirat

83 3065 401 3133 sanguinem
432 3064 648 3129 Christi,
677 3056 781 3133 quo
810 3065 1032 3133 papulas
1058 3063 1277 3128 Christi,
1297 3079 1401 3133 quo
1430 3064 1654 3133 populus

85 3157 267 3210 ﬁdelis
295 3155 629 3224 aspergitur,
663 3165 713 3209 ct
740 3157 986 3212 Ecclesiae
1013 3155 1144 3209 ﬁdes
1191 3155 1513 3224 signiﬁcatur
1539 3146 1652 3210 adi-

85 3264 202 3316 pes,
231 3248 384 3316 cujus
432 3257 613 3317 pectus
663 3247 965 3312 inviilvitur,
997 3256 1053 3302 et
1080 3247 1255 3316 pinula
1305 3248 1497 3317 jecoris
1525 3249 1653 3304 offe-

85 3349 278 3392 rantur
304 3353 467 3408 super
490 3338 659 3395 altare
684 3355 700 3405 ;
736 3339 908 3409 ipsum
938 3354 1064 3393 vero
1096 3351 1278 3408 pectus
1301 3350 1353 3394 et
1383 3339 1652 3395 brachium

83 3430 336 3482 dextrum
362 3429 535 3484 Aaron
565 3430 742 3496 datur,
774 3439 828 3485 et
855 3430 978 3485 ﬁliis
1011 3449 1024 3484 :
1051 3429 1232 3498 adipes
1253 3432 1442 3500 quibus
1472 3442 1654 3499 pectus

86 3522 398 3587 involvitur,
432 3519 778 3591 cogitationes
821 3522 1010 3590 quibus
1051 3536 1144 3576 cor
1172 3523 1477 3584 involvitur,
1500 3524 1652 3592 juxta

85 3606 212 3664 illud
242 3629 254 3662 :
287 3611 421 3675 Quid
469 3611 702 3682 cogitatis
746 3613 883 3665 mala
905 3613 974 3665 .in
1005 3612 1242 3665 cordibus
1289 3615 1484 3666 vestris.
1514 3613 1654 3666 Con-

83 3699 416 3764 cupiscentia
433 3700 483 3752 in
507 3700 683 3768 jecore
702 3709 803 3764 est,
828 3708 1104 3768 postquam
1120 3708 1293 3752 autem
1323 3699 1503 3767 adipes
1531 3713 1654 3766 pec-

86 3788 241 3853 toris,
268 3787 320 3841 id
344 3797 448 3857 cst,
477 3803 663 3842 omnes
692 3788 1035 3857 cogitationes
1063 3787 1254 3858 quibus
1278 3798 1457 3854 pectus
1483 3787 1653 3842 invol-

85 3883 389 3951 viturqnasi
415 3881 566 3950 adipe
592 3889 646 3935 et
662 3882 873 3949 pinnula
899 3880 1122 3950 jecoris,
1153 3879 1204 3933 id
1228 3890 1308 3933 est
1329 3878 1651 3935 desiderium
1703 3945 1706 3948 ,

86 3973 346 4032 libidinis,
367 3986 460 4039 per
474 3971 745 4025 oculorum
763 3970 1151 4025 festinationem
1182 3985 1466 4040 erumpens
1489 3971 1651 4036 foras,

84 4065 225 4132 ignis
257 4061 479 4130 spiritus
504 4062 946 4128 concremaverit,
981 4069 1105 4114 tunc
1133 4060 1326 4115 mentis
1356 4061 1650 4128 praamium,

85 4164 276 4224 pertus
315 4165 368 4209 et
413 4153 687 4209 brachium
715 4153 767 4208 in
796 4163 1009 4223 pectore
1031 4154 1254 4207 mundas
1280 4153 1649 4222 cogitationes,

86 4246 139 4298 in
173 4246 341 4299 corde
370 4243 502 4314 legis
532 4243 711 4298 notitia
737 4282 753 4309 ,
805 4243 1130 4312 dogmatum.
1166 4242 1220 4296 ln
1247 4242 1463 4296 brachio
1491 4257 1650 4309 opera

85 4335 252 4400 bona,
271 4345 322 4388 et
347 4349 514 4402 pugna
543 4340 728 4388 contra
747 4333 1032 4396 diabolum,
1054 4341 1109 4386 ut
1129 4333 1267 4402 quod
1295 4339 1650 4399 conceperant

86 4426 341 4496 exeruplo
371 4427 605 4497 praebent
634 4464 650 4490 ,
705 4435 756 4477 et
786 4425 837 4476 in
888 4425 1158 4476 sinistrum
1208 4421 1406 4475 habere
1454 4423 1650 4489 pra-ci-

87 4519 332 4586 piunlur,
375 4518 489 4572 haec
528 4515 594 4570 de
623 4515 789 4580 vitiis,
816 4521 871 4566 et
920 4512 986 4566 de
1033 4511 1114 4566 his
1141 4527 1256 4579 qum
1286 4512 1648 4564 sacerdotibus

85 4605 404 4666 oﬂ’eruntur,
430 4606 652 4659 Domino
667 4602 876 4656 dantur.
897 4598 1110 4654 Muilla
1144 4601 1440 4668 loquentem
1467 4601 1648 4656 erudio

88 4710 313 4764 tumque
342 4696 623 4763 signilit'al,
663 4702 716 4747 ut
749 4692 885 4762 quod
920 4702 1131 4762 pectore
1174 4693 1510 4760 concepimus
1558 4708 1651 4749 ore

87 4779 421 4857 premamus.
465 4783 567 4838 Per
619 4792 856 4837 ventrem
909 4781 1162 4848 ostendit,
1212 4781 1474 4838 mentibus
1522 4797 1651 4837 con-

86 4877 317 4935 sacratis
381 4873 510 4938 Deo,
579 4871 827 4942 quidquid
885 4871 1214 4926 comedimus
1273 4873 1324 4927 in
1373 4889 1647 4929 secessum

88 4963 329 5038 projici;
375 4963 512 5018 unde
557 4963 769 5026 dicitur,
818 4960 949 5015 Esca
976 4962 1159 5030 ventri,
1190 4973 1236 5016 et
1288 4976 1457 5019 υεηιεν
1500 4967 1647 5020 em},

553 5052 746 5108 CAPP.
779 5050 1207 5106 XXVIII-XXXI.

159 5147 485 5200 Communes
507 5152 679 5198 autem
712 5151 888 5196 vestes
916 5149 1038 5195 sunt
1059 5141 1388 5198 sacerdotum
1427 5143 1653 5200 femora-

94 5241 160 5294 lia
191 5238 352 5299 linea,
377 5251 494 5305 qua
525 5237 588 5289 ad
615 5247 783 5304 genua
808 5243 860 5287 et
888 5232 1113 5302 poplites
1131 5234 1444 5299 veniunt,ex
1463 5236 1652 5306 quibus

91 5326 393 5387 verecunda
440 5327 695 5390 celantur,
728 5334 782 5381 et
828 5324 1068 5393 superior
1097 5338 1216 5392 pars
1255 5323 1353 5378 sub
1406 5327 1655 5383 umbilico

91 5419 398 5479 vehementi
420 5418 832 5486 constringitur;
865 5425 921 5470 ut
943 5414 987 5469 si
1014 5413 1222 5483 quando
1252 5415 1654 5482 expediti-mae-

95 5525 209 5573 teut
231 5513 490 5576 victimas,
523 5518 732 5578 portent
758 5521 944 5570 onera,
972 5515 1026 5560 et
1052 5505 1096 5559 si
1135 5504 1267 5572 lapsi
1301 5504 1512 5572 fuerint,
1544 5523 1650 5564 non

99 5617 274 5676 pateat
305 5602 592 5673 turpitudo,
639 5610 694 5654 et
742 5610 955 5656 vocatur
1009 5597 1109 5650 hoc
1141 5608 1307 5664 genus
1350 5601 1651 5652 vestimenti

99 5699 358 5754 lli-braice
413 5703 662 5758 maraste,
719 5705 748 5744 a
797 5692 995 5746 nostris
1032 5686 1326 5753 femoralia,
1381 5705 1547 5758 usque
1585 5693 1650 5747 ad

99 5803 269 5858 genua
317 5783 651 5857 pertinentia.
699 5780 763 5835 Et
805 5779 1069 5848 Josephus
1111 5776 1259 5842 dicit,
1303 5795 1401 5834 non
1438 5783 1654 5840 remora-

1762 1983 1920 2022 mauu
1952 1984 2055 2021 non
2089 1979 2265 2022 textas
2304 1970 2533 2024 redditas
2547 1973 3060 2030 arbitrerisLineam
3092 1979 3320 2033 tunicam

1760 2071 1914 2124 quam
1945 2071 2101 2127 supra
2149 2059 2402 2126 diximus,
2460 2062 2595 2114 inter
2644 2063 2949 2116 umbilicum
3001 2077 3054 2119 et
3115 2078 3320 2134 pectus,

1762 2147 1859 2200 hoc
1885 2149 2146 2216 stringunt
2186 2149 2417 2214 baltheo,
2450 2149 2537 2218 qui
2560 2158 2788 2218 quatuor
2809 2151 3092 2222 digitorum
3121 2157 3320 2210 habens

1760 2236 2112 2303 latitudinem,
2147 2253 2334 2306 magna
2383 2254 2449 2292 ex
2498 2249 2649 2308 parte
2677 2239 2742 2294 ad
2791 2254 2948 2296 crura
2990 2243 3322 2312 dependens,

1758 2343 1877 2383 eum
1914 2329 1979 2383 ad
2006 2329 2268 2384 sacriﬁcia
2299 2345 2455 2384 cursu
2486 2329 2814 2399 expeditiore
2857 2345 2989 2401 opus
3030 2345 3131 2399 est,
3167 2335 3219 2389 in
3249 2337 3323 2390 le-

1760 2433 1875 2473 vem
1907 2419 2183 2473 humerum
2215 2429 2568 2488 retorquetur.
2598 2420 2852 2486 Quartum
2904 2436 3071 2492 genus
3099 2433 3182 2478 est
3226 2416 3321 2479 ve?

1758 2509 2131 2562 stimenturum
2161 2509 2418 2564 rotundus
2437 2510 2692 2579 ‘pileolus,
2718 2511 2927 2579 qualem
2957 2512 3157 2581 pictutn
3204 2531 3322 2569 mu-

1760 2596 1848 2650 lixi
1879 2597 2255 2665 conspicimus,
2303 2600 2454 2668 quasi
2505 2613 2693 2668 aspera
2725 2601 2898 2656 media
2930 2601 3001 2655 sit
3036 2603 3226 2671 divisa,
3256 2617 3322 2660 es

1760 2702 1908 2756 parte
1953 2704 2050 2743 una
2085 2700 2311 2760 ponatur
2340 2691 2391 2746 iu
2425 2692 2626 2761 capite.
2673 2691 2784 2747 lloc
2831 2691 2999 2748 Graeci
3031 2693 3328 2752 Enarrada-

1759 2794 1905 2843 rum,
1939 2782 2181 2836 nonnulli
2229 2780 2478 2837 Galerutn
2529 2795 2743 2840 vocant.
2775 2785 2889 2840 Non
2930 2785 3134 2843 habens
3165 2803 3324 2845 cacu-

1757 2882 1878 2922 men
1908 2872 1960 2923 in
1989 2885 2222 2938 summo,
2255 2887 2352 2926 nec
2384 2881 2549 2927 totum
2591 2889 2760 2944 usque
2780 2889 2960 2930 comas
2981 2890 3137 2945 caput
3169 2882 3320 2948 tegit,

1754 2959 1849 3013 sed
1890 2960 2096 3014 tertiam
2145 2971 2348 3029 partem
2407 2962 2636 3017 frontem
2687 2964 2939 3033 relinquit
2991 2965 3315 3037 inopertam,

1754 3063 1911 3120 atque
1939 3053 2007 3105 ita
2037 3053 2087 3104 in
2117 3051 2364 3121 occipitio
2406 3061 2462 3108 ut
2487 3056 2614 3108 vitta
2643 3055 2964 3112 constrictus
2992 3069 3094 3114 est.
3126 3061 3322 3118 Tenuis

1754 3152 1807 3196 et
1833 3158 1935 3196 non
1966 3144 2117 3198 tacite
2142 3143 2350 3199 levatur
2374 3159 2438 3201 ex
2470 3147 2666 3216 capite.
2701 3150 2793 3202 list
2834 3133 3012 3206 autem
3039 3152 3319 3223 byssinus,

1760 3243 1814 3289 et
1840 3235 1917 3289 sic
1961 3233 2109 3290 fabre
2149 3249 2368 3303 Opertus
2417 3237 2602 3306 linteo,
2653 3249 2708 3295 ut
2753 3241 2894 3296 nulla
2941 3258 3069 3299 acus
3100 3245 3319 3310 vastius

1757 3324 2049 3380 forinsecus
2076 3338 2410 3396 appareant:
2464 3339 2691 3398 quatuor
2722 3333 3074 3400 vestimentis,
3127 3337 3178 3390 id
3215 3346 3319 3405 est,

1756 3413 2089 3492 feminalibus
2119 3419 2291 3472 tunica
2323 3418 2481 3485 linea,
2513 3420 2725 3489 cingulo
2753 3423 2894 3489 quod
2939 3439 3164 3492 purpura
3196 3441 3319 3480 coc-

1753 3497 1818 3560 c‘o
1847 3506 2008 3576 bysso
2054 3506 2341 3576 hyacintho
2391 3509 2708 3576 contegitur.
2759 3509 2802 3564 E
2853 3512 3033 3579 pallio,
3088 3512 3156 3567 de
3208 3529 3316 3583 quo

1755 3611 1892 3650 nunc
1923 3597 2174 3666 diximus,
2208 3606 2316 3650 tam
2344 3598 2671 3669 sacerdotes,
2723 3615 2882 3670 quam
2914 3601 3112 3658 Levita;
3156 3616 3318 3661 utun-

1756 3697 1857 3741 tur.
1891 3689 2113 3759 Reliqua
2144 3701 2323 3747 autem
2378 3693 2594 3761 preprie
2641 3694 2953 3764 pontiﬁcum
3004 3706 3148 3763 sunt,
3192 3714 3318 3768 quo-

1752 3794 1869 3834 rum
1899 3780 2127 3848 primum
2167 3793 2248 3838 est
2275 3784 2502 3850 millioli,
2536 3786 2586 3841 id
2617 3795 2721 3852 est,
2753 3788 2924 3842 tunica
2973 3789 3151 3844 talaris
3184 3791 3318 3860 hya-

1752 3869 1984 3924 cinthina
2015 3887 2076 3926 ex
2108 3873 2356 3929 lateribus
2387 3875 2623 3944 ejusdem
2664 3888 2871 3933 assulas
2913 3879 3113 3935 habens
3143 3882 3315 3935 niani-

1752 3977 1860 4019 cas.
1889 3963 1952 4018 Et
1981 3964 2033 4017 hi
2056 3965 2325 4033 superiore
2340 3978 2488 4037 parte
2509 3985 2608 4038 qua
2633 3970 2828 4023 collum
2852 3971 3085 4025 induitur
3105 3987 3221 4040 aper
3238 3981 3313 4042 ta,

1753 4056 1894 4124 quod
1921 4056 2106 4125 vulgus
2135 4057 2381 4124 capitium
2414 4069 2584 4123 vocat,
2617 4069 2769 4112 ornat
2793 4059 3134 4124 ﬁrmissimis,
3167 4070 3220 4114 et
3245 4076 3313 4116 ex

1752 4163 1811 4203 se
1851 4147 2028 4212 textis,
2059 4157 2118 4201 ut
2144 4163 2247 4201 non
2290 4148 2445 4201 facile
2485 4161 2774 4216 rumpatur.
2810 4151 2861 4202 ln
2913 4160 3152 4204 extrema
3184 4167 3312 4205 vero

1753 4247 1919 4304 parte,
1949 4237 1999 4290 id
2020 4246 2119 4298 est,
2151 4239 2298 4303 pedis
2327 4237 2488 4302 LXX,
2524 4251 2651 4292 vero
2674 4250 2795 4292 sunt
2828 4238 3095 4294 tinnabula
3122 4255 3303 4305 aurea,

1750 4335 1804 4380 et
1833 4324 2052 4378 totidem
2083 4326 2219 4378 mala
2262 4327 2471 4393 punica,
2523 4325 2707 4379 iisdem
2740 4336 2990 4382 contexta
3036 4329 3306 4386 coloribus

1751 4417 1946 4485 quibus
1968 4431 2127 4484 supra
2158 4415 2449 4485 cingulum.
2480 4416 2620 4470 Inter
2647 4418 2752 4470 duo
2778 4418 3124 4473 tintinnabula
3151 4435 3312 4476 unum

1753 4510 1946 4562 malum
1988 4510 2228 4578 punicum
2256 4515 2338 4562 est
2367 4522 2380 4560 :
2413 4516 2464 4561 et
2495 4507 2631 4561 inter
2673 4507 2779 4560 duo
2808 4508 2967 4573 mala,
3001 4525 3160 4564 unum
3211 4513 3313 4564 titt-

1759 4601 2086 4654 tinnabulttm
2119 4618 2133 4654 :
2164 4609 2220 4652 ut
2273 4599 2576 4668 ingrediens
2627 4599 2865 4667 pontifex
2925 4611 3112 4655 sancto
3171 4612 3316 4658 totus

1755 4695 1951 4746 vocalis
1984 4693 2209 4745 incedat.
2258 4691 2447 4746 Statim
2490 4688 2732 4755 moritur,
2782 4693 2825 4744 si
2879 4691 2978 4745 hoc
3018 4707 3122 4745 non
3172 4693 3316 4749 fece-

1759 4785 1847 4837 rit.
1877 4783 2096 4836 Sextum
2143 4780 2514 4835 vestimentum
2565 4791 2643 4834 est
2694 4782 3142 4850 superhumerale.
3175 4784 3316 4854 quod

1755 4878 1890 4945 apud
1945 4877 2194 4930 llcbraros
2251 4876 2458 4944 Ephoth
2522 4875 2762 4930 dicitur:
2809 4877 2949 4944 quod
3001 4892 3168 4945 genus
3222 4895 3320 4934 ve-

1756 4969 1984 5022 stimenti
2039 4966 2165 5020 solis
2233 4966 2566 5034 pontillcihus
2626 4965 2920 5029 convenit;
2991 4966 3086 5022 sed
3145 4978 3315 5023 tamen

1755 5060 1844 5128 qui
1894 5057 2109 5112 Levites.
2168 5057 2232 5110 Et
2273 5055 2445 5110 adhuc
2500 5056 2799 5110 scribuntur
2827 5055 3022 5110 habere
3085 5056 3316 5120 Ephoth.

1757 5150 1911 5206 Aliud
1941 5159 2022 5204 est
2067 5148 2207 5203 enim
2252 5149 2394 5218 quod
2439 5149 2759 5216 contexitur,
2814 5159 2869 5204 et
2915 5157 3140 5218 quatuor
3169 5148 3318 5204 colo-

1757 5240 1922 5302 ribus,
1978 5238 2280 5308 hyacintho,
2329 5238 2508 5308 bysso,
2560 5254 2744 5306 cocco,
2777 5255 3023 5310 purpura,
3071 5255 3168 5296 nec
3212 5258 3317 5298 non

1759 5344 1814 5388 et
1861 5348 2010 5398 auro,
2067 5334 2208 5386 velut
2240 5332 2464 5401 simplex
2518 5342 2645 5387 est:
2696 5333 2889 5387 lineum
2943 5330 3054 5385 auri
3101 5332 3314 5399 lamina,

1761 5426 1812 5479 id
1844 5435 1973 5490 est,
2045 5425 2273 5479 bractea:
2337 5425 2720 5478 extremitatem
2786 5423 2918 5478 mire
2987 5424 3311 5489 tenduntur,

1757 5531 1789 5570 e
1848 5515 2037 5586 quibus
2098 5526 2245 5569 secta
2306 5514 2390 5567 ﬁla
2446 5523 2813 5582 torquerentur
2852 5513 2917 5569 Et
2973 5529 3093 5570 eum
3133 5516 3315 5584 tegmi-

1759 5619 1825 5660 ne
1907 5604 2061 5657 trium
2146 5603 2381 5656 colorum
2412 5639 2429 5666 ,
2505 5601 2792 5672 hyacintho
2829 5643 2845 5668 ,
2931 5617 3110 5671 cocco,
3193 5621 3315 5673 pur-

1762 5710 1910 5766 pura,
1957 5701 2156 5747 etcum
2204 5692 2432 5747 stamine
2477 5693 2717 5764 byssino.
2749 5704 2805 5749 et
2833 5695 3123 5751 vermiculo
3153 5697 3313 5762 lacte,

1761 5787 1989 5844 efﬁcitur
2020 5785 2289 5858 palliolum
2321 5787 2469 5842 mirre
2497 5789 2924 5860 pulchritudinis,
2951 5792 3312 5864 perstringens
