3872 6262
496 381 601 437 ὃ.
981 369 1182 426 ΒΕΙΜΕ
1223 359 1666 422 VENEliAltlLlS
1701 356 1979 415 OPERUI
2018 354 2100 412 ΡΑ

2227 349 2291 408 ll.
2333 377 2399 388 —
2439 340 2821 402 EXECETICA
2863 336 3184 394 CENUINA.
3597 336 3710 392 333

499 495 681 550 mulos
729 493 928 560 fulgore
954 490 1008 544 in
1051 487 1262 544 modum
1288 483 1682 545 error/aliarum,
1724 477 1818 534 sed
1839 475 2036 544 absque
2065 483 2109 539 Α
2138 468 2307 530 thum,
2345 478 2519 519 aerem
2545 476 2640 530 pro
2676 455 3016 512 similitudine
3041 469 3056 518 ;
3084 463 3137 506 et
3167 449 3313 519 ipsas
3338 461 3528 503 versas
3566 449 3712 517 hya-

505 585 756 642 cocculis.
805 535 1004 636 IContra
1033 588 1217 648 pectus
1247 575 1374 630 nihil
1406 583 1607 626 textum
1653 535 1754 629 est.
1785 567 1932 622 locus
1953 535 2044 618 iu-
2066 535 2109 539 ﬁ
2141 551 2372 612 cinthina
2412 568 2442 607 a
2478 550 2650 620 capite
2693 559 2858 614 usque
2893 542 2962 598 ad
3011 543 3149 594 talos
3193 537 3443 598 veniens,
3500 535 3714 587 iudicat

512 690 630 731 tnro
683 673 924 729 rationali
971 671 1207 731 relictus,
1261 668 1398 719 inter
1451 671 1729 726 utrumque
1772 657 2044 710 humerum
2144 642 2516 712 aercm'nsque
2543 641 2609 696 ad
2640 649 2831 694 terram
2875 637 3139 691 deorsum.
3193 631 3328 686 Mala
3376 639 3564 680 autem
3607 641 3717 694 pu-

510 721 1228 829 thveus’siugul‘os-
1269 761 1326 807 et
1352 753 1629 805 distinctos
1646 721 1883 813 lapides,
1911 757 2044 810 quos
2147 740 2259 792 nica
2301 748 2356 804 et
2400 733 2742 788 tintinnabula
2794 730 2844 784 in
2892 725 3228 783 inferioribus
3259 721 3459 790 posita,
3493 721 3719 787 fulgura

515 854 770 923 Iosephus
792 818 1101 906 sardonicos
1127 855 1299 908 vocat,
1329 858 1447 897 cum
1495 838 1720 894 Hebraeo
1762 844 1817 890 et
1865 832 2045 900 Aquila
2149 838 2201 880 et
2238 826 2464 880 tooitrua
2494 824 2877 882 demonstrant,
2923 818 3032 870 sive
3062 826 3253 868 terram
3289 821 3346 864 et
3383 825 3615 871 aquam,
3662 819 3721 859 et

2149 915 2161 923 ‘
2550 913 2560 922 ·
2713 909 2725 923 ·
2829 922 2835 923 κ
2887 916 3049 923 -Α-υμ
3091 900 3491 923 ---.--....--.ε-..,
3553 897 3716 923 nu“.

515 897 769 923 "'er-"w
793 897 1028 906 --------—
1046 897 1099 902 ν-
1142 897 1184 899 νν
1205 897 1217 898 κ
1286 897 1299 908 υ
1928 897 1939 900 _

514 944 887 1000 consentiens:
918 952 972 994 ut
1012 939 1092 994 vel
1122 939 1351 991 colorem
1395 931 1652 999 lapidum,
1699 928 1778 981 vel
1826 924 2045 994 patriam
2147 915 2400 968 interesse
2423 913 2654 966 omnium
2679 909 3054 962 elementorum
3085 900 3517 957 consonantiam.
3553 897 3716 963 Quod

508 1035 953 1088 demonstrarent.
987 1029 1040 1081 ln
1068 1024 1283 1093 singulis
1313 986 1637 1088 lampadibus
1673 1030 1799 1070 sena
1827 986 2051 1080 patriar
2149 1013 2326 1057 autem
2354 1017 2511 1070 supra
2541 1001 2664 1053 dicti
2694 997 2897 1051 colores
2941 992 3124 1048 intexti
3150 1001 3267 1044 sunt
3295 1004 3431 1042 auro
3481 986 3720 1055 purissi-

518 1124 732 1178 eharum
757 1129 874 1173 sunt
905 1080 1221 1171 nominaju
1242 1080 1481 1165 dextrum
1514 1109 1793 1162 humerum
1818 1102 2054 1171 majores
2151 1108 2259 1158 mo,
2288 1091 2548 1162 significat
2574 1087 2712 1157 quod
2744 1086 2954 1140 divinus
3000 1096 3190 1138 sensus
3237 1080 3496 1134 universa
3549 1091 3722 1146 pene—

517 1211 610 1264 ﬁlii
640 1207 820 1271 Iacob,
868 1207 919 1258 in
964 1204 1152 1258 laevum
1185 1200 1417 1254 minores
1450 1213 1464 1251 :
1515 1204 1570 1250 ut
1618 1192 1855 1263 pontifex
1878 1168 2053 1257 ingre-
2156 1195 2258 1240 tret
2282 1181 2629 1252 providentia.
2663 1175 3106 1247 Superbumerale
3127 1182 3182 1227 et
3199 1173 3306 1226 duo
3335 1168 3546 1238 lapides
3569 1169 3720 1222 etiis:

710 1260 885 1350 sancta
928 1293 1138 1346 nomina
1184 1288 1378 1359 populi,
1428 1300 1524 1354 pro
1575 1260 1679 1354 quo
1707 1288 1951 1334 oraturus
1976 1284 2060 1329 est
2156 1271 2526 1341 hemisphreria
2593 1270 3027 1334 interpretantes,
3080 1277 3304 1332 quorum
3357 1260 3509 1312 aliud
3555 1272 3725 1324 super

526 1391 817 1448 llomintftl‘l,
849 1393 1021 1452 portet
1046 1382 1097 1433 in
1147 1351 1397 1430 humeris.
1433 1351 1738 1439 Septimum
1788 1376 1869 1422 est
1897 1364 2059 1418 vesti-
2158 1378 2372 1427 terram,
2401 1361 2542 1416 aliud
2567 1362 2665 1414 sub
2706 1369 2844 1414 terra
2873 1357 2985 1410 sit:
3031 1355 3151 1409 sive
3195 1352 3390 1412 sulem,
3423 1351 3522 1414 qui
3551 1363 3721 1414 super

523 1486 756 1532 tuentum
781 1519 795 1541 ,
826 1472 964 1542 quod
992 1470 1245 1524 llebraice
1271 1475 1488 1519 vocatur
1515 1463 1701 1522 Osann,
1746 1458 1927 1510 Crmce
1963 1454 2060 1504 Ln-

2210 1459 2388 1517 Itilaul,
2419 1465 2470 1508 et
2499 1460 2711 1513 tonant;
2765 1449 2959 1514 illaque
2987 1443 3282 1500 sacerdotis
3314 1451 3509 1505 pectus
3543 1448 3724 1491 arcta-

523 1569 645 1636 gion
671 1585 683 1618 :
712 1577 805 1617 ηίιι
843 1560 1096 1614 rationale
1123 1568 1422 1621 nuncupare
1452 1563 1749 1618 possumus.
1785 1545 2060 1600 Pannulus
2160 1557 2263 1600 tnr.
2295 1544 2359 1597 Et
2387 1544 2522 1597 linea
2553 1541 2748 1602 tunica,
2783 1538 2832 1591 id
2862 1545 2965 1598 est,
3002 1551 3106 1603 qua
3137 1545 3277 1587 terra
3300 1530 3724 1596 constringitur,

531 1657 700 1712 brevis
725 1664 807 1708 est
833 1667 982 1716 auro,
1009 1659 1064 1704 et
1093 1657 1314 1717 quatuor
1332 1653 1502 1698 textus
1525 1642 1828 1696 coloribus:
1862 1638 2078 1706 cluilius
2161 1636 2563 1696 interpretantur
2601 1628 2894 1689 Oceanum,
2937 1625 3140 1676 ratione
3179 1622 3231 1676 in
3264 1619 3449 1672 medio
3484 1627 3723 1683 postum

525 1757 583 1802 et
609 1741 1062 1814 superbumerale,
1093 1740 1290 1793 habens
1318 1735 1722 1802 magnitmlinetn
1751 1731 1931 1799 palmi,
1966 1742 2062 1792 per
2165 1732 2380 1783 terram,
2411 1731 2460 1772 et
2487 1718 2755 1771 disserunt
2789 1731 2802 1767 :
2852 1728 2970 1783 qum
3000 1712 3161 1766 etiam
3213 1711 3264 1762 in
3317 1710 3497 1762 instar
3548 1708 3728 1775 puncti

536 1837 813 1904 quadrum,
844 1845 896 1886 et
917 1831 1129 1896 duplex,
1154 1842 1222 1882 ne
1253 1798 1708 1889 facilerumpatnr.
1741 1798 1926 1874 intexti
1948 1823 2069 1867 sunt
2104 1815 2146 1872 Β
2171 1810 2293 1863 licet
2317 1808 2492 1862 omnia
2519 1805 2628 1872 ipsa
2655 1805 2868 1870 habeat,
2891 1818 2920 1856 a
2953 1806 3154 1857 veutris
3184 1801 3412 1852 vallatnr
3441 1798 3728 1852 elementis

830 1892 1122 1976 duodecim
1162 1917 1422 1985 lapidibus
1470 1913 1616 1965 mira
1669 1904 2071 1977 pulchritudinis
2170 1899 2441 1953 duodecim
2470 1896 2672 1964 lapides
2705 1912 2717 1947 :
2764 1897 2842 1949 vel
2871 1895 3142 1948 zodiacum
3177 1895 3608 1959 interpretantur
3633 1892 3728 1942 rir-

2169 1990 2363 2054 culum,
2397 1989 2476 2042 vel
2509 1984 2782 2040 duodecim
2813 1999 3042 2038 menses.
3072 1983 3376 2036 lmmnta:io
3414 1992 3601 2034 autem
3631 1990 3728 2031 lcr-

2173 2087 2448 2142 renorum,
2494 2087 2549 2131 ct
2601 2074 2873 2142 temporis,
2921 2080 2977 2124 et
3022 2071 3229 2131 caloris,
3279 2080 3334 2122 et
3386 2069 3632 2137 frigoris,
3671 2069 3734 2117 de

2175 2169 2292 2223 caeli
2320 2182 2474 2222 cursu
2496 2176 2549 2219 et
2581 2167 2782 2219 ratione
2812 2160 3159 2216 descendunt.
3205 2155 3359 2212 Unde
3391 2166 3448 2211 et
3478 2157 3731 2210 ratiomze

546 2248 656 2348 ius,
681 2281 853 2344 Jaspis
878 2295 893 2341 ;
921 2248 982 2328 ὶιῖ
1001 2248 1155 2328 tertio
1175 2272 1436 2338 Tigttrius,
1472 2268 1720 2330 Achates,
1750 2265 2036 2340 Ametistus
2060 2278 2073 2312 :
2175 2273 2292 2313 cum
2316 2257 2476 2326 epbot
2507 2259 2703 2309 arctius
2727 2254 3125 2320 constringitur.
3155 2249 3303 2316 Quod
3327 2257 3520 2301 autem
3548 2248 3732 2300 dicitur

543 2337 598 2426 in
640 2337 824 2436 quarto
851 2337 1196 2433 Chrysolitus,
1229 2337 1472 2417 Derillus,
1521 2353 1845 2412 Ouicbinns;
1879 2351 1929 2402 in
1957 2337 2071 2402 Sitt-
2183 2349 2234 2401 in
2256 2348 2368 2414 ipso
2396 2344 2637 2400 rationali
2666 2343 3018 2398 manifestatio
3064 2351 3117 2394 et
3148 2340 3370 2402 veritas,
3403 2338 3516 2391 hoc
3564 2337 3731 2405 ipsum

546 2425 686 2527 gulis
711 2425 978 2521 lapidibus
997 2446 1285 2504 secundum
1316 2454 1522 2505 aetates,
1552 2441 1827 2495 duodecim
1855 2437 2080 2490 tribumn
2179 2445 2264 2490 est
2281 2435 2420 2505 quod
2448 2448 2549 2488 non
2574 2448 2726 2502 quam
2757 2431 2958 2486 ratione
2992 2429 3083 2485 Dei
3110 2429 3451 2482 mendacium
3486 2427 3584 2488 sit,
3615 2425 3735 2479 etin

550 2506 682 2527 υ--ν-
716 2506 740 2507 η
764 2506 776 2521 .

547 2546 742 2613 scripta
771 2552 893 2597 sunt
921 2541 1150 2593 nomina.
1186 2537 1282 2589 l'er
1326 2541 1550 2602 quatuor
1592 2527 1878 2581 rationales
1919 2537 2078 2592 ange-
2185 2526 2361 2588 multis
2411 2525 2732 2592 argumentis
2802 2506 3101 2576 hominibus
3154 2518 3538 2574 manifestatur
3587 2529 3736 2582 super

551 2636 653 2698 los,
706 2641 928 2699 quatuor
973 2624 1148 2679 annuli
1177 2630 1321 2685 sunt,
1370 2632 1553 2671 aurum
1591 2616 1844 2668 habentes
1889 2618 2079 2665 cont-ra
2184 2615 2358 2672 omnia
2395 2615 2588 2671 εῖδει-ῖς
2643 2621 2699 2667 ει
2727 2611 2851 2666 vim
2883 2608 3219 2680 hyacinthina
3267 2607 3471 2663 οωιω
3519 2605 3739 2660 dm

548 2738 612 2778 se
638 2729 688 2775 in
728 2698 1178 2786 superltumerale.
1217 2711 1365 2766 Alius
1407 2718 1628 2778 quatuor
1655 2713 1708 2760 et
1735 2703 1957 2758 annulus
1987 2715 2079 2756 ve-

2210 2716 2345 2773 .trat;
2374 2715 2425 2761 et
2449 2718 2606 2759 aurea
2638 2701 2827 2758 lamina
2857 2701 2909 2756 in
2954 2699 3126 2755 fronte
3171 2698 3464 2767 pontiiicis,
3517 2711 3740 2751 nuncn-

555 2813 665 2866 niat
689 2818 868 2864 contra
900 2805 1172 2867 annulum,
1195 2813 1248 2857 et
1272 2807 1452 2867 mutuo
1475 2795 1573 2850 sibi
1605 2795 1746 2850 vittis
1771 2791 2085 2859 copulentur
2187 2813 2290 2868 que
2307 2796 2509 2852 Domini
2534 2795 2806 2861 scriptum,
2832 2791 3077 2853 universa
3099 2803 3215 2858 quae
3261 2788 3364 2842 sub
3404 2796 3558 2842 terra
3602 2795 3736 2846 sirm,

533 1945 676 1982 etttttt
717 1942 785 1981 ex

544 2033 634 2085 per
658 2027 878 2085 quatuor
910 2010 1142 2072 ordines,
1190 2017 1246 2060 ut
1289 2006 1339 2059 in
1368 2003 1588 2073 singulis
1615 1998 1886 2054 versiculis
1928 1995 2062 2049 terni

540 2083 740 2175 lapides
784 2088 1108 2157 collocentur
1138 2115 1152 2151 :
1185 2099 1236 2151 in
1282 2094 1448 2160 primo
1479 2091 1661 2145 ordine
1692 2087 1929 2149 Sardius,
1960 2083 2066 2137 To-

541 2173 740 2264 paaius,
767 2189 1083 2258 Smarngdus
1111 2186 1198 2251 ;in
1226 2182 1458 2237 secundo
1480 2173 2075 2241 Carbunculus,Sapby-

557 2897 928 2972 hyacinthinis.
962 2895 1126 2946 Porro
1171 2905 1238 2943 ne
1275 2884 1578 2954 magnitudo
1612 2891 1668 2937 et
1707 2880 1909 2951 pondus
1959 2877 2090 2947 lapi-

554 2968 678 3044 dum
707 2991 946 3040 contexta
991 2980 1200 3034 ﬁamina
1232 2983 1462 3042 rumpat,
1493 2986 1622 3025 auro
1641 2968 1810 3038 ligatis
1833 2982 1988 3036 supra
2009 2974 2090 3020 at-

554 3091 653 3147 que
673 3073 953 3134 conclusae,
987 3085 1052 3122 ne
1081 3065 1305 3120 sufﬁciat
1335 3065 1433 3116 boc
1460 3060 1524 3114 ad
1554 3060 1936 3120 inﬁrmitatem,
1981 3055 2079 3108 nisi

2194 2889 2284 2943 Dei
2308 2884 2508 2957 judicio
2536 2883 2840 2955 gubernari.
2863 2881 3066 2937 iustum
3095 2894 3222 2949 ergo
3245 2887 3384 2943 erat,
3414 2887 3474 2930 ut
3505 2875 3738 2946 pontifex

2197 2977 2283 3031 Dei
2313 2976 2544 3029 omnium
2569 2982 2926 3028 creaturarum
2944 2971 3128 3024 cibum
3158 2977 3375 3035 portans
3424 2967 3481 3019 in
3518 2968 3742 3020 vestibus

2195 3068 2321 3130 suis,
2355 3064 2607 3117 indicaret
2631 3069 2819 3114 cuncta
2842 3058 3075 3126 indigere
3105 3054 3470 3110 misericordia
3501 3053 3733 3107 Domini.

555 3135 753 3222 calente
776 3176 839 3216 ex
872 3172 999 3211 auro
1028 3155 1229 3216 tierent,
1255 3165 1370 3220 qua
1397 3151 1464 3222 ob
1489 3147 1927 3217 pulchritudinem
1953 3145 2086 3197 ﬁbu-

2210 3155 2275 3208 De
2306 3151 2634 3207 feminalibus
2665 3147 2817 3203 lineis
2839 3150 2939 3200 hoc
2966 3145 3144 3200 solent
3168 3144 3345 3198 dicere
3377 3161 3393 3196 :
3420 3144 3569 3197 ratio
3590 3144 3740 3196 xenii-

563 3259 629 3310 lis
657 3256 826 3308 aureis
857 3255 1174 3317 tegerentur.
1222 3242 1288 3295 Et
1327 3240 1576 3292 haberent
1604 3235 1906 3290 irrationale
1937 3247 2097 3298 super

568 3349 697 3399 duos
743 3339 966 3409 majores
999 3333 1243 3397 annulos,
1291 3329 1378 3398 qui
1411 3328 1596 3381 vicinis
1646 3321 2088 3393 superhumeralis

567 3441 738 3494 aureis
787 3438 1136 3489 necterentur.
1168 3428 1230 3480 Et
1273 3425 1523 3478 deorsum
1571 3421 1702 3472 alios
1753 3417 1907 3470 duos.
1962 3414 2089 3468 Nam

570 3541 686 3600 post
706 3539 904 3594 tergum
926 3534 1052 3574 vero
1080 3517 1131 3571 iu
1159 3509 1574 3582 superhumerali
1613 3515 1794 3561 contra
1833 3513 2011 3571 pectus
2041 3509 2097 3554 et

574 3588 901 3671 stomachum
928 3625 991 3663 ex
1034 3614 1257 3669 utroque
1299 3601 1462 3652 latere
1512 3605 1661 3650 erant
1711 3592 1887 3647 annuli
1935 3588 2097 3653 aurei,

577 3708 664 3777 qui
711 3700 908 3758 catenis
952 3710 1068 3752 cum
1118 3691 1335 3745 rationis
1382 3686 1714 3741 lnferiorilms
1741 3681 1943 3735 annulis
1973 3692 2099 3732 con-

570 3768 914 3866 ]imgebantur
958 3797 1114 3853 atque
1142 3777 1614 3837 connectebantur;
1641 3782 1795 3839 atque
1827 3772 1894 3823 ita
1940 3768 2102 3821 facie-

577 3858 689 3944 bat,
711 3889 849 3933 utex
879 3873 1153 3933 rationale,
1196 3879 1248 3920 et
1277 3861 1801 3930 desuperhnmerale,
1834 3858 1897 3910 de
1939 3860 2102 3909 ratio.

581 3972 698 4026 nale
737 3969 1101 4034 jnugerentur,
1143 3968 1231 4010 aut
1277 3967 1664 4022 enuptarentur,
1711 3952 1779 4002 ita
1811 3957 1866 4000 ut
1893 3947 2002 3998 lucc
2029 3945 2102 3998 si-

581 4060 686 4116 mul
715 4059 990 4123 conjuncta
1043 4064 1218 4103 coram
1249 4045 1538 4098 videntibus
1575 4056 1674 4095 una
1714 4047 1913 4094 textura
1957 4049 2107 4104 puta-

584 4161 748 4204 retur.
801 4144 999 4199 Octava
1044 4149 1126 4192 est
1175 4135 1364 4192 lamina
1413 4147 1594 4196 aurea,
1624 4132 1675 4184 in
1723 4143 1823 4196 qua
1853 4126 2106 4194 scriptum

584 4240 695 4293 sive
717 4235 973 4301 sculptum
1001 4239 1079 4283 cst
1109 4240 1296 4279 nomen
1330 4222 1533 4276 Domini
1563 4219 1837 4277 llebraice,
1861 4215 2112 4268 videlicet

584 4333 810 4394 quatuor
835 4300 1028 4372 litteris
1067 4313 1359 4373 llebraicis,
1393 4308 1526 4373 lotb,
1558 4316 1611 4358 et
1639 4306 1732 4367 lle,
1763 4315 1817 4357 et
1845 4303 1970 4353 Van.
2005 4300 2113 4352 lloc

585 4386 744 4476 super
796 4406 1027 4474 piliolum
1060 4402 1277 4461 lineum,
1324 4407 1377 4449 et
1423 4395 1524 4447 hoc
1569 4404 1843 4446 commune
1871 4386 2111 4440 omnibus

586 4494 944 4555 sacerdotibus
963 4506 1062 4545 est.
1096 4489 1151 4546 ιιι
1172 4486 1415 4555 pontiﬁce
1438 4483 1553 4552 plus
1591 4481 1831 4544 additur;
1864 4479 1916 4531 in
1939 4476 2111 4530 fronte

589 4593 714 4642 vitta
771 4583 1124 4657 hyacinthina,
1185 4587 1396 4646 totaque
1441 4571 1770 4642 pulchxitudo
1827 4567 2109 4636 pontificis.

596 4679 796 4734 llebmi
845 4677 1043 4738 dicunt,
1089 4679 1308 4739 quatuor
1350 4667 1818 4741 colores-quatuor
1859 4660 2115 4712 elementa

589 4765 900 4834 signiﬁcare,
930 4777 991 4815 ex
1040 4760 1279 4812 universa
1327 4753 1643 4807 consistunt.
1689 4750 1906 4818 Byssum
1957 4755 2116 4798 terrze

591 4860 886 4923 dt-putaznr,
936 4853 1054 4919 quia
1101 4865 1165 4902 ex
1215 4858 1352 4901 terra
1398 4843 1659 4911 gignitur;
1695 4853 1916 4906 purpura
1961 4835 2113 4895 mari,

593 4944 715 5015 quia
743 4956 806 4994 ex
839 4939 924 4991 illa
949 4938 1193 4991 cocliolus
1219 4935 1468 5001 tingitur;
1503 4927 1816 4998 hyacinthus
1845 4925 1950 4978 aeri
1975 4935 2123 4990 pror-

595 5007 708 5095 sus,
751 5030 820 5082 ob
842 5025 1033 5080 coloris
1060 5023 1450 5074 similitudinem
1483 5035 1495 5070 :
1531 5029 1721 5070 caecus
1748 5013 1850 5080 igni
1901 5021 1952 5062 ot
1996 5007 2125 5061 aeri.

599 5121 701 5176 l’to
720 5130 886 5172 cocco
927 5113 1072 5182 juxta
1118 5107 1353 5162 Latinum
1399 5104 1662 5171 eloquium
1698 5101 1833 5168 apud
1881 5097 2129 5151 llchraos

599 5203 843 5266 tbotlisti,
873 5200 921 5252 id
953 5205 1035 5252 est
1056 5193 1369 5249 vermiculus
1395 5190 1670 5250 scribitur;
1703 5197 1755 5241 et
1779 5189 1974 5254 justum
2007 5193 2126 5232 esse

595 5297 988 5346 contmemorat.
1024 5295 1079 5337 ut
1111 5281 1340 5350 pontifex
1393 5278 1649 5336 omnium,
1681 5284 1966 5327 creatorem
2018 5281 2120 5320 non

599 5381 764 5432 solum
797 5393 889 5443 pro
923 5373 1101 5438 lsrael,
1135 5371 1224 5424 sed
1279 5381 1371 5435 pro
1418 5367 1662 5418 universo
1713 5361 1906 5415 mundo
1955 5363 2120 5424 roget.

598 5463 861 5531 Siquidem
889 5474 952 5512 cs
981 5468 1138 5520 terra,
1167 5468 1220 5510 et
1245 5469 1399 5521 aqua,
1427 5461 1485 5505 et
1505 5464 1649 5511 aere,
1673 5459 1722 5502 et
1753 5447 1877 5515 igni,
1903 5443 2127 5498 mundus

602 5552 700 5606 iste
726 5554 1032 5604 consistunt.
1060 5554 1113 5597 et
1149 5545 1422 5598 elementa.
1464 5540 1693 5592 Primum
1723 5547 1804 5589 est
1839 5536 2127 5588 vestimen-

604 5649 713 5697 tum
743 5637 954 5693 liueum.
985 5640 1176 5704 terram
1221 5628 1510 5699 signiﬁcat:
1562 5625 1852 5682 secundum
1901 5620 2126 5692 hyacin-

2201 3260 2319 3298 num
2351 3255 2401 3296 et
2440 3238 2796 3312 generationis
2839 3238 2904 3292 ad
2952 3251 3164 3292 carnem
3213 3234 3469 3306 pertinet,
3507 3242 3568 3286 et
3599 3244 3745 3286 terra

2197 3335 2472 3404 deputatur
2497 3346 2590 3401 per
2617 3331 2780 3386 illam.
2813 3329 2975 3383 Terra
3024 3327 3189 3392 enim,
3230 3326 3438 3396 inquit,
3479 3339 3573 3392 es,
3606 3335 3659 3376 et
3697 3326 3742 3372 in

2202 3434 2399 3479 terram
2431 3422 2551 3476 ibis.
2583 3419 2804 3474 Causam
2834 3417 2988 3486 hujus
3012 3417 3112 3480 rei,
3150 3415 3423 3483 quomodo
3444 3416 3520 3468 de
3553 3414 3748 3483 μηνίει

2200 3513 2346 3568 simis
2384 3510 2670 3566 seminibus
2701 3518 2754 3564 et
2781 3506 3066 3563 fedissimis
3111 3505 3273 3559 initiis
3317 3513 3428 3558 tota
3474 3504 3746 3557 hominum

2203 3603 2482 3658 multitudo
2517 3610 2571 3656 et
2605 3601 2842 3656 nomium
2882 3613 3058 3654 rerum
3101 3596 3437 3667 pulchritudo
3477 3605 3748 3650 nascatur.

2201 3709 2323 3749 esse
2345 3691 2644 3748 obvolutam
2663 3731 2678 3754 ,
2703 3699 2757 3745 et
2781 3690 3022 3744 humanis
3043 3689 3210 3744 oculis
3237 3702 3340 3742 non
3368 3676 3582 3757 patere.
3611 3687 3749 3740 lavo-

2205 3783 2298 3835 luti
2329 3782 2488 3833 nimia
2515 3778 2836 3834 obscuritate
2861 3777 3211 3844 spiritualium
3259 3785 3740 3833 sacramentorum,

2205 3868 2486 3939 brevitates
2530 3864 2854 3920 excedimus.
2894 3863 3070 3917 Aaron
3109 3878 3238 3916 vero
3264 3862 3608 3915 sacerdotem
3635 3877 3740 3914 uta-

2211 3970 2371 4024 gnum
2403 3953 2656 4006 viviﬁcat.
2687 3952 2781 4005 Cui
2807 3951 3018 4018 dicitur,
3044 3949 3122 4002 'l'u
3146 3964 3206 4003 es
3231 3949 3481 4003 sacerdos
3512 3951 3570 4002 in
3599 3959 3746 4002 ater.

2209 4057 2354 4096 num.
2389 4039 2560 4094 Vestis
2592 4037 2952 4093 sacerdotalis.
3002 4036 3236 4090 Ecclesia
3278 4046 3381 4090 est.
3429 4033 3743 4092 Feminalia.

2208 4133 2395 4202 quibus
2425 4132 2718 4186 verecunda
2746 4129 3003 4190 celantur,
3037 4126 3135 4181 hoc
3177 4125 3474 4194 signiﬁcare
3512 4135 3749 4192 pinsum,

2210 4223 2346 4291 quod
2378 4219 2670 4275 castitatem
2701 4229 2754 4271 ct
2794 4217 3147 4285 integritatem
3169 4212 3362 4268 Christi
3393 4213 3638 4267 Ecclesia
3665 4215 3750 4262 ha-

2214 4312 2338 4365 ln-re
2380 4309 2559 4362 debet.
2591 4307 2905 4361 Sacerdotes
2959 4320 3062 4358 non
3104 4303 3369 4370 accipiunt
3409 4313 3615 4361 vestes.
3659 4300 3750 4352 tusi

2217 4401 2355 4466 prius
2408 4398 2582 4449 lavant
2620 4408 2813 4449 mores.
2865 4393 3052 4448 Vinum
3089 4393 3241 4452 enim
3290 4405 3483 4444 novum
3514 4392 3572 4444 in
3617 4403 3752 4443 Intvs

2216 4503 2378 4544 nurus
2421 4488 2552 4541 mitti
2589 4485 2766 4550 debet,
2808 4487 2927 4551 quia
2949 4484 3082 4549 legis
3111 4483 3386 4548 praeceptis
3415 4481 3636 4532 lavandi
3665 4494 3749 4532 su-

2219 4593 2349 4632 mus.
2381 4577 2447 4631 Et
2473 4592 2589 4630 cum
2626 4576 2828 4627 tunicas
2856 4571 3278 4639 deposuerimus,
3310 4580 3433 4622 tunc
3477 4567 3746 4620 induimur

2221 4665 2548 4719 vestimentis
2580 4661 2792 4723 Christi,
2825 4658 3026 4728 purgati
3053 4657 3329 4724 baptismo.
3359 4655 3560 4711 “Iunia
3581 4665 3750 4708 autem

2218 4755 2352 4808 linea
2400 4752 2630 4819 poderis,
2663 4750 2713 4803 id
2738 4759 2838 4811 est,
2866 4748 3072 4812 talaria,
3118 4747 3497 4801 humanitatem
3543 4745 3756 4805 Ebrini.

2223 4855 2341 4909 quae
2363 4843 2430 4893 de
2459 4847 2593 4891 terra
2622 4847 2724 4900 est,
2753 4835 3028 4904 significat.
3082 4833 3271 4887 Linum
3315 4832 3457 4886 enisa
3503 4831 3586 4882 de
3619 4840 3753 4883 Iura

2228 4929 2392 4983 oritur
2440 4927 2601 4981 :sive
2649 4925 2819 4978 tunica
2867 4924 3004 4978 linea
3050 4935 3246 4989 corpus
3299 4933 3392 4985 per
3445 4915 3755 4986 baptismu-

2228 5016 2559 5070 caudidatum
2607 5014 2880 5082 signiﬁcat.
2909 5009 3113 5080 Cinguli
3140 5021 3248 5074 quo
3289 5003 3624 5059 sacerdoule
3669 5018 3752 5074 pe-

2227 5116 2341 5159 ctus
2364 5103 2756 5169 constringitur.
2803 5100 3008 5152 Gitonis
3053 5105 3373 5156 sanctorum,
3421 5092 3512 5157 qui
3565 5095 3757 5145 unitate

2230 5192 2347 5246 ﬁdei
2376 5189 2640 5244 Christum
2670 5188 3072 5253 amplectuntur.
3103 5182 3331 5235 Cidarim
3359 5195 3504 5246 vero,
3529 5180 3637 5234 huc
3661 5189 3758 5242 ut.

2231 5280 2809 5347 tltiaram,splendorom
2839 5271 3124 5329 divinitatis
3146 5271 3512 5342 intelligimus,
3542 5280 3610 5324 ut
3631 5284 3756 5324 uas

2228 5380 2380 5435 atque
2405 5369 2540 5422 idem
2568 5365 2848 5420 secundum
2879 5361 3140 5415 hominem
3191 5361 3444 5428 pondere,
3473 5355 3761 5413 secundum

2232 5458 2448 5510 cidarim
2477 5463 2690 5510 ornatus
2717 5467 2835 5508 esse
2859 5452 3130 5515 videatur;
3175 5452 3266 5504 sed
3291 5460 3348 5505 et
3375 5463 3474 5503 nos
3499 5459 3628 5514 qua
3652 5457 3763 5512 pos

2233 5563 2412 5602 sumus
2432 5547 2606 5601 dicere
2637 5565 2651 5598 :
2701 5544 2966 5612 Signatuns
2984 5551 3054 5593 est
3077 5557 3348 5608 supernos
3391 5539 3566 5591 Im
3605 5539 3763 5590 ultu

2237 5639 2329 5707 tui,
2362 5635 2592 5690 Domine.
2642 5633 2790 5690 Tunc
2816 5638 2990 5684 autem
3022 5627 3104 5684 illa
3144 5627 3508 5699 hyacinthina,
3553 5623 3758 5682 ιιωιιι-
