3872 6262
132 357 236 413 529

936 354 996 407 lN
1037 348 1588 407 PENI‘ATEUCHUM
1630 345 2117 404 COMSIENTARII.
2159 374 2224 383 -
2267 342 2554 435 E‘XODUS.

3224 334 3323 389 550

126 478 245 525 ctus
266 464 555 521 caelestium
578 470 676 516 est.
707 461 1086 532 llyaciuthinus
1106 474 1261 514 aereo
1288 458 1467 513 colore
1490 457 1669 526 Splett-
1700 472 1747 528 Α
1778 453 2013 508 Domino.
2045 453 2146 506 Iste
2171 468 2294 519 ergo
2322 455 2482 507 semel
2513 453 2567 505 in
2610 459 2696 503 sto
2722 464 2860 502 anno
2892 452 2944 501 ln
2976 448 3060 503 die
3090 451 3325 518 proposi-

127 559 241 623 det,
269 566 325 610 ut
352 565 531 609 sancta
567 553 800 608 Ecclesia
831 554 919 607 illa
947 569 1062 622 qum
1090 566 1301 608 sursum
1327 559 1450 606 sunt
1475 550 1673 619 sapiat,

128 647 175 702 si
196 647 522 703 conversatio
553 644 692 698 illius
722 645 773 697 in
798 644 948 699 cmlis
973 652 1075 698 est.
1099 644 1229 698 Mala
1249 643 1435 713 punica
1478 652 1676 705 autem,

132 734 383 788 unitatem
416 734 664 787 Ecclesia
692 731 1051 786 denuntiatur.
1092 731 1222 786 Nam
1268 732 1403 785 sicut
1442 731 1493 783 in
1543 731 1681 784 malo

130 823 342 889 punico,
389 836 493 874 uno
538 820 766 874 exterius
796 820 1019 884 cortice,
1052 819 1214 873 multa
1252 819 1473 873 interius
1517 832 1678 886 grana

130 908 437 963 muniuntur
468 926 481 960 :
511 909 586 962 sic
615 909 919 962 innumeros
952 907 1173 976 populos
1202 917 1402 962 sanctze
1431 907 1681 962 Ecclesia:

128 1004 414 1066 congreget
442 995 636 1062 unitas,
684 1010 817 1066 quos
846 998 986 1051 intus
1015 996 1291 1050 diversitas
1336 1009 1555 1063 operum
1600 1005 1680 1048 te—

135 1096 252 1139 net.
302 1084 675 1139 Tintiuuabula
720 1095 897 1140 autem
946 1086 1083 1140 inter
1110 1085 1245 1139 mala
1273 1094 1511 1153 grauata,
1563 1098 1684 1151 pro-

128 1174 307 1242 pheta:
351 1182 408 1229 et
448 1175 613 1229 sancti
642 1174 886 1231 doctores
915 1176 966 1230 in
999 1174 1173 1231 medio
1227 1174 1475 1230 Ecclesia:
1518 1175 1680 1230 collo-

129 1267 237 1320 cati
271 1282 283 1317 :
314 1265 426 1320 hac
468 1265 815 1321 tintinnabula
848 1267 899 1321 in
935 1267 1116 1321 ultima
1150 1276 1300 1336 parte
1326 1268 1515 1322 vestita
1539 1277 1683 1333 sunt,

131 1354 273 1408 unde
315 1352 381 1408 de
432 1354 537 1409 ﬁne
582 1354 738 1423 hujus
781 1354 959 1407 mundi
1005 1363 1059 1409 et
1115 1354 1291 1408 futuro
1342 1370 1554 1422 semper
1579 1355 1685 1413 dis-

130 1450 338 1512 putant.
398 1442 843 1512 Superbumerale
898 1452 1073 1497 autem
1125 1442 1411 1498 Salvatoris
1459 1442 1688 1497 insinuat

130 1532 420 1601 potentiam
450 1541 503 1587 et
527 1519 770 1602 regnum,
803 1533 955 1601 cujus
1000 1532 1349 1600 principatum
1379 1546 1537 1599 super
1588 1531 1686 1586 hu-

132 1635 338 1675 merum
365 1621 502 1675 illius
530 1638 546 1675 :
578 1630 899 1694 possuntque
947 1620 1383 1688 superhumerale
1432 1630 1486 1675 et
1527 1620 1687 1675 ratio-

131 1709 259 1764 nale
295 1724 457 1777 opera
498 1719 699 1776 nostra,
748 1719 801 1765 et
828 1712 963 1765 ratio
991 1709 1227 1777 intelligi.
1259 1709 1371 1763 Duo
1399 1709 1596 1779 lapides
1623 1710 1687 1763 ad

1783 544 1942 598 tionis
1972 542 2133 596 intrat
2174 540 2225 594 in
2254 550 2435 593 sancta
2460 548 2757 593 sanctorum
2787 556 2799 591 :
2846 536 2897 591 id
2927 546 3018 590 est.
3064 537 3325 604 completa

1779 633 2122 703 dispositione
2146 631 2436 699 penetravit
2459 630 2646 691 ctelos,
2677 628 2881 681 intrans
2920 625 2984 679 ad
3007 626 3238 689 Patrem,
3269 635 3326 677 ut

1779 726 1923 779 illum
1957 726 2236 793 propit'um
2263 720 2441 791 generi
2475 722 2704 773 humano
2735 717 2889 771 faciat
2921 734 2933 768 :
2962 716 3132 785 ipsum
3174 716 3315 769 enirn

1779 819 2088 872 advocatum
2118 818 2370 871 habemus
2400 816 2536 881 apud
2557 811 2786 866 Patrem.
2815 811 2943 864 Cum
2968 822 3143 863 autem
3183 809 3326 877 Moy-

1779 921 1865 962 ses
1901 905 2068 959 induit
2098 908 2272 959 Aaron
2300 904 2382 956 Itis
2408 902 2759 966 vestimentis,
2785 898 2855 977 de
2881 897 3216 953 feminalibus
3241 898 3322 950 ni-

1783 997 1854 1050 hil
1882 995 2152 1063 adjiciatur
2184 1012 2195 1046 :
2228 994 2295 1048 ob
2345 993 2479 1047 hanc
2524 990 2757 1044 arbitror
2796 1002 3036 1053 causam,
3088 987 3228 1055 quod
3258 990 3325 1039 ad

1780 1084 2025 1154 genitalia
2063 1090 2239 1136 nostra
2265 1081 2353 1137 lex
2385 1095 2489 1135 non
2522 1080 2685 1133 mittit
2722 1091 2957 1140 manum,
2986 1077 3078 1131 sed
3125 1076 3221 1144 ipsi
3252 1076 3357 1130 se-'

1783 1172 2010 1228 cretiora
2043 1179 2219 1239 tegere
2247 1178 2301 1224 et
2323 1170 2499 1222 velare
2520 1165 2793 1221 debemus.
2831 1163 2904 1217 De
2929 1162 3045 1215 aliis
3062 1162 3203 1217 enim
3225 1162 3333 1215 vir—

1785 1261 2001 1327 tutibus,
2039 1260 2183 1315 verbi
2214 1260 2399 1330 gratia,
2428 1256 2704 1326 sapientia,
2734 1253 3057 1317 fortitudine,
3081 1251 3305 1321 justitia,

1785 1359 2004 1419 possunt
2022 1358 2076 1405 et
2102 1349 2188 1402 alii
2212 1347 2520 1417 dijudicarc.
2555 1344 2863 1400 Pudicitiam
2886 1343 2997 1398 sola
3028 1341 3172 1397 novit
3199 1355 3328 1397 con-

1785 1442 2021 1504 scientia,
2055 1449 2109 1493 et
2138 1439 2348 1492 humani
2380 1438 2517 1491 oculi
2546 1437 2620 1490 rei
2650 1445 2794 1491 certe
2836 1434 3042 1503 judices
3076 1448 3195 1489 esse
3224 1451 3327 1490 non
3368 1464 3375 1470 -

1787 1537 2025 1599 possunt,
2066 1528 2263 1597 absque
2307 1526 2371 1580 iis
2406 1526 2491 1593 qui
2534 1539 2681 1579 more
2711 1524 2985 1579 brutorum
3027 1524 3333 1578 animalium

1787 1620 1982 1688 passim
2007 1618 2210 1675 libidini
2256 1614 2513 1686 suppositi
2543 1623 2683 1668 sunt.
2731 1613 3017 1682 Apostolus
3051 1612 3116 1666 de
3158 1611 3333 1680 virgi-

1787 1710 1939 1765 nibus
1967 1726 1979 1762 :
2015 1706 2328 1775 Prwceptum
2359 1704 2567 1760 Domini
2601 1720 2701 1757 non
2729 1704 2910 1764 habeo;
2936 1703 3086 1770 quasi
3115 1710 3168 1756 et
3192 1702 3338 1771 Moy-

130 1799 401 1859 dextratn.
452 1799 715 1866 Ecclesia,
766 1809 858 1853 aut
902 1800 1008 1853 duo
1037 1791 1242 1868 populi'
1270 1810 1410 1853 sunt.
1464 1798 1686 1854 Gentilis
1722 1803 1763 1863 B
1788 1812 1873 1853 ses
1900 1799 2143 1866 loquatur
2170 1814 2183 1849 :
2213 1793 2561 1849 Feminalibus
2588 1808 2677 1863 ego
2698 1807 2797 1846 non
2820 1791 2995 1857 vestio,
3025 1806 3114 1846 nec
3135 1790 3339 1859 impono

131 1888 340 1948 dexter.
375 1887 624 1942 Judaicus
652 1889 908 1941 sinister:
953 1900 1041 1939 aut
1068 1887 1312 1941 Christus
1350 1898 1402 1942 et
1435 1887 1684 1950 Ecclesia,

130 1983 227 2027 aut
250 1976 463 2043 spiritus
491 1984 546 2030 et
591 1976 788 2029 littera.
841 1973 1119 2029 Rationale
1160 1981 1332 2028 autem
1365 1970 1575 2039 pectore
1598 1990 1690 2029 su-

95 2067 497 2133 .perpositum,
541 2071 800 2131 quaterno
850 2061 1080 2131 lapidum
1125 2062 1317 2116 ordine
1361 2061 1685 2127 distinctum,

136 2169 443 2210 sermonem
472 2154 661 2223 ﬁgurat
684 2152 1077 2222 Evangelicum,
1111 2151 1228 2219 quia
1255 2151 1580 2221 quadruplici
1604 2167 1689 2205 or-

132 2245 269 2298 dine
320 2242 611 2297 doctrinam
660 2240 889 2294 veritatis
929 2239 1082 2293 nobis
1130 2239 1383 2310 exponit:
1416 2238 1689 2294 duodecim

138 2332 356 2386 nomina
379 2328 659 2400 descripta.
692 2329 1114 2383 Patriarcharum
1128 2328 1372 2395 exempla
1393 2338 1692 2382 sanctorum

133 2421 495 2490 apostolorum
526 2431 649 2473 sunt
676 2420 740 2472 ad
772 2418 1081 2472 imitandqu
1114 2419 1300 2485 posita.
1343 2416 1492 2481 Quod
1514 2423 1689 2470 autem

133 2510 331 2579 duplex
362 2508 614 2562 rationale
638 2517 740 2572 est,
766 2502 1048 2577 signiﬁcat,
1080 2507 1216 2575 quod
1258 2507 1571 2576 Evangelica
1600 2507 1693 2561 do-

134 2598 308 2651 ctrina
335 2605 537 2663 operta,
562 2605 617 2650 et
644 2595 972 2658 abscondita,
1002 2604 1055 2649 et
1082 2596 1323 2663 simplex,
1359 2604 1412 2649 et
1442 2596 1690 2664 mystica;

138 2695 193 2740 et
219 2684 414 2738 lamina
456 2699 616 2739 aurea
657 2684 837 2738 rutilat
875 2682 930 2737 in
975 2682 1166 2739 fronte.
1201 2684 1338 2737 Nihil
1371 2684 1584 2751 prodest
1614 2700 1694 2739 re-

137 2792 259 2830 rum
284 2775 516 2829 Omnium
561 2775 808 2839 eruditio,
838 2773 941 2827 nisi
985 2773 1077 2827 Dei
1109 2773 1327 2828 scientia
1356 2787 1691 2828 coronemur.

139 2865 407 2919 lloialiter
450 2878 657 2932 quoque
686 2863 736 2916 in
770 2863 1030 2931 pontiﬁcis
1074 2862 1257 2917 habitu
1299 2876 1483 2915 aurum
1514 2862 1693 2931 fulget,

140 2953 269 3023 dum
300 2965 459 3005 sensu
509 2951 748 3005 emicat:
791 2950 877 3005 cui
925 2948 1296 3020 hyacinthinus
1344 2951 1597 3019 jungitur,
1646 2960 1701 3006 ut

140 3058 239 3110 per
266 3057 423 3097 omne
451 3040 589 3111 quod
622 3049 830 3105 tractat,
864 3054 927 3094 ac
955 3055 1189 3095 amorem
1222 3049 1406 3113 surgat
1442 3058 1699 3111 superno—

1787 1887 2122 1944 necersitatem
2148 1886 2301 1939 alicui
2324 1901 2342 1939 :
2369 1883 2456 1951 qui
2482 1882 2590 1937 vult
2619 1898 2673 1937 se
2697 1882 2803 1948 ipse
2826 1881 3022 1935 vestiat.

2317 1971 2541 2025 CAPUT
2580 1967 2791 2022 XXXII.

1861 2061 2173 2115 Descendens
2199 2060 2365 2128 itaque
2399 2056 2600 2126 Moyses
2642 2058 2703 2109 de
2730 2047 2916 2117 monte,
2953 2055 3225 2122 confringit
3253 2065 3334 2107 ta-

1787 2151 1976 2205 bulas:
2020 2150 2255 2205 iudicans
2299 2147 2566 2216 indignum
2610 2143 2859 2213 populum
2894 2142 3062 2212 legem
3092 2128 3337 2213 accipe-e

1790 2243 2000 2310 propter
2023 2240 2201 2294 dolum
2237 2246 2623 2292 consecratum.
2676 2235 2903 2289 Vitulum
2942 2251 3085 2304 quem
3114 2237 3336 2304 fecerunt

1792 2331 1950 2385 Israel
1976 2330 2259 2395 combussit,
2287 2329 2687 2396 minutatumqtte
2724 2327 2966 2394 concidit,
3009 2338 3053 2381 et
3072 2329 3125 2380 in
3152 2344 3334 2395 aquam

1790 2436 2056 2491 spargens,
2101 2430 2272 2490 potum
2314 2420 2500 2489 papula
2543 2418 2703 2471 dedit.
2754 2417 2855 2471 l’er
2909 2432 3065 2485 quem
3116 2417 3335 2471 vitulum

1790 2526 1980 2579 corpus
2009 2511 2200 2566 diaboli
2226 2508 2507 2579 signiﬁcat,
2550 2507 2601 2561 id
2631 2516 2712 2563 est
2743 2508 2976 2572 homine,
3002 2509 3192 2577 quibus
3224 2508 3338 2576 ipse

1791 2610 1870 2655 est
1907 2610 2110 2665 auctor,
2156 2596 2519 2667 signiﬁcantur
2573 2596 2717 2660 mali,
2748 2610 3038 2665 aurumque
3092 2597 3340 2651 videntur

1794 2688 2097 2742 idtlnlatria:
2130 2686 2282 2750 ritus,
2313 2686 2397 2739 vel
2447 2700 2477 2737 a
2516 2684 2839 2751 sapientibus
2886 2684 3131 2737 instituti.
3185 2686 3335 2739 ilnnc

1792 2792 1921 2845 ergo
1964 2775 2202 2839 vitulum,
2236 2774 2337 2827 hoc
2366 2781 2447 2827 est
2476 2786 2686 2826 omnem
2734 2772 3040 2827 societatem
3087 2775 3341 2841 gentium,

1797 2869 2022 2939 Moyses,
2073 2867 2124 2921 id
2170 2877 2272 2933 εει,
2298 2864 2473 2919 divina
2526 2865 2608 2918 lex
2652 2864 3063 2920 combussit’illo
3104 2868 3246 2936 igni:
3279 2868 3344 2923 de

1798 2974 1901 3030 quo
1929 2958 2141 3022 dicitur,
2173 2955 2347 3028 Ignem
2386 2956 2497 3009 veni
2521 2957 2713 3009 mittere
2742 2956 2796 3009 in
2825 2965 3013 3010 terram
3043 2972 3062 3011 :
3108 2967 3165 3012 ut
3217 2958 3341 3012 dum

1800 3056 1981 3117 gentes
2005 3045 2227 3101 credunt
2255 3045 2307 3099 iu
2348 3045 2514 3109 illum,
2546 3043 2652 3112 igni
2680 3043 2887 3099 virtutis
2920 3046 3063 3101 illius
3086 3044 3345 3101 diabolica

142 3148 287 3186 runt.
319 3130 447 3185 lluic
478 3130 802 3184 admiscetur
849 3129 1038 3199 regalis
1069 3144 1318 3198 purpura.
1363 3141 1421 3184 ut
1452 3133 1693 3187 vitiorum
1723 3122 1769 3183 C
1800 3138 1851 3192 in
1878 3138 1982 3191 illis
2023 3126 2205 3190 forma
2239 3133 2471 3205 salvator
2518 3144 2683 3189 totum
2714 3135 3109 3199 comminuitur,
3144 3136 3242 3192 hoc
3271 3150 3352 3192 est

143 3221 513 3289 suggestioues
559 3220 719 3275 veluti
767 3235 833 3273 ex
883 3231 1141 3289 potestate
1182 3223 1320 3290 regia
1369 3222 1700 3291 comprimat.

144 3308 349 3363 Coccus
373 3322 583 3378 quoque
610 3309 689 3363 bis
720 3308 914 3362 tinctus
963 3319 1068 3373 est,
1111 3309 1364 3380 jungitur,
1398 3321 1449 3365 ut
1478 3322 1598 3365 ante
1627 3311 1705 3365 in-

148 3399 286 3453 terni
310 3398 502 3467 judicis
524 3400 704 3454 oculos
733 3399 966 3453 omnium
992 3399 1245 3453 virtutum
1272 3402 1405 3454 bona
1439 3401 1697 3455 decoren-

148 3499 234 3541 tur
277 3490 575 3543 charitate:
628 3488 749 3557 quia
792 3490 1041 3559 charitas,
1086 3504 1203 3557 quas
1244 3503 1271 3540 a
1302 3490 1583 3543 dilectione
1616 3490 1705 3543 Dei

145 3588 200 3631 et
228 3579 459 3647 proximi
492 3578 705 3646 pendet,
736 3587 791 3632 et
828 3578 978 3646 quasi
1025 3578 1076 3630 iu
1123 3578 1318 3644 duplici
1353 3579 1574 3647 refulget
1604 3578 1705 3632 tiu-

146 3677 320 3733 ctura,
346 3657 534 3721 cui'bis
567 3668 731 3722 tincto
760 3682 921 3721 cocco
959 3664 1093 3721 terta
1124 3669 1315 3738 byssus
1349 3669 1601 3739 jungitur.
1634 3671 1708 3726 De

150 3756 294 3813 terra
336 3757 475 3812 enim
521 3757 706 3827 byssus
754 3758 942 3813 nitenti
986 3758 1165 3825 specie
1212 3760 1401 3825 oritur,
1448 3775 1540 3827 per
1567 3762 1707 3828 quod

150 3846 383 3903 candens
423 3856 535 3912 est;
570 3858 623 3903 et
665 3847 935 3921 munditia.-
978 3848 1268 3916 corporalis
1317 3852 1534 3905 castitas
1570 3852 1711 3906 desi-

151 3948 366 4005 gnatur,
417 3953 534 4007 quin
570 3948 701 3993 torta
748 3937 1123 4007 pulchritudini
1154 3935 1607 4007 superhumeralis'
1628 3943 1711 3995 itt-

154 4030 383 4083 nectitur
412 4044 426 4081 :
478 4029 599 4097 quia
635 4039 758 4083 tunc
793 4030 1103 4084 castimonia
1132 4028 1199 4082 ad
1230 4028 1515 4099 perfectum
1561 4046 1712 4084 uiuu-

154 4122 300 4173 ditia:
320 4120 600 4173 candorem
629 4120 857 4175 ducitur.
888 4122 1020 4174 Cum
1052 4135 1143 4185 per
1187 4119 1558 4173 abstinentiam
1598 4134 1712 4174 car!

157 4224 277 4262 nem
306 4206 517 4276 afﬁigit,
549 4206 810 4273 siquidem
860 4216 915 4259 et
959 4207 1170 4261 baltheo
1224 4207 1579 4275 prmeiugitur,
1624 4223 1715 4275 per

157 4300 296 4363 quod
326 4298 587 4352 incentiva
632 4308 683 4350 et
714 4296 933 4350 luxuriat
981 4297 1254 4349 libidinum
1302 4298 1713 4366 resuiuguutur.

157 4391 416 4445 Sacerdos
445 4397 620 4443 autem
648 4388 1045 4441 tabernaculum
1088 4386 1406 4455 ingrediens,
1446 4387 1495 4438 iu
1539 4389 1713 4441 tunica

160 4478 526 4531 tintinnabulis
554 4478 801 4541 ambitur,
847 4487 902 4530 ut
952 4490 1137 4529 vocem
1186 4473 1573 4542 praedicationis
1618 4474 1711 4527 ha-

159 4568 303 4642 beat,
337 4581 529 4619 uovum
560 4567 783 4633 pectoris
810 4566 1022 4634 superni
1046 4564 1299 4634 judicium
1326 4562 1534 4617 silentio
1556 4561 1713 4616 oﬁ‘eu-

158 4656 271 4707 dat.
300 4643 487 4707 Malum
515 4668 722 4721 quoque
766 4656 1012 4720 punicum
1061 4653 1296 4723 jungitur
1325 4652 1706 4719 tintinnabulis,

162 4754 215 4795 Ill
250 4758 339 4808 per
390 4741 478 4794 illa
523 4739 778 4791 doctrina:
826 4740 944 4792 ﬁdei
997 4741 1167 4793 unitas
1209 4742 1530 4809 designetur.
1564 4740 1712 4805 Quod

161 4841 337 4885 autem
382 4833 432 4884 itt
464 4831 627 4899 prima
662 4837 809 4892 parte
842 4830 1169 4882 tabernaculi
1214 4832 1450 4899 quotidie
1481 4833 1711 4901 pontifex

162 4922 233 4973 ob
257 4920 603 4974 immolandas
630 4919 826 4971 hostias
851 4917 1102 4983 introivit,
1136 4919 1381 4973 instantia
1411 4922 1561 4975 nobis
1584 4938 1712 4989 quo-

162 5007 353 5061 tidiana
386 5008 702 5075 pracipitur,
729 5016 784 5059 ut
811 5006 1158 5059 confessionis
1184 5016 1235 5059 et
1281 5008 1449 5059 laudis
1478 5011 1713 5075 quotidie

166 5110 263 5148 nos
291 5096 562 5161 spirituale
592 5096 906 5149 sacriﬁcium
948 5095 1252 5160 oﬁeratuus,
1288 5096 1336 5149 id
1366 5105 1466 5159 cst,
1501 5099 1712 5151 humili-

164 5194 326 5238 tatem
366 5183 415 5235 iu
461 5187 696 5237 castitate
726 5186 1014 5239 animarum
1040 5193 1357 5239 nostrarum.
1391 5187 1712 5254 Sacriﬁcium

166 5274 306 5326 enim
339 5272 442 5325 Deo
460 5273 667 5341 spiritus
693 5275 1081 5327 contribulatns.
1111 5275 1257 5341 Quod
1280 5283 1452 5329 autem
1473 5278 1633 5330 semel
1662 5280 1710 5331 in

166 5360 734 5430 annoiugrediebatur,
756 5364 941 5419 relicto
975 5366 1187 5433 pepulo,
1222 5364 1272 5416 iu
1306 5376 1483 5418 sancta
1516 5378 1715 5419 sancto-

166 5465 318 5518 rum,
346 5452 602 5521 signiﬁcat
634 5452 929 5517 pontilicem
957 5466 1191 5510 nostrqu
1220 5457 1393 5511 Jesuut
1425 5456 1711 5522 Chri~tum,

167 5544 253 5610 qui
279 5543 328 5595 itt
358 5556 514 5596 carne
539 5541 740 5607 positus
756 5551 857 5606 est,
892 5553 1081 5598 etcum
1110 5548 1297 5615 populo
1330 5562 1419 5609 rer
1441 5556 1601 5600 totum
1635 5562 1715 5599 an-

169 5646 292 5686 num
327 5651 337 5685 :
367 5632 433 5687 de
458 5648 562 5702 quo
590 5633 839 5695 scriptum
873 5644 971 5698 cst,
1013 5636 1206 5693 Vocare
1236 5642 1430 5711 Agitant
1454 5649 1715 5708 arrep'nm

445 5745 522 5802 ΡΑ
540 5762 709 5804 t‘ttOL.
746 5745 898 5805 XCI.

1800 3225 1884 3280 illa
1915 3225 2052 3280 mala
2085 3225 2282 3279 unitate
2311 3224 2604 3277 discessum
2629 3216 2961 3288 humiliatur;
2996 3234 3049 3278 et
3077 3225 3128 3278 in
3154 3239 3346 3291 aquam

1803 3314 2047 3377 mittitur,
2080 3322 2137 3366 ut
2191 3314 2276 3366 hic
2304 3312 2517 3374 vitulus,
2548 3311 2599 3363 id
2643 3318 2725 3363 est
2756 3310 2997 3365 homines
3025 3311 3115 3379 qui
3145 3311 3342 3365 idolum

1801 3403 1999 3456 Collini.
2026 3400 2295 3465 Israelita,
2328 3400 2380 3453 id
2409 3408 2491 3453 est
2515 3400 2684 3454 sancti
2713 3400 3114 3469 praedicatores,
3137 3403 3227 3470 qui
3250 3402 3344 3457 ha-

1804 3492 2046 3557 ptismum
2072 3488 2124 3542 in
2146 3503 2239 3541 sua
2270 3490 2525 3553 membra,
2552 3488 2654 3544 hoc
2680 3500 2762 3544 est
2780 3536 2781 3539 η
2799 3489 2851 3543 iu
2881 3488 3210 3545 Dominicum
3232 3507 3350 3547 cor-

1806 3592 1901 3644 pus
1953 3577 2297 3632 transferunt.
2355 3577 2642 3633 Sciendum
2709 3586 2813 3644 est,
2864 3578 3002 3648 quod
3061 3582 3349 3635 secundum

1808 3664 2100 3732 historiam,
2132 3664 2253 3721 ideo
2281 3666 2490 3737 Moyses
2516 3668 2653 3723 hunc
2696 3667 2914 3722 vitulum
2946 3669 3138 3737 popqu
3168 3670 3218 3723 in
3262 3686 3353 3739 po-

1806 3764 1915 3809 tum
1971 3757 2302 3821 transmisit,
2352 3758 2501 3826 quasi
2532 3757 2586 3811 in
2636 3764 2869 3821 terram,
2926 3758 3007 3811 vel
3063 3757 3115 3812 in
3165 3774 3352 3827 aquam

1810 3844 2086 3913 ignemque
2125 3845 2453 3913 projecisset.
2476 3845 2607 3900 illud
2639 3847 2882 3900 nimirum
2914 3846 3032 3913 fuit,
3058 3858 3111 3900 ut
3139 3848 3225 3901 ille
3255 3863 3351 3915 po-

1812 3934 1963 4001 pulus
2005 3934 2316 3989 idololatrias
2356 3935 2588 3998 deditus,
2641 3936 2740 3988 hoc
2775 3949 2869 4002 per
2899 3944 3062 3989 totum
3094 3935 3147 3989 iu
3187 3949 3359 3990 seces-

1810 4037 1927 4078 snm
1957 4023 2102 4076 illum
2149 4025 2361 4089 misere,
2392 4032 2445 4075 ut
2471 4034 2705 4076 stercora
2735 4038 2827 4075 sua
2856 4023 3077 4078 adorare
3102 4024 3356 4093 dedigna-

1814 4123 2009 4168 reutur.
2041 4112 2186 4172 Quod
2213 4121 2385 4167 autem
2420 4113 2613 4165 multos
2637 4126 2701 4164 ex
2737 4111 2821 4166 his
2850 4113 2937 4181 qui
2968 4113 3161 4167 idolum
3195 4115 3356 4167 fabri-

1812 4210 2084 4267 caverunt,
2110 4200 2268 4269 jussit
2318 4201 2520 4271 Moyses
2564 4200 2824 4265 interimi;
2856 4200 3027 4269 signat
3067 4204 3245 4257 talium
3276 4206 3354 4257 vi~

1817 4294 2006 4345 tiorttm
2071 4306 2272 4354 necem,
2346 4291 2535 4359 quibus
2584 4290 2648 4344 ad
2716 4290 2955 4345 eamdem
3012 4291 3359 4346 idololatriant

1818 4381 2183 4435 deﬂuxerunt:
2218 4381 2266 4433 in
2298 4381 2415 4441 talia
2460 4395 2685 4449 namque
2716 4380 2835 4434 vitia
2872 4385 3061 4436 smvirc
3092 4398 3185 4436 nos
3214 4383 3362 4450 jubet

1749 4443 2118 4535 l)Apostolus.
2170 4469 2490 4535 Mortiﬁcate,
2538 4469 2725 4537 inquit,
2772 4470 2991 4523 membra
3050 4483 3209 4525 vestra
3252 4490 3367 4540 qua:

1815 4567 1928 4610 sunt
1978 4573 2128 4625 super
2178 4567 2380 4616 terram,
2430 4557 2816 4622 fornicationem
2861 4566 2908 4609 et
2970 4560 3362 4613 immunditiam.

1815 4648 1853 4700 Α
1881 4655 2026 4715 porta
2047 4661 2160 4699 vero
2182 4660 2333 4713 usque
2354 4645 2421 4695 ad
2448 4653 2648 4712 portam
2693 4644 2845 4697 iristi.
2890 4646 2932 4698 A
2960 4647 3084 4701 vitio
3109 4663 3272 4716 usque
3299 4651 3363 4702 ad

1815 4737 2019 4800 vitium,
2052 4749 2145 4803 per
2174 4734 2312 4801 quod
2344 4733 2406 4785 ad
2435 4741 2662 4786 tuentem
2696 4748 2839 4787 mors
2866 4736 3060 4789 nitatur
3097 4752 3217 4792 cum
3255 4740 3365 4806 gla-

1817 4828 1904 4881 dio
1952 4826 2316 4893 iucrepationis
2386 4822 2704 4879 discurrere.
2773 4827 2874 4879 Sed
2935 4814 3049 4894 ipse
3109 4844 3359 4881 numerus

1820 4922 1973 4973 triunt
2022 4916 2239 4970 millium
2290 4912 2679 4967 interfectorum
2722 4916 2977 4979 triplicem
3020 4916 3238 4969 formant
3291 4917 3366 4968 iu-

1816 5009 1955 5061 dicat
1982 5007 2362 5075 imperitorum.
2394 5006 2560 5058 Omne
2591 5004 2731 5058 enim
2763 5015 3028 5073 peccaturo
3061 5015 3148 5058 aut
3178 5019 3355 5072 opere,

1818 5101 1899 5152 vel
1931 5099 2111 5165 verbo,
2141 5095 2221 5149 vel
2257 5094 2572 5163 cogitatione
2604 5094 2967 5147 committitur.

2340 5186 2559 5239 CAPUT
2604 5185 2833 5240 XXXIII.

1890 5278 2077 5331 Iterum
2104 5293 2222 5345 ergo
2251 5277 2469 5328 ascendit
2500 5274 2697 5341 Moyses
2727 5274 2777 5325 in
2806 5284 3041 5341 tuentem,
3070 5288 3114 5329 et
3146 5294 3365 5331 secnnao

1817 5367 2005 5435 occepit
2058 5368 2233 5435 tegent.
2298 5364 2508 5415 Priorcs
2576 5361 2766 5415 tabulae
2819 5380 2935 5429 qua:
2990 5365 3167 5421 fracta:
3222 5384 3364 5431 sunt,

1818 5456 2115 5524 signiﬁcant
2145 5455 2370 5520 priorem
2406 5452 2600 5517 legem,
2650 5467 2766 5521 qua:
2818 5464 3033 5522 propter
3090 5474 3360 5523 ,ιρι-ρεητηη

1820 5547 1992 5615 populi
2047 5559 2168 5603 mox
2218 5544 2463 5599 cessavit.
2519 5541 2647 5597 Alias
2704 5559 2829 5598 vero
2875 5562 2977 5600 non
3029 5547 3359 5618 franguntur,

1820 5635 1937 5704 quia
1966 5633 2093 5691 Novi
2115 5631 2437 5688 Testamcnti
2465 5630 2667 5701 eloquia
2698 5642 2852 5688 erunt
2882 5650 3239 5701 permansura.
3278 5642 3361 5692 $.c

2869 5747 2929 5804 ii
