3872 6262
464 441 561 501 ιιι
953 437 1151 494 ΒΕΒᾸΞ
1192 435 1638 492 VENERABIUS
1677 433 1954 491 οΡΕιιυιι
1995 433 2172 488 PARS
2215 431 2274 485 ll.
2343 460 2383 472 —-
2425 420 2806 486 EXEGETICA
2849 426 3170 484 GENUl-NA.
3566 421 3682 480 δη

467 551 698 604 virorum
742 550 952 610 inferni,
978 551 1057 605 vel
1089 551 1202 604 sine
1244 550 1367 606 line.
1400 551 1511 603 Duo
1543 556 1716 616 patres
1763 558 1877 600 sunt
1903 587 1917 611 ,
1954 543 2005 600 id
2039 550 2081 604 Α
2109 551 2347 596 sanctum
2393 541 2657 605 liberavit,
2692 543 2743 594 in
2787 541 2994 609 iustitia
3023 539 3356 610 gubernabit,
3389 545 3443 592 et
3489 556 3540 591 in
3589 552 3680 594 re-

441 629 576 702 'cs.t,
603 651 744 706 pater
772 639 1106 694 tcttebrarttm
1131 649 1182 694 et
1213 653 1365 709 pater
1393 639 1670 694 luminum.
2122 631 2386 700 lrigerium
2426 632 2670 685 deducet.
2741 627 2953 684 Dolores
3002 630 3486 698 comprehenderunt
3525 629 3655 681 italu

1067 760 1288 814 CAPUT
1315 759 1429 814 XV.

543 879 665 935 Post
697 875 968 934 transitum
1000 881 1160 934 maris
1191 879 1377 942 Rubri,
1421 889 1596 933 cantat
1624 879 1891 934 canticum
1916 891 2012 946 po-

473 972 629 1041 pulus
671 972 798 1037 Deo,
834 970 1097 1040 [Egyptils
1122 979 1176 1024 et
1217 970 1487 1024 Pharaone
1532 969 1834 1024 submerso.
1868 968 2016 1022 Nunc

475 1061 630 1114 aliter
674 1071 728 1115 et
776 1059 977 1122 lideles,
1011 1067 1280 1125 postquam
1329 1057 1395 1113 de
1437 1059 1648 1112 lavacro
1696 1057 2016 1119 ascendunt,

477 1137 706 1220 peccatis
736 1150 1007 1204 exstinctis
1051 1149 1300 1218 hymnum
1355 1150 1523 1203 laudis
1572 1148 1841 1201 emittunt.
1885 1145 2015 1199 Cum

480 1237 642 1290 multa
687 1247 859 1290 autem
907 1238 955 1290 in
983 1237 1172 1291 divinis
1214 1235 1566 1289 voluminibus
1611 1236 1718 1287 sint
1761 1233 2019 1294 carmina,

483 1328 666 1382 horum
695 1339 867 1383 tamen
891 1329 1122 1381 omnium
1164 1329 1388 1395 primum
1434 1336 1513 1380 est
1542 1325 1678 1378 istud
1729 1325 2018 1377 canticum.

477 1421 661 1476 Melius
689 1430 862 1474 autem
896 1430 948 1472 et
974 1419 1181 1487 dignius
1211 1419 1322 1472 hinc
1350 1417 1514 1481 dices,
1540 1418 1583 1468 si
1618 1417 1861 1469 habueris
1888 1424 2024 1483 tym-

484 1527 672 1580 panum
699 1512 749 1562 in
796 1525 951 1562 manu
982 1519 1095 1575 tua,
1126 1508 1174 1562 id
1202 1519 1301 1574 est,
1333 1510 1377 1562 si
1421 1522 1634 1560 carnem
1670 1515 1810 1558 tuam
1841 1503 2025 1557 cruci-

490 1603 676 1655 liveris
726 1616 844 1653 cum
873 1600 1034 1655 vitiis.
1072 1600 1347 1653 Videamus
1369 1597 1506 1665 quod
1546 1597 1698 1650 dicit.
1753 1594 2025 1650 Cantemus

487 1687 721 1754 Domino,
755 1690 970 1758 gloriose
999 1689 1129 1740 enim
1179 1687 1541 1755 honori/iratus
1571 1695 1663 1740 est.
1707 1683 1866 1751 Quasi
1923 1697 2026 1737 non

480 1779 749 1834 sul‘liceret
785 1779 1118 1832 Gloriﬁratu‘s
1157 1789 1259 1844 e~t,
1293 1778 1441 1832 addit
1489 1777 1730 1832 Gloriose
1776 1772 2024 1827 honoriﬁ-

2122 721 2332 775 bitantes
2361 721 2657 779 Philistiim.
2689 721 2951 786 Quantum
2981 720 3047 772 ad
3096 718 3371 773 historiam
3414 719 3674 788 pertiuu,

2121 810 2554 865 tttauil'estumest
2576 808 2930 875 Philislhmos,
2950 818 3004 863 et
3018 809 3293 869 Moabitae.
3318 818 3370 862 et
3391 809 3677 870 Mutum,

2124 911 2180 953 et
2199 901 2511 969 Canauams,
2551 915 2654 954 non
2686 901 2862 956 inesse
2890 899 2971 953 bis
3015 899 3180 968 signis
3203 913 3324 968 qua:
3355 899 3492 952 facta
3523 906 3675 952 sunt.

2129 989 2406 1054 Quomodo
2429 1002 2556 1056 ergo
2600 988 2846 1042 dicuntur
2874 1000 3122 1052 tremere,
3154 989 3234 1046 vel
3267 986 3548 1050 l’estTnare,
3581 995 3675 1038 aut

2125 1077 2244 1132 irati
2273 1079 2431 1132 esse?
2459 1077 2812 1146 Spiritualiter
2842 1087 3015 1131 tamen
3048 1077 3329 1139 Philistini,
3354 1076 3404 1130 id
3433 1086 3556 1140 est,.
3583 1089 3674 1128 ea-

2123 1166 2314 1220 dentes
2368 1167 2579 1232 poculo.
2617 1165 2805 1230 Edom,
2855 1166 2943 1235 qui
2989 1166 3364 1234 interpretatur
3405 1173 3675 1225 terrenus.

2127 1259 2436 1327 trepidavit;
2484 1267 2538 1311 et
2586 1258 2770 1312 horum
2821 1259 3088 1314 hominum
3135 1260 3434 1330 principes.
3492 1259 3545 1312 id
3574 1267 3676 1323 est,

2127 1345 2411 1411 daemones,
2458 1351 2772 1410 cursitautes
2818 1357 3008 1417 pavent
3057 1349 3328 1404 constricti
3373 1349 3675 1407 doloribus.

2129 1449 2248 1488 cum
2304 1436 2476 1489 vident
2531 1452 2686 1502 regna
2727 1453 2844 1499 sua.
2895 1453 3016 1506 qua:
3056 1439 3106 1492 in
3161 1437 3370 1492 inferno
3393 1447 3540 1498 sunt.
3584 1441 3688 1504 ρος

2131 1534 2335 1578 netrata
2379 1527 2446 1579 ah
2491 1543 2556 1582 eo
2583 1528 2672 1597 qui
2702 1528 2979 1582 descendit
3006 1529 3069 1582 ad
3117 1527 3365 1583 inferiora
3416 1535 3596 1589 teme,
3625 1536 3678 1578 ut

2130 1618 2356 1685 eriperet
2391 1619 2509 1672 ilus
2556 1620 2643 1688 qui
2691 1619 3156 1688 possidebantura
3187 1626 3380 1672 morte.
3436 1615 3678 1686 Compre-

2130 1706 2306 1758 Itettdit
2337 1707 2454 1761 illos
2481 1709 2651 1770 timor,
2680 1711 2766 1776 qui
2811 1718 3091 1762 senserunt
3117 1707 3534 1778 magnitudinem
3556 1708 3678 1764 bra-

2131 1797 2234 1850 chii
2263 1798 2418 1852 illius.
2455 1797 2588 1853 Hinc
2607 1798 2839 1852 abierunt
2863 1815 3032 1854 omnes
3054 1798 3386 1852 inhabitantes
3415 1797 3680 1860 Chanaan,

482 1880 655 1928 catus.
689 1869 838 1922 Aliud
873 1879 955 1921 est
987 1869 1317 1937 gloriﬁcare,
1366 1866 1509 1920 aliud
1551 1867 1779 1935 gloriose
1812 1862 2026 1916 honori-
2065 1864 2106 1922 Β
2131 1887 2218 1956 qui
2271 1888 2539 1943 "Nam";
2591 1892 3000 1958 iulerpmamr,
3059 1903 3180 1943 cum
3237 1889 3416 1943 ﬁdem
3482 1888 3680 1941 ω,ηή

491 1960 672 2014 ﬁcare.
695 1960 1026 2014 Glorilicatus
1054 1969 1135 2014 est
1162 1969 1334 2014 autem
1362 1959 1624 2020 Christus,
1665 1971 1782 2010 cum
1813 1952 1875 2007 ad
1911 1967 2031 2019 pas-

494 2054 695 2106 sionem
727 2068 872 2105 suam
901 2052 1065 2116 venit,
1096 2052 1323 2121 quando,
1377 2048 1513 2104 sicut
1542 2049 1656 2117 ipse
1682 2046 1750 2101 de
1777 2061 1835 2100 se
1859 2044 1984 2099 dicit
2015 2061 2028 2096 :

495 2143 665 2205 Pater,
700 2144 927 2214 glori/ica
957 2143 1116 2209 [ilium
1166 2151 1340 2206 tuum;
1385 2139 1476 2194 sed
1511 2148 1684 2192 tamen
1719 2138 1834 2191 iure
1864 2133 2029 2200 gloria

492 2248 594 2285 non
624 2243 737 2286 erat
773 2232 1042 2300 gloriosa,
1090 2232 1183 2286 sed
1239 2230 1476 2284 humilis.
1529 2226 1828 2281 Humiliavit
1876 2224 2032 2286 enim,

494 2323 687 2389 inquit,
730 2337 784 2375 se
833 2337 987 2390 usque
1025 2321 1091 2372 ad
1135 2329 1368 2375 mortem.
1420 2318 1608 2371 Verum
1663 2329 1781 2370 cum
1831 2315 2036 2369 venerit

493 2411 546 2464 in
575 2411 848 2479 majestate
874 2426 987 2478 sua,
1011 2425 1129 2465 cum
1154 2419 1206 2466 et
1249 2426 1430 2466 verum
1465 2410 1819 2474 Pharaonem,
1853 2409 1902 2462 id
1931 2419 2033 2476 cst,

493 2505 756 2558 diabolum
804 2504 1082 2559 interliciet
1105 2503 1292 2573 spiritu
1345 2505 1455 2558 oris
1497 2502 1600 2566 sui,
1633 2510 1758 2554 tunc
1807 2500 2038 2568 gloriose

492 2597 888 2666 glorillcabltur.
917 2594 1111 2663 Equum
1133 2605 1179 2648 et
1213 2609 1523 2647 ascensorem
1544 2592 1750 2661 proje:it
1795 2589 1847 2642 in
1877 2605 2034 2644 mare.

495 2691 628 2744 Sunt
685 2690 800 2756 equi
855 2685 988 2755 quas
1031 2686 1283 2738 Dominus
1336 2684 1604 2748 ascendit;
1668 2683 1735 2737 de
1788 2681 2033 2750 quibus:

499 2777 754 2844 Equirato
781 2789 866 2831 tua
911 2780 1065 2832 salus.
1101 2779 1412 2849 Etsuutqui
1449 2791 1789 2832 ascensorem
1835 2775 2040 2828 habent

501 2870 769 2924 diabolum
799 2879 853 2922 ct
881 2869 1093 2939 angelo~
1142 2870 1303 2924 illius.
1351 2867 1548 2922 Omnes
1575 2881 1702 2937 ergo
1729 2864 1817 2935 qui
1851 2878 2039 2934 perse-

501 2971 734 3030 quuntur
779 2970 1012 3024 sanctos,
1059 2959 1178 3025 equi
1232 2967 1372 3020 sunt,
1406 2965 1459 3010 et
1491 2956 1685 3010 habent
1731 2968 2044 3008 ascensores

500 3049 757 3104 diabolus.
787 3048 942 3102 Tales
973 3048 1090 3118 equi
1122 3057 1174 3102 et
1199 3047 1405 3118 equites
1433 3048 1485 3101 in
1517 3047 1646 3102 mari
1680 3044 1834 3114 hujus
1860 3043 2042 3098 mundi

507 3147 831 3208 merguntur,
881 3139 1074 3208 repulsi
1112 3152 1140 3190 a
1203 3138 1395 3204 nobis,
1447 3137 1667 3192 Domino
1733 3133 2041 3205 adiuvante.

503 3226 602 3282 Hic
660 3226 795 3282 Deus
840 3243 1012 3291 meus,
1060 3238 1108 3280 et
1153 3229 1381 3281 excitabo
1420 3229 1586 3282 illum.
1646 3227 1806 3282 Pater
1862 3234 2046 3280 noster

501 3301 737 3370 Christus
782 3324 885 3380 est,
916 3313 1002 3384 qui
1049 3329 1145 3368 nos
1183 3316 1379 3384 genuit,
1413 3325 1467 3369 et
1517 3315 1661 3369 fecit.
1717 3315 1855 3380 Ergo
1913 3316 2050 3369 Deus

503 3410 654 3466 Pater
681 3418 862 3464 noster
882 3418 983 3472 εει,
1011 3417 1080 3483 et.
1095 3408 1234 3463 Deus
1286 3409 1448 3478 patris
1481 3409 1643 3486 noviri
1693 3406 1927 3472 Christi,
1955 3409 2045 3475 qui

502 3501 930 3557 dicltzAscendo
975 3502 1040 3554 ad
1075 3500 1236 3554 Deum
1283 3516 1446 3554 meum
1497 3511 1542 3554 et
1585 3484 1761 3554 "Deum
1805 3508 2046 3552 vestrum.

507 3593 871 3648 Clorillcamus
920 3592 1089 3668 illum,
1143 3593 1186 3646 si
1235 3606 1583 3661 agnoscamus
1627 3593 1789 3668 Deum
1839 3591 2048 3646 Patrem

505 3699 627 3740 esse
667 3666 1257 3737 nostrum.iExaltamus
1317 3684 1480 3738 Deum
1528 3666 1698 3736 altiorl
1754 3683 2048 3746 intellectu,

507 3788 627 3826 cum
671 3772 1010 3841 intelligimus
1051 3772 1319 3840 quomodo
1352 3771 1515 3825 Deum
1560 3786 1708 3823 suum
1742 3773 1871 3825 dixit
1901 3772 2052 3825 Chri-

506 3872 808 3930 stus,quem
833 3871 1016 3915 natura
1048 3861 1255 3916 Patrem
1282 3869 1452 3915 vocat.
1470 3860 1602 3915 Dens
1622 3871 1877 3914 conterens
1896 3861 2049 3924 bella,

508 3950 798 4020 rtreliqua.
827 3952 940 4004 Non
957 3952 1124 4004 solum
1149 3953 1430 4005 visibilium
1461 3951 1594 4006 bella
1627 3953 1934 4020 prosternit,
1957 3951 2051 4005 sed

508 4045 666 4097 etiam
699 4042 996 4097 illVisibiieS
1024 4057 1220 4112 equos;
1246 4043 1323 4096 sic
1344 4057 1550 4106 currus,
1579 4041 1629 4096 id
1667 4050 1770 4106 est,
1804 4042 1978 4096 unitos
2004 4042 2054 4096 in

508 4134 727 4188 malitia.
787 4131 1174 4186 Ternistatores
1226 4131 1492 4196 dicuntur,
1551 4132 1668 4200 quia
1727 4131 1918 4198 triplex
1973 4130 2054 4185 via

511 4219 784 4288 peccandi,
816 4230 904 4272 aut
932 4219 1115 4283 verbo,
1145 4229 1237 4273 ant
1279 4220 1436 4282 laeto,
1467 4230 1553 4272 aut
1596 4219 1932 4286 cogitatione.
1968 4219 2054 4274 lsti

506 4321 684 4364 autem
733 4311 1099 4364 ternistatores
1128 4321 1250 4365 sunt
1301 4312 1468 4377 angeli
1504 4325 1754 4377 nequam,
1781 4309 1847 4364 de
1893 4325 2054 4364 exer-

511 4405 617 4453 cittt
649 4398 960 4455 Pharaonis.
994 4399 1215 4464 Pelagus
1264 4399 1534 4462 coeperuit
1565 4413 1690 4463 eos,
1719 4401 1839 4467 quia
1890 4402 1942 4453 in
1969 4401 2058 4454 die

2132 1990 2291 2045 regna
2321 1992 2433 2040 sua.
2464 1988 2517 2034 et
2547 1979 2749 2049 alligari
2795 1980 3005 2043 fortem,
3055 1989 3110 2032 et
3139 1989 3262 2033 vasa
3313 1978 3453 2034 illius
3491 1977 3679 2047 diripi.

2132 2065 2283 2120 Cadit
2327 2083 2489 2136 super
2516 2083 2608 2122 eos
2641 2068 2819 2133 timor,
2870 2085 2992 2122 cum
3038 2067 3271 2124 viderint
3310 2071 3361 2123 in
3412 2068 3570 2124 nobis
3612 2069 3682 2121 si-

2133 2169 2290 2224 gnum
2320 2161 2512 2212 crucis.
2550 2157 2595 2211 Ρ
2598 2162 2706 2212 iant
2737 2170 2975 2227 tauquam
3002 2161 3154 2226 lapis,
3182 2175 3285 2213 non
3316 2159 3436 2226 quia
3470 2167 3682 2210 vt-rtun-

2137 2256 2220 2300 tur
2248 2246 2302 2301 iu
2331 2247 2532 2317 lapides
2560 2249 2826 2315 homines,
2857 2251 2950 2303 sed
2991 2249 3110 2317 quia
3158 2256 3339 2302 essent
3364 2242 3684 2309 immobiles,

2136 2347 2194 2390 ut
2225 2337 2450 2406 lapides,
2479 2353 2575 2401 nec
2620 2341 2856 2394 valentes
2907 2339 3174 2408 persequi,
3206 2351 3303 2391 nec
3345 2334 3582 2389 valentes
3608 2334 3686 2388 lu-

2139 2441 2289 2496 gete.
2327 2427 2682 2495 Spiritualiter
2727 2442 2902 2482 autem
2953 2442 3045 2498 per
3096 2428 3196 2483 hoc
3241 2425 3502 2493 signiﬁcat
3547 2428 3687 2494 quod

2150 2515 2371 2585 populus
2397 2515 2701 2571 Judtcorum
2730 2528 2865 2572 esset
2905 2518 3046 2571 velut
3092 2517 3246 2584 lapis,
3291 2530 3609 2584 permanens
3637 2515 3688 2568 in

2145 2605 2356 2673 duritia,
2398 2605 2566 2660 donec
2603 2610 2834 2676 gentium
2890 2604 3220 2662 Christianus
3249 2603 3420 2658 lactus
3473 2612 3556 2657 est
3599 2617 3689 2670 po-

2145 2695 2323 2764 pulus,
2353 2706 2414 2749 et“
2455 2705 2576 2750 tunc
2624 2698 2795 2750 omnis
2844 2695 3002 2750 Israel
3051 2696 3226 2746 salvus
3264 2695 3387 2747 erit.
3431 2689 3690 2744 Indum

2141 2786 2345 2855 plantas
2374 2801 2479 2840 eos.
2505 2786 2614 2838 Non
2646 2783 2755 2838 vult
2795 2783 2931 2838 Deus
2961 2797 3057 2836 nos
3081 2782 3132 2835 in
3161 2779 3392 2851 Aigypto
3426 2781 3688 2848 plantare,

2141 2875 2233 2928 sed
2258 2876 2308 2928 in
2330 2882 2508 2930 monte
2535 2873 2873 2937 hmreditadg
2893 2874 2942 2927 id
2971 2879 3074 2938 est,
3097 2872 3146 2925 in
3170 2870 3426 2926 Ecclesia.
3449 2868 3515 2925 In
3551 2885 3688 2937 prte-

2143 2975 2321 3036 parato
2367 2963 2657 3017 habitacqu
2696 2973 2801 3018 tua.
2841 2963 2940 3018 Alii
2989 2963 3130 3016 enim
3189 2963 3584 3023 laboraverunt,
3637 2968 3692 3012 et

2147 3070 2241 3111 vos
2268 3055 2321 3110 in
2345 3055 2529 3111 labore
2559 3055 2836 3124 introistia.
2881 3053 3286 3123 Sanetintonistm
3317 3063 3482 3115 tuam,
3515 3050 3692 3104 Desti-

2146 3159 2237 3206 ηε.
2270 3143 2599 3212 etreliqua.
2656 3142 3103 3204 Sauctimoniunt,
3158 3140 3260 3195 hoc
3301 3149 3406 3202 est.
3453 3150 3692 3195 sanettnn

2150 3233 2430 3290 aedilicium
2456 3231 2548 3288 Dei
2577 3246 2796 3287 sumus:
2841 3247 2948 3287 non
2978 3230 3100 3286 l'acti
3132 3230 3373 3284 manibus
3403 3228 3693 3293 lmmiuu'tit‘,

2146 3327 2240 3381 sed
2272 3325 2365 3381 Dei
2397 3324 2726 3394 agricultura
2773 3307 2974 3377 sumus.
3036 3322 3270 3384 Domine.
3325 3332 3378 3374 tu
3423 3337 3603 3388 regnas
3642 3320 3694 3372 is

2146 3427 2409 3478 meritum,
2437 3423 2484 3466 et
2530 3412 2583 3468 in
2626 3411 2870 3466 siccatum
2895 3409 3087 3463 seaculi.
3122 3409 3185 3463 Et
3232 3409 3403 3461 adhuc
3449 3421 3542 3474 per
3599 3405 3694 3458 hoc

2149 3516 2368 3571 regnum
2395 3502 2510 3554 sine
2540 3498 2644 3554 line
2686 3499 2968 3568 significat.
3004 3497 3256 3561 Quoniam
3305 3496 3510 3548 intravit
3559 3497 3695 3561 equi-

2154 3602 2307 3645 tatus.
2342 3590 2417 3644 De
2445 3588 2549 3644 hoc
2579 3602 2739 3656 supra
2761 3587 3010 3641 diximus.
3056 3587 3160 3641 Nos
3189 3599 3365 3639 autem
3396 3587 3484 3653 qui
3515 3585 3697 3641 sumus

2155 3683 2244 3736 lilii
2276 3680 2457 3744 Israel,
2492 3679 2824 3733 ambulemus
2874 3693 2968 3746 per
3014 3677 3211 3732 siccum
3247 3677 3298 3730 in
3342 3677 3520 3730 medio
3547 3676 3696 3740 mari.

2157 3777 2209 3830 in
2243 3773 2415 3829 medio
2443 3772 2671 3826 nationis
2702 3785 2896 3838 pravae,
2929 3769 3145 3823 verbum
3191 3770 3311 3822 vita:
3342 3769 3693 3823 continentes.

2158 3867 2278 3919 llazc
2322 3865 2551 3918 breviter
2599 3862 2796 3916 dixisse
2850 3860 3066 3925 sufﬁcit,
3124 3874 3192 3914 ne
3236 3859 3380 3928 quod
3436 3861 3701 3915 fastidium

2158 3951 2346 4026 lectori
2387 3959 2686 4020 generetur.
2741 3949 2902 4004 Maria
2947 3958 3121 4002 autem
3173 3956 3483 4016 tympanum
3520 3957 3708 4005 tenens

2156 4059 2307 4100 soror
2349 4044 2543 4108 Aaron,
2589 4053 2825 4095 sororem
2853 4037 3109 4108 signiﬁcat
3156 4039 3265 4092 veri
3300 4039 3621 4105 sacerdotis,
3651 4040 3701 4095 id

2157 4148 2258 4200 est.
2291 4136 2602 4198 Ecclesium,
2633 4148 2748 4202 qua:
2777 4140 2859 4185 est
2880 4144 3033 4184 soror
3063 4129 3277 4185 Christi.
3303 4131 3549 4186 Mulieres
3578 4145 3704 4186 vero

2157 4242 2342 4283 omnes
2377 4226 2634 4281 Ecclesiae
2663 4238 2780 4277 cum
2807 4222 2986 4277 choris
3010 4231 3061 4277 et
3081 4223 3363 4292 tympanis,
3385 4223 3434 4276 id
3463 4233 3704 4286 est.cntn

2167 4317 2341 4372 Veteri
2373 4325 2428 4370 et
2455 4314 2600 4369 Novo
2628 4313 2988 4368 Testamento.
3037 4311 3162 4367 Post
3212 4314 3492 4368 transitum
3546 4306 3703 4365 maris

2159 4410 2382 4478 populus
2412 4405 2463 4460 in
2507 4406 2775 4461 desertum
2806 4404 3047 4468 ducitur;
3084 4404 3328 4469 baptizati
3359 4404 3566 4457 scilicet
3591 4402 3699 4456 uni-

511 4489 688 4561 Ῑυάίείί
736 4490 869 4558 ίεηίε
900 4488 1146 4559 Πυθίίδηε
1193 4487 1485 4552 ῑτθάείηυτο
1541 4497 1592 4540 ει
1633 4497 1880 4556 ιεισιψιθπη
1929 4503 2053 4558 8"-
2088 4515 2137 4575 ι)
2163 4499 2298 4552 versi
2326 4513 2418 4567 per
2446 4495 2623 4551 mundi
2669 4494 2825 4560 hujus
2848 4495 3141 4556 desertum,
3167 4508 3263 4548 nec
3287 4493 3357 4547 ibi
3385 4493 3586 4548 deserit
3615 4505 3711 4546 eos

512 4582 709 4635 vissimi
740 4581 942 4649 lapides
971 4580 1397 4647 submergentur,
1429 4579 1548 4648 quia
1597 4597 1698 4636 non
1740 4591 1895 4635 erunt
1927 4581 2059 4648 lapi-

515 4673 604 4723 ιιςε
632 4671 757 4724 vivi.
791 4670 854 4723 Et
884 4683 975 4744 per
1024 4669 1262 4735 spiritum
1305 4669 1608 4734 iracundiae,
1651 4671 1755 4726 hoc
1801 4681 1901 4738 est,
1936 4687 2061 4728 cor-

515 4766 760 4818 rectionis
790 4761 1002 4817 Domini
1032 4761 1279 4815 dividitur
1307 4777 1475 4831 aqua;
1508 4763 1609 4817 hoc
1651 4775 1748 4829 est,
1782 4780 1874 4833 per
1904 4766 2060 4835 hujus

517 4857 695 4908 mundi
726 4853 988 4910 desideria
1014 4867 1073 4905 ac
1097 4852 1391 4920 voluptates
1415 4853 1584 4907 evadit
1619 4854 1840 4920 pupulas
1867 4856 1978 4921 Dei,
2008 4857 2058 4907 in

508 4946 702 5013 quzbus
731 4954 1035 5009 merguntur
1089 4943 1345 4998 inlldeles.
1403 4943 1506 4998 Aut
1555 4955 1697 4998 certe
1746 4960 1840 5011 per
1868 4960 2057 5014 aquam

517 5030 758 5102 ιιιριὶειηὶ
784 5029 956 5083 salvat
993 5030 1130 5083 Deus
1169 5029 1358 5098 justos.
1409 5031 1463 5084 In
1513 5046 1644 5100 aqua
1673 5031 1865 5087 occidit
1909 5034 2060 5096 vitia,

523 5125 673 5188 quasi
706 5126 963 5177 irascens.
1006 5120 1126 5173 Non
1157 5130 1227 5173 est
1256 5121 1435 5175 similis
1477 5122 1690 5176 Domino
1723 5123 1776 5175 in
1805 5125 1904 5176 diis
1943 5140 2063 5194 gett-

514 5229 666 5269 tium.
691 5215 803 5268 Non
830 5221 911 5267 est
938 5227 1034 5266 nec
1064 5212 1114 5265 in
1140 5212 1360 5275 sanctis,
1391 5212 1477 5279 qui
1518 5213 1569 5265 in
1614 5213 1791 5268 multis
1822 5213 1952 5268 locis
1990 5214 2060 5267 dii

522 5316 907 5374 nuncupantur,
942 5306 1064 5360 licet
1109 5303 1378 5374 apostolus
1407 5303 1636 5360 Joannes
1680 5306 1755 5360 ait
1787 5321 1802 5361 :
1858 5306 2063 5360 Similes

523 5396 570 5450 ei
590 5398 790 5460 erimus,
823 5411 927 5450 non
959 5412 1051 5466 per
1075 5407 1336 5460 naturam,
1379 5395 1470 5449 sed
1501 5409 1593 5464 per
1622 5402 1863 5466 gratiam.
1902 5397 2065 5451 Devo-

523 5490 646 5541 rusit
684 5497 926 5546 eos.terra
952 5504 1066 5540 cum
1108 5488 1332 5557 gramine
1373 5504 1482 5542 suo.
1525 5488 1747 5555 Semper
1785 5490 1924 5544 enim
1973 5489 2066 5542 de-

524 5581 721 5633 voravit
773 5590 912 5634 terra
959 5581 1076 5635 illos
1122 5581 1210 5648 qui
1285 5591 1490 5634 terrena
1552 5579 1801 5647 sapiunt,
1855 5581 1942 5646 qui
2013 5578 2063 5631 in

527 5670 745 5723 terrenis
799 5681 1094 5735 versantur,
1147 5681 1200 5725 et
1237 5683 1458 5738 superna
1502 5687 1603 5726 non
1655 5681 1920 5739 quaerunt.
1963 5671 2064 5723 Duo

523 5761 697 5817 minus
727 5771 899 5816 autem
950 5775 1102 5818 suum
1159 5760 1402 5832 [epulum
1428 5799 1444 5829 ,
1491 5777 1644 5830 quem
1676 5775 1768 5832 per
1801 5763 2066 5816 lavacrum

2159 4586 2418 4641 Christus.
2451 4587 2578 4655 Nam
2624 4593 2676 4640 et
2721 4583 3098 4638 columna'uon
3139 4582 3357 4648 recedit,
3391 4598 3488 4638 nec
3537 4583 3700 4637 cordi-

2159 4678 2257 4733 bus
2278 4677 2386 4732 suis
2419 4683 2756 4736 revertuntur
2804 4674 2855 4725 in
2909 4671 3217 4742 Egyptum.
3258 4672 3386 4727 Post
3415 4675 3531 4729 hcc
3568 4689 3702 4728 mur-

2159 4780 2330 4823 murat
2372 4767 2617 4836 populus,
2672 4775 2836 4830 aquas
2868 4776 3075 4818 amaras
3119 4776 3304 4833 potare
3355 4781 3459 4819 nam
3501 4765 3705 4818 valens.

2161 4860 2309 4914 Unde
2338 4859 2483 4912 locus
2512 4872 2576 4911 ex
2610 4855 2960 4910 amaritudine
3010 4866 3248 4910 vocatur.
3307 4854 3468 4909 llum
3512 4856 3709 4922 lignum

2161 4947 2362 5016 Moyses
2415 4947 2467 5000 in
2489 4961 2689 5016 aquas,
2745 4954 2790 4999 et
2843 4945 2993 5012 facta
3035 4956 3154 5000 sunt
3201 4946 3390 4998 dulces.
3451 4943 3706 5016 Intelligo,

2161 5051 2370 5092 amaras
2416 5049 2580 5104 aquas
2629 5035 2921 5090 occidentis
2969 5035 3180 5096 littere,
3239 5043 3291 5087 et
3336 5033 3466 5102 legis
3515 5033 3711 5090 habere

2164 5127 2406 5194 ﬁguram.
2449 5125 2650 5190 Quibus
2677 5125 2721 5178 si
2750 5125 3050 5180 immittitur
3073 5123 3293 5192 lignum,
3326 5123 3377 5176 id
3402 5135 3504 5190 est,
3534 5139 3710 5181 sacra-

2161 5223 2394 5268 mentum
2425 5213 2550 5281 ligni
2579 5213 2772 5278 crucis,
2801 5222 2928 5268 tunc
2975 5212 3202 5267 efﬁcitur
3229 5228 3362 5283 aqua
3393 5214 3544 5268 mira:
3590 5229 3710 5269 sua-

2163 5307 2363 5369 vitatis,
2385 5315 2438 5359 et
2459 5305 2755 5360 amaritudo
2783 5305 2974 5360 littera:
3004 5304 3226 5361 vertitur
3249 5307 3300 5361 in
3349 5303 3710 5375 intelligentiae

2162 5397 2491 5452 dulcedinem
2544 5410 2733 5451 sensus
2785 5395 3089 5464 spiritualis.
3126 5395 3195 5452 Ut
3242 5411 3367 5466 ergo
3411 5394 3576 5464 possit
3615 5392 3717 5446 tibi

2165 5501 2298 5554 aqua
2321 5501 2519 5550 amara,
2545 5487 2776 5540 ostendit
2820 5486 2960 5538 Deus
2990 5487 3129 5554 quod
3158 5486 3409 5550 mittitur,
3440 5481 3602 5552 utqui
3623 5481 3711 5535 bi-

2166 5576 2301 5630 berit
2348 5590 2450 5630 non
2498 5577 2768 5629 moriatur.
2829 5574 2900 5628 De
2952 5576 3207 5643 sapientia
3251 5575 3498 5630 Salomon
3542 5569 3706 5624 dicit:

2169 5665 2390 5736 Lignum
2446 5666 2560 5717 vita
2604 5662 2950 5735 est~otttnibtts
2994 5665 3082 5733 qui
3124 5661 3500 5732 apprehendat
3545 5659 3715 5711 illam.

2168 5757 2276 5813 Hoc
2319 5769 2446 5825 ergo
2477 5755 2695 5823 lignum,
2728 5750 2781 5808 id
2830 5762 2934 5818 est,
2963 5754 3219 5824 sapientia
3265 5752 3441 5806 crucis
3491 5747 3720 5805 Christi-
