3872 6262
335 311 454 370 Si!)

1111 316 1177 374 ια
1215 318 1761 381 ΡΕΝΤΔΤΕυϐιΙωΙ
1799 318 2283 381 ΟΟΙΙΙΕΝΤΔΒΙΙ.
2323 357 2394 370 —
2432 328 2721 388 EXODUS.

3431 341 3530 398 SH

338 433 566 486 missum
587 439 669 487 est
692 429 744 485 lu
772 445 959 501 aquam
984 435 1175 488 veteris
1203 435 1357 508 legis,
1386 447 1442 492 et
1481 411 1882 492 saluberrimum
1909 434 1960 493 Α
1985 443 2182 492 uatem
2212 438 2368 493 vitam
2399 448 2598 496 tantum
2647 442 2995 513 thesauriass,
3043 451 3293 507 continuo
3321 467 3530 511 vermes

337 530 526 586 [intum
554 518 774 588 prabuit
812 520 949 576 ﬁdeli
993 526 1204 591 populo,
1234 527 1322 596 qui
1349 527 1415 582 de
1442 528 1543 582 hac
1568 527 1747 581 bibere
1785 541 1886 580 non

334 621 469 666 ante
499 611 684 681 potuit.
710 612 848 678 Quid
892 623 1066 670 autem
1117 618 1349 677 amarius
1391 633 1548 686 quam
1575 626 1762 672 octavo
1801 616 1889 670 die

334 703 536 757 vulnus
554 703 974 759 circnmcisionis
998 707 1261 773 accipere,
1285 716 1342 763 et
1367 707 1594 765 diversis
1613 707 1887 766 sacriﬁciis

332 790 653 848 deservire?
700 793 822 847 Alio
874 807 1080 862 quoque
1124 808 1283 849 sensu
1321 810 1513 851 amarat
1559 810 1711 866 aqua:
1747 796 1887 864 ligno

336 882 399 936 iu
431 897 491 939 se
509 892 756 954 suscepto
781 884 962 940 dulces
984 885 1186 941 siler-ue
1216 885 1449 943 indicant
1481 887 1888 941 amaritudinem

335 976 576 1037 gentium
598 989 694 1042 per
720 974 916 1045 lignum
946 975 1120 1031 crucis
1148 977 1199 1030 in
1229 991 1380 1030 nsum
1397 976 1699 1032 dulcedinis
1718 991 1886 1045 quan-

332 1065 515 1132 doque
551 1075 675 1120 esse
702 1067 1030 1122 vertendam.
1072 1067 1147 1122 De
1172 1067 1274 1123 hac
1313 1078 1488 1122 autem
1537 1067 1886 1123 amaritudine

333 1152 532 1208 littera:
580 1153 723 1208 venit
775 1156 993 1224 populus
1042 1157 1106 1211 ad
1153 1155 1344 1211 fontes.
1388 1157 1462 1212 De
1519 1160 1684 1211 veteri
1725 1165 1885 1210 testa-

334 1254 520 1300 mento
558 1245 805 1300 transitur
829 1247 893 1299 ad
918 1261 1129 1310 novum,
1167 1247 1232 1300 ad
1277 1247 1636 1316 apostolorum
1683 1246 1884 1301 duodeo

331 1336 442 1390 cim
491 1336 682 1390 fontes.
736 1335 808 1391 lbi
862 1338 1200 1407 reperiuntur
1261 1338 1590 1406 septuaginta
1649 1339 1876 1404 palma:

329 1424 549 1480 luerunt
587 1435 643 1480 et
695 1427 782 1481 alii
832 1428 1160 1498 septuaginta
1213 1427 1357 1483 missi
1398 1427 1462 1481 ad
1493 1425 1877 1497 pradicandum

327 1517 554 1573 verbum
597 1517 709 1574 Dei.

920 1604 1142 1665 CAPUT
1181 1609 1315 1665 XVI.

403 1694 692 1752 lemures
720 1707 832 1768 post
858 1699 967 1756 haec
995 1702 1215 1770 populus
1237 1701 1606 1770 quiutodecirna
1625 1699 1708 1755 die
1733 1715 1875 1756 Iucu-

1985 526 2261 595 ebulliunt,
2293 531 2382 600 qui
2413 531 2660 588 videlicet
2701 549 2906 592 vermes
2949 553 3052 594 non
3094 544 3404 598 moriuntur.
3439 545 3526 599 lsti

1983 625 2106 670 sunt
2147 632 2355 675 vermes
2393 637 2526 692 quos
2567 624 2754 693 genuit
2796 627 3042 696 avaritia,
3066 639 3117 685 et
3148 646 3249 686 non
3279 633 3520 699 aliunde;

1983 703 2037 760 ln
2064 707 2213 763 nobis
2241 707 2373 763 ﬁunt
2414 727 2622 769 vermes
2644 713 2709 770 de
2735 731 2942 781 manna,
2968 719 3067 774 hoc
3106 729 3208 788 est,
3251 723 3316 776 de
3337 725 3521 778 verbo.

1983 793 2072 850 Sic
2099 797 2238 851 enim
2263 798 2396 854 dixit
2421 819 2435 854 :
2465 802 2648 857 Sinon
2671 807 2900 872 uenisset,
2915 815 2960 860 et
2979 809 3172 864 locutus
3192 811 3386 879 fuisset,
3412 831 3524 882 pec-

1982 894 2150 944 catum
2171 904 2270 942 non
2296 888 2544 946 haberent.
2568 893 2692 948 Post
2705 906 3007 966 susceptum
3026 900 3165 954 enim
3195 901 3410 956 verbum
3435 903 3524 956 Dei

1980 971 2025 1025 si
2054 975 2170 1042 quis
2206 984 2409 1046 peccet,
2439 979 2666 1035 efﬁcitur
2702 984 2873 1049 ipsum
2914 987 2986 1041 illi
3014 992 3208 1043 vermis
3228 1031 3241 1054 ,
3271 992 3356 1058 qui
3384 990 3524 1047 illius

1981 1064 2358 1119 conscientiam
2396 1068 2575 1124 fodiat.
2607 1069 2763 1126 Panis
2785 1073 2926 1127 enim
2955 1077 3041 1142 qui
3064 1076 3349 1132 lsraelitico
3369 1080 3523 1137 datus

1981 1157 2064 1202 est
2089 1152 2299 1218 populo,
2331 1155 2398 1208 ab
2425 1155 2688 1225 aliquibus
2732 1159 2926 1215 dicitur
2970 1164 3170 1233 angelis
3201 1167 3408 1232 proprie
3439 1184 3522 1222 re.-

1983 1239 2176 1305 putari,
2220 1249 2279 1294 ut
2306 1241 2374 1296 ibi
2404 1260 2417 1295 :
2447 1241 2642 1299 Panem
2696 1251 3005 1320 angelorum.
3049 1251 3154 1307 Sed
3205 1253 3269 1307 de
3314 1253 3528 1310 Christo

1978 1329 2176 1382 dictum
2226 1341 2307 1386 est
2349 1351 2360 1386 :
2396 1334 2555 1398 Quem
2604 1339 2964 1402 concupiscunt
3009 1343 3176 1411 angeli
3221 1345 3522 1414 prospicere.

1981 1416 2289 1475 Manducnut
2327 1439 2462 1489 eum,
2507 1426 2557 1479 id
2598 1438 2698 1495 eet,
2741 1430 2911 1483 omnis
2935 1442 3165 1485 sanctus.
3218 1433 3398 1488 l’lttant
3425 1453 3520 1505 pa-

1978 1521 2085 1570 nes,
2128 1517 2172 1559 et
2200 1510 2423 1579 pluviam
2470 1514 2843 1580 voluntariam,
2891 1527 2943 1573 et
2997 1521 3212 1589 reliqu:.
3267 1520 3520 1580 Eumdcm

1978 1611 2190 1651 sensum
2225 1597 2421 1655 habere
2448 1601 2714 1670 dicuntur,
2745 1616 3024 1678 utrumque
3050 1609 3280 1664 divinam
3308 1612 3521 1681 sapien~

1980 1687 2102 1740 tiam
2136 1687 2393 1758 designat.
2413 1691 2660 1761 Sequitur
2683 1709 2698 1747 :
2737 1693 2953 1766 Vespere
2973 1698 3138 1752 scietis
3157 1699 3277 1768 quia
3297 1716 3388 1770 ego
3405 1717 3521 1755 sum

325 1785 402 1840 sis
443 1787 671 1852 secuudi,
693 1762 952 1858 postquam
989 1762 1175 1863 egressi
1225 1762 1340 1846 sunt
1364 1792 1427 1845 de
1456 1801 1590 1845 terra
1632 1789 1865 1864 4Egypti.

1981 1775 2258 1845 Dominus;
2294 1798 2438 1835 mone
2461 1795 2628 1838 autem
2668 1762 2894 1840 videbitis
2938 1762 3251 1862 majestatent
3292 1762 3520 1846 Domini.

327 1873 634 1930 Recordare
683 1876 750 1932 de
783 1877 982 1948 legibus
1028 1879 1243 1935 Pascha
1287 1894 1404 1949 qua
1440 1880 1576 1936 dicta
1607 1891 1748 1944 sunt,
1801 1881 1870 1936 ibi

326 1963 568 2021 invenies
604 1964 706 2021 hoc
755 1981 876 2023 esse
900 2005 916 2032 ,
973 1970 1111 2038 quod
1157 1979 1462 2025 statuuntur
1489 1970 1553 2024 ad
1579 1970 1869 2026 secundum

329 2053 530 2110 Pascha
562 2053 858 2112 faciendum
885 2056 937 2111 hi
965 2059 1053 2129 qui
1071 2058 1324 2115 immundi
1354 2060 1405 2114 in
1434 2063 1607 2114 anima
1635 2057 1869 2130 luerunt,

329 2143 416 2196 vel
442 2145 684 2213 occupati
730 2147 954 2215 negotiis
977 2147 1291 2218 peregrinis.
1321 2146 1389 2203 Et
1413 2149 1467 2203 in
1493 2149 1592 2203 hoc
1634 2156 1871 2217 tempore

140 2242 160 2260 --
204 2196 236 2264 ἶ
323 2196 530 2288 ..ιπηιιᾷ
547 2196 856 2308 dum:
870 2196 1868 2308 ἐξεὗῖᾆῖιῖιὶίἓιιῖιὶιζι⁷ιᾶὲὶὲιιὲήι⁷ηοη

321 2321 620 2377 descendit.
652 2323 885 2378 Primum
914 2325 1116 2381 Pascha
1147 2327 1300 2396 primi
1348 2327 1523 2398 populi
1552 2335 1653 2392 est,
1680 2342 1869 2382 secun-

323 2412 452 2465 dum
477 2411 674 2468 Pascha
693 2423 940 2468 nostrum
953 2425 1054 2470 est.
1069 2414 1176 2470 Nos
1195 2411 1582 2486 antemquimus
1613 2417 1867 2471 immundi

324 2503 378 2555 in
426 2504 596 2557 anima
623 2545 638 2567 ,
684 2505 770 2574 qui
795 2503 928 2560 idola
967 2507 1225 2562 coluimus
1257 2518 1312 2564 et
1356 2508 1593 2576 occupati
1625 2507 1867 2561 mundia-

322 2590 463 2646 libus
489 2595 670 2662 rebus,
698 2595 850 2665 longe
880 2596 1363 2664 peregrinabantur.
1394 2597 1468 2652 De
1510 2599 1701 2667 quibus
1727 2597 1868 2667 Apo-

320 2681 490 2737 stolus
513 2682 642 2738 dicit
672 2701 686 2738 :
723 2685 964 2754 Hospites
1007 2686 1458 2742 Testunseutorunt.
1497 2687 1864 2745 Verumtamen

321 2785 428 2826 non
460 2773 510 2824 in
537 2772 706 2838 primo
727 2774 942 2841 pascha.
965 2775 1060 2830 sed
1083 2777 1134 2828 in
1156 2777 1391 2831 secundo
1411 2791 1599 2831 manna
1625 2777 1782 2832 datur
1800 2777 1866 2833 de

320 2861 484 2918 calo.
515 2862 670 2918 Panis
695 2865 836 2920 enim
861 2865 950 2935 qui
980 2864 1047 2920 de
1089 2866 1228 2922 cmlo
1251 2866 1545 2932 descendit,
1590 2881 1694 2922 non
1722 2869 1865 2923 venit

319 2954 387 3009 ad
415 2955 534 3011 illos
556 2957 644 3028 qui
672 2958 898 3026 primum
947 2957 1140 3026 pascha
1190 2957 1469 3025 iecerunt,
1515 2958 1608 3014 sed
1633 2958 1698 3014 ad
1745 2973 1861 3028 pos.

323 3043 454 3100 Ecce
476 3061 570 3114 ego
609 3047 784 3152 pluere
828 3063 1009 3115 ponent
1043 3049 1106 3104 de
1134 3048 1280 3114 coelo,
1306 3059 1358 3105 et
1389 3049 1607 3152 reliqua.
1641 3049 1739 3105 Per
1765 3050 1866 3106 hoc
1888 3087 1937 3152 ο

211 3155 218 3161 ’
318 3138 458 3203 quod
485 3138 677 3193 dicitur
702 3157 715 3192 :
748 3137 813 3193 In
839 3149 981 3194 sexto
1009 3142 1092 3195 die
1120 3142 1365 3211 colligunt
1411 3141 1644 3212 duplum,
1683 3151 1863 3197 osten—

319 3227 461 3280 ditur
483 3225 701 3294 quodin
734 3227 820 3283 die
847 3227 1117 3284 Dominica
1159 3229 1384 3297 primum
1441 3245 1630 3283 manna
1683 3232 1862 3286 datum

317 3315 485 3371 estde
503 3316 660 3372 calo.
690 3316 735 3371 Δ
759 3316 1034 3375 Dominico
1070 3320 1210 3375 enim
1235 3319 1324 3376 die
1348 3335 1626 3388 parasceve
1647 3323 1732 3380 Sal
1754 3325 1860 3380 bati

317 3415 495 3462 sextus
522 3407 635 3462 dies
660 3417 764 3463 est.
815 3409 880 3462 Et
928 3425 1022 3478 per
1073 3412 1173 3464 hoc
1220 3410 1521 3481 intelligunt
1547 3411 1712 3466 Judaei
1751 3413 1858 3481 jam

319 3509 441 3552 tunc
495 3499 766 3568 prmlatum
821 3514 942 3555 esse
985 3500 1306 3556 Dominicum
1361 3512 1596 3558 nostrum
1643 3504 1860 3560 .luduico

321 3585 573 3652 Sabbato,
605 3586 725 3655 quia
755 3585 892 3640 nulla
919 3589 1085 3656 gratia
1112 3589 1177 3645 ad
1220 3590 1337 3642 illos
1363 3589 1633 3644 descendit
1655 3591 1707 3645 in
1730 3591 1860 3646 Sab-

317 3677 438 3734 lrato
477 3677 709 3734 illorum.
748 3676 803 3731 In
835 3687 1016 3731 nostro
1036 3687 1211 3732 autem
1239 3678 1515 3734 Dominico
1539 3679 1628 3735 die
1651 3694 1860 3748 semper

321 3770 463 3835 Deus,
483 3767 616 3836 pluit
651 3781 840 3822 manna
887 3768 954 3822 de
994 3766 1151 3823 calo.
1197 3767 1302 3824 Per
1327 3777 1493 3824 totum
1543 3771 1685 3826 enim
1729 3771 1876 3828 Novi-

316 3851 632 3916 Testamenti
667 3868 873 3928 tempus
900 3859 1074 3915 divina
1105 3860 1309 3930 eloquia
1355 3861 1505 3916 nobis
1556 3863 1860 3920 ministram-

319 3958 419 4003 tur.
450 3949 703 4004 Minutum
751 3963 873 4005 esse
925 3965 1115 4005 manna
1143 3950 1354 4005 dicitur.
1397 3951 1532 4019 Quid
1563 3955 1700 4007 enim
1755 3962 1856 4006 tam

316 4040 506 4104 subtile
530 4050 584 4094 et
629 4040 888 4100 minutum
917 4056 1071 4108 quam
1100 4042 1390 4107 spiritualis
1417 4043 1635 4096 sensus?
1663 4041 1855 4096 Caudi-
1892 4117 1895 4120 ί

296 4133 458 4199 dum,
489 4131 606 4200 quia
640 4131 778 4183 nulla
832 4131 1124 4199 ignorantia
1167 4131 1418 4186 fuscatur.
1461 4131 1647 4185 Manna
1699 4134 1857 4188 inter-

317 4229 544 4291 pretatur
569 4219 692 4293 quid
719 4228 790 4271 est
822 4219 956 4272 hoc!
981 4219 1111 4273 Cum
1131 4219 1372 4272 audimus
1403 4220 1570 4288 legem
1605 4221 1694 4275 Dei
1724 4225 1858 4277 reci-

316 4311 434 4373 tari.
473 4309 697 4364 dicimus
726 4308 990 4377 magistris
1023 4325 1036 4360 :
1069 4308 1204 4373 Quid
1244 4311 1356 4363 est?
1389 4308 1549 4364 Valde
1588 4320 1670 4366 Cal
1715 4314 1854 4367 enim

1973 1866 2031 1920 ln‘
2061 1867 2343 1937 Evangelio
2387 1872 2499 1925 hate
2559 1875 2828 1930 inveniunt
2878 1880 3118 1948 scripta:
3170 1880 3386 1945 Quando
3437 1899 3520 1935 ve-

1969 1971 2110 2024 spere
2151 1958 2359 2014 Sabbuli
2386 1964 2514 2016 venit
2550 1963 2722 2018 Maria
2754 1965 3083 2036 Hogdalena,
3131 1979 3177 2024 et
3202 1973 3364 2025 altera
3392 1971 3509 2024 llo-

1967 2046 2047 2098 ria
2066 2047 2231 2100 videre
2250 2051 2554 2117 sepulcrum,
2587 2063 2635 2106 et
2654 2063 2964 2109 terrentotus
3002 2059 3167 2127 factus
3188 2069 3260 2114 est
3283 2075 3513 2129 magnus.

1968 2131 2192 2205 Angelus
2210 2137 2342 2190 enim
2363 2138 2620 2194 descendit
2649 2142 2710 2196 de
2729 2145 2872 2210 culo,
2902 2156 2950 2212 et
2979 2147 3212 2202 custodes
3248 2150 3370 2215 [acti
3396 2154 3515 2204 sunt

1967 2222 2099 2277 velut
2119 2227 2320 2278 mortui.
2351 2227 2448 2282 Per
2477 2227 2590 2284 haec
2631 2232 2683 2286 in
2713 2248 2930 2303 vespere
2957 2236 3165 2304 agnitus
3191 2249 3269 2292 est
3296 2239 3364 2293 ab
3413 2240 3516 2295 l-Ic-

1967 2311 2158 2377 clesla,
2212 2315 2418 2383 agnitus
2471 2328 2553 2373 est
2617 2337 2710 2388 per
2763 2325 3028 2380 virtutem
3068 2330 3508 2396 resurrectionis,

1967 2416 2122 2458 mane
2151 2418 2272 2459 vero
2297 2406 2462 2475 gloria
2493 2408 2628 2462 illius
2663 2411 2770 2465 visa
2793 2421 2895 2466 est.
2927 2413 3056 2469 Cum
3087 2418 3356 2472 venissent
3394 2421 3512 2473 alia:

1968 2491 2216 2548 mulieres
2241 2497 2405 2562 prima
2435 2499 2646 2553 Sablrati
2690 2501 2839 2556 valde
2869 2518 3044 2568 mane,
3077 2506 3392 2562 invenerunt
3419 2525 3512 2562 an-

1965 2583 2109 2650 gelos
2135 2599 2251 2639 cum
2283 2588 2438 2642 nimia
2464 2589 2708 2646 'claritate
2735 2592 2966 2648 dicentes
2999 2614 3012 2647 :
3047 2596 3212 2651 Dicite
3252 2597 3512 2670 discipulis

1963 2673 2103 2726 illius
2150 2679 2270 2744 quia
2316 2681 2532 2734 surrexit
2566 2696 2598 2734 α
2647 2684 2878 2737 mortuis.
2909 2684 3030 2740 Visa
3058 2695 3137 2740 est
3177 2701 3305 2758 ergo
3347 2692 3511 2757 gloria

1964 2763 2256 2833 maiestatis
2286 2767 2493 2824 Domini
2541 2786 2716 2838 mane,
2739 2787 2857 2827 cum
2890 2789 2983 2841 per
3028 2778 3242 2847 angelos
3277 2779 3510 2832 nuntiata

1963 2863 2123 2909 esset.
2171 2856 2419 2926 Sequitur
2466 2877 2479 2914 :
2544 2859 2755 2930 Vespere
2791 2864 3156 2921 manduccbitis
3202 2883 3375 2922 carnes
3396 2908 3413 2934 ,
3463 2878 3513 2921 et

1964 2958 2108 2997 mane
2127 2946 2441 3015 replebirnini
2465 2951 2698 3027 panibus.
2726 2953 2806 3007 Ad
2840 2968 3115 3021 vesperum
3143 2955 3298 3026 hujus
3329 2958 3510 3012 mundi
3591 3023 3594 3027 ι

1964 3037 2176 3090 verbum
2204 3052 2328 3093 caro
2376 3025 2568 3093 laetum
2619 3047 2724 3108 est,
2753 3050 2807 3096 et
2855 3041 2945 3096 illa
2980 3057 3139 3098 carne
3175 3025 3508 3116 agnoscimus

1966 3125 2265 3197 Dominum,
2279 3144 2434 3197 quam
2458 3130 2690 3202 suscepit
2716 3146 2782 3187 es
2802 3131 3021 3204 virgine.
3045 3134 3180 3190 lslas
3202 3136 3345 3191 enim
3363 3138 3510 3192 verbi

1967 3217 2058 3272 Dei
2090 3234 2481 3286 carnes,nequc
2509 3237 2686 3290 mane,
2713 3238 2882 3294 neque
2896 3227 3116 3284 meridie
3143 3228 3332 3297 aliquis
3360 3245 3508 3284 man-

1962 3309 2192 3364 ducavit.
2222 3311 2299 3365 Ad
2344 3327 2620 3380 vesperum
2651 3314 2804 3383 hujus
2832 3318 3014 3370 mundi
3043 3318 3185 3371 venit
3214 3319 3453 3376 Christus
3484 3337 3500 3374 :

1964 3399 2068 3454 Sed
2093 3415 2258 3463 mane,
2289 3399 2476 3470 inquit,
2521 3402 2834 3471 replebintini
2878 3405 3110 3475 panibus.
3160 3407 3316 3464 Panis
3358 3412 3509 3480 nobis

1962 3490 2175 3544 verbum
2208 3490 2298 3546 Dei
2329 3499 2441 3558 est;
2490 3493 2599 3562 ipse
2625 3495 2758 3549 enim
2803 3505 2876 3551 est
2906 3498 3050 3566 ponis
3101 3501 3260 3568 uirus,
3312 3503 3395 3571 qui
3445 3503 3508 3558 de

1958 3579 2082 3632 coelo
2120 3579 2395 3646 descendit,
2427 3591 2481 3635 et
2526 3575 2745 3654 reliqua.
2789 3585 2896 3641 Sed
2921 3589 3059 3658 quod
3090 3589 3312 3655 dicitur,
3353 3607 3506 3646 mane

1959 3671 2070 3725 dari
2113 3673 2256 3728 hunc
2286 3689 2512 3741 panem,
2563 3690 2685 3729 cum
2724 3676 3006 3731 adventum
3057 3679 3193 3735 illius
3244 3681 3294 3734 in
3342 3671 3506 3737 Carne

1960 3759 2152 3814 factum
2201 3761 2490 3816 dixerimus
2511 3760 2576 3815 ad
2602 3778 2874 3830 vesperam
2906 3765 3030 3820 huic
3058 3767 3278 3832 mundo,
3307 3770 3502 3823 intelli-

1955 3851 2180 3920 gendum
2236 3859 2361 3920 puto
2414 3853 2553 3920 quod
2609 3853 2674 3908 ad
2728 3870 3004 3923 vesperum
3076 3859 3284 3929 quidem
3349 3861 3503 3933 hujus

1958 3940 2135 3993 mundi
2180 3940 2430 3996 Dominus
2467 3943 2642 4010 venit,
2696 3943 2787 3999 sed
2836 3945 3068 4001 adventu
3121 3965 3220 4004 suo
3262 3953 3398 4017 quod
3438 3953 3502 4004 ad

1957 4043 2259 4098 vesperum,
2282 4033 2399 4096 quia
2425 4032 2536 4099 ipse
2557 4033 2760 4100 justitia
2794 4045 2898 4099 est,
2927 4050 3115 4104 novum
3163 4041 3503 4095 credentibus

1955 4119 2216 4186 reparavit
2252 4119 2544 4186 diem,quia
2576 4135 2768 4175 novum
2792 4122 3021 4178 scientia:
3045 4124 3216 4180 lumen
3247 4131 3501 4184 ostendit.

1956 4197 2221 4273 Tanquam
2244 4207 2319 4263 sol
2340 4208 2562 4276 justitite
2588 4224 2740 4265 suum
2770 4226 2943 4279 mane,
2987 4217 3122 4283 quod
3153 4216 3307 4270 modo
3343 4215 3500 4270 nobis

1956 4297 2199 4365 produxit
2243 4296 2472 4362 radium,
2518 4307 2574 4353 et
2621 4299 2673 4354 in
2708 4302 2806 4355 hoc
2851 4317 3006 4357 mane
3059 4306 3322 4370 replentur
3357 4315 3494 4369 pane

315 4400 542 4465 subtilis,
569 4401 718 4470 quasi
750 4414 932 4456 semen
982 4399 1271 4460 coriandri.
1318 4399 1487 4454 liabet
1514 4399 1654 4455 enim
1695 4404 1746 4456 in
1798 4417 1854 4457 se

1964 4386 2044 4452 qui
2075 4397 2333 4456 praecepta
2359 4388 2670 4456 suscipiunt.
2697 4389 2803 4446 Nec
2833 4392 3094 4446 miremini
3131 4379 3248 4463 quia
3278 4392 3494 4448 verbum

316 4492 508 4560 aliquid
563 4493 767 4558 oleris,
819 4507 925 4556 quo
971 4492 1174 4547 nutrire
1234 4491 1472 4564 inﬁrmos
1518 4492 1702 4558 possit.
1754 4493 1855 4559 Qui

316 4581 452 4635 cnim
497 4577 735 4633 inﬁrmus
787 4588 869 4632 est
917 4579 1063 4633 olera
1088 4579 1389 4634 manducet.
1439 4578 1648 4647 Aliquid
1699 4581 1857 4635 habet

323 4667 548 4738 frigoris,
577 4675 632 4720 et
660 4664 778 4718 ideo
805 4676 863 4719 ut
893 4664 1078 4733 pruina
1102 4675 1202 4721 est.
1234 4666 1368 4732 Quid
1390 4674 1471 4720 est
1493 4674 1688 4732 autem,
1719 4678 1775 4721 ut
1803 4668 1855 4722 in

318 4756 400 4811 die
427 4756 555 4811 festo
601 4754 818 4822 duplum
864 4752 1172 4820 colligatur?
1223 4755 1416 4809 Sextus
1462 4755 1592 4817 dies,
1623 4771 1855 4824 praesens

322 4847 418 4897 vita
448 4855 528 4898 est
558 4843 612 4897 in
643 4857 742 4911 qua
773 4841 988 4909 duplum
1024 4840 1199 4909 colligi
1223 4842 1453 4909 jubetur.
1486 4846 1539 4896 ln
1571 4858 1666 4896 sea
1711 4844 1853 4898 enim

259 4927 264 4934 ’
319 4935 494 4987 diebus
513 4933 651 4988 Deus
676 4931 799 4987 fecit
821 4932 959 4985 hunc
976 4929 1243 4984 rnnudum.
1271 4931 1379 4983 liae
1407 4945 1534 4996 ergo
1549 4931 1634 4985 die
1649 4942 1852 4987 tantum

321 5028 605 5080 recondere
629 5027 882 5080 debemus
908 5035 1157 5093 quantum
1176 5022 1400 5079 sufﬁciat
1418 5024 1467 5077 in
1488 5025 1660 5079 futuro
1677 5027 1780 5082 die.
1797 5028 1853 5084 Si

317 5117 433 5186 quid
462 5114 599 5168 enim
629 5115 748 5186 boni
780 5117 953 5183 operis
982 5115 1068 5170 hic
1093 5114 1341 5186 acquiris,
1366 5112 1532 5167 hocin
1563 5115 1735 5169 loturo
1751 5131 1852 5169 sa:-

319 5208 433 5260 culo
464 5209 563 5258 erit
587 5205 679 5257 tibi
709 5204 879 5262 cibus.
914 5206 1060 5272 Quod
1089 5216 1261 5260 autem
1291 5204 1514 5258 seminat
1541 5207 1722 5271 homo,
1753 5205 1852 5261 hoc

319 5307 368 5349 et
395 5302 572 5348 metet.
607 5291 744 5360 Ergo
784 5308 887 5346 non
917 5295 1238 5351 seminemus
1285 5292 1421 5362 quod
1475 5297 1849 5362 corrumpitur,

320 5384 403 5440 scd
432 5382 570 5452 quod
604 5381 849 5450 perduret
875 5373 926 5436 in
969 5387 1276 5440 crastinum.
1323 5382 1471 5449 Quod
1507 5383 1736 5451 inﬁdeles
1763 5387 1852 5440 de-

320 5475 555 5542 fecerunt,
597 5480 912 5541 servaverunt
952 5475 1015 5526 de
1050 5490 1250 5537 manna,
1284 5481 1331 5526 et
1373 5470 1670 5526 ebullicrtmt
1699 5490 1760 5527 ea:
1795 5491 1853 5527 eo

319 5575 514 5624 termes,
537 5567 583 5612 et
607 5561 932 5626 computruit.
960 5561 1107 5626 Quod
1140 5566 1352 5632 propter
1381 5557 1662 5614 Sabbalum
1696 5578 1847 5630 περυ.

321 5653 531 5710 tuebatur
563 5666 665 5705 nun
697 5652 1159 5719 corrumpebatur;
1190 5654 1232 5709 si
1263 5661 1434 5708 autem
1478 5664 1688 5721 propler
1715 5669 1848 5723 pra:-

1956 4474 2069 4541 Dci,
2092 4487 2144 4529 et
2166 4491 2310 4542 caro,
2339 4486 2393 4532 et
2421 4479 2569 4545 panis
2594 4477 2831 4544 dicitur,
2860 4495 2979 4556 eum
3031 4482 3110 4537 lac
3151 4496 3198 4538 et
3239 4485 3379 4538 olera
3417 4482 3495 4536 di-

1953 4574 2137 4620 cantur
2175 4580 2271 4633 pro
2323 4580 2572 4621 mensura
2626 4569 2967 4626 sumentium.
3010 4573 3184 4627 Potest
3212 4589 3418 4644 quoque
3445 4585 3500 4632 et

1956 4655 2478 4727 ltocintelligl,qttod
2513 4666 2628 4723 post
2656 4662 3100 4717 resurrectionem
3137 4677 3309 4729 suam,
3339 4681 3498 4733 quam

1959 4759 2114 4799 mane
2142 4746 2472 4800 ostendimus
2489 4746 2702 4810 laetam.
2722 4751 2998 4806 credentes
3035 4754 3314 4821 repleverit
3351 4755 3496 4822 pani-

1955 4833 2070 4898 bus,
2104 4848 2197 4902 pro
2219 4835 2436 4903 ecquod
2463 4835 2624 4890 libros
2644 4839 2777 4910 legis
2801 4848 2855 4893 et
2881 4840 3260 4910 Prophetarum
3291 4847 3496 4914 ignotos

1953 4922 2161 4977 dederit
2189 4922 2360 4986 nobis,
2391 4920 2593 4994 ut'ipse
2618 4928 2691 4979 sit
2713 4928 2864 4993 panis
2888 4931 2938 4982 in
2973 4931 3287 4999 Evangelia;
3319 4937 3492 4989 exteri

1952 5012 2093 5077 libri,
2129 5013 2268 5081 leges
2317 5019 2372 5064 et
2411 5016 2786 5081 prophetarum
2837 5019 3044 5084 plurimi
3075 5033 3234 5088 panes
3284 5031 3489 5078 nnnCno

1952 5105 2057 5172 pati
2084 5111 2222 5167 sunt,
2251 5116 2318 5154 ea
2345 5105 2534 5172 quibus
2581 5105 2854 5172 replentur
2901 5105 3050 5178 justi,
3079 5118 3132 5163 et
3160 5110 3299 5164 illius
3338 5112 3490 5167 intel-

1953 5194 2116 5263 ligere
2145 5205 2446 5260 possumus,
2473 5193 2611 5262 quod
2642 5193 2925 5266 unicuique
2960 5206 3200 5252 nostrum
3233 5216 3385 5255 inane
3412 5216 3490 5256 car

1952 5293 2174 5351 tempus,
2208 5296 2310 5350 quo
2339 5283 2711 5346 illuminamur,
2740 5295 2794 5339 et
2821 5287 2885 5340 ad
2915 5288 3079 5341 lucem
3104 5288 3220 5342 ﬁdei
3251 5300 3482 5347 ascendi-

1949 5388 2094 5437 mus;
2122 5381 2176 5427 et
2203 5373 2253 5427 iu
2283 5375 2376 5430 illo
2395 5389 2550 5431 mane
2574 5389 2762 5432 carnes
2791 5376 2931 5433 verbi
2967 5377 3055 5432 Dei
3085 5383 3360 5438 comedere
3386 5394 3492 5439 non

1951 5480 2242 5535 possumus,
2272 5468 2320 5520 Id
2371 5477 2470 5532 est,
2512 5467 2752 5532 perfectae
2796 5470 3044 5524 doctrina:
3077 5474 3304 5530 nondum
3336 5493 3492 5544 capa-

1947 5572 2032 5611 ces
2066 5557 2356 5623 rxistimns,
2404 5557 2494 5611 sed
2550 5570 2664 5624 post
2693 5561 2856 5638 {longa
2905 5566 3174 5620 exercitia.
3219 5566 3348 5620 Cum
3380 5568 3486 5636 jam

1946 5649 2080 5703 enim
2115 5650 2334 5718 proximi
2357 5663 2536 5704 sumus
2561 5651 2622 5708 ad
2655 5665 2947 5721 veSperum,
2974 5665 3024 5709 ct
3043 5657 3104 5710 ad
3139 5657 3292 5713 linem
3317 5657 3478 5718 ἰυίιιιν
