3872 6262
479 311 584 365 315

975 305 1178 360 ΒΗ)Ᾰί
1223 305 1678 363 νειιιζιιειιιιιιε
1714 307 1999 364 ΟΡΕΒΒΜ

2142 309 2218 364 RS
2260 310 2321 363 II.
2365 340 2434 353 —
2475 312 2858 372 EXEGETICA
2899 318 3224 378 CBNUINA.

3637 324 3746 378 διε

480 416 916 478 imperfectionts,
948 423 1074 468 tunc
1113 417 1324 470 demum
1365 417 1666 482 solidiores,
1693 419 1796 473 cibi
1827 434 2050 487 capaces
2080 426 2124 481 Α
2156 421 2447 490 Christum,
2473 434 2530 479 ut
2566 425 2633 482 de
2656 429 2748 482 Illo
2777 429 2939 485 bibat.
2968 432 3138 488 Locus
3160 434 3247 488 ubi
3279 445 3435 502 petra
3468 453 3740 505 percus-a

479 507 776 562 existimas.
808 505 947 560 Istud
991 515 1192 575 autem,
1224 520 1377 575 prout
1404 513 1515 564 vult
1553 511 1934 581 unusquisque,
1967 525 2048 566 ta-

481 599 585 652 lent
626 611 869 664 saporem
924 597 1100 650 reddit
1131 612 1278 653 more
1323 599 1488 664 illius,
1525 601 1730 654 sienim
1759 601 2049 668 tribttlaris,

483 689 585 742 hoc
611 701 824 750 manna,
858 687 907 743 id
954 699 1056 749 est.
1090 691 1308 744 verbum
1353 690 1659 747 consolatur
1705 703 1779 757 te,
1819 693 2001 747 dicens
2034 711 2045 745 :
2089 680 2091 683 ’

477 775 579 832 Cor
621 778 890 832 contritum
939 789 985 833 et
1033 779 1354 833 humiliatum
1408 781 1542 834 Deus
1590 797 1692 834 non
1739 781 1952 845 spernit.
1990 782 2046 838 Si

482 868 768 924 iracundus
814 883 892 934 es,
926 869 1172 937 mitigans
1199 881 1250 924 te
1271 869 1402 924 dicit
1434 887 1451 926 :
1483 869 1667 926 Desine
1694 872 1935 933 abira,et
1957 873 2049 926 de-

480 959 704 1027 relinque
740 962 990 1029 furorem.
1021 957 1076 1013 Si
1122 972 1227 1013 non
1268 958 1431 1014 habes
1469 968 1524 1014 et
1559 974 1755 1015 cacus.
1803 959 2050 1014 Dominus

481 1049 739 1102 illuminat
776 1063 955 1103 cocos.
1009 1048 1188 1103 Potest
1231 1049 1446 1118 quidem
1497 1061 1551 1104 et
1602 1050 1875 1103 volucrum
1927 1063 2048 1102 t-sca

485 1138 681 1194 veteris
722 1139 854 1209 legis
896 1138 1196 1210 signiﬁcare
1224 1140 1455 1210 eloquia,
1487 1155 1607 1210 qua:
1649 1141 1896 1208 populum
1935 1154 2052 1194 car-

487 1231 683 1294 nalem,
727 1239 974 1300 tanquam
1003 1232 1271 1287 carnalem
1302 1233 1496 1297 elevat,
1545 1245 1639 1300 per
1669 1231 1825 1287 verba
1860 1231 2050 1287 divini-

483 1330 569 1371 lus
602 1321 781 1375 missa.
818 1321 916 1375 Per
939 1321 1168 1377 volatilia
1195 1323 1334 1378 unde
1360 1333 1413 1379 et
1437 1337 1655 1392 vespere
1684 1323 1898 1385 dantur.
1927 1323 2050 1393 quia

483 1422 673 1464 cuncta
697 1427 812 1480 qua:
838 1411 1119 1466 carnaliter
1144 1412 1358 1481 dantur,
1397 1413 1554 1468 linem
1601 1412 1819 1468 habent.
1853 1415 1894 1467 A
1935 1426 2050 1466 ma-

483 1500 675 1553 nifesto
707 1502 902 1555 lumine
929 1501 1069 1568 fidei,
1101 1502 1256 1557 datur
1284 1517 1473 1558 manna
1498 1503 1690 1572 popqu
1720 1502 1831 1570 Dei,
1864 1502 1916 1558 id
1945 1511 2048 1570 est,

479 1589 747 1653 Christus,
775 1592 861 1660 qui
891 1601 971 1644 est
1013 1592 1160 1659 panis
1203 1592 1374 1648 vivus.
1428 1593 1537 1648 lloc
1564 1602 1737 1648 autem
1774 1592 2050 1649 volucrum

2151 522 2232 566 est
2260 525 2474 570 vocatur
2501 516 2784 587 Tentatio;
2814 531 2866 575 et
2899 522 2949 578 in
2999 525 3113 579 loco
3162 528 3433 593 passionis
3462 541 3586 581 orta
3615 549 3740 584 nsa-

2151 617 2250 669 gna
2277 607 2519 673 tentatio,
2551 610 2762 676 quando
2784 611 3026 680 discipuli
3058 615 3200 668 illius
3224 632 3415 670 omnes
3444 622 3647 671 relicto
3675 641 3744 676 ro

2152 689 2412 756 fugerunt.
2446 694 2566 749 Post
2609 696 2724 754 haec
2750 698 2958 770 Moyses
2993 703 3230 757 ascendit
3261 704 3312 758 itt
3344 718 3620 767 montem.
3653 709 3742 764 Jo-

2148 794 2241 833 sus
2265 791 2444 835 contra
2474 783 2726 839 Amalech
2767 789 3014 856 pugnavit
3045 805 3060 843 :
3090 791 3215 861 quid
3254 808 3349 860 per
3382 795 3488 848 hoc
3515 797 3740 862 signiti-

2149 877 2318 932 calur,
2351 870 2450 924 nisi
2480 873 2600 940 quia
2635 873 2862 945 Moyses,
2897 877 2945 930 id
2974 889 3056 933 est
3088 879 3193 944 lex,
3226 895 3330 934 non
3353 884 3536 951 potuit
3563 886 3740 948 imps-

2150 955 2354 1014 dientes
2383 961 2484 1015 iter
2524 973 2762 1018 nostrum
2809 967 3150 1024 adici-sarias
3197 986 3554 1039 expugnare;
3603 977 3741 1030 sibi

2150 1048 2290 1140 enim
2320 1049 2384 1106 ad
2414 1052 2702 1121 perlectum
2732 1057 2977 1125 perduxit
3020 1060 3129 1127 lex,
3158 1065 3249 1116 sed
3279 1065 3441 1120 Jesus
3471 1073 3740 1140 pugnavit

2151 1145 2206 1190 et
2223 1137 2360 1201 vicit,
2390 1143 2478 1208 qui
2502 1151 2585 1196 est
2613 1143 2860 1200 Salvator
2889 1159 3086 1204 uoster.
3126 1149 3328 1222 Ηοςεα
3355 1160 3498 1208 stetit
3529 1137 3588 1211 in
3620 1177 3736 1212 srr-

2150 1229 2245 1281 tt'ce
2273 1232 2434 1296 collis,
2469 1233 2570 1288 hoc
2589 1245 2693 1302 est,
2730 1237 2813 1292 lex
2841 1241 3012 1310 surgit
3037 1243 3088 1294 in
3110 1243 3442 1310 spiritualem
3460 1264 3688 1303 sensum
3717 1270 3734 1314 ;

2149 1327 2197 1370 et
2235 1318 2287 1371 in
2332 1319 2552 1388 lapidem
2591 1326 2740 1387 sedit,
2769 1326 2870 1382 hoc
2908 1338 3013 1394 est,
3045 1331 3096 1383 in
3148 1331 3380 1386 Ecclesia
3415 1339 3732 1402 requiescit.

2153 1407 2301 1474 Quod
2327 1421 2502 1464 autem
2529 1414 2789 1482 sequitur,
2818 1415 3002 1472 Manus
3043 1418 3214 1491 Moysi
3241 1434 3385 1476 erata
3422 1443 3629 1494 graeca.
3660 1436 3735 1482 si-

2152 1500 2361 1567 gniﬁcat
2404 1502 2523 1572 quin
2574 1519 2854 1574 peccantes
2882 1525 3121 1580 quosque
3165 1529 3269 1568 non
3301 1518 3734 1574 misericorditer

2151 1591 2388 1658 protulit,
2415 1596 2506 1647 sed
2529 1607 2713 1649 severa
2740 1596 3073 1654 districtione
3097 1607 3379 1671 percussit.
3407 1609 3589 1661 Aaron
3619 1626 3735 1662 erro

483 1696 647 1750 genus
677 1682 812 1754 apud
843 1681 1094 1738 Hebraeos
1123 1691 1344 1739 vocatur
1371 1682 1633 1749 coturnix,
1664 1682 1802 1752 apud
1829 1681 2050 1738 Graecos
2082 1751 2121 1766 η
2153 1690 2200 1733 et
2246 1679 2320 1734 Ur
2347 1685 2687 1740 sustinuerunt
2714 1705 2894 1745 manus
2921 1692 3080 1745 illius.
3139 1695 3312 1750 Aaron
3343 1697 3734 1766 interpretatur

483 1751 846 1839 ortigometra,
878 1772 987 1826 avis
1018 1773 1219 1828 marina
1251 1774 1300 1827 in
1349 1773 1558 1829 Latina.
1600 1774 1703 1829 Alii
1743 1774 1924 1828 dicunt
1953 1788 2047 1843 per
2076 1751 2124 1810 Β
2153 1784 2306 1860 illo"!
2352 1771 2705 1844 ίοηὶιυάίηίες
2752 1779 2846 1846 υτ.
2878 1782 3032 1850 ίϐιιίεο
3080 1785 3230 1840 Μοηε
3271 1751 3733 1860 Hannibal—tiu;

483 1864 786 1915 cuturnlces
837 1861 1216 1918 humanitatem
1260 1863 1457 1917 Christi
1491 1877 1646 1931 posse
1689 1864 1932 1934 intelligi,
1959 1877 2054 1931 per

487 1965 703 2015 manna,
748 1951 913 2022 ipsius
959 1952 1308 2009 divinitatem.
1351 1954 1582 2019 Vespere
1625 1955 1765 2010 enim
1807 1955 2048 2011 coturnix

487 2043 801 2111 percutitur,
833 2043 1046 2110 quando
1075 2045 1251 2099 carnis
1277 2045 1470 2099 Christi
1499 2044 1821 2100 occisionem
1847 2045 2050 2117 signili-

488 2140 594 2186 cat.
627 2132 778 2186 Mane
803 2147 994 2187 manna
1021 2133 1347 2188 divinitatem
1376 2135 1584 2203 corpori
1611 2135 2046 2204 praecellentiam,

489 2220 643 2274 nobis
673 2221 982 2290 mysterium
1015 2223 1309 2291 sapientis,
1335 2234 1388 2278 et
1430 2225 1668 2291 corporis
1709 2225 1905 2280 Christi
1949 2241 2046 2278 no-

493 2316 688 2375 tantur,
725 2309 895 2364 donec
937 2310 1004 2364 de
1053 2311 1245 2364 tnttudo
1285 2324 1339 2366 et
1365 2326 1458 2380 per
1489 2312 1806 2379 baptismum
1855 2313 2050 2367 exieri-

489 2415 634 2467 mus;
680 2404 818 2458 sicut
859 2405 1052 2474 populo
1092 2405 1318 2474 quanditt
1359 2405 1454 2459 itttt
1501 2403 1830 2474 tnIEgypto,
1859 2418 2049 2458 manna

486 2507 592 2546 nun
637 2494 810 2548 datur.
849 2494 1036 2549 Manna
1079 2497 1185 2564 pilo
1231 2505 1459 2560 tonsum,
1511 2510 1706 2564 corpus
1755 2493 1951 2549 Christi
1996 2495 2047 2548 in

480 2596 638 2638 cruce
664 2583 959 2652 signiilcat;
989 2587 1039 2638 in
1065 2585 1171 2650 die,
1203 2587 1253 2640 id
1287 2596 1392 2652 est,
1424 2599 1581 2650 novo,
1617 2594 1670 2638 ιιι
1691 2586 1899 2649 dicitur,
1920 2584 2050 2639 Filii

477 2673 606 2728 lucis
652 2676 791 2741 estis,
817 2685 867 2730 et
899 2677 1116 2746 reliqua,
1153 2692 1317 2746 usque
1363 2679 1542 2731 noctis.
1586 2677 1771 2732 Manna
1808 2675 1965 2746 justis
1993 2685 2048 2732 et

479 2764 688 2829 injustis
732 2766 973 2830 traditur,
1017 2767 1093 2820 sic
1121 2775 1177 2822 et
1205 2767 1424 2822 verbum
1471 2767 1560 2822 Dei
1590 2767 1838 2821 omnibus
1867 2768 2041 2821 datur.

477 2853 614 2909 Caro
639 2864 817 2911 autem
847 2871 1064 2924 vespere
1085 2856 1205 2912 data
1229 2857 1494 2928 siguilicat
1518 2861 1656 2928 quod
1686 2858 1899 2922 dicitur,
1925 2857 2044 2914 Scio

476 2945 611 3013 quod
640 2960 738 2998 non
767 2956 837 2999 est
864 2949 1048 3006 bonum
1075 2949 1128 3002 in
1171 2963 1324 3003 carne
1367 2965 1499 3004 mea.
1554 2949 1710 3003 l‘anis
1740 2962 1895 3003 mane
1933 2946 2045 3002 ani-

2150 1855 2507 1919 I‘ortitudinem
2533 1906 2549 1931 ,
2599 1869 2859 1937 signiﬁcat
2901 1873 3170 1930 Christum
3222 1894 3236 1930 :
3291 1855 3406 1946 ipse
3449 1895 3533 1934 cst
3561 1855 3728 1936 ,ιιιιξιιι

2149 1967 2323 2020 mons,
2357 1959 2604 2025 praicisus
2657 1962 2789 2030 lapis
2829 1965 2897 2020 de
2941 1978 3120 2023 monte
3164 1970 3280 2026 sine
3325 1973 3596 2038 manibus,
3639 1976 3730 2044 qui

2149 2044 2315 2097 crevit
2360 2046 2409 2099 in
2460 2058 2690 2103 montetn
2743 2068 3009 2122 magnum.
3056 2058 3194 2126 ignis
3233 2069 3410 2114 autem
3464 2062 3728 2128 Sptr’itutu

2150 2145 2386 2191 sanctum
2414 2139 2694 2208 signiﬁcat,
2728 2142 2795 2197 tle
2837 2160 2944 2214 quo
2983 2146 3194 2216 dicitur,
3228 2147 3410 2220 Ignem
3453 2157 3564 2205 veni
3613 2159 3727 2207 uit-

2151 2232 2268 2278 tere.
2301 2227 2469 2279 Aaron
2508 2243 2623 2282 vero
2671 2242 2717 2284 et
2759 2230 2833 2286 Ur
2877 2236 3119 2289 sustinent
3164 2254 3342 2292 manus
3377 2239 3568 2310 Moysi,
3603 2248 3723 2310 qui]

2151 2313 2410 2369 mediator
2434 2316 2524 2372 Dei
2553 2326 2607 2372 et
2655 2319 2928 2374 hominum
2973 2338 3093 2377 cum
3139 2325 3259 2393 igne
3289 2327 3521 2394 Spiritus
3550 2334 3724 2387 sancti

2150 2406 2395 2471 veniens,
2437 2407 2681 2462 mandata
2723 2410 2857 2479 legis
2904 2416 3105 2480 gravia,
3149 2429 3268 2486 qua:
3298 2422 3588 2474 carnaliter
3619 2440 3723 2479 non

2151 2506 2435 2563 potuerunt
2479 2501 2701 2568 portari,
2749 2503 3100 2558 tolerabiliora
3153 2508 3305 2562 nobis
3344 2525 3440 2577 per
3469 2514 3721 2581 spiritua-

2151 2584 2252 2637 Iem
2282 2600 2497 2641 sensum
2527 2591 2779 2646 ostendit.
2804 2590 3006 2662 Magne
3031 2607 3206 2652 autem
3232 2600 3612 2659 admirationis
3641 2617 3721 2661 est

2149 2676 2357 2745 Moyses
2391 2679 2499 2735 Deo
2529 2684 2736 2752 plenus,
2766 2687 2855 2755 qui
2885 2703 3006 2741 cum
3042 2688 3150 2745 Deo
3180 2693 3312 2747 lacie
3333 2694 3400 2748 ad
3431 2695 3620 2752 faciem
3647 2699 3720 2753 lo-

2145 2766 2424 2834 quebatur.

2345 2935 2350 2939 _
2707 2861 2935 2920 capur
2962 2865 3140 2924 xvtn.

2217 2945 2298 2999 Ab
2339 2948 2543 3016 .letltro,
2577 2949 2678 3006 hoc
2720 2963 2803 3008 est
2839 2955 2908 3010 ab
2937 2955 3152 3014 homine
3195 2962 3407 3031 gentili,
3437 2967 3715 3020 consilium

477 3047 615 3087 mam
649 3035 872 3089 lucidam
900 3037 1156 3104 ostendit,
1184 3038 1356 3092 simile
1380 3053 1500 3092 cunt
1531 3037 1709 3099 melle,
1737 3037 1786 3090 id
1825 3047 1927 3102 est,
1958 3037 2042 3092 lito
2066 3084 2116 3150 Ο
2146 3035 2371 3104 accepit,
2405 3045 2458 3092 et
2488 3039 2610 3093 fecit
2640 3043 2815 3100 (lunia
2856 3060 3186 3117 quaecunque
3210 3049 3450 3117 diceret;
3484 3056 3577 3107 sed
3612 3056 3717 3108 lor-

477 3128 605 3150 Ine-na
634 3135 750 3150 Λιιηι
779 3135 935 3150 ιιΑ-ιιιι
983 3123 1168 3150 "an..-
1193 3133 1368 3150 (aa-llam
1392 3125 1710 3150 nn-n.'---t--A
1737 3126 1875 3150 2η...-
1897 3139 2038 3150 ..---
2147 3139 2281 3150 ...ι-μ.
2311 3129 2615 3150 s.--..-:l:._.:_
2713 3135 2722 3144 -
2802 3136 2813 3146 ~
2858 3135 2889 3150 ιι
3013 3137 3027 3150 ι
3074 3149 3079 3150 ,
3214 3141 3233 3150 -
3359 3145 3371 3150 -
3706 3149 3713 3150 ,

477 3128 606 3174 terte
633 3135 752 3174 cum
778 3135 958 3176 sensu.
983 3123 1171 3176 Manna
1192 3133 1369 3178 autem
1392 3125 1712 3180 manducare
1737 3126 1875 3179 inter
1897 3139 2042 3182 mare
2066 3123 2116 3150 ν
2145 3139 2283 3178 mam
2310 3129 2620 3185 humilitatis
2647 3135 2972 3202 principibus
2994 3137 3104 3202 dat,
3129 3150 3184 3196 et
3211 3141 3372 3197 Iuturi
3394 3149 3715 3200 sacramenti

477 3207 736 3276 Iittbrum,
765 3219 818 3264 et
839 3218 1035 3266 terram
1065 3209 1298 3282 Egypti,
1340 3221 1395 3267 et
1420 3216 1622 3280 Arnon,
1653 3225 1706 3270 et
1731 3214 2039 3284 Jordanem,

474 3308 527 3352 et
562 3307 754 3353 teriam
781 3299 1063 3367 Chanaan;
1105 3299 1157 3355 id
1187 3308 1291 3370 est,
1338 3302 1473 3359 inter
1499 3303 1753 3359 mundum
1785 3313 1840 3360 et
1872 3305 2041 3376 bapti-

473 3406 670 3457 sinum,
712 3399 767 3470 et
794 3394 1182 3462 penitentiam,
1227 3401 1282 3450 et
1313 3396 1485 3466 ignem
1513 3395 1696 3465 judicli
1741 3407 1794 3453 et
1820 3413 2039 3470 regnum

474 3482 714 3534 caeleste.
748 3469 927 3537 Potest
953 3498 1160 3552 quoque
1187 3493 1370 3539 sextus
1412 3484 1548 3552 dies,
1593 3488 1646 3542 in
1693 3503 1798 3555 quo
1823 3469 2038 3560 duplum

474 3571 645 3640 colligi
671 3571 905 3638 jubetur,
949 3583 1151 3628 sextam
1195 3583 1404 3629 aetatem
1445 3575 1600 3646 hujus
1631 3579 1809 3634 mundi
1835 3580 2038 3648 signiti-

471 3678 614 3726 care,
648 3663 698 3716 in
743 3679 843 3733 qua
886 3679 1070 3719 sumus
1118 3681 1276 3722 nunc.
1313 3666 1367 3722 ltt
1396 3668 1623 3740 quinque
1651 3671 1789 3726 enim
1828 3673 2036 3740 diebus,

476 3755 574 3809 hoc
597 3765 679 3810 est
707 3758 990 3825 praeteritis
1018 3759 1344 3827 temporibus
1376 3761 1527 3831 hujus
1549 3763 1750 3830 mundi,
1779 3765 1844 3818 ab
1870 3765 2036 3819 Adam

473 3860 639 3915 usque
667 3847 719 3902 in
759 3848 1036 3913 diluvium,
1076 3864 1106 3902 a
1135 3848 1336 3904 diluvio
1371 3852 1423 3905 in
1469 3850 1755 3920 Abraham,
1782 3852 1850 3906 ab
1873 3853 2037 3908 Abra-

471 3937 590 3992 ham
621 3935 673 3989 in
706 3937 944 4008 Moysen,
974 3952 1004 3991 a
1048 3937 1227 4008 Moyse
1273 3955 1439 4009 usque
1472 3942 1538 3996 ad
1579 3942 1760 4008 David,
1806 3958 1834 3998 a
1871 3943 2033 3999 David

471 4027 523 4079 itt
556 4018 820 4080 Christum
851 4041 946 4095 pro
977 4027 1254 4082 mundanis
1278 4032 1570 4085 commodis
1605 4033 1907 4088 serviebant
1939 4033 2035 4089 bo-

471 4132 660 4184 tumes,
686 4127 744 4172 ut
767 4119 902 4174 bona
931 4119 1328 4176 mantlucarent.
1358 4111 1462 4177 Nos
1483 4133 1680 4190 autem,
1703 4125 1892 4193 quibus
1922 4143 2029 4182 nott

473 4209 687 4275 praemia
716 4208 1005 4277 mundana,
1036 4211 1129 4266 sed
1158 4226 1377 4281 regnum
1407 4214 1662 4268 ctelorut'n
1703 4217 2031 4284 promittitur

471 4301 522 4352 itt
569 4301 669 4355 hoc
711 4309 863 4356 sexto
903 4301 1014 4367 die,
1054 4302 1105 4356 id
1146 4313 1248 4369 est,
1290 4318 1319 4356 a
1348 4303 1559 4360 Christo
1580 4321 1744 4374 usque
1788 4309 1840 4362 in
1869 4308 2026 4364 linem

472 4389 627 4457 hujus
653 4389 856 4456 mundi,
888 4390 1106 4461 duplum
1127 4392 1463 4463 colligimus;
1492 4395 1612 4463 quia
1643 4410 1746 4449 non
1777 4399 1945 4451 solum
1973 4400 2023 4453 in
2053 4428 2106 4490 ο

469 4480 738 4546 ρτιιοιεηιὶ,
778 4479 872 4534 sed
913 4481 1073 4535 etiam
1103 4483 1328 4537 luturam
1377 4486 1611 4552 requiem
1640 4486 1795 4543 nobis
1825 4503 2028 4558 praepa-

467 4586 664 4629 rantus.
704 4573 901 4630 Gomor
937 4583 1112 4630 autem
1161 4576 1288 4631 illud
1318 4578 1460 4647 quod
1508 4580 1800 4648 repositum
1838 4593 1940 4644 est.
1970 4593 2028 4639 ut

465 4675 798 4732 permaneret
834 4667 906 4722 ibi
944 4681 1123 4723 coram
1164 4668 1387 4724 Domino
1415 4670 1466 4724 in
1506 4674 1844 4738 praeputium,
1873 4674 2026 4728 nimi-

466 4769 583 4808 rum
619 4755 878 4822 signiﬁcat
900 4773 1092 4827 corpus
1119 4757 1341 4827 Christi,
1372 4775 1488 4828 quae
1528 4761 1635 4816 Deo
1675 4763 1915 4831 copulata
1966 4781 2026 4820 se

467 4846 674 4902 nescire
702 4847 889 4901 nescit.

1025 4937 1249 4995 CAPUT
1284 4939 1443 4996 XVII.

537 5027 733 5082 Dehinc
762 5033 904 5096 petra
948 5039 1196 5095 percussa
1226 5044 1416 5098 aquam
1449 5035 1672 5100 vomuit,
1723 5051 1838 5104 qua:
1867 5037 2021 5090 Chr-i—

463 5129 602 5172 stum
642 5117 902 5182 signilicat
931 5134 944 5171 :
978 5130 1258 5186 percussus
1293 5123 1434 5174 enim
1467 5124 1708 5179 Christus
1746 5143 1800 5180 in
1841 5144 2016 5194 cruce,

463 5209 758 5264 sitientibus
789 5212 970 5280 gratia:
1001 5221 1272 5266 lavacrum
1303 5213 1508 5271 eliudit.
1547 5215 1698 5272 Petra
1719 5231 1904 5285 autem,
1940 5222 2020 5274 in-

463 5304 578 5371 quit
608 5305 908 5373 Apostolus,
929 5315 1032 5358 erat
1060 5305 1313 5360 Christus.
1343 5305 1493 5373 Quod
1525 5319 1697 5361 autent
1731 5321 2021 5365 murmurat

460 5395 681 5463 populus
699 5397 882 5452 sitiens
907 5409 1086 5451 contra
1113 5399 1346 5470 Moysen,
1367 5409 1420 5452 et
1454 5401 1683 5454 ostendit
1713 5403 1788 5457 eis
1817 5415 2015 5472 petram

459 5488 526 5539 tle
553 5501 651 5554 qua
680 5487 878 5552 bibant,
905 5487 1169 5559 signiﬁcat
1192 5492 1332 5561 quod
1373 5493 1415 5544 si
1446 5493 1562 5562 quis
1589 5502 1768 5547 contra
1801 5495 2014 5566 Moysen

2142 3213 2387 3288 designat
2430 3217 2736 3290 imaginem.
2781 3223 3038 3282 Futurum
3064 3231 3208 3286 enim
3245 3241 3364 3287 erat
3393 3237 3717 3304 quandoque

2142 3307 2279 3396 quod
2301 3324 2402 3373 per
2432 3312 2677 3380 pepulttm
2707 3328 2772 3369 es
2792 3317 3036 3381 gentibus
3065 3331 3446 3392 congregatum
3472 3325 3560 3379 illa
3587 3342 3707 3396 qua

2143 3394 2194 3448 in
2245 3397 2360 3466 lege
2403 3398 2624 3454 deerant
2677 3404 3090 3474 complerentur,
3132 3409 3369 3480 legisque
3425 3394 3712 3470 diminutio

2141 3501 2458 3558 suggerente
2488 3492 2775 3564 Evangelio
2803 3500 3180 3568 compleretur.
3225 3503 3377 3570 Quod
3409 3517 3585 3562 autem
3611 3509 3708 3564 Je-

2141 3579 2253 3635 tltro
2278 3585 2486 3636 adducit
2508 3585 2575 3638 ad
2594 3585 2804 3656 Moysen
2827 3587 3132 3660 Sep/rorant,
3155 3601 3202 3647 et
3222 3605 3492 3666 utrumque
3520 3599 3708 3666 ﬁliam,

2139 3671 2400 3740 signiﬁcat
2462 3676 2583 3742 quia
2642 3677 2812 3734 Sancti
2860 3681 3231 3748 praedicatores
3296 3685 3587 3757 Ecclesiae,
3655 3702 3709 3744 et

2141 3772 2422 3834 utrumque
2468 3765 2632 3822 lilium
2675 3785 2738 3824 es
2780 3780 3002 3840 utroque
3047 3778 3238 3845 popqu
3282 3789 3562 3847 propterea
3594 3792 3706 3836 tum

2139 3852 2492 3919 producerent
2521 3855 2585 3908 ad
2615 3855 2853 3909 divinam
2901 3859 3092 3928 legem,
3137 3877 3364 3931 quorum
3392 3869 3615 3923 consilio
3653 3879 3708 3924 et

2137 3943 2571 4014 interpretatione
2609 3949 2797 4004 eadem
2827 3952 2911 4006 lex
2943 3955 3371 4013 conﬁrmaretur.
3409 3960 3508 4016 Per
3537 3966 3706 4017 tril-u-

2143 4053 2240 4092 nos
2270 4051 2445 4095 autem
2476 4042 2845 4112 signiﬁcantur
2867 4046 2899 4099 ii
2929 4048 3017 4116 qui
3049 4057 3155 4103 tres
3182 4050 3323 4117 leges
3345 4053 3586 4122 implent,
3621 4058 3700 4110 rei

2133 4130 2220 4196 qui
2267 4134 2490 4188 credunt
2535 4133 2865 4190 Trinitatem.
2924 4139 3023 4194 I'er
3066 4143 3404 4197 centuriones
3459 4160 3696 4215 qucque,

2135 4223 2386 4290 perfecti;
2419 4239 2515 4292 per
2558 4226 3035 4296 quinquagenarius
3082 4240 3133 4285 et
3182 4233 3432 4301 decanos,
3475 4235 3696 4292 Decalo-

2131 4327 2252 4382 gum
2281 4313 2582 4383 implentes.

2710 4406 2936 4464 CAPUT
2973 4410 3113 4465 XIX.

2238 4494 2454 4560 Quando
2481 4500 2780 4563 portaverim
2803 4516 2890 4553 vos
2924 4518 3076 4568 super
3096 4503 3204 4556 alas
3225 4505 3530 4572 aquilarum.
3560 4510 3689 4573 Alc,

2127 4582 2175 4636 id
2207 4595 2287 4638 est
2315 4585 2524 4655 Moyses
2553 4595 2606 4641 et
2630 4590 2828 4642 Aaron.
2861 4590 2940 4644 Ad
2965 4607 3175 4646 sensum
3217 4603 3391 4648 autem
3431 4597 3547 4651 dur
3571 4602 3687 4665 alr,

2128 4671 2177 4725 id
2206 4683 2288 4727 est
2310 4674 2425 4727 dua:
2449 4675 2625 4744 leges;
2659 4679 2827 4746 aquila
2859 4695 2984 4734 vero
3012 4680 3257 4737 Christus
3285 4694 3384 4738 est.
3421 4685 3598 4741 Cauete
3625 4705 3686 4741 ns

2123 4765 2408 4817 ascendatis
2437 4769 2486 4818 in
2516 4779 2750 4834 montem,
2785 4770 2832 4822 id
2885 4779 2967 4824 est
3015 4773 3063 4825 itt
3106 4776 3592 4844 congregationem,
3632 4778 3684 4833 in

2128 4852 2436 4916 Ecclesiam,
2469 4869 2529 4907 ne
2555 4858 2774 4925 tangatis
2804 4857 2953 4925 ﬁnem
2985 4858 3146 4925 illius,
3175 4862 3225 4915 id
3271 4873 3353 4917 est
3378 4873 3487 4919 tres
3513 4867 3682 4919 multi.

2125 4943 2351 4996 tudines.
2383 4944 2547 5000 Morte
2578 4947 2834 5011 morietur,
2863 4949 2961 5003 hoc
2987 4960 3087 5016 est,
3120 4952 3172 5007 in
3205 4955 3516 5020 pcenitentia
3537 4975 3550 5021 ;
3575 4972 3683 5011 ποις

2124 5049 2222 5087 nus
2250 5051 2352 5090 non
2385 5045 2563 5106 tanget
2591 5037 2761 5104 illum,
2803 5038 2854 5094 id
2883 5051 2965 5094 est
2999 5056 3130 5106 opus
3163 5042 3474 5111 humanum,
3499 5047 3588 5101 sed
3611 5050 3682 5101 la-

2123 5126 2321 5192 pidibus
2351 5127 2610 5197 obruetttr,
2652 5129 2702 5182 id
2733 5139 2816 5184 est
2850 5131 3223 5199 Testimoniis;
3253 5135 3354 5190 sive
3369 5139 3676 5207 jumentttm,

2123 5217 2171 5269 id
2217 5228 2297 5271 est
2321 5220 2549 5285 gentilis,
2585 5221 2664 5274 vel
2709 5220 2999 5288 insipiens;
3046 5224 3149 5276 sive
3186 5224 3355 5291 homo,
3389 5228 3441 5280 id
3470 5239 3551 5281 est
3587 5228 3677 5282 Ju-

2120 5309 2265 5363 dreus
2313 5313 2389 5365 vel
2435 5315 2684 5380 sapiens;
2728 5314 2946 5368 buccina
2991 5316 3204 5370 verbum
3255 5317 3345 5373 Dei
3393 5319 3672 5390 signiﬁcat.

2123 5399 2260 5456 Tunc
2291 5405 2526 5478 ascendit
2573 5405 2623 5458 in
2651 5417 2890 5459 montem.
2939 5406 3039 5461 Per
3079 5407 3181 5464 hoc
3205 5413 3498 5466 ostenditur
3535 5415 3671 5476 Quod

2120 5494 2257 5549 Deus
2305 5497 2667 5551 multitudines
2706 5498 2755 5552 in
2803 5499 3038 5554 Ecclesia
3071 5502 3273 5557 invitat.
3325 5503 3672 5570 Sanctiﬁccvit

458 5588 770 5642 murmurat,
805 5579 853 5631 id
884 5589 984 5640 est,
1012 5581 1149 5634 sicut
1191 5581 1273 5636 lex
1303 5598 1419 5650 quae
1462 5583 1751 5638 secundum
1788 5587 2013 5641 litteram
2118 5587 2282 5652 illum,
2318 5589 2364 5640 id
2389 5598 2465 5641 est
2490 5589 2951 5653 immolationibus,
2980 5593 3058 5646 vel
3083 5593 3501 5648 circumcisione.
3534 5593 3668 5647 Sau-

457 5670 720 5738 displicet,
771 5673 998 5726 ostendit
1048 5674 1122 5729 illi
1171 5677 1354 5730 eadem
1405 5677 1485 5731 lcx
1534 5687 1757 5748 petram,
1811 5679 1861 5734 id
1909 5691 2009 5748 est,

2115 5678 2364 5735 ctiﬁcavit
2389 5679 2529 5736 enim
2560 5680 2913 5748 circumcisio,
2945 5683 3237 5752 purilicavit
3280 5685 3388 5752 lex,
3413 5682 3668 5755 justtlica-
