3872 6262
130 281 270 377 ’δι-ι

945 308 1008 365 IN
1048 294 1600 365 rsursreucnuu
1641 299 2136 357 conueu'rsuu.
2174 330 2243 345 -ρ
2287 303 2572 359 exosus.

3290 310 3392 366 318

168 432 244 487 vit
286 429 487 498 gratia;
533 435 580 480 et
609 423 866 478 descendit
907 421 1126 492 Moyses,
1160 421 1210 475 id
1254 429 1336 475 est
1379 419 1620 473 Christus
1666 415 1734 469 de
1762 423 1811 478 Α
1840 413 1996 468 d.hus
2022 415 2238 470 claritas
2270 417 2671 478 miraculorum;
2700 416 2752 469 lu
2775 431 2907 470 sono
2933 430 3106 472 autem
3137 421 3372 479 buecinze

163 523 329 583 calo,
358 530 414 574 ut
456 518 540 573 lex
589 516 654 569 de
697 514 930 569 Ecclesia
976 513 1040 566 ad
1090 510 1392 582 coniugium
1417 510 1731 564 discernen-

165 613 319 666 dutn.
369 609 470 664 Per
513 607 886 662 vestimentum
936 618 1096 672 opera
1126 601 1504 672 signiﬁcantur.
1554 600 1620 654 In
1649 601 1731 654 die

165 701 336 765 tertio,
369 699 420 753 id
451 708 533 752 est
574 698 624 751 in
658 697 771 766 lege
805 696 957 759 novi;
991 695 1070 748 vel
1112 695 1163 748 in
1188 707 1349 763 opere
1385 701 1501 761 post
1530 692 1730 759 cogita-

167 789 368 844 tionem
389 797 443 844 et
467 788 718 851 verbum;
745 785 824 839 vel
854 784 905 838 in
938 785 1040 838 ﬁde
1063 783 1352 838 Trinitatis.
1379 781 1527 849 Quod
1551 791 1728 836 autem

164 879 318 944 dicit,
347 877 430 933 Nc
454 876 865 947 appropinquans
893 874 1154 936 uxoribus,
1181 873 1441 942 signiﬁcat
1478 873 1603 940 quia
1633 871 1731 924 Ec-

165 969 336 1025 clesia
383 967 684 1036 coniugium
734 965 908 1033 ejecit.
965 965 1132 1018 Aliter
1181 978 1275 1032 per
1321 976 1516 1015 uxores
1555 963 1730 1014 omnis
1764 961 1778 969 “

167 1057 387 1114 mollitia
416 1057 742 1126 voluptatum
772 1055 1102 1122 designatur.
1133 1051 1352 1120 Quando
1381 1061 1554 1105 autem
1583 1050 1725 1119 Moy-

167 1162 257 1202 ses
289 1148 355 1201 de
386 1156 565 1201 monte
584 1144 875 1210 descendit,
923 1146 1181 1213 signiﬁcat
1209 1142 1374 1210 legem
1403 1141 1728 1194 descenden-

169 1250 301 1300 tem,
336 1238 416 1292 vel
448 1236 714 1291 Christum
746 1235 813 1288 de
843 1234 1001 1297 caelo,
1043 1235 1121 1286 vel
1144 1242 1381 1286 sanctum
1409 1230 1475 1286 de
1503 1233 1725 1283 summi-

167 1338 280 1383 tate
307 1328 656 1394 pcrlectorum
679 1339 896 1392 operum
922 1324 986 1376 ad
1015 1322 1173 1375 vitam
1203 1324 1487 1378 actualem.
1523 1322 1567 1375 Μ
1594 1335 1728 1390 nyses

163 1417 369 1471 scilicet
418 1416 692 1470 historiam
739 1414 984 1482 populum
1018 1422 1205 1476 vocat,
1249 1412 1332 1467 lex
1375 1425 1427 1467 et
1479 1409 1726 1465 Dominus

165 1503 410 1561 Christus
442 1507 743 1561 universum
769 1509 1046 1569 mundum,
1077 1514 1289 1558 sanctos
1328 1503 1461 1557 alios
1492 1502 1543 1556 in
1573 1517 1724 1556 suum

163 1598 489 1664 exemplum,
519 1597 596 1651 sic
638 1607 692 1650 et
735 1610 922 1649 sensus
972 1595 1142 1649 bonus
1187 1594 1318 1649 alios
1365 1594 1417 1648 in
1465 1608 1523 1649 se
1553 1603 1720 1647 vocat.

163 1686 338 1747 Mune,
369 1686 420 1739 id
452 1698 531 1741 est
558 1689 678 1742 novi
720 1700 772 1742 et
816 1687 1140 1754 pauitantia:
1181 1700 1234 1741 et
1281 1689 1493 1747 mortis,
1520 1695 1576 1740 et
1618 1685 1722 1739 diei

162 1775 374 1846 jualicii.
407 1775 511 1832 Lex
555 1785 729 1830 autem
758 1748 843 1831 die
875 1777 1026 1831 tertia
1060 1777 1252 1830 tributa
1284 1774 1566 1845 signiﬁcat,
1588 1774 1725 1841 quod
1759 1748 1804 1810 Β

161 1863 268 1919 illis
299 1864 381 1919 les
410 1863 560 1918 tertia
591 1865 778 1919 iterum
813 1867 1134 1932 perveniret.
1184 1866 1304 1918 illos
1334 1878 1545 1932 quoque
1572 1880 1728 1932 Opor-

161 1959 264 2012 tnit
291 1957 344 2011 in
387 1956 635 2025 patientia
682 1956 849 2025 legem
882 1966 1199 2024 exspectare
1221 1995 1237 2020 ,
1285 1956 1410 2008 dum
1443 1956 1525 2009 lex
1560 1955 1728 2023 pinni-

161 2059 383 2105 tentiam
433 2048 750 2117 praedicavit.
787 2051 974 2102 Actum
1023 2063 1234 2116 quoque
1283 2057 1398 2100 erat
1447 2057 1501 2100 tit
1544 2048 1622 2100 lex
1671 2048 1726 2102 iii

161 2151 342 2194 monte
370 2139 605 2202 daretur,
651 2139 772 2193 dum
826 2139 906 2193 lex
953 2138 1196 2192 sublimis
1225 2148 1360 2204 erat,
1399 2152 1518 2206 quae
1565 2141 1724 2192 etiam

159 2243 281 2282 cum
323 2231 549 2302 caligine
593 2230 716 2284 data
754 2241 862 2295 est;
889 2233 1008 2298 quia
1058 2239 1208 2283 vetus
1251 2229 1332 2284 li-x
1379 2244 1500 2284 cum
1536 2231 1726 2283 litteree

159 2318 455 2376 occidentis
493 2320 736 2390 caligine,
781 2336 910 2371 nova
945 2334 1070 2372 veto
1120 2336 1237 2372 cum
1269 2319 1571 2386 splendore,
1605 2320 1723 2386 quia

159 2408 379 2474 spiritus
408 2411 655 2465 viviﬁcat.
689 2411 746 2464 ln
778 2421 954 2463 monti:
985 2421 1162 2463 autem
1210 2409 1359 2478 signa
1392 2409 1494 2462 vivi
1523 2419 1725 2463 tantum

161 2508 332 2557 erant,
364 2501 414 2549 in
444 2501 613 2554 altero
640 2511 815 2552 autem
850 2498 949 2550 vivi
972 2507 1026 2551 rt
1053 2498 1268 2550 mortui.
1293 2496 1402 2551 Lex
1434 2512 1559 2552 vero
1584 2499 1724 2566 prior

163 2590 304 2641 vivis
328 2598 528 2642 tantum
559 2590 808 2652 dabatur,
843 2588 890 2641 id
920 2600 1002 2642 est
1033 2591 1114 2644 his
1144 2591 1235 2660 qni
1267 2589 1415 2644 bonis
1439 2598 1591 2642 terra:
1613 2605 1727 2643 ser-

164 2685 390 2735 vierunt.
427 2680 669 2733 Secunda
694 2689 869 2733 autem
897 2679 947 2732 in
977 2683 1101 2745 vita,
1127 2693 1176 2734 et
1208 2689 1329 2748 post
1355 2689 1575 2734 moitem
1602 2695 1724 2747 pro-

164 2770 325 2823 ﬁciat.
357 2769 500 2824 Unus
525 2769 630 2822 illic
655 2767 908 2822 Dominus
939 2768 1326 2835 alloquebatur,
1349 2771 1470 2838 quia
1498 2769 1609 2836 ipsa
1641 2770 1722 2824 lex

165 2875 269 2914 non
294 2859 470 2914 multis
494 2857 810 2925 proﬁciebat.
840 2856 971 2910 llinc
997 2870 1172 2912 autem
1194 2862 1427 2930 quinque
1445 2859 1720 2915 Christum

165 2952 526 3020 alloquuntur,
557 2950 674 3016 quia
715 2947 797 3002 lex
829 2962 962 3001 nova
993 2949 1167 3014 plures
1191 2952 1255 3004 ad
1280 2949 1543 3006 Christum
1565 2966 1721 3020 quam

167 3053 316 3094 vetus
357 3044 684 3109 provocavit.
728 3043 826 3097 l’er
865 3043 1145 3110 caliginem
1193 3053 1248 3098 et
1280 3061 1439 3100 omne
1473 3043 1720 3114 quidquid
1751 3082 1797 3144 Ο

169 3135 508 3188 tenebrosum
562 3144 694 3197 erat,
745 3134 920 3190 littera
972 3133 1308 3203 designatur;
1355 3151 1447 3204 per
1491 3145 1720 3191 montem

167 3240 294 3280 vero
322 3236 374 3279 et
403 3238 558 3278 omne
599 3225 851 3292 quidquid
877 3227 1206 3294 splendidum
1248 3229 1363 3296 luit,
1402 3241 1590 3284 sensus
1616 3229 1727 3296 spi-

169 3321 371 3372 ritualis
403 3317 810 3370 demonstratur.
847 3320 1018 3373 Omne
1049 3319 1205 3372 molle
1248 3328 1302 3372 et
1341 3321 1566 3376 lucidum
1600 3321 1725 3375 ﬁde-

168 3409 307 3462 libus
353 3417 600 3475 pertinet,
633 3409 806 3462 omnis
854 3418 1028 3463 autent
1078 3419 1250 3462 terror
1289 3422 1342 3464 et
1387 3410 1724 3466 tenebrosum

167 3498 466 3555 inﬁdelibus
514 3499 763 3565 pertinet.
813 3499 936 3555 Ideo
961 3512 1132 3554 autem
1165 3502 1246 3554 lex
1281 3517 1372 3568 per
1401 3504 1575 3556 omnia
1605 3520 1721 3556 cum

167 3596 448 3647 severitate
493 3591 666 3653 datur,
694 3601 750 3643 ut
780 3591 948 3662 legem
980 3604 1035 3648 et
1058 3595 1270 3659 Moysen
1303 3598 1521 3660 populus
1563 3594 1721 3646 titne-

166 3692 254 3733 ret
275 3695 329 3737 et
355 3681 742 3737 honoriﬁcaret.
767 3680 897 3735 Tres
914 3695 1090 3737 autem
1115 3697 1231 3737 cum
1255 3681 1465 3735 Christo
1490 3683 1541 3733 in
1575 3695 1725 3734 mon-

169 3780 302 3838 tem,
363 3770 750 3842 proximitatem
805 3784 1110 3826 sanctorum
1165 3771 1374 3825 Christo
1420 3770 1721 3838 signiﬁcat;

170 3876 278 3914 non
307 3863 380 3917 sic
409 3865 460 3918 in
487 3861 697 3916 datioue
727 3861 918 3913 veteris
946 3864 1096 3931 legis,
1131 3863 1248 3931 quia
1295 3860 1440 3926 plebs
1467 3860 1597 3913 Novi
1623 3860 1723 3915 Te-

169 3956 414 4011 stamenti
454 3955 664 4025 propior
698 3959 778 4006 est
816 3965 970 4019 quam
1007 3955 1226 4029 Veteris.
1249 3954 1381 4006 Tres
1422 3961 1601 4007 autem
1651 3954 1724 4004 la-

171 4045 376 4100 ctiones
405 4048 606 4101 habet:
638 4044 802 4111 prima
842 4041 998 4095 factio
1044 4050 1264 4115 populus
1304 4042 1434 4112 legis
1483 4053 1720 4104 naturae;

169 4135 401 4190 secunda
449 4137 668 4207 p0pulus
719 4133 850 4202 legis
905 4132 1130 4201 litteras,
1181 4153 1298 4207 qua:
1346 4142 1460 4190 erat
1511 4135 1725 4202 propior

173 4228 307 4282 Deo.
351 4227 556 4284 Tertius
587 4226 803 4298 populus
835 4224 967 4295 legis
1012 4239 1186 4290 novae,
1226 4230 1314 4297 qui
1345 4228 1603 4282 adunatus
1644 4236 1723 4279 est

179 4320 286 4375 Deo
314 4316 362 4369 in
393 4316 644 4388 Ecclesia.
674 4318 764 4373 llic
802 4318 942 4370 enim
976 4330 1126 4369 mons
1162 4319 1395 4375 Ecclesia
1425 4329 1504 4374 est
1531 4319 1719 4388 prima,

1837 504 1986 562 tortis
2016 507 2323 574 prtedicatio
2353 516 2655 561 sanctorum
2688 523 2701 560 :
2731 523 2846 575 quze
2875 508 3050 562 omnia
3083 511 3132 564 in
3169 513 3395 568 adventu

1835 595 2024 658 Christi
2064 599 2326 662 completa
2354 609 2496 652 sunt.
2529 597 2673 664 Quod
2712 607 2883 650 autem
2925 599 2975 651 in
3007 601 3122 666 igne
3163 612 3218 654 et
3249 603 3392 658 fumo

1836 687 2109 742 descendit
2155 687 2428 752 Dominus,
2478 689 2735 758 signiﬁcat
2767 689 2883 756 quia
2930 691 2980 742 in
3024 691 3253 746 adventu
3292 711 3390 748 suo

1837 778 2088 834 Dominus
2116 778 2410 834 claritatem
2455 797 2604 835 suam
2639 779 2818 835 ﬁdeles
2863 781 3138 846 illuminat,
3182 796 3232 838 et
3264 786 3387 840 inli-

1833 868 1980 924 deles
2009 885 2100 938 per
2145 870 2346 924 fumum
2375 886 2616 926 errorum
2641 872 2905 926 obscurat.
2956 875 3104 940 Quod
3133 891 3256 929 vero
3292 879 3390 928 lto.

1837 962 2010 1015 minus
2063 962 2113 1015 in
2164 962 2410 1030 caligine,
2459 963 2721 1028 signiﬁcat
2772 963 2910 1031 quod
2966 965 3132 1033 legem
3189 964 3391 1021 Judaais

1835 1053 1986 1120 quasi
2016 1067 2109 1121 per
2125 1054 2403 1122 caliginem
2434 1054 2626 1108 litterte
2651 1055 2820 1119 dedit,
2845 1056 3156 1112 invidentes
3181 1074 3282 1111 non
3317 1061 3391 1111 vi.

1833 1139 2016 1195 deant.
2076 1142 2274 1196 Dicitur
2319 1154 2490 1196 autem
2536 1143 2605 1198 ab
2653 1145 2772 1199 aliis
2815 1159 2908 1213 per
2950 1146 3233 1200 tonitruum
3278 1149 3392 1202 huc

1833 1235 2094 1288 sententia
2145 1236 2428 1305 designari,
2481 1251 2583 1306 qua
2635 1237 2853 1301 dicitur.
2898 1238 2982 1293 Ite
3031 1242 3284 1294 maledicti
3335 1242 3387 1294 iit

1834 1322 1998 1392 ignem
2028 1333 2306 1389 a'ternum;
2336 1335 2388 1379 et
2425 1341 2519 1393 per
2545 1325 2838 1393 fulgorem,
2862 1330 2995 1398 justi
3022 1328 3283 1399 fulgebunt
3313 1330 3390 1383 si-

1831 1421 1914 1464 cut
1942 1415 2041 1469 sol.
2088 1416 2189 1470 Per
2220 1417 2517 1480 buccinam,
2544 1417 2712 1485 iussio
2740 1426 2795 1472 et
2822 1420 3136 1486 prohibitio;
3171 1436 3264 1488 per
3311 1430 3389 1475 tu-

1831 1501 1972 1564 bam.
2006 1508 2220 1561 verbum
2252 1507 2365 1562 Dei.
2416 1505 2607 1576 Majas,
2656 1507 2706 1561 id
2737 1517 2836 1570 est.
2873 1508 2954 1564 lex
2985 1511 3113 1564 dum
3160 1512 3389 1575 crescit;

1830 1604 1874 1647 et
1896 1598 2161 1664 prolixius,
2192 1598 2242 1653 id
2271 1609 2351 1652 cst
2381 1598 2505 1652 dum
2535 1599 2687 1654 docet
2717 1614 2808 1668 per
2839 1599 3185 1655 incrementa.
3220 1601 3384 1656 Stete-

1828 1695 1945 1738 runt
1977 1688 2180 1742 >tabiles
2200 1699 2245 1742 et
2276 1690 2552 1752 instabiles,
2581 1689 2632 1743 id
2660 1699 2760 1754 est,
2789 1689 2841 1741 in
2868 1690 3030 1758 ﬁgura
3063 1695 3282 1746 duarmn
3309 1691 3386 1744 lu-

1828 1791 1972 1845 gum.
2025 1775 2176 1832 Mons
2224 1781 2482 1845 terribilis,
2530 1780 2580 1834 id
2625 1789 2708 1834 est
2755 1779 3012 1844 Ecclesia,
3047 1780 3255 1844 impiis;
3302 1781 3387 1836 Vel

1826 1875 2058 1931 sanctus,
2111 1868 2335 1935 quisque
2365 1871 2526 1924 vitiis.
2559 1869 2838 1932 Terminus,
2885 1869 2933 1922 id
2981 1879 3060 1922 est
3107 1869 3238 1923 ﬁdes
3264 1885 3387 1937 erga

1828 1955 2141 2022 Ecclesium,
2189 1961 2313 2027 quia
2363 1961 2538 2015 nullus
2567 1963 2617 2014 in
2651 1960 2936 2016 Ecc'esiam
2969 1959 3068 2012 nisi
3101 1973 3196 2027 per
3227 1961 3383 2014 ﬁdem

1828 2049 2007 2103 intrat.

2407 2163 2630 2224 CAPUT
2677 2167 2793 2222 XX.

1900 2316 2152 2372 Dominus
2173 2317 2398 2385 denique
2423 2317 2591 2384 legem
2617 2320 2668 2373 in
2693 2321 2874 2375 decem
2905 2321 3058 2374 verba
3089 2321 3377 2374 constituit.

1827 2405 2014 2460 Nullus
2043 2423 2291 2460 numerus
2338 2409 2528 2460 crescit
2560 2411 2804 2476 amplius,
2854 2413 2950 2464 nisi
2985 2427 3147 2480 usque
3185 2413 3247 2463 ad
3293 2413 3384 2464 de-

1825 2510 1942 2550 cem
1976 2513 1990 2548 :
2023 2496 2066 2549 si
2098 2497 2239 2550 enim
2269 2497 2450 2566 viginti
2483 2499 2860 2562 numeraveris,
2895 2501 3077 2555 decem
3108 2501 3297 2559 bibes;
3338 2501 3382 2554 si

1827 2585 2057 2652 triginta,
2085 2587 2270 2641 decem
2300 2587 2618 2656 triplicahis;
2647 2597 2699 2642 et
2728 2586 2802 2641 sic
2844 2589 3080 2644 invenies
3109 2599 3384 2657 quantum-

1824 2689 2030 2745 cunque
2060 2691 2375 2744 progrcssns
2405 2678 2588 2746 lueris,
2627 2692 2686 2730 ac
2719 2693 2807 2744 per
2838 2678 2935 2732 hoc
2977 2681 3026 2733 in
3059 2681 3384 2749 plenitudine

1827 2769 2027 2823 numeri
2078 2768 2455 2835 plenitudinem
2503 2769 2865 2822 mandatorum
2920 2773 3216 2834 constituit,
3266 2785 3386 2838 quae

1825 2861 2023 2912 scilicet
2045 2857 2288 2910 mandata
2321 2859 2395 2911 sic
2427 2859 2638 2927 quidam
2671 2859 3013 2927 distinguunt,
3048 2871 3101 2911 ut
3132 2862 3226 2913 tria
3260 2874 3383 2927 per-

1827 2951 2027 3004 tineant
2054 2947 2120 3000 ad
2167 2947 2503 3002 dilectionem
2557 2948 2851 3014 Trinitatis,
2895 2958 3096 3017 septem
3146 2963 3272 3001 vero
3318 2948 3382 3000 ad

1826 3052 2059 3092 amorem
2087 3035 2399 3099 fraternum,
2439 3038 2628 3104 quibus
2655 3040 2882 3093 secietas
2911 3039 3134 3092 humana
3162 3053 3264 3091 non
3297 3039 3386 3090 hc.-

1827 3130 1987 3185 ditur.
2015 3129 2244 3183 Primum
2269 3128 2572 3183 mandatum
2600 3129 2830 3197 pertinet
2855 3127 2921 3182 ad
2956 3127 3118 3182 Deum
3150 3127 3384 3192 Patrem,

1824 3220 1948 3274 dum
1971 3217 2120 3281 dicit,
2153 3215 2260 3289 Ego
2287 3235 2396 3270 sum
2425 3216 2670 3270 Dominus
2696 3217 2831 3271 Deus
2852 3228 2989 3284 tuus,
3037 3215 3158 3270 Non
3185 3217 3390 3270 habebis

1825 3311 1942 3363 deos
1971 3311 2178 3363 alienos.
2217 3308 2333 3360 Non
2358 3308 2512 3372 facies
2543 3308 2634 3358 tibi
2657 3308 2915 3374 sculptile,
2944 3318 2995 3360 et
3025 3307 3244 3374 reliqua.
3277 3308 3388 3359 Uti-

1824 3415 1925 3467 que
1969 3411 2027 3452 ut
2061 3400 2172 3452 hmc
2202 3397 2303 3449 aud
2329 3411 2447 3459 ens,
2482 3395 2828 3449 fornicatione
2854 3404 2937 3448 tua
2968 3396 3017 3449 in
3046 3396 3236 3449 multos
3257 3395 3388 3450 deos

1825 3502 1926 3539 non
1960 3485 2214 3539 ollentlas.
2247 3483 2554 3537 Secundum
2588 3485 2813 3551 pertinet
2843 3485 2906 3538 ad
2937 3484 3149 3550 Filium,
3181 3484 3264 3537 ubi
3300 3486 3382 3537 di-

1822 3577 1911 3638 cit,
1931 3573 2064 3626 ~Non
2089 3589 2314 3625 assumes
2345 3589 2522 3627 nomen
2555 3573 2650 3626 Dei
2679 3575 2750 3626 tui
2779 3576 2831 3627 in
2860 3591 3063 3639 uanum,
3102 3574 3151 3628 id
3187 3584 3287 3642 est,
3322 3590 3389 3628 ne

1823 3665 2096 3718 existimes
2143 3674 2436 3717 creaturam
2467 3679 2585 3718 esse
2623 3664 2811 3718 Filium
2842 3667 2953 3728 Dei,
2986 3666 3231 3733 quoniam
3265 3681 3381 3720 0m-

1826 3757 1905 3809 nis
1951 3755 2173 3809 visibilis
2203 3762 2446 3809 creatura
2481 3755 2695 3808 vanitati
2739 3756 2977 3823 suhjecta
3004 3766 3102 3808 est.
3150 3754 3385 3811 Tertium

1825 3845 2130 3898 tnandatum
2162 3844 2230 3898 de
2269 3844 2512 3909 sabbato,
2556 3844 2621 3898 ad
2655 3844 2908 3912 Spiritum
2941 3855 3183 3897 sanctum
3225 3847 3388 3912 perti-

1825 3943 1934 4001 net,
1964 3934 2112 4004 cnjns
2142 3933 2300 3987 domo
2342 3932 2550 4001 requies
2581 3934 2734 3990 nobis
2763 3936 3079 4001 sempiterna
3114 3935 3384 4001 promitti-

1827 4033 1928 4076 tur.
1962 4023 2061 4078 Per
2092 4022 2287 4077 donum
2309 4031 2484 4075 autem
2512 4020 2742 4091 Spiritus
2776 4024 3168 4077 sanctiﬁcamur
3199 4041 3211 4075 :
3246 4025 3387 4079 unde

1823 4120 1877 4165 et
1905 4111 1990 4167 hic
2013 4113 2224 4174 dicitur,
2256 4109 2505 4162 Memento
2528 4122 2581 4163 ut
2624 4112 2758 4165 diem
2787 4113 2973 4167 sabbati
2999 4112 3302 4180 sanctiﬁcat.
3338 4115 3389 4168 ln

1823 4215 1914 4255 sex
1964 4216 2092 4270 ergo
2121 4202 2363 4256 arietibus
2408 4199 2566 4268 hujus
2597 4203 2777 4257 mundi
2811 4216 3114 4272 operantur,
3146 4203 3299 4271 quasi
3339 4205 3390 4257 in

1825 4305 1918 4344 sex
1963 4291 2186 4358 diebus;
2220 4293 2270 4347 in
2301 4291 2523 4358 septima
2555 4291 2663 4356 die,
2719 4294 2819 4347 hoc
2859 4303 2939 4348 est
2983 4295 3033 4345 in
3083 4293 3187 4346 ﬁne
3233 4292 3392 4361 hujus

178 4423 293 4479 qua
332 4385 487 4460 factio
515 4410 776 4477 signiﬁcat
818 4405 1141 4475 coniugales.
1175 4408 1436 4476 Set-unda,
1482 4383 1723 4477 ράρυιυω
1757 4419 1806 4481 D
1832 4383 2010 4437 tnundi
2037 4389 2249 4455 requies
2272 4385 2422 4481 nobis
2438 4393 2648 4481 ater-na
2673 4385 2952 4440 tribuetur.
2984 4385 3106 4438 Post
3132 4383 3231 4481 tria
3263 4398 3391 4481 prae:

179 4497 520 4571 ptenitentite,
571 4502 724 4556 tertia
765 4504 974 4551 sanctos
1023 4512 1142 4551 cum
1170 4496 1400 4560 Christo,
1443 4509 1496 4553 ct
1544 4499 1595 4553 in
1649 4501 1729 4552 his

179 4593 347 4650 tribus
378 4587 795 4646 multitudinibus
837 4588 1104 4656 cogitatio,
1137 4596 1190 4640 et
1239 4587 1478 4655 verbum,
1514 4600 1566 4645 et
1599 4604 1731 4658 opus

179 4681 504 4747 designatur,
532 4682 622 4733 sed
651 4697 746 4737 nec
789 4680 884 4732 hoc
927 4676 1436 4745 przetermitteudum
1481 4689 1564 4733 est
1593 4681 1732 4749 quod

173 4773 370 4831 dicitur
400 4786 413 4821 :
447 4766 647 4837 Moyses
685 4781 852 4828 autem
883 4769 1102 4821 ascendit
1131 4770 1182 4824 in
1207 4777 1444 4832 montem,
1478 4779 1522 4822 et
1557 4770 1730 4824 Domi-

174 4881 272 4919 πω
294 4859 560 4914 descendit.
591 4860 738 4917 Mons
782 4860 998 4919 altitudo
1045 4859 1507 4928 contemplationis
1546 4870 1647 4921 est.
1682 4864 1732 4916 in

177 4965 336 5023 quem
363 4945 690 5002 ascendimus
717 4935 776 5004 ut
804 4953 868 5005 ad
916 4949 1001 5003 illa
1031 4961 1148 5013 qua:
1177 4949 1310 5004 ultra
1343 4961 1443 5002 non
1487 4957 1610 4999 sunt
1652 4949 1733 5002 in-

182 5043 371 5101 tuenda
401 5039 772 5107 sublevemur;
805 5043 900 5098 sed
927 5042 975 5094 in
999 5039 1134 5091 hunc
1164 5041 1414 5095 Dominus
1436 5038 1732 5105 descendit,

179 5136 305 5205 quia
332 5128 480 5200 iustis
504 5128 728 5182 multum
759 5131 1174 5201 proﬁcientibus.
1209 5147 1391 5196 parum
1424 5130 1608 5183 deesse
1639 5131 1734 5184 ali-

182 5226 313 5294 quid
341 5223 540 5277 illorum
572 5220 813 5276 sensibus
839 5227 1026 5292 aperit.
1055 5219 1488 5289 Qttin-ittagesima
1509 5220 1592 5273 die
1619 5231 1735 5283 post

184 5326 362 5370 actum
391 5307 598 5380 pascha,
629 5308 748 5361 data
796 5323 879 5366 est
925 5315 1005 5367 lex
1040 5310 1196 5379 Moysi
1254 5312 1320 5364 ita
1369 5325 1420 5367 et
1461 5325 1552 5380 pro
1582 5310 1738 5377 quin-

189 5402 487 5473 ttuageaima
507 5399 593 5452 die
623 5407 740 5467 post
769 5403 1061 5466 passionem
1093 5399 1293 5452 Domini
1320 5402 1476 5457 datus
1505 5412 1581 5456 est
1612 5400 1733 5463 Spi-

190 5491 324 5548 ritus
367 5497 576 5547 sanctus
606 5501 764 5556 super
803 5501 1012 5547 centum
1044 5489 1218 5557 viginti
1251 5487 1491 5547 homines
1523 5493 1572 5544 in
1602 5489 1741 5557 Moy-

189 5587 348 5642 δεῖτε
373 5585 537 5642 astatis
563 5593 782 5634 numero
802 5585 1134 5636 constitutos.
1158 5579 1210 5633 In
1242 5579 1456 5637 vocibus
1481 5591 1656 5636 autem
1681 5589 1736 5631 et

192 5678 435 5736 tonitruis
459 5677 658 5734 clamor
685 5671 1076 5743 prmdicationis
1105 5670 1424 5739 intelligitur,
1460 5677 1511 5729 in
1542 5675 1734 5737 lampa-

1831 4481 1982 4539 cepta
2029 4477 2360 4542 septenarius
2400 4470 2635 4528 succedit
2686 4491 2975 4538 numerus,
3018 4475 3284 4543 pertinens
3322 4475 3389 4528 ad

1830 4580 2063 4621 amorem
2111 4569 2358 4636 proximi,
2391 4576 2444 4621 et
2489 4567 2673 4635 incipit
2723 4569 2791 4622 ab
2819 4583 3002 4623 amore
3030 4574 3332 4633 parentum,
3358 4580 3387 4618 a

1830 4656 2018 4727 quibus
2062 4655 2114 4710 in
2157 4658 2255 4714 hac
2286 4660 2386 4711 vita
2429 4657 2690 4713 sumimus
2717 4659 3014 4713 exordium.
3058 4655 3171 4711 Hoc
3211 4665 3388 4710 autem

1832 4746 2130 4804 mandatum
2159 4749 2210 4803 in
2239 4749 2425 4805 ordine
2453 4758 2534 4802 est
2555 4760 2828 4817 quartum,
2853 4764 2944 4803 ses
2968 4757 3147 4801 tamen
3177 4762 3242 4801 ex
3265 4761 3388 4814 sep-

1835 4849 1934 4896 tem
1962 4839 2312 4905 estprimum.
2341 4837 2489 4895 Unde
2514 4839 2662 4905 juxta
2694 4839 3038 4908 Evangelium
3066 4838 3258 4892 dicitur
3283 4839 3385 4902 pri.

1834 4945 1999 4994 mum,
2045 4928 2274 4997 primum
2303 4933 2444 4983 enim
2476 4937 2559 4983 est
2608 4931 2659 4982 in
2701 4931 2866 4986 altera
2898 4930 3092 4983 tabula.
3145 4927 3388 4981 Fortasse

1834 5025 1950 5081 ideo
1978 5034 2079 5072 non
2119 5033 2241 5084 una,
2280 5021 2372 5075 sed
2401 5019 2519 5074 dua:
2552 5021 2742 5073 tabulae
2771 5021 2928 5074 dictae
2970 5030 3112 5082 sunt,
3145 5016 3262 5083 quia
3293 5015 3385 5068 de~

1834 5133 1946 5173 cem
1985 5111 2226 5166 mandata
2277 5113 2389 5166 haec
2416 5112 2480 5167 ad
2511 5112 2844 5167 dilectionem
2895 5112 3155 5179 pertinent
3207 5107 3299 5160 Dei
3331 5117 3385 5160 et

1837 5203 2074 5282 proximi.
2126 5202 2375 5267 Quintum
2427 5216 2530 5268 est,
2587 5203 2702 5256 Non
2749 5202 3107 5262 ntizcltaberis;
3155 5209 3387 5266 sextum,

1839 5300 1957 5353 Non
1973 5294 2194 5355 accidet;
2219 5297 2524 5364 septimum,
2553 5291 2674 5344 Non
2696 5292 2884 5358 furtum
2907 5289 3090 5356 facies;
3120 5300 3384 5352 octavum,

1838 5390 1958 5443 Non
1990 5385 2168 5457 fultum
2208 5387 2542 5438 testiinonium
2571 5383 2741 5442 dices;
2771 5393 2986 5441 nonum,
3042 5378 3160 5432 Non
3199 5396 3380 5432 concu-

1836 5485 1993 5552 pisces
2014 5491 2214 5533 uxorem
2234 5477 2451 5544 proximi
2480 5475 2550 5528 tui
2569 5490 2589 5537 ;
2609 5473 2897 5534 decimum,
2922 5470 3043 5524 Non
3066 5473 3383 5540 concupisch

1838 5593 1941 5629 rem
1965 5569 2175 5644 proximi
2207 5569 2299 5620 tui.
2329 5570 2435 5624 Aut
2462 5577 2603 5624 certe
2638 5567 2711 5622 sic
2752 5563 3199 5631 diSIinguendum,
3233 5572 3289 5615 ut
3316 5561 3380 5615 sit

1842 5674 2064 5736 primum
2091 5659 2413 5732 mandatum,
2446 5657 2781 5729 Nonbabebis
2802 5655 2920 5710 deos
2941 5655 3164 5719 alienos;
3191 5666 3376 5708 secuti-
