3872 6262
534 410 638 468 519

1022 401 1224 459 ιιεοιιι
1266 393 1710 455 ιεκειιριιιιιιε
1745 384 2028 448 OPEBUI
2068 384 2106 440 l’

2209 382 2241 439 s
2273 381 2338 439 ιι.
2380 411 2446 425 -
2486 375 2872 438 exsomnes
2910 373 3229 433 aeuum.
3305 339 3310 342 ’

3637 368 3764 427 530

462 563 468 569 .
540 530 687 591 dum,
716 525 829 579 Non
853 531 1005 592 facies
1028 519 1115 574 tibi
1141 519 1406 584 sculptile,-
1429 513 1662 576 tertium,
1690 509 1808 564 Non
1829 519 2083 568 assumes;
2117 479 2161 559 Α
2187 498 2428 592 explanat
2472 491 2866 592 queattunculc
2906 501 3175 592 auctorem
3218 487 3286 541 ab
3315 487 3404 541 illo
3455 490 3605 592 loco,
3655 487 3763 592 tibi

539 576 823 683 oft—iper
847 576 1106 672 ordinem,
1133 576 1305 662 donec
1345 576 1689 673 coniungatur
1716 597 1839 654 illud
1875 597 1962 651 ubi
1987 595 2080 650 di-
2177 590 2271 683 ait,
2303 587 2422 643 Non
2468 584 2702 683 adorabis
2724 584 2844 638 deos
2868 582 3079 683 alienos,
3107 579 3156 632 id
3198 587 3310 678 est,
3331 591 3437 631 non
3485 576 3762 676 adorabis

539 709 630 767 cit,
666 705 783 759 Non
825 702 1139 768 concupisces
1164 699 1365 753 domum
1407 694 1621 763 prorimi
1648 691 1742 752 tui.
1769 705 1858 744 nec
1884 687 2079 742 deside-

2178 677 2326 743 vitia,
2361 690 2466 730 non
2507 673 2783 736 conﬁrmo,
2811 672 2972 738 quiet
3000 679 3268 722 auctorem
3299 667 3490 736 ignoro
3523 682 3536 717 :
3573 666 3762 732 maio-

539 753 1210 864 ii'isiiiiirn.;i..em
1233 753 1569 847 autem'dicit,
1597 783 1714 837 Non
1737 781 1936 836 habebis
1961 780 2080 833 deos
2180 761 2294 864 rura
2315 774 2487 820 autem
2507 772 2589 819 est
2620 763 2753 816 hanc
2782 761 3022 826 probare-
3068 757 3318 859 Sequitur
3351 772 3378 864 ε.
3401 753 3651 864 Reddet!-
3699 754 3760 852 ξι

543 886 753 948 alienos,
779 896 881 934 non
913 879 1116 948 negavit
1144 892 1258 946 qurc
1287 877 1409 939 sint,
1439 874 1528 928 sed
1558 889 1623 927 ne
1649 873 1697 926 ei
1726 872 1833 927 sint
1857 869 1941 924 cui
1968 867 2082 924 huic

547 972 923 1044 praecipiuntur
951 967 1242 1037 prohibuit;
1268 966 1413 1032 juxta
1445 961 1569 1016 illud
1600 959 1857 1028 Apostoli,
1883 957 1972 1012 ubi
1995 954 2078 1011 di-

545 1066 619 1118 cit
653 1081 666 1116 :
701 1062 834 1116 Nam
851 1063 894 1114 si
915 1048 1026 1113 sunt
1051 1058 1134 1128 qui
1160 1058 1331 1110 dicunt
1350 1051 1421 1108 dii
1446 1054 1609 1117 multi,
1634 1064 1678 1106 et
1699 1050 1890 1104 domini
1912 1047 2081 1112 multi,

547 1152 687 1206 nobis
715 1160 876 1204 tamen
906 1163 1032 1202 unus
1062 1146 1212 1200 Deus.
1243 1145 1383 1200 llulti
1410 1143 1547 1199 enim
1574 1142 1795 1211 gentiles
1816 1140 2085 1195 daemones

545 1238 677 1294 deus
704 1247 908 1302 vocant,
927 1244 1021 1290 aut
1041 1243 1183 1292 certe
1205 1236 1436 1302 angelos,
1459 1233 1642 1301 quibus
1664 1229 1927 1300 negandas
1957 1241 2086 1298 geu-

550 1338 630 1381 tes
656 1326 973 1394 commiserit
1012 1323 1262 1393 appellari
1291 1323 1420 1376 deos
1465 1331 1519 1375 et
1561 1318 1802 1374 dominas
1848 1325 2087 1378 constat;

551 1414 700 1478 deos,
729 1415 875 1483 quasi
900 1428 928 1467 a
958 1413 1058 1467 deo
1094 1413 1271 1476 datos;
1316 1412 1578 1475 dominos,
1613 1407 1762 1476 quasi
1792 1405 2092 1472 acceperint

555 1491 888 1573 potestatvm.
914 1504 1100 1558 Statuit
1123 1503 1275 1565 enim,
1306 1502 1491 1568 inquit,
1534 1500 1764 1552 terminos
1789 1496 2092 1567 papulorum

546 1594 699 1662 juxta
740 1607 999 1645 numerum
1035 1593 1327 1660 angelorum
1353 1589 1464 1644 Dei.
1501 1586 1619 1641 Non
1646 1588 1799 1657 facies
1836 1585 1923 1639 tibi
1950 1583 2088 1637 scul-

553 1683 693 1752 ptile,
713 1698 801 1735 nec
825 1698 1017 1735 omnem
1033 1681 1435 1734 similitudinem.
1466 1678 1618 1732 Aliud
1649 1685 1730 1732 est
1751 1675 1925 1731 facere
1951 1674 2089 1730 scul-

560 1772 708 1840 ptile,
755 1771 898 1825 aliud
927 1769 1342 1834 similitudinem,
1388 1767 1630 1835 sculptile
1657 1766 1794 1820 enim
1827 1766 1972 1830 facit,
2000 1763 2088 1831 qui

557 1862 694 1931 quod
735 1861 949 1915 omnino
977 1875 1079 1913 non
1109 1857 1252 1924 facit,
1295 1860 1387 1913 sed
1419 1866 1614 1912 tantum
1645 1857 1710 1910 ad
1739 1854 2090 1908 inventionem

559 1949 735 2002 cordis
759 1949 838 2002 sui
869 1949 1218 2002 machinatur.
1247 1945 1654 2003 Similitudinem
1685 1960 1810 2000 vero
1837 1944 1978 2009 facit,
2007 1943 2096 2014 qui

559 2036 797 2104 alicujus,
830 2036 975 2091 verbi
1022 2038 1209 2105 gratia,
1258 2035 1635 2103 quadrupedis,
1681 2034 1763 2087 vel
1814 2032 2094 2102 serpentis,

559 2132 646 2178 aut
676 2126 811 2190 avis,
839 2124 1237 2178 similitudinem
1267 2123 1409 2181 facit.
1451 2123 1572 2178 Non
1615 2123 1870 2186 adorabis,
1899 2137 1986 2175 nec
2014 2137 2101 2174 co-

558 2216 629 2269 tes
659 2229 677 2268 :
706 2215 928 2269 adorant
972 2215 1334 2283 multipliciter
1369 2215 1540 2278 inviti,
1568 2223 1659 2268 aut
1698 2214 1884 2268 timore
1909 2211 2097 2276 coacti,

561 2315 654 2382 aut
695 2321 792 2376 per
834 2307 1105 2360 avaritiam
1141 2306 1362 2362 seducti.
1407 2307 1595 2365 Colunt
1636 2317 1830 2373 autem,
1875 2308 1963 2377 qui
1993 2315 2102 2362 tota

563 2399 753 2454 all‘ectu
801 2407 1135 2463 venerantur,
1177 2398 1564 2453 obscurissimis
1601 2397 1976 2466 quaestionibus
2019 2411 2104 2450 re-

563 2487 784 2554 tardati,
844 2487 1153 2543 desiderate
1199 2486 1466 2542 brevitatis
1517 2490 1729 2542 modum
1779 2487 2101 2542 escedimus.

563 2577 604 2631 Λ
618 2593 683 2632 οη
704 2579 936 2632 adorabis
957 2579 1074 2634 deos
1098 2581 1307 2645 alienos,
1330 2580 1381 2634 id
1402 2589 1500 2644 est,
1527 2593 1630 2632 non
1653 2578 1894 2635 adorabis
1917 2581 2102 2635 vitium

561 2671 644 2720 Vel
675 2670 1114 2741 gastrimargiam,
1145 2680 1202 2724 nt
1236 2671 1476 2738 leguntur
1503 2672 1536 2726 ii
1568 2687 1786 2741 quorum
1821 2673 1958 2728 Deus
1979 2686 2103 2727 ven-

562 2773 660 2826 t'r,
690 2771 745 2818 et
787 2764 838 2817 in
887 2765 1125 2829 avaritia,
1165 2765 1297 2820 etin
1343 2763 1708 2830 fornicatione,
1758 2774 1812 2820 et
1854 2764 1957 2818 alia
2002 2773 2106 2818 tam

559 2854 804 2921 plurima,
840 2868 954 2922 qua:
983 2864 1103 2908 sunt
1149 2855 1404 2909 idolorum
1453 2856 1698 2923 servitus,
1731 2863 1788 2909 ut
1828 2853 2110 2922 Apostolus

566 2942 862 2997 confirmat.
890 2943 1107 3010 Propter
1133 2946 1271 3014 quod
1296 2944 1439 3001 venit
1460 2946 1537 3000 ira
1562 2945 1653 3000 Dei
1686 2962 1701 2998 :
1734 2944 1786 3000 in
1806 2946 2110 3014 gastrimar-

566 3034 647 3099 gia
695 3031 860 3085 Adam
892 3033 1113 3102 primum
1156 3035 1407 3102 peccavit,
1449 3035 1499 3089 in
1536 3033 1758 3089 avaritia
1805 3034 1968 3091 ludas
1992 3049 2112 3090 cor-

567 3121 1067 3221 rti-it,‘et.6yezi,-et
1094 3123 1346 3221 Ananiae,
1375 3133 1434 3179 et
1467 3124 1736 3197 Saphyra;
1761 3133 1815 3181 et
1842 3126 2108 3193 quomodo
2136 3159 2182 3221 ο

569 3211 668 3266 fuit
696 3215 746 3267 iu
770 3213 1113 3270 fornicatione
1139 3214 1364 3269 Sodoma
1391 3224 1444 3268 et
1465 3215 1782 3271 Gomorrha.
1808 3217 1921 3272 Non
1946 3217 2109 3271 facies

574 3302 668 3356 tibi
696 3302 959 3369 sculptile,
1007 3303 1072 3358 de
1102 3304 1257 3359 malis
1286 3305 1688 3374 cogitationibus
1713 3306 1904 3362 dicitur
1933 3325 1945 3360 :
1976 3308 2112 3364 sicut

573 3391 712 3444 enim
761 3391 954 3446 ferrum
989 3401 1187 3460 partem
1219 3394 1414 3449 excidit
1449 3395 1514 3450 de
1558 3395 1720 3466 ligno,
1769 3397 1838 3451 ita
1866 3397 2113 3467 cogitatio

573 3474 745 3546 mala;
773 3492 828 3535 ut
851 3482 901 3537 in
934 3482 1235 3553 Evangelia,
1259 3484 1596 3555 Cogitationes
1627 3488 1774 3541 molat
1791 3487 2114 3556 coinquinant

574 3570 817 3624 homines.
844 3570 961 3624 Non
1000 3587 1222 3627 assumes
1247 3589 1425 3627 nomen
1455 3575 1657 3629 Domini
1696 3573 1793 3629 Dei
1831 3577 1901 3629 tui
1939 3575 1992 3630 in
2030 3591 2117 3631 tta-

573 3677 715 3728 num,
747 3668 804 3715 ut
832 3663 882 3716 in
913 3662 1216 3732 Evangelia,
1248 3662 1369 3718 Non
1385 3667 1562 3734 jurore
1605 3647 1824 3720 omnino.
1864 3666 2116 3721 Memento

575 3753 706 3806 diem
727 3751 917 3808 sabbati
935 3753 1235 3822 sancti/ioca,
1262 3757 1327 3809 de
1369 3754 1513 3808 Novo
1538 3753 1876 3809 Testamento
1906 3755 2114 3820 dicitur,

575 3854 627 3898 et
657 3843 873 3913 reliqua.
904 3843 1052 3898 Sicut
1081 3845 1219 3900 enim
1249 3844 1594 3900 sanctificavit
1633 3843 1774 3898 diem
1803 3843 2028 3907 sabbati,
2065 3850 2121 3897 et

576 3935 831 4004 requievit
855 3935 908 3989 in
938 3935 1049 4000 illo,
1073 3935 1150 3989 sic
1177 3944 1232 3990 et
1260 3950 1355 3989 nos
1381 3950 1472 4004 per
1492 3935 1696 3988 Novum
1725 3934 2117 3990 Testamentum

577 4022 941 4086 sauctiflcavit,
970 4030 1026 4076 et
1054 4022 1384 4091 requiescere
1404 4036 1433 4074 a
1477 4024 1705 4089 peccatis
1732 4023 1873 4078 fecit.
1908 4021 2120 4076 Honora

577 4123 770 4184 patrem
813 4119 971 4174 tuum,
1003 4119 1050 4164 et
1091 4119 1303 4164 matrem
1343 4119 1500 4164 tuam.
1547 4108 1700 4164 Pater
1725 4111 1916 4165 etenim
1947 4109 2122 4164 Domi-

580 4220 699 4268 nus,
732 4213 897 4256 mater
945 4201 1196 4267 Ecclesia,
1243 4201 1292 4255 id
1340 4211 1440 4265 est,
1476 4200 1741 4255 Dominum
1783 4201 1941 4256 Deum
1985 4214 2123 4256 tuum

579 4291 836 4353 adorabis,
878 4298 923 4341 et
951 4289 1031 4342 illi
1056 4291 1149 4342 soli
1180 4291 1380 4343 servies.
1434 4291 1498 4343 Et
1527 4290 1761 4345 Ecclesia
1792 4290 1980 4346 domus
2008 4293 2118 4357 Dei,

581 4392 730 4450 pater
774 4389 826 4433 et
870 4387 1038 4432 mater
1078 4380 1312 4431 omnium
1362 4379 1621 4446 iustorum
1665 4380 1715 4432 in
1763 4381 2040 4449 baptismo,
2071 4390 2125 4434 et

581 4467 934 4531 confessione,
967 4478 1022 4523 et
1047 4467 1372 4536 paenitentia.
1407 4466 1526 4521 Non
1566 4468 1778 4533 occides,
1811 4469 1861 4522 id
1890 4480 1990 4537 est,
2017 4486 2120 4525 non
2153 4489 2201 4548 υ

581 4563 730 4618 adies
779 4561 991 4614 fratrem
1032 4568 1198 4614 tuum.
1236 4558 1336 4625 Qui
1367 4560 1518 4623 enim,
1547 4559 1730 4629 inquit,
1776 4561 1881 4614 odit
1924 4562 2128 4632 fratrem

581 4668 749 4716 suum,
788 4652 1037 4705 homicida
1065 4661 1170 4716 est;
1213 4651 1421 4718 iterum,
1449 4650 1550 4714 Qui
1577 4651 1810 4705 irascitur
1839 4653 1987 4722 fratri
2013 4669 2127 4719 suo,

583 4758 699 4796 reus
737 4742 831 4794 erit
871 4741 1104 4797 concilio.
1136 4739 1255 4793 Non
1294 4741 1631 4808 machaberis,
1663 4741 1713 4795 id
1759 4751 1861 4806 est,
1890 4742 1986 4796 soli
2018 4741 2128 4797 Deo

593 4831 866 4884 adhaerere
893 4831 1079 4896 debes,
1106 4837 1161 4883 et
1213 4829 1263 4882 id
1307 4829 1445 4896 quod
1490 4837 1571 4885 est
1620 4829 1709 4884 Dei
1757 4844 1858 4883 tton
1908 4831 2127 4886 reddere

588 4922 820 4986 diabolo,
842 4923 932 4975 sed
962 4912 1078 4990 quae
1104 4928 1227 4975 sunt
1256 4921 1347 4975 Dei
1381 4921 1503 4987 Deo,
1533 4922 1584 4976 in
1626 4921 1891 4990 aperibus,
1922 4931 1974 4976 et
2000 4937 2129 4978 ver-

587 5013 690 5077 bis,
721 5019 776 5065 et
815 5011 1231 5080 cogitationibus.
1257 5009 1490 5080 Denique
1515 5020 1570 5066 et
1596 5011 1854 5080 Propheta
1885 5012 1959 5066 ait
1991 5031 2003 5064 :
2037 5010 2128 5066 Et-

544 5109 546 5111 ’
587 5106 720 5158 enim
740 5109 904 5156 autem
934 5101 1189 5156 adherere
1214 5101 1336 5167 Deo,
1360 5102 1543 5155 bonum
1567 5113 1657 5158 est.
1686 5103 1804 5157 Non
1825 5105 2013 5173 furtum
2040 5109 2131 5173 fa-

587 5197 709 5258 cies,
739 5192 788 5248 id
821 5203 919 5258 est,
950 5193 1086 5260 quod
1129 5202 1298 5260 potest
1325 5194 1481 5247 homo
1523 5192 1693 5247 facere
1738 5203 1792 5248 et
1841 5209 1940 5248 non
1984 5194 2127 5256 facit,

592 5298 648 5341 ut
698 5286 748 5339 in
779 5286 996 5352 psalmo,
1030 5283 1288 5338 Peccatori
1315 5295 1482 5338 autem
1512 5284 1636 5336 dixit
1669 5285 1806 5338 Deus
1846 5300 2001 5354 usque
2025 5299 2132 5336 ser-

590 5391 735 5428 mone
763 5385 1050 5429 retrorsum.
1076 5374 1191 5427 Non
1224 5377 1540 5445 concupisces
1563 5391 1661 5426 rem
1691 5376 1904 5443 proximi
1925 5375 2020 5437 tui,
2043 5375 2133 5426 do-

591 5484 728 5519 mum
769 5478 810 5519 et
854 5468 1019 5519 omnia
1058 5466 1216 5519 illius.
1265 5466 1584 5531 Proximum,
1616 5467 1862 5519 mundum
1894 5465 2133 5533 intelligi-

597 5573 736 5614 mus,
769 5565 823 5607 ut
870 5565 948 5609 est
993 5555 1138 5618 illud,
1171 5553 1344 5608 Nolite
1378 5557 1584 5624 diligere
1613 5557 1876 5618 mundum,
1909 5565 1954 5607 et
1982 5554 2136 5607 nolite

592 5645 926 5698 tlmawimre
965 5645 1217 5698 thesauros
1267 5645 1316 5696 in
1359 5653 1508 5698 terra.
1559 5645 1684 5709 Qut:
1711 5644 1842 5696 enim
1883 5644 2132 5708 videntur,

590 5737 888 5804 temporalia
910 5749 1054 5801 sunt;
1078 5752 1187 5803 qua?
1210 5753 1307 5790 non
1335 5738 1580 5805 videnlur,
1599 5748 1785 5792 tctema
1805 5745 1941 5792 sunt.
1972 5734 2135 5804 liuius

2183 857 2376 910 tertiam
2403 863 2449 909 et
2478 862 2706 922 quartam
2749 859 3002 922 peccatum
3032 847 3336 915 progeniem.
3359 843 3416 900 lu
3448 860 3560 913 quo
3593 844 3754 898 testi-

2185 950 2359 1002 monio
2388 932 2824 999 haereticidieunt
2870 956 2974 994 non
3016 937 3300 993 convenire
3341 935 3486 991 bona
3518 932 3660 995 Deo,
3697 940 3758 985 ut

2186 1051 2280 1105 pro
2326 1043 2542 1105 peccato
2583 1032 2812 1088 alterius
2864 1031 3086 1083 alterum
3139 1028 3372 1080 damnet.
3423 1022 3760 1078 Rcdduatur

2184 1127 2322 1180 enim
2372 1129 2577 1191 peccata
2606 1133 2810 1190 patrum
2837 1121 2887 1173 in
2921 1118 3052 1172 filios
3096 1119 3148 1170 in
3191 1118 3400 1172 tertiam
3431 1117 3758 1186 progenie

2185 1229 2236 1270 et
2265 1225 2522 1284 quartam,
2554 1222 2607 1265 et
2635 1213 2685 1264 in
2716 1212 2860 1279 ipsos
2903 1215 3078 1277 patres
3123 1222 3226 1260 non
3259 1205 3580 1270 redduntur,
3615 1203 3756 1263 nihil

2188 1307 2325 1360 enim
2365 1303 2433 1358 de
2459 1303 2693 1371 patribus
2719 1301 2872 1358 dixit.
2911 1301 3159 1355 Diabolus
3199 1306 3346 1368 pater
3389 1305 3474 1352 est
3499 1298 3755 1350 omnium

2191 1403 2550 1464 peccatorum.
2592 1391 2692 1447 Vos
2710 1393 2864 1458 enim,
2894 1390 3062 1461 inquit
3086 1389 3360 1453 Dominus,
3380 1400 3445 1438 es
3462 1394 3616 1454 putre

2189 1461 2300 1538 loto
2327 1484 2463 1538 estis.
2497 1483 2670 1538 Donec
2696 1483 2835 1537 enim
2855 1489 2959 1536 stat
2987 1478 3230 1544 mundus,
3260 1486 3478 1546 peccata
3517 1489 3618 1529 sua
3644 1461 3750 1526 non

2191 1573 2372 1643 recipit
2409 1565 2678 1637 diabolus;
2719 1571 2897 1626 omnia
2924 1570 3066 1626 enim
3107 1568 3185 1622 illi
3225 1567 3647 1622 reservabantur
3687 1568 3742 1616 in

2192 1665 2439 1732 futurum,
2469 1664 2754 1719 redduntur
2778 1672 2950 1718 tamen
2989 1662 3041 1715 in
3073 1659 3208 1715 tilias
3235 1671 3366 1725 quos
3391 1658 3609 1726 genuit.
3646 1655 3747 1707 l'er

2195 1763 2462 1821 peccatum
2486 1751 2627 1808 enim
2661 1750 2898 1806 homines
2927 1750 2982 1803 iu
3008 1762 3166 1803 carne
3195 1746 3346 1815 positi
3377 1746 3674 1814 puniuntur
3717 1758 3747 1792 a

2125 1823 2172 1882 Β
2202 1843 2443 1908 Βιιιιὶιιο,
2488 1842 2576 1911 qui
2614 1856 2718 1896 non
2763 1840 2870 1894 vult
2921 1847 3140 1892 mortem
3189 1836 3512 1902 peccatoris,
3561 1834 3660 1912 sed
3691 1842 3750 1909 ut

2199 1943 2530 1989 convertatur
2554 1940 2609 1988 et
2640 1933 2797 1988 vivat.
2827 1930 3119 1985 Peccantes
3154 1926 3295 1982 enim
3317 1925 3595 1980 ministros
3624 1937 3748 1991 pec-

2201 2026 2304 2081 cati
2331 2025 2700 2096 adjutaresque
2720 2022 3058 2093 requirimus,
3079 2033 3210 2090 quos
3238 2017 3448 2076 tertiam
3473 2016 3561 2070 vel
3587 2028 3748 2084 quar-

2204 2127 2308 2172 tam
2357 2118 2660 2186 progeniem
2689 2114 2852 2170 habet
2890 2113 3150 2177 diabolus,
3199 2123 3332 2179 quos
3364 2116 3652 2176 peccantes
3696 2105 3749 2157 in

2203 2209 2446 2278 presenti
2474 2208 2610 2262 Deus
2633 2209 2901 2268 verberat,
2923 2204 3052 2257 utin
3076 2202 3248 2255 futuro
3269 2200 3438 2254 levius
3464 2197 3751 2252 sustineat.

2205 2301 2449 2354 Diabolus
2473 2298 2698 2365 denique
2725 2293 2905 2364 genuit
2927 2291 3116 2348 ludam
3143 2304 3238 2358 per
3259 2297 3556 2358 peccatum.
3583 2287 3754 2345 Intra-

2204 2390 2278 2444 vit
2293 2391 2430 2443 enim
2459 2390 2510 2441 in
2536 2387 2678 2442 illum
2711 2386 2952 2449 Satanas,
2975 2389 3030 2436 et
3050 2378 3215 2436 ludas
3231 2376 3359 2432 abiit
3387 2378 3453 2431 ad
3486 2375 3759 2446 principes

2204 2475 2564 2539 sacerdotum;
2599 2490 2700 2528 non
2755 2473 2896 2527 enim
2923 2469 3068 2524 solus
3093 2467 3272 2524 scelus
3315 2464 3494 2519 crucis
3533 2460 3758 2527 implere

2207 2571 2375 2637 potuit
2411 2586 2423 2619 ε
2459 2551 2722 2637 principes
2749 2561 2941 2617 deinde
2968 2558 3364 2614 concitaverunt
3384 2567 3446 2607 ac
3476 2564 3760 2621 persuase-

2205 2668 2328 2715 runt
2359 2656 2584 2725 papula;
2611 2655 2689 2709 sic
2728 2663 2847 2707 nata
2873 2659 2954 2706 est
2980 2664 3046 2703 es
3078 2645 3209 2702 inda
3251 2651 3436 2714 quarta
3462 2641 3756 2710 generatio.

2211 2747 2446 2803 Reddidit
2467 2755 2637 2798 autem
2668 2739 3062 2812 misericordiam
3079 2738 3131 2790 in
3149 2735 3310 2789 millia
3333 2732 3412 2786 Itis
3430 2730 3519 2800 qui
3538 2731 3758 2799 diligunt

2209 2838 2371 2893 illum.
2404 2837 2501 2904 Qui
2527 2836 2666 2890 enim
2691 2831 2914 2902 diligunt
2931 2827 3337 2890 correctionem,
3367 2836 3472 2876 non
3496 2821 3755 2890 indigeat,

2209 2931 2300 2986 sed
2331 2931 2435 2985 illis
2461 2931 2624 2984 solam
2654 2922 3064 2982 misericordiam
3088 2920 3287 2975 tribult.
3322 2914 3470 2970 Beati
3495 2913 3633 2968 enim
3659 2911 3760 2962 asi-

2211 3021 2502 3085 sericordes,
2539 3018 2777 3088 quoniam
2800 3014 2912 3086 .ipsi
2951 3008 3340 3066 misericordiam
3372 3008 3753 3069 consequentur.

2214 3110 2271 3164 In
2298 3109 2504 3163 duabus
2533 3105 2724 3161 tabulis
2749 3103 2944 3170 scripta
2966 3110 3047 3155 est
3074 3100 3180 3160 lex,
3205 3103 3418 3165 prapter
3439 3092 3547 3146 duo
3568 3091 3759 3144 Tecta-

2210 3206 2402 3262 menta,
2428 3197 2510 3253 vel
2539 3202 2747 3264 propter
2772 3205 3002 3247 amarem
3029 3189 3120 3243 Dei
3143 3194 3196 3242 et
3221 3181 3471 3254 proximi.
3502 3180 3756 3250 lapidea

2211 3296 2384 3342 autem
2414 3286 2602 3340 tabula:
2625 3282 2914 3352 significant
2949 3277 3198 3335 duritiam
3225 3274 3404 3331 cordis
3427 3271 3756 3328 Judaoram.

2211 3376 2471 3432 Additur:
2501 3374 2692 3428 Deinde
2720 3389 2820 3426 non
2845 3369 3040 3439 facietis
3073 3366 3210 3420 vobis
3233 3365 3351 3418 deos
3391 3376 3571 3415 aureos
3597 3366 3759 3413 etur-

2212 3477 2431 3535 genteos,
2464 3474 2522 3518 ut
2548 3466 2744 3538 nullum
2774 3459 3093 3530 superﬂuum
3134 3469 3369 3516 sensum,
3398 3452 3641 3522 quamvis
3672 3465 3758 3504 ra-

2214 3555 2360 3611 diare
2388 3554 2612 3618 videtur,
2658 3553 2735 3608 vel
2765 3553 2973 3606 inanem
3002 3548 3358 3619 eloquentiam
3388 3544 3759 3613 suscipiamus.

2215 3644 2385 3698 Altare
2411 3645 2474 3697 de
2509 3651 2643 3697 terra
2681 3642 2871 3710 facietis
2907 3639 3047 3693 mihi.
3087 3639 3266 3694 Altare
3298 3636 3365 3690 de
3393 3644 3532 3690 terra
3560 3633 3758 3690 fama.

2216 3742 2297 3787 est
2342 3733 2716 3788 humanitatem
2763 3729 2954 3785 Christi
3000 3741 3239 3797 sperare.
3291 3726 3351 3780 Et
3402 3725 3454 3780 iu
3501 3721 3658 3777 altari
3700 3723 3761 3773 de

2219 3833 2355 3879 terra
2385 3838 2572 3877 munus
2613 3822 2937 3877 oblationum
2977 3819 3269 3881 offerimus,
3295 3818 3339 3870 si
3367 3826 3517 3869 actus
3548 3821 3762 3866 nostros

2217 3911 2494 3966 dominicae
2537 3911 2915 3964 lucarnationis
2966 3909 3068 3963 ﬁde
3109 3907 3417 3960 solidamus.
3467 3904 3761 3970 Sequitur:

2220 4000 2366 4066 Quod
2389 4001 2431 4054 si
2451 4001 2611 4054 altare
2635 3998 2886 4067 lapideum
2912 3995 3087 4065 feceris
3107 3993 3248 4058 mihi,
3269 4008 3368 4046 non
3392 3989 3670 4059 editio-abis
3703 3989 3762 4041 de

2218 4093 2362 4146 sectis
2405 4090 2676 4159 lapidibus.
2728 4088 2866 4144 Secti
2912 4085 3111 4154 lapides
3139 4085 3172 4137 ii
3221 4091 3343 4137 sunt
3370 4083 3458 4150 qui
3508 4081 3758 4134 unitatem

2219 4182 2488 4237 scindunt.
2517 4177 2673 4233 Tales
2704 4177 2754 4230 in
2786 4188 3008 4244 corpore
3031 4187 3126 4226 suo
3153 4170 3395 4226 Christus
3424 4183 3527 4222 non
3554 4168 3759 4232 recipit.

2221 4275 2372 4338 cuius
2391 4269 2628 4337 corporis
2657 4266 2876 4335 figuram
2895 4260 3214 4318 ahare‘illud
3239 4259 3536 4313 obumbrat.
3559 4256 3631 4310 De
3661 4271 3760 4308 non

2222 4362 2378 4415 sectis
2407 4369 2578 4412 autem
2609 4356 2870 4424 lapidibus
2899 4355 3112 4419 dicitur,
3153 4351 3416 4422 Tanquam
3441 4349 3631 4416 lapides
3672 4347 3761 4398 sici

2224 4443 2716 4516 supermdificamini.
2767 4442 2819 4496 lu
2870 4442 2952 4495 his
3005 4454 3109 4494 non
3147 4447 3229 4492 est
3265 4437 3512 4502 injectum
3543 4430 3760 4492 ferrum.

2231 4536 2348 4604 quia
2375 4533 2545 4604 jacula
2573 4530 2781 4599 maligni
2813 4543 2914 4582 non
2956 4533 3281 4593 receperant.
3320 4521 3606 4592 Sequitur:
3642 4518 3759 4574 Νει

2229 4623 2463 4679 ascendes
2487 4636 2572 4689 per
2599 4620 2786 4691 gradus
2813 4616 2880 4667 ad
2902 4612 3082 4680 altare,
3112 4610 3212 4664 hoc
3236 4619 3337 4672 est.
3374 4624 3480 4664 non
3507 4607 3758 4677 gradatim

2227 4729 2385 4768 unum
2413 4711 2500 4765 alii
2533 4707 2819 4776 praeferens
2845 4703 2911 4756 ad
2954 4700 3342 4769 meperveuies
3373 4717 3387 4754 ε
3419 4699 3558 4768 quod
3585 4699 3758 4751 Ariani

2175 4827 2179 4833 ι
2225 4801 2423 4856 faciunt
2448 4797 2537 4868 qui
2571 4794 2733 4850 Patris
2760 4803 2815 4848 et
2843 4791 2958 4846 Filii
2983 4800 3038 4846 et
3063 4789 3288 4858 Spiritus
3315 4787 3480 4841 sancti
3511 4785 3756 4839 subman-

2227 4893 2351 4948 tiam
2379 4888 2635 4943 dividunt.
2681 4885 2858 4939 Altarc
2884 4882 2950 4938 de
2975 4889 3113 4936 terra
3161 4878 3384 4942 facietis,
3423 4874 3564 4943 quod
3606 4887 3757 4940 supra

2228 4983 2477 5048 diximus,
2499 4979 2566 5033 ab
2592 4976 2707 5031 aliis
2733 4974 2950 5030 docetur
2978 4972 3130 5026 tertia
3155 4983 3275 5024 esse
3302 4966 3598 5020 diﬂ'ereotia
3626 4963 3758 5018 inter

2229 5084 2409 5144 gentes
2437 5079 2490 5127 et
2529 5069 2770 5131 inclusos;
2795 5065 2893 5133 ipsi
2929 5063 3065 5118 enim
3105 5063 3158 5115 in
3197 5056 3505 5125 carporibus
3541 5055 3754 5111 ὤσαιτ-

2230 5166 2372 5228 bant,
2403 5172 2458 5218 et
2501 5161 2553 5216 ia
2599 5156 2936 5220 vestimentis,
2972 5161 3026 5207 et
3066 5152 3118 5204 in
3160 5147 3312 5202 altari
3355 5147 3422 5202 de
3463 5156 3621 5202 terra.
3653 5145 3757 5199 Hoc

2232 5268 2437 5324 quoque
2463 5251 2628 5303 altare
2651 5247 2718 5302 de
2743 5256 2878 5300 terra
2903 5239 3196 5312 significare
3214 5235 3426 5300 dicitur,
3447 5237 3567 5304 Quia
3590 5232 3753 5288 «ἰαύει

2232 5359 2326 5400 cor
2349 5355 2594 5397 carneum
2625 5338 2943 5396 habuerunt;
2969 5335 3019 5384 in
3052 5328 3255 5397 lapideo
3276 5336 3473 5389 autem.
3495 5325 3614 5397 quia
3639 5338 3754 5393 gena

2236 5436 2354 5489 tiles
2381 5432 2584 5501 lapideo
2612 5427 2771 5483 corde
2795 5423 3204 5479 adificavcrunt.
3235 5419 3334 5474 Per
3373 5417 3490 5473 hac
3516 5415 3694 5472 altaria
3713 5425 3764 5468 at

2234 5527 2348 5580 dum
2377 5523 2625 5578 Ecclesiae
2674 5517 3082 5589 praeﬂgurantur.
3133 5511 3230 5566 Per
3271 5509 3438 5565 altare
3483 5508 3552 5563 dc
3599 5518 3758 5560 terra.

2237 5613 2467 5670 Ecclesia
2509 5610 2712 5669 Veteris
2739 5602 3089 5667 Testamenti,
3119 5609 3170 5657 et
3217 5614 3307 5668 per
3338 5598 3628 5668 lapidea,
3667 5594 3756 5648 Nu-

2235 5721 2374 5762 vum.
