3872 6262
194 306 310 362 Si!

477 411 668 470 CAPP.
709 410 827 467 XM
853 441 871 450 -
898 411 1034 467 XXII
1057 411 1262 466 -ΧΧΙΙΙ
1281 443 1302 453 -
1331 412 1514 467 XXIV.

281 507 484 564 Deinde
505 507 670 561 multa
699 513 956 574 pracepta
980 505 1114 575 legis
1135 506 1346 570 dantur,
1368 519 1487 576 qute
1517 505 1765 561 transito-

195 602 286 655 rie
311 611 704 668 percurramus.
735 595 867 662 Quia
908 610 1026 651 cum
1049 611 1078 650 a
1109 597 1391 663 majoribus
1428 598 1624 652 nostris
1661 610 1763 650 non

196 687 547 744 inveniamus
574 700 696 741 esse
739 688 1034 754 explanata.
1065 696 1121 741 et
1148 686 1454 751 simpliciter
1481 687 1761 747 intellecta.

196 778 478 832 tdiﬂcant
541 776 827 831 auditores.
877 774 1184 843 Praecipitur
1238 785 1411 831 autem
1456 787 1574 842 post
1615 776 1761 834 Ilaec:

202 868 355 923 Puer
375 867 621 928 ὕειν-ω
647 869 692 920 si
711 867 840 935 forte
872 867 924 918 in
951 867 1247 920 «srvitutem
1284 868 1550 934 devenerit,
1579 877 1764 936 septeni

197 959 362 1013 anuis
387 958 585 1023 serviat,
611 965 657 1009 et
681 958 889 1023 septimo
915 974 1049 1012 anno
1102 959 1224 1011 liber
1249 958 1527 1010 dimittatur
1571 961 1633 1011 de
1659 975 1764 1012 ser-

157 1037 159 1040 i
198 1047 386 1102 caute.
450 1046 555 1100 Sed
604 1045 648 1098 si
674 1047 1196 1099 nolueritaserritute
1248 1046 1438 1116 egredi,
1484 1048 1762 1116 ρει-[ονώί-

201 1145 296 1188 tur
321 1134 554 1188 auricula
579 1135 736 1198 illius,
775 1145 821 1188 et
847 1136 940 1188 erit
977 1151 1146 1189 servus
1172 1137 1224 1188 in
1250 1137 1507 1190 saeuiunt.
1557 1135 1621 1188 Et
1665 1150 1761 1189 nos

203 1225 262 1280 in
320 1240 414 1280 ses
466 1225 705 1278 aetatibus
748 1223 899 1293 huius
937 1225 1118 1278 mundi
1167 1225 1478 1289 servientes,
1537 1223 1762 1292 septimo

201 1329 376 1380 anno,
407 1315 505 1368 ltoc
533 1326 616 1368 est
662 1324 862 1388 sterno
909 1315 1127 1368 sabbato
1176 1314 1480 1378 liberamur,
1513 1314 1556 1367 si
1585 1325 1759 1368 tamen

204 1404 531 1460 voluerimus
572 1417 692 1459 esse
726 1403 898 1471 liberi,
941 1404 984 1457 si
1031 1417 1211 1457 sumus
1259 1401 1488 1467 Hebraei,
1538 1401 1638 1456 boc
1679 1411 1760 1456 est

206 1497 520 1550 transitores
561 1509 651 1562 per
679 1495 818 1548 ltunc
839 1493 1087 1546 mundum
1118 1503 1464 1546 transeuntes.
1501 1491 1632 1545 Dum
1658 1505 1756 1545 au-

206 1592 321 1638 tem
349 1597 528 1638 sumus
551 1583 602 1637 in
629 1583 728 1636 boc
757 1580 970 1646 mundo,
1016 1581 1274 1635 servimus
1321 1578 1596 1633 mundanis
1614 1579 1757 1633 desi-

204 1675 376 1730 deriis
395 1691 409 1728 :
428 1689 457 1728 s
481 1674 671 1743 quibus
697 1673 742 1727 si
770 1673 1091 1726 voluerimus
1143 1671 1369 1731 liberari.
1410 1669 1758 1739 perforabitnr

212 1763 454 1817 auricula
485 1763 538 1815 in
563 1762 912 1816 testimonium
940 1759 1304 1814 inobedientie
1327 1775 1341 1823 ;
1366 1767 1419 1813 et
1445 1774 1562 1813 cum
1590 1773 1756 1814 uxore
1790 1733 1832 1793 Β

179 1861 266 1924 ,ει
297 1853 419 1907 illiis
448 1852 641 1905 nostris
670 1864 800 1919 quos
832 1850 1140 1917 protulimus
1177 1848 1401 1913 liberati,
1433 1848 1484 1902 id
1509 1857 1608 1913 est,
1639 1861 1758 1901 cum

203 1956 368 1996 carne
397 1951 450 1995 et
479 1939 725 2008 o’peribus
750 1939 946 2008 peccati
964 1979 979 2003 ,
1014 1938 1151 1990 servi
1177 1937 1373 1992 erimus
1404 1939 1453 1990 in
1479 1944 1753 2004 mter-nunt.

206 2031 312 2086 Per
341 2030 478 2085 hunc
497 2044 704 2100 quoque
725 2042 938 2084 servum
966 2026 1236 2082 Hebraeum
1261 2027 1561 2079 universum
1591 2039 1756 2094 genus

209 2120 504 2174 humanum
551 2117 812 2187 designari
853 2130 1005 2182 posse
1046 2115 1254 2182 dicitur,
1282 2117 1420 2183 quod
1451 2114 1501 2168 in
1532 2115 1756 2182 septimo

204 2222 371 2274 stitio,
421 2208 470 2262 id
518 2214 622 2269 est,
667 2206 720 2260 in
769 2205 948 2275 requie
985 2205 1115 2260 Novi
1154 2202 1477 2260 Testamenti
1507 2201 1756 2258 liberatus

204 2306 309 2350 est.
341 2295 464 2349 Cum
484 2298 622 2364 quali
649 2303 778 2349 rests
806 2293 1079 2356 intraverit,
1109 2308 1220 2346 cum
1260 2290 1351 2345 tali
1389 2301 1549 2357 mat,
1579 2291 1630 2347 id
1653 2299 1752 2357 est,

218 2401 249 2436 a
297 2385 414 2453 lege
459 2383 728 2437 naturatin
777 2397 972 2437 novum
1009 2396 1127 2436 cum
1187 2379 1288 2435 ilde
1328 2382 1517 2446 veniat,
1555 2394 1671 2450 quas
1703 2390 1756 2436 et

206 2475 372 2528 vestis
413 2483 546 2528 erat.
578 2472 818 2526 Dominus
857 2487 980 2525 suus
1007 2471 1058 2532 in
1089 2471 1336 2524 omnibus.
1372 2468 1547 2522 Bonus
1571 2467 1757 2523 doctor

205 2561 354 2615 dedit
382 2560 452 2614 illi
480 2575 717 2624 uxorem,
749 2560 800 2613 id
827 2558 1098 2628 estjunxit
1137 2557 1366 2612 animam
1393 2556 1560 2621 illius;
1582 2565 1637 2612 et
1663 2556 1754 2611 lilii

205 2663 262 2704 et
281 2650 422 2714 lilia,
446 2651 494 2703 id
525 2661 606 2704 est
653 2663 839 2702 sensus
866 2649 987 2702 boni
1016 2657 1070 2702 et
1093 2648 1432 2718 cogitationes
1470 2647 1753 2703 secundum
1778 2648 1779 2651 “

208 2745 347 2795 bunc
380 2741 719 2795 intellectum.
758 2737 780 2789 Ι
787 2753 872 2807 pse
903 2750 1014 2791 vero
1037 2737 1188 2792 exibit
1217 2753 1331 2790 cunt
1357 2738 1535 2791 vestitu
1560 2752 1671 2804 suo,
1703 2736 1752 2791 id

205 2840 291 2884 est
317 2844 434 2884 cum
486 2830 600 2898 lege
655 2839 873 2894 natura,
920 2828 1001 2882 vel
1032 2827 1163 2893 iide;
1211 2837 1257 2881 et
1303 2826 1640 2898 opplicabitur
1684 2827 1753 2880 ad

206 2921 410 2982 ostium,
452 2916 506 2971 id
545 2927 624 2972 est
667 2917 1014 2986 principibus;
1067 2923 1251 2983 postes,
1279 2916 1380 2971 hoc
1407 2925 1487 2971 est
1512 2915 1753 2971 secunda

209 3007 353 3076 legis.
385 3006 670 3076 Perforabil
689 3023 860 3060 aurern
881 3007 1022 3061 illius
1041 3007 1242 3072 subula,
1269 3008 1318 3060 id
1344 3013 1427 3061 est
1453 3005 1754 3075 praedicabit

1018 298 1079 354 ΙΝ
1113 299 1664 358 Ρειςτᾼτευαιιυιι
1701 298 2189 356 ευιίιιΕΝτΑιιιι.
2235 329 2299 342 -
2337 298 2624 358 EXODUS.

1789 416 1832 472 Α
1861 411 2044 466 minuit
2069 412 2231 467 cibos.
2262 411 2443 486 Manus
2467 423 2643 468 autem
2672 413 2809 470 illius
2836 416 3026 472 animm
3051 414 3233 478 virtus.
3260 437 3406 486 qum-

1863 515 1980 556 rere
2003 511 2056 554 et
2081 503 2438 572 constringere
2463 503 2658 572 aliquid
2682 513 2885 570 potest:
2913 509 3055 562 velut
3076 511 3119 562 si
3146 511 3402 574 dicamus,

1860 596 2008 644 actus
2034 587 2193 654 illius,
2216 601 2268 644 et
2292 603 2381 657 pes
2409 605 2514 660 quo
2543 592 2739 646 incedit
2765 594 2829 648 ad
2860 594 2995 648 bona
3021 605 3074 650 et
3094 598 3250 652 mala.
3273 600 3428 665 Quia,

1862 691 1986 747 ergo
2009 679 2050 731 si
2076 678 2378 734 scandalum
2421 681 2612 744 patitur
2655 683 2828 736 anima
2858 699 2960 737 non
3013 686 3181 740 solum
3204 688 3257 742 in
3284 692 3406 752 title,

1859 768 1950 822 sed
1972 775 2026 822 et
2064 767 2118 820 in
2147 769 2350 823 actibus
2395 768 2692 836 ejiciantur,
2721 786 2836 840 qua
2863 788 2954 840 per
2996 789 3182 830 tnanus
3211 778 3406 847 signiti-

1858 866 2046 911 csntnr
2087 867 2195 912 :et
2249 858 2410 926 pedes
2487 857 2811 925 suit-runtur,
2864 861 2982 929 quia
3036 866 3403 921 oil'endiculuin

1862 944 2080 1014 praebuit
2110 962 2123 998 :
2151 955 2204 999 et
2224 961 2405 1000 manus
2427 948 2616 1014 quibus
2655 963 2760 1002 non
2787 951 2920 1005 bene
2948 962 3213 1021 operatur,
3239 967 3291 1011 et
3314 973 3406 1027 pc-

1860 1036 1953 1090 des
1979 1034 2169 1104 quibus
2198 1051 2300 1088 nun
2350 1035 2482 1090 bene
2511 1037 2787 1093 inceditur.
2827 1037 3041 1110 Recipit
3067 1046 3206 1097 enim
3265 1060 3408 1099 cum-

1859 1123 2151 1190 bnstornm,
2185 1126 2303 1193 quia
2333 1125 2620 1178 combussit
2641 1128 2888 1181 animam.
2923 1129 3025 1184 Per
3050 1146 3165 1199 qua:
3204 1135 3404 1202 singula

1861 1213 1960 1268 hoc
1986 1214 2296 1278 ostenditur,
2344 1225 2398 1267 ut
2424 1213 2526 1269 iste
2555 1229 2825 1281 percussor
2851 1218 3091 1272 omnibus
3118 1221 3396 1276 detrunca-

1862 1305 1928 1357 tis
1957 1303 2209 1358 membris
2234 1319 2263 1356 a
2291 1317 2511 1371 corpore
2554 1288 2825 1359 excidatur
2854 1305 3119 1372 Ecclesiae,
3151 1320 3205 1364 ut
3231 1314 3407 1365 cmteii

1859 1395 2093 1450 timeant.
2117 1394 2338 1449 iubetur
2365 1406 2482 1462 post
2510 1396 2622 1450 bac
2651 1397 2933 1452 Israelitico
2957 1403 3148 1468 populo
3175 1403 3407 1458 decimas

1857 1483 2214 1552 primitiaeque
2229 1484 2460 1537 omnium
2485 1500 2660 1539 rerum
2685 1487 2789 1540 Deo
2811 1487 3020 1544 oll'erre.
3050 1489 3299 1545 Primitiae
3317 1510 3410 1545 au-

1857 1580 1964 1626 tem
1993 1572 2246 1641 principia
2289 1572 2546 1626 bonorum
2569 1589 2787 1642 operum
2815 1577 3117 1645 Ostendunt,
3143 1583 3221 1635 vel
3244 1581 3408 1649 ipsam

1860 1661 2053 1716 bonam
2087 1662 2410 1715 voluntatem
2441 1676 2555 1730 qua:
2595 1663 2736 1729 prior
2759 1674 2841 1718 est
2865 1681 3046 1732 opere,
3078 1683 3230 1736 quam
3261 1671 3407 1726 Peiau

1858 1752 1995 1820 giaui
2027 1752 2125 1806 sibi
2154 1751 2428 1806 oil‘endunt
2456 1752 2753 1807 tribuendo.
2809 1754 2943 1808 Deus
2973 1768 3144 1812 autem
3165 1759 3287 1812 dum
3315 1761 3402 1813 illa

1858 1842 1957 1896 sibi
1997 1856 2028 1896 a
2058 1842 2206 1896 nobis
2247 1841 2400 1910 jubet
2449 1841 2648 1909 oli‘erri,
2696 1845 2890 1898 indicat
2911 1846 2974 1900 ad
3001 1847 3164 1917 ipsius
3183 1853 3406 1918 gratiam

1860 1931 2138 1996 pertinere.
2191 1929 2373 1985 Omnis
2413 1944 2587 1988 autem
2645 1949 2894 1989 numerus
2943 1952 3108 2006 usque
3132 1941 3198 1994 ad
3222 1941 3406 1996 decem

1856 2021 2061 2083 crescit,
2088 2029 2141 2073 et
2166 2019 2284 2073 ideo
2311 2020 2546 2075 decimus
2595 2024 3013 2090 consumptiunis
3062 2042 3279 2094 Operum
3307 2031 3395 2083 iui-

1858 2107 1984 2162 tium
2013 2108 2078 2168 ad
2121 2108 2588 2164 consummationis
2635 2111 2918 2180 accipimus
2951 2112 3401 2178 aliectum.‘0uod

1856 2207 2033 2251 autem
2062 2197 2274 2263 dicitur,
2327 2196 2668 2270 Primoyem‘ta
2695 2200 2823 2253 asini
2853 2202 3065 2254 "iurabis
3088 2217 3196 2268 oue,
3225 2205 3405 2257 asinus

1856 2287 2264 2358 immunditiam,
2293 2293 2406 2343 ovis
2429 2290 2778 2345 innocentiam
2807 2291 3081 2360 signiticet.
3107 2293 3253 2347 Asini
3276 2309 3401 2347 vero

1857 2376 2198 2448 primcgenita
2227 2393 2324 2434 ove
2350 2387 2570 2442 tnutare,
2603 2387 2684 2434 est
2713 2382 2990 2435 immunda
3015 2383 3129 2436 vita:
3177 2387 3398 2451 primor-

1855 2467 1939 2521 dia
1965 2467 2032 2521 ad
2053 2467 2363 2523 innocentia:
2387 2469 2776 2538 simplicitatem
2800 2482 3123 2537 convertere,
3156 2485 3210 2526 ut
3249 2487 3397 2542 pust-

1853 2572 2010 2625 quam
2035 2556 2299 2613 immunda
2322 2556 2545 2626 injustus
2589 2558 2718 2627 egit,
2747 2575 2862 2626 quae
2909 2560 3154 2614 Dominus
3177 2561 3395 2630 respuit,

1855 2646 1938 2702 illa
1971 2649 2169 2717 agenda
2215 2649 2450 2716 proferat
2494 2665 2610 2721 quae
2635 2651 2686 2703 in
2717 2650 2810 2704 Dei
2848 2652 3161 2706 sacriﬁcium
3206 2657 3398 2707 taundu

1854 2735 2104 2803 imponat.
2147 2735 2395 2804 Sequitur
2426 2753 2441 2791 :
2475 2736 2595 2791 Non
2634 2739 2866 2802 redimes,
2899 2741 3246 2808 iuterﬁcietur,
3277 2745 3396 2808 quia

1854 2823 2096 2876 nimirum
2123 2837 2273 2877 mens
2294 2823 2581 2890 immunda,
2629 2823 2674 2878 si
2697 2839 2799 2879 non
2821 2824 2976 2879 fuerit
3000 2826 3051 2879 iu
3071 2826 3257 2882 melius
3278 2843 3396 2882 ntu-

1853 2921 1977 2978 tata,
2011 2912 2285 2968 necabitur
2309 2923 2475 2967 morte
2503 2924 2720 2968 aeterna.

2313 3041 2318 3046 .
2414 3000 2634 3058 CAPUT
2673 3001 2811 3058 XXV

207 3068 352 3152 Illum
381 3068 772 3167 pradicatione.
807 3094 871 3149 Et
893 3095 983 3149 erit
1009 3111 1197 3160 servus,
1220 3068 1278 3149 id
1319 3102 1404 3150 est
1425 3068 1618 3150 (ξυνίειί
1667 3096 1750 3150 vel
1923 3091 1979 3147 In
2000 3107 2118 3149 arca
2146 3102 2322 3148 autem
2369 3091 2692 3149 Testamenti
2728 3104 2878 3148 crant
2899 3096 3141 3164 repoSitaa
3185 3097 3396 3163 tabula,

206 3187 459 3242 doctoris.
491 3185 603 3240 Duo
624 3196 789 3240 autem
815 3186 910 3260 piri
935 3186 1022 3255 qui
1049 3185 1268 3255 litigant,
1298 3185 1401 3240 duo
1422 3185 1753 3253 disputantes

208 3289 327 3329 sunt
348 3276 411 3329 de
437 3276 698 3344 aliquibus
741 3275 1118 3346 questionibus
1156 3275 1460 3343 Scriptura.
1524 3275 1673 3332 Unde
1700 3287 1754 3332 et

211 3367 511 3433 Apestolus,
542 3364 736 3430 Nolite,
782 3365 968 3434 inquit,
996 3364 1152 3419 verbis
1189 3365 1504 3431 contendere,
1534 3366 1601 3418 ad
1627 3366 1754 3419 nihil

209 3457 337 3507 enim
374 3464 446 3508 est
500 3454 656 3518 utile;
683 3468 879 3507 servum
915 3452 1123 3506 Domini
1165 3469 1266 3506 non
1314 3452 1749 3522 oportet'litigare.

211 3543 392 3598 Mulier
418 3553 594 3596 autem
626 3556 900 3612 praegnans
925 3541 1099 3595 anima
1128 3550 1212 3595 est
1237 3557 1353 3608 qua
1380 3557 1546 3610 nuper
1563 3556 1752 3618 conce-

212 3629 286 3699 pit
328 3629 541 3684 verbum
595 3629 705 3695 Dei,
755 3643 874 3698 quae
926 3643 1020 3698 pro
1063 3628 1366 3685 inlirmitate
1426 3638 1752 3699 nuncupatur

213 3721 434 3774 mulier:
483 3734 600 3789 qua:
620 3735 650 3773 a
680 3719 1002 3788 litigantibus
1039 3719 1166 3774 viris
1196 3734 1440 3789 percussa
1468 3730 1569 3786 est,
1597 3720 1666 3775 ita
1694 3730 1752 3775 ut

209 3813 423 3864 Verbum
463 3809 686 3876 Domini,
736 3810 874 3879 quod
924 3811 1146 3865 tenuiter
1200 3811 1461 3880 concepit,
1514 3811 1747 3880 abjiclat.

213 3901 501 3972 Subjarebit
550 3914 712 3955 autem
766 3918 1024 3969 percussor
1065 3902 1270 3966 damno,
1296 3914 1536 3972 quantum
1559 3902 1749 3973 petierit

215 3994 416 4043 maritus
459 3991 701 4044 mulieris.
754 3991 1007 4061 Aﬂigetur
1057 3991 1190 4044 enim
1251 4007 1342 4061 per
1387 3993 1747 4062 pwniteatiant,

210 4082 324 4151 quia
371 4080 544 4151 adtigit
576 4081 875 4147 inﬁrmum.
930 4069 1319 4142 Prouuiversa
1351 4082 1590 4137 doctrina
1633 4098 1749 4151 qua:

213 4168 417 4224 Christo
440 4170 654 4238 placuit,
677 4169 794 4238 quia
811 4170 918 4239 jam
941 4169 1181 4242 proprius
1203 4173 1284 4226 vir
1303 4179 1387 4225 est
1407 4171 1595 4226 anima
1617 4170 1748 4226 iide-

215 4258 298 4313 lis.
327 4261 430 4312 Aut
457 4269 602 4313 certe
629 4269 876 4327 quantum
917 4260 1496 4329 eapetieritmagister,
1540 4264 1629 4332 qui
1658 4276 1751 4330 pro

213 4347 402 4404 Christi
426 4347 657 4403 Ecclesia
681 4357 782 4402 est.
812 4338 984 4402 Potest
1007 4358 1176 4402 autem
1197 4360 1251 4402 ut
1272 4352 1414 4404 illum
1451 4368 1596 4419 quem
1619 4353 1748 4407 Ιιωὲι

214 4439 424 4493 ἱιυιηιαι
446 4449 494 4491 et
517 4446 733 4506 reparet.
768 4436 823 4492 Si
843 4447 1010 4492 autent
1040 4453 1173 4491 tuors
1194 4449 1365 4492 secuta
1386 4439 1553 4508 fuerit,
1577 4441 1747 4494 reddet

215 4527 427 4578 uitiarant
448 4525 755 4593 prs-anima.
795 4524 943 4592 Quod
971 4535 1144 4582 autem
1174 4527 1228 4580 in
1268 4527 1355 4581 die
1376 4526 1558 4594 judicii
1600 4529 1752 4584 intel-

217 4616 471 4685 ligendum
515 4602 599 4670 est
642 4615 779 4684 apud
829 4615 1077 4684 iudicem,
1128 4617 1214 4684 qui
1241 4626 1417 4686 potest
1443 4618 1670 4673 animam
1699 4630 1752 4676 et

217 4722 401 4775 corpus
427 4706 650 4777 perdere
674 4707 724 4760 in
763 4707 1076 4776 gehennam.
1136 4707 1225 4763 Vel
1251 4719 1401 4764 certe
1441 4711 1550 4764 ileri
1582 4720 1752 4780 potest

220 4797 378 4865 utqui
404 4797 502 4854 sibi
531 4797 773 4851 conscius
801 4794 929 4848 tanti
956 4795 1210 4862 scaudali,
1236 4809 1292 4850 ut
1321 4800 1548 4854 animam
1580 4801 1750 4855 homi-

220 4888 296 4942 nis
344 4887 683 4955 spiritualitcr
743 4885 1011 4951 occiderit,
1064 4896 1224 4954 ponat
1267 4899 1321 4943 et
1370 4889 1486 4958 ipse
1524 4893 1751 4949 animum

220 4991 360 5032 suam
408 4991 498 5043 pro
539 4975 716 5030 anima
764 4975 908 5035 illius
973 4991 1127 5043 quem
1181 4976 1644 5045 scandalizaverit;
1697 4992 1754 5037 et

228 5081 378 5135 usque
425 5065 491 5118 ad
519 5077 764 5132 mortem,
794 5067 838 5122 si
865 5081 1079 5123 tieeesse
1107 5067 1194 5133 sit,
1223 5081 1437 5136 operam
1463 5069 1576 5134 Dei,
1616 5087 1750 5141 quo-

222 5156 369 5211 modo
417 5156 597 5210 redeat
634 5167 689 5211 et
737 5159 1045 5213 restituatur
1079 5160 1144 5212 ad
1174 5158 1352 5213 iidem.
1383 5156 1450 5211 Et
1488 5160 1530 5212 si
1549 5162 1752 5216 oculum

222 5248 362 5311 lit-sit,
389 5247 598 5308 anima,
624 5247 677 5299 id
704 5255 806 5314 est,
851 5263 1064 5302 sensum
1095 5247 1235 5302 illius
1260 5248 1504 5314 turbavit,
1545 5236 1753 5305 aufera-

225 5347 303 5391 tur
326 5349 512 5390 sensus
563 5334 914 5401 turbulentus,
944 5350 1051 5405 quo
1093 5336 1229 5391 lesit
1272 5335 1506 5390 fratrem.
1559 5337 1664 5393 Sed
1707 5339 1753 5394 si

224 5426 347 5490 imit
383 5427 582 5479 donent
626 5424 818 5494 fratris,
848 5411 1040 5491 idest,
1067 5441 1280 5482 sensum
1319 5441 1423 5496 quo
1459 5426 1753 5483 ruminabat

223 5516 547 5583 scripturam,
608 5525 668 5569 ut
693 5514 756 5568 ad
802 5528 1014 5570 sensum
1062 5517 1364 5572 interiorem
1412 5520 1749 5587 perveniret:

221 5603 483 5660 auferatur
506 5607 639 5663 deus
665 5605 823 5673 illius,
855 5606 943 5674 qui
979 5606 1247 5664 uoubene
1286 5606 1572 5681 Scriptura
1604 5622 1753 5666 cost-

1851 3184 2235 3239 observantiam
2274 3184 2467 3239 veteris
2514 3183 2644 3254 legis
2672 3199 2734 3238 ac
2762 3199 2910 3239 ηοω
2948 3186 2999 3240 in
3046 3180 3277 3242 Ecclesia
3325 3189 3398 3242 si-

1850 3274 2180 3342 gniﬁcantes.
2213 3273 2287 3328 De
2307 3275 2456 3344 lignis
2480 3275 2936 3342 imputrescentibus
2958 3276 3240 3342 fabricatur
3255 3294 3393 3332 arca.

1851 3365 1928 3419 De
1974 3365 2173 3419 sanctis
2225 3373 2401 3418 mente
2446 3374 2499 3418 et
2526 3377 2748 3430 corpore
2795 3364 3084 3419 aediﬁcatur
3112 3353 3390 3420 Ecclesia:

1849 3455 1997 3523 quasi
2037 3468 2221 3506 aurum
2279 3452 2481 3506 radiare
2525 3451 2699 3518 debet,
2753 3450 3128 3509 tam‘interius‘
3183 3470 3246 3509 ex
3275 3457 3392 3510 vitzc

1848 3542 2145 3612 splendore,
2194 3556 2348 3609 quam
2388 3541 2618 3596 exterius
2643 3542 2895 3596 doctrinm
2915 3543 3171 3600 claritate.
3202 3544 3398 3600 Corona

1847 3648 2002 3686 aurea
2045 3648 2134 3699 per
2162 3632 2448 3697 circuitum,
2495 3623 2666 3686 unitas
2721 3631 2969 3688 Ecclesia:
3005 3643 3107 3690 est.
3168 3636 3396 3698 Quatuor

1849 3725 2083 3787 circulus,
2111 3736 2331 3792 quatuor
2357 3722 2663 3792 Evangelia,
2690 3738 2806 3792 quae
2839 3726 2888 3778 in
2922 3725 3116 3780 unitate
3148 3725 3397 3782 Ecclesia:

1849 3813 2224 3882 prmdicantnr,
2250 3813 2436 3882 quibus
2463 3813 2696 3867 accincta
2727 3830 2817 3880 per
2844 3825 3069 3882 quatuor
3092 3824 3266 3884 partes
3298 3817 3393 3870 iiu-

1843 3905 1931 3972 ,ξω
1955 3903 2132 3956 mundi
2161 3902 2371 3956 dilatata
2399 3902 2646 3956 tenditur.
2698 3901 2871 3956 Vectes
2916 3921 3110 3974 quoque
3151 3909 3211 3958 de
3245 3907 3396 3977 lignis

1848 3990 2042 4046 Setltins
2089 3990 2303 4058 faciunt,
2345 3991 2428 4056 qui
2468 3989 2654 4041 eisdem
2693 3990 2892 4042 circulis
2933 3992 3249 4053 inseruntur;
3276 3992 3392 4058 quia

1849 4080 2009 4134 l'ortes
2037 4087 2540 4148 perseverantesque
2579 4077 2840 4141 doctores,
2890 4069 3391 4148 velutimputribiiia

1847 4167 2114 4237 qumrcndi
2141 4176 2284 4231 sunt,
2328 4164 2415 4234 qui
2464 4164 2805 4221 instructiune
2853 4152 3125 4222 sacror’um
3166 4169 3391 4224 volumi~

1849 4270 1971 4310 num
2025 4269 2232 4322 semper
2279 4254 2594 4308 iubarentes
2638 4265 2830 4309 sancite
2882 4258 3146 4322 Ecclesiae,
3187 4274 3395 4329 semper

1851 4344 2102 4400 unitatem
2129 4334 2456 4410 denuntieni,
2479 4353 2532 4398 et
2552 4344 2698 4412 quasi
2728 4345 3043 4400 intromissis
3071 4348 3280 4403 circulis
3306 4364 3393 4404 ar-

1851 4448 1964 4489 cam
1979 4443 2183 4501 portent
2199 4451 2210 4484 :
2227 4435 2314 4501 qui
2326 4435 2791 4504 jubenturquoque
2806 4451 2935 4490 auro
2950 4437 3179 4503 cperire,
3198 4448 3252 4492 ut
3270 4455 3388 4495 cum

1848 4538 2091 4578 sermone
2117 4524 2234 4576 aliis
2259 4524 2603 4589 inseunerint,
2635 4526 2730 4592 ipsi
2769 4525 2926 4579 etiam
2950 4529 3068 4579 vine
3115 4531 3393 4596 splendore

1848 4612 2158 4685 fulgescant.
2216 4613 2340 4666 llaec
2376 4627 2495 4665 arca
2550 4611 2705 4666 liabet
2741 4613 2795 4665 in
2839 4628 2897 4667 se
2925 4614 3055 4668 duas
3080 4617 3312 4683 tabulas;
3340 4628 3394 4674 et

1851 4706 2084 4761 Ecclesia
2115 4705 2270 4758 habet
2291 4705 2341 4756 in
2371 4718 2428 4758 se
2451 4704 2556 4757 duo
2610 4703 2965 4765 'l‘cstami-nta.
2997 4715 3050 4760 et
3077 4717 3261 4765 urnam
3289 4716 3385 4763 au-
3461 4712 3463 4714 ’

1850 4813 2012 4861 ream,
2043 4812 2195 4866 quam
2219 4796 2554 4863 intelligimus
2583 4809 2794 4850 carnem
2826 4792 3046 4862 Christi;
3096 4814 3390 4870 purumque

1848 4889 2171 4941 reconditum
2197 4888 2327 4940 inse
2354 4886 2511 4940 habet
2538 4896 2799 4956 perpetuae
2847 4887 3131 4942 divinitatis
3175 4904 3388 4945 manus.

1855 4976 2005 5045 Virga
2025 4986 2198 5031 autem
2226 4976 2428 5041 Aaron,
2482 4977 2591 5030 veri
2643 4976 2901 5044 pontiﬁcis
2942 4979 3067 5032 .iesu
3108 4982 3394 5044 sceptrum,

1849 5067 1987 5136 quod
2014 5074 2208 5120 sancta:
2239 5064 2488 5119 Ecclesia
2519 5067 2803 5120 commisit.
2856 5066 3273 5135 Propitiatorium
3305 5082 3389 5120 su-
3463 5133 3466 5136 ξ

1852 5173 1946 5227 per
1971 5173 2166 5223 arcam,
2199 5159 2310 5225 ipse
2333 5155 2571 5211 Christus
2621 5157 2931 5220 insinuatur,
2954 5157 3206 5225 quiinter
3229 5156 3390 5213 Dcinn

1851 5259 1911 5304 et-
1928 5241 2167 5302 homines
2184 5248 2398 5302 medius
2425 5247 2740 5317 propitiator
2783 5247 3082 5301 intervenit.
3134 5248 3242 5302 Iloc
3263 5265 3390 5318 prn-

1851 5337 2170 5407 pitiatorium
2218 5351 2356 5391 arcae
2380 5335 2751 5404 superponitur
2783 5353 2798 5390 :
2829 5337 2905 5392 sic
2945 5339 3189 5393 Christus
3238 5349 3394 5406 caput

1852 5425 2101 5481 Ecclesia:
2149 5433 2254 5490 est,
2306 5425 2457 5494 cujus
2486 5439 2516 5477 a
2545 5426 2745 5480 dextris
2798 5437 2854 5481 et
2873 5428 3107 5482 sinistris
3135 5429 3238 5483 duo
3259 5431 3394 5485 Che-

1853 5517 2022 5571 rubim
2072 5515 2387 5581 causistunt,
2438 5516 2576 5585 quod
2616 5527 2698 5571 est
2750 5516 3019 5587 plenitudo
3063 5521 3317 5583 scientiae,
3341 5521 3391 5574 id

1851 5618 1953 5675 est,
1999 5606 2213 5668 dilectio
2264 5607 2359 5664 Dei
2406 5616 2459 5665 ct
2506 5609 2752 5679 proximi.
2803 5610 2907 5666 Alii
2960 5610 3236 5671 Cherubin
3289 5611 3392 5666 duo
