1936 3131
265 167 318 196 Si!)

266 276 294 299 et
309 270 349 298 sic
363 278 409 305 per
420 270 551 302 ordinem,
564 270 649 297 donec
669 269 842 305 coniungatur
855 268 917 296 illud
934 268 978 296 ubi
990 267 1037 295 di-

266 316 312 346 cit,
329 315 388 342 Non
408 316 566 348 concupisces
578 315 680 342 domum
700 315 807 349 pret-inti
820 315 868 345 tui.
881 322 925 341 nec
938 314 1036 341 desida-

265 361 333 387 rabis
342 368 444 388 ament
455 360 602 396 qquum]
613 365 699 388 antem
710 360 781 392 dicit,
794 360 853 387 Non
865 360 964 387 habebis
976 360 1036 387 deos

267 405 372 437 alienos,
385 411 436 431 non
452 405 554 440 negavit
567 400 625 439 qua:
639 404 700 437 siut,
715 404 760 432 sed
774 412 807 432 ne
820 405 844 431 ei
858 405 912 432 sint
923 404 965 432 cui
979 403 1036 433 hoc

268 449 457 484 praecipiuntur
470 448 616 483 prohibuit;
629 449 702 482 juxta
718 448 780 476 illud
795 448 923 483 Apostoli,
936 448 981 476 ubi
992 447 1034 476 di-

267 495 304 521 cit
321 503 328 520 :
345 494 412 521 Nam
420 495 443 521 si
451 498 508 521 sunt
519 494 562 529 qui
574 494 660 521 dicunt
669 491 705 521 dii
717 494 799 527 multi,
811 500 834 521 et
844 494 940 521 domini
950 493 1035 527 multi,

267 538 338 565 nol-is
351 543 432 565 mutent
447 545 510 566 unus
524 538 600 566 Deus.
615 539 686 566 Ilulti
699 539 767 567 enim
781 539 892 574 gentiles
901 539 1036 568 damoncs

266 581 332 609 deos
345 586 447 616 vocant,
456 587 504 610 aut
514 587 585 611 certe
596 584 712 617 angelos,
722 584 815 618 quibus
825 584 957 619 negandas
971 590 1037 619 geu-

268 631 309 653 tes
321 626 480 661 commiserit
499 628 624 661 appellari
638 628 703 655 deos
725 633 752 655 et
773 627 894 656 dominos
917 632 1036 660 constat;

267 669 343 703 deos,
357 671 430 705 quasi
442 678 457 698 ι
471 671 522 699 deo
539 672 628 705 datos;
650 672 781 705 dominos,
798 672 873 706 quasi
888 673 1038 706 acceperint

269 719 437 749 potestat-m.
448 716 542 743 Statuit
553 717 629 749 enim,
645 717 738 751 inquit,
758 718 874 745 terminos
885 718 1037 753 populorum

264 759 341 794 juxta
361 767 491 787 numerum
508 761 655 795 angelorum
667 761 723 789 Dei.
742 760 802 788 Non
813 762 891 797 facies
909 762 953 789 tibi
966 762 1035 789 scul-

267 804 338 838 plt'lt',
347 812 392 831 nec
403 813 499 832 omnem
507 806 708 834 similitudinem.
723 806 799 835 Aliud
815 806 953 835 calfacere
966 807 1035 835 scul-

270 848 345 882 ptile,
367 849 439 876 aliud
453 849 662 884 similitudinem,
683 851 806 885 sculptile
818 851 887 878 enim
903 852 976 885 facit,
990 852 1034 886 qui

268 893 337 927 quod
357 894 465 921 omnino
477 902 530 922 non
544 893 616 928 iacit,
637 896 683 923 sed
698 900 797 923 tantum
812 897 845 924 ad
858 897 1035 924 inventionem

268 937 358 964 cordis
369 938 409 965 sui
423 939 598 966 machinatur.
612 939 816 968 Similitudinem
832 948 894 969 vero
907 941 978 975 facit,
992 942 1037 977 qui

268 980 388 1014 alicujus.
403 982 476 1009 verbi
499 984 593 1017 gratia,
617 984 806 1019 quadrupedis,
829 986 870 1013 vel
895 986 1035 1021 serpentis,

267 1028 311 1051 aut
326 1026 394 1058 avis,
407 1025 606 1055 similitudinem
622 1027 693 1057 iacit.
713 1028 774 1057 Non
795 1030 922 1063 adorabis,
937 1038 981 1058 nec
995 1039 1039 1058 co-

266 1070 302 1097 les
316 1076 326 1097 :
340 1070 452 1098 adurant
474 1072 655 1107 multipliciter
671 1074 758 1106 inviti,
771 1080 817 1102 aut
836 1075 930 1104 timore
941 1076 1035 1109 coacti,

268 1119 314 1153 aut
335 1123 383 1151 per
404 1118 540 1145 avaritiam
558 1118 668 1147 seducti.
690 1120 785 1150 Colunt
804 1126 901 1156 autem,
924 1124 968 1159 qui
983 1127 1037 1151 toto

268 1161 363 1189 all‘eetu
387 1168 554 1197 venerantur,
575 1164 768 1193 obscurissimis
787 1167 974 1201 quaestionibus
995 1176 1038 1196 re-

268 1205 378 1240 laniati,
408 1206 563 1236 desiderata
585 1208 719 1238 brevitatis
744 1212 851 1239 modum
875 1213 1036 1240 cxcedimus.

267 1250 327 1278 non
337 1252 454 1280 adorabis
464 1253 523 1282 deos
534 1255 639 1289 alienos,
650 1256 676 1283 id
686 1261 735 1289 est,
748 1264 800 1285 non
811 1257 932 1287 adorabis
943 1260 1036 1289 vitium

266 1297 307 1322 Vel
323 1298 542 1335 gastrimargiam,
557 1305 586 1327 ut
602 1301 723 1335 leguntur
735 1303 753 1330 ii
768 1311 878 1338 quorum
895 1305 964 1333 Deus
974 1313 1036 1334 veo-

266 1347 315 1375 t-r,
329 1348 357 1371 et
378 1345 404 1371 in
427 1346 547 1379 avaritia,
567 1347 633 1375 etin
655 1347 838 1383 lornicatione.
863 1355 890 1379 et
911 1351 962 1378 alia
985 1356 1037 1380 tam

264 1389 386 1423 piurima,
404 1397 461 1424 qua:
475 1396 536 1419 sunt
557 1392 686 1421 idolorum
709 1395 833 1430 servitus,
849 1400 878 1424 ut
897 1396 1039 1430 Apostolus

266 1433 415 1462 coniirtnat.
428 1435 537 1469 Propter
550 1438 619 1472 quod
631 1438 703 1466 venit
712 1439 752 1467 ira
763 1440 810 1468 Dei
826 1449 834 1467 τ
850 1440 876 1469 in
886 1442 1037 1476 gastrimar-

266 1478 307 1511 gin
330 1478 413 1505 Adam
428 1480 539 1514 primum
560 1483 686 1516 peccavit,
706 1484 732 1512 in
750 1484 862 1513 avaritia
885 1486 967 1515 Judas
978 1495 1038 1515 eor-

265 1522 330 1554 rnit,
343 1527 370 1551 et
382 1523 474 1559 Gyeai,
488 1530 516 1553 et
528 1526 655 1560 Ananiae.
670 1533 699 1556 et
715 1529 850 1566 Sapbyra;
862 1535 890 1559 et
903 1533 1036 1566 quomodo

266 1567 279 1594 I'
280 1569 316 1595 uit
329 1569 355 1595 iu
366 1566 539 1599 fornicatione
551 1572 664 1601 Sodoma
677 1578 704 1601 et
714 1574 872 1604 Gomorrha.
885 1577 942 1605 Non
954 1578 1036 1606 iacies

268 1612 315 1640 tibi
329 1614 461 1648 sculptile,
484 1615 518 1643 de
532 1617 610 1645 malis
624 1619 825 1654 cogitationibus
837 1621 934 1650 dicitur
947 1632 954 1650 :
968 1624 1037 1652 sicut

266 1657 338 1703 enim
361 1658 459 1687 ierrum
475 1665 574 1694 partem
589 1663 688 1691 excidit
705 1664 738 1692 de
759 1665 841 1701 ligno,
865 1667 900 1694 ita
913 1668 1037 1703 cogitatio

266 1703 353 1735 mala;
367 1709 395 1730 ut
405 1704 431 1732 in
447 1704 598 1741 Evangelia,
609 1708 778 1744 Cogitationes
793 1712 867 1739 inulte
875 1712 1037 1747 coinquinant

266 1746 389 1775 homines.
402 1748 461 1776 Non
480 1758 591 1779 assumes
603 1760 692 1780 nomen
706 1754 808 1782 Domini
827 1755 876 1783 Dei
895 1746 976 1784 tuiin
994 1766 1038 1785 sa-

265 1800 337 1826 num,
352 1797 382 1820 ut
395 1794 420 1821 in
436 1794 587 1830 Evangelio,
603 1796 664 1825 Non
670 1799 760 1833 jurnre
781 1790 891 1829 omnino.
910 1802 1038 1831 Memento

265 1838 332 1865 disnt
342 1839 438 1867 sabbati
446 1841 596 1876 sancti/ires,
609 1843 642 1871 de
662 1843 735 1871 Novo
748 1843 917 1873 Testamento
931 1847 1036 1881 dicitur,

265 1888 292 1911 et
306 1883 415 1920 reliqua.
430 1884 504 1913 Sicut
518 1887 588 1914 enim
602 1888 775 1917 sanctiﬁcavit
794 1889 865 1917 diem
879 1891 992 1924 sabbati,
1010 1896 1039 1919 et

265 1930 394 1964 requievit
405 1930 432 1958 in
446 1931 502 1964 illo,
513 1931 553 1959 sic
566 1937 594 1960 et
607 1941 655 1960 nos
668 1941 714 1968 per
723 1934 826 1962 Novum
840 1935 1036 1965 Testamentum

265 1974 448 2006 sanctilicavit,
462 1979 490 2002 et
504 1976 669 2011 requiescere
679 1985 694 2004 a
716 1980 829 2012 peccatis
842 1980 914 2008 fecit.
930 1980 1037 2009 Honora

264 2023 361 2053 patrem
382 2022 463 2051 tuum,
478 2024 502 2046 et
522 2024 628 2048 matrem
648 2025 727 2048 luam.
750 2021 827 2050 Pater
838 2025 935 2052 etenim
949 2024 1037 2053 Domi-

265 2071 326 2096 nus,
341 2069 425 2091 mater
448 2064 574 2099 Ecclesia,
597 2066 623 2093 id
646 2071 697 2099 est,
714 2066 847 2096 Dominam
867 2069 947 2097 Deum
969 2077 1038 2099 tuum

265 2108 394 2140 adorabis,
414 2112 437 2134 et
451 2108 492 2135 illi
503 2110 550 2136 soli
565 2111 666 2138 seruies.
692 2112 725 2138 Et
739 2111 856 2141 Ecclesia
871 2114 966 2143 domus
979 2117 1035 2150 Dei,

265 2158 340 2187 pater
361 2157 388 2180 et
409 2157 494 2180 mater
513 2155 632 2181 omnium
655 2155 786 2189 jttstorttm
807 2158 833 2184 in
856 2159 995 2194 baptismo,
1010 2166 1038 2188 et

265 2197 441 2229 cnnfessione,
458 2203 485 2225 et
498 2199 660 2232 poenitentia.
679 2200 737 2227 Non
758 2203 863 2235 occides,
880 2204 904 2230 id
920 2210 969 2237 est,
984 2214 1034 2233 non
1052 2216 1074 2245 υ

264 2244 338 2270 odies
364 2244 469 2271 fratrem
491 2250 573 2272 tuum.
592 2245 642 2278 Qui
658 2247 733 2279 enim,
748 2248 839 2282 inquit.
862 2250 914 2277 odit
936 2251 1037 2285 fratrem

264 2297 347 2320 suum,
368 2290 491 2316 homicida
506 2296 558 2323 est;
580 2291 684 2325 iterum,
699 2292 748 2324 Qui
762 2294 878 2321 irasritttr
893 2297 967 2330 fratri
980 2306 1036 2330 sua,

265 2342 322 2360 mu
342 2335 388 2360 erit
409 2336 524 2363 concilio.
542 2336 600 2362 Non
620 2338 788 2372 machnberis,
805 2339 829 2365 id
853 2345 903 2372 est,
918 2341 965 2368 soli
982 2341 1036 2369 Deo

269 2378 405 2405 adbznrere
419 2380 511 2412 debes,
526 2384 552 2407 et
579 2381 603 2407 id
627 2382 694 2414 quod
718 2387 757 2409 est
783 2383 827 2410 Dei
851 2391 901 2411 non
927 2386 1035 2413 reddere

266 2424 381 2456 diabolo,
393 2426 437 2451 sed
454 2421 511 2459 qua:
524 2430 584 2452 sunt
601 2427 645 2453 Dei
663 2428 723 2461 Deo,
739 2429 763 2455 in
785 2430 917 2463 operibus,
933 2436 958 2458 et
972 2440 1036 2459 ver-

265 2469 315 2500 bis,
332 2473 358 2495 et
379 2470 586 2504 cogitationibus.
600 2471 716 2506 Denique
730 2479 756 2500 et
771 2474 897 2508 Propheta
914 2477 950 2503 ait
967 2486 973 2502 :
990 2476 1035 2503 Et-

264 2516 330 2540 enim
341 2520 422 2541 autent
438 2516 565 2543 adhwrere
578 2517 638 2549 Dea,
651 2518 742 2545 bonum
755 2525 799 2547 est.
814 2520 872 2547 Non
883 2523 977 2556 furtum
991 2526 1035 2557 fa-

265 2561 324 2591 cies,
340 2560 363 2587 id
380 2566 429 2593 est,
446 2562 513 2595 quod
535 2568 619 2595 potest
633 2564 711 2590 homo
732 2564 816 2591 facere
840 2571 865 2593 et
891 2574 940 2593 non
963 2568 1034 2599 facit,

267 2612 293 2631 ut
319 2607 343 2632 in
360 2608 467 2639 psalmo,
485 2607 613 2634 Pecrutori
628 2615 711 2635 autem
726 2610 788 2636 dixit
805 2611 872 2637 Deus
894 2621 970 2647 usque
983 2621 1035 2639 ser-

1049 1550 1072 1582 C

266 2659 336 2676 moue
351 2658 494 2679 retrorsum.
508 2653 564 2678 Non
582 2656 739 2689 concupisces
751 2664 800 2681 rem
815 2658 921 2690 proximi
932 2658 978 2689 lui,
992 2659 1035 2684 do-

266 2705 332 2721 mum
353 2703 373 2723 et
396 2699 478 2723 omnia
498 2699 576 2725 ﬁlius.
602 2700 760 2733 Proximum,
777 2703 899 2729 mundum
916 2704 1034 2737 intelligi-

268 2749 335 2769 mzh,
353 2747 379 2767 ιιι
403 2748 442 2768 est
464 2742 536 2774 illud,
555 2743 640 2770 Nolite
658 2746 760 2779 diligere
775 2748 906 2778 mundum,
923 2753 945 2773 et
960 2749 1035 2775 nolite

265 2787 430 2812 Μηδικὴν-ρ
450 2788 576 2814 thesauros
601 2789 625 2814 in
647 2794 721 2816 terra.
748 2791 809 2822 Qum
824 2792 888 2816 enim
910 2792 1033 2826 uidentur,

263 2834 409 2865 trntpotulia
422 2840 475 2858 tum
486 2843 494 2865 ,ν
506 2842 560 2864 qum
572 2844 619 2861 non
635 2836 756 2870 videntur,
767 2843 859 2865 menta
870 2843 937 2866 sunt.
954 2838 1034 2873 Hujus

509 166 611 195 πολε
631 164 854 195 VENEBABILIS
871 162 1013 195 ορεηυιί
1032 163 1036 192 1

1086 163 1119 191 ts
1134 163 1167 192 n.
1188 178 1221 185 —
1241 162 1434 193 exsaniat
1453 162 1614 192 acuatu.
1652 148 1655 150 ’

228 242 232 246 ι
267 227 341 258 dum.
355 225 412 253 Non
423 229 500 260 μου
512 224 555 252 tibi
568 226 701 259 settlp'tile;
712 224 829 257 tertium.
842 223 901 251 Non
912 230 1039 255 om;
1056 210 1078 251 Α
1091 221 1212 255 explanat
1233 220 1431 256 quastioneal:
1450 226 1585 249 auctorata
1607 221 1641 248 ab
1655 221 1693 249 illo
1711 224 1829 253 loco-

1879 147 1892 181 ll

1888 208 1899 238 tl

1085 266 1132 299 ait,
1148 265 1208 294 Non
1230 266 1348 294 adorabis
1359 266 1419 294 deos
1430 266 1537 299 alienos,
1550 266 1575 293 id
1595 271 1646 300 est,
1661 274 1706 294 non
1723 260 1904 295 allo-“lli

1085 310 1160 344 vitia,
1177 317 1229 338 nou
1249 310 1387 343 conﬁrmo,
1401 312 1444 345 qui
1456 315 1481 338 et
1495 316 1630 338 auctorem
1645 311 1745 347 ignoro:
1777 307 1908 342 tua}

1086 362 1143 382 rum
1153 360 1239 383 autem
1249 359 1290 383 est
1306 355 1372 383 banc
1386 356 1507 388 probare.
1529 356 1654 391 Sequitur
1668 365 1675 383 :
1691 356 1861 384 nam
1899 351 1913 376 il

1086 400 1184 427 tertiam
1196 403 1220 428 el
1234 405 1348 435 quartam
1369 405 1496 436 precatum
1511 401 1661 435 progeniem.
1672 400 1698 429 In
1711 410 1762 437 quo
1795 405 1891 428 ,εει
1897 398 1913 435 ἰς

1087 447 1174 473 monia
1188 439 1407 474 lucretici'dicunt
1429 453 1482 473 non
1501 446 1643 474 convenire
1663 446 1731 474 bono
1745 447 1857 477 Deo.
1885 452 1913 470 ν’

1087 497 1134 524 pro
1157 495 1265 525 peccato
1286 490 1401 518 slterins'
1425 491 1537 518 alterum
1563 491 1678 519 damnet.
1702 491 1874 520 Ιιαωωω

1085 535 1155 562 enim
1179 537 1282 569 peccata
1296 540 1398 569 patrum
1411 535 1437 562 in
1453 535 1519 562 ﬁlios
1541 536 1567 563 in
1589 537 1692 564 tertiam
1705 539 1845 574 progenita

1085 586 1111 606 et
1125 585 1255 614 quartam,
1270 585 1296 607 et
1311 580 1336 607 in
1351 580 1423 615 ipsos
1444 583 1532 615 patres
1554 588 1605 608 non
1621 581 1782 616 redduntur,
1795 583 1852 614 albi

1087 625 1155 651 cuitn
1175 624 1210 652 de
1221 625 1339 659 patribus
1352 625 1428 654 dixit.
1448 625 1572 655 Diabolus
1591 631 1664 662 pater
1686 632 1730 655 est
1743 630 1857 655 omniu-

1087 674 1267 704 peccatorum.
1288 669 1338 698 Vos
1347 671 1424 704 enim,
1439 671 1523 707 inquit
1535 672 1671 706 Dominus,
1681 679 1714 699 α
1723 677 1803 707 patre
1815 674 1861 700 dis-

1086 714 1141 741 ιοιο
1154 715 1223 742 satis.
1240 714 1327 743 Donec
1339 717 1409 744 enim
1419 720 1471 744 stat
1485 716 1606 750 mundus,
1621 722 1733 752 peccata
1754 725 1807 745 sua
1819 712 1864 745 .3...

1086 758 1178 794 recipit
1195 756 1330 793 diabolus;
1351 761 1440 788 omnia
1453 761 1523 789 enim
1544 761 1583 789 illi
1603 763 1822 790 reservabantur
1841 765 1863 790 in

1086 803 1210 839 futurum,
1225 805 1368 834 redduntur
1379 811 1466 834 tamen
1485 807 1511 834 in
1526 806 1595 835 ﬁlios
1607 814 1673 841 quos
1686 809 1803 842 genuit.
1822 809 1866 835 I'er

1088 854 1221 882 peccatum
1232 849 1304 877 enim
1320 849 1439 878 homines
1453 850 1481 878 in
1493 857 1573 878 carne
1587 851 1662 885 positi
1678 852 1837 886 puniuntur
1855 860 1867 878 ι

1052 882 1076 913 Β
1090 893 1211 927 D-mino,
1233 894 1277 929 qui
1296 902 1349 922 non
1371 895 1425 922 vnlt
1449 900 1561 923 ntortem
1584 882 1752 930 peccatoris,
1779 898 1829 937 ae_d
1843 903 1868 936 μ

1088 944 1254 967 convertatur
1265 944 1294 968 ct
1309 941 1388 968 vivat.
1403 940 1549 970 Peccantes
1566 941 1636 969 enim
1646 941 1797 970 ministros
1809 950 1867 977 pee-

1089 985 1140 1013 catl
1153 985 1338 1021 adjutoresqua
1348 986 1517 1022 requirimus,
1528 994 1594 1022 quos
1608 987 1714 1016 tertiam
1726 986 1778 1016 ’ναι
1790 996 1866 1024 quar-

1089 1035 1142 1058 tam
1166 1032 1319 1066 progeniem
1333 1031 1414 1060 habet
1432 1032 1564 1066 diabolus,
1588 1039 1658 1068 quos
1669 1039 1821 1067 peccantes
1842 1034 1865 1061 in

1088 1077 1210 1111 presenti
1224 1077 1292 1105 Deus
1304 1079 1437 1110 verberat,
1448 1082 1477 1104 ut
1487 1078 1513 1105 in
1525 1077 1613 1105 futuro
1622 1078 1708 1106 levius
1719 1079 1864 1107 sustineat.

1089 1121 1211 1149 Diabolus
1223 1122 1336 1156 denique
1349 1122 1439 1156 genuit
1450 1121 1545 1150 ludam
1559 1129 1607 1157 per
1616 1128 1770 1157 peccatum.
1783 1123 1865 1151 intra-

1088 1166 1202 1194 vitenim
1216 1167 1241 1193 in
1254 1167 1325 1194 illum
1341 1167 1462 1200 Satanas,
1474 1171 1501 1194 et
1511 1166 1595 1195 indas
1602 1166 1666 1194 abiit
1679 1168 1713 1195 ad
1728 1168 1864 1203 principes

1087 1210 1268 1243 sacerdotum;
1285 1218 1336 1238 non
1363 1208 1434 1238 enim
1447 1210 1520 1239 solus
1533 1211 1623 1239 scelus
1644 1211 1731 1238 crucis
1752 1211 1863 1245 implere

1088 1257 1173 1290 potuit
1190 1265 1197 1282 ί
1214 1249 1346 1292 principes
1360 1256 1456 1284 deinde
1469 1256 1667 1283 concitaverunt
1676 1262 1708 1283 ac
1721 1262 1861 1290 persuase-

1086 1305 1149 1329 runt
1163 1301 1277 1335 populo;
1290 1301 1329 1329 sic
1349 1306 1408 1328 nata
1421 1305 1462 1329 est
1475 1308 1508 1328 es
1524 1300 1590 1328 Juda
1611 1304 1702 1335 quarta
1714 1302 1858 1335 generatio.

1089 1345 1207 1373 Reddidit
1217 1350 1303 1372 autem
1318 1345 1516 1383 misericordiam
1524 1345 1551 1372 in
1560 1345 1640 1372 stillis
1652 1345 1690 1372 Itis
1698 1345 1740 1380 qui
1749 1345 1859 1382 diligat-tt

1087 1390 1169 1418 iusta.
1185 1391 1234 1424 Qui
1247 1391 1317 1419 enim
1329 1390 1441 1426 diligunt
1450 1391 1653 1424 correctionem,
1667 1397 1717 1418 non
1727 1391 1855 1426 indigent.

1087 1437 1133 1465 sed
1148 1437 1201 1465 illis
1213 1438 1295 1465 solam
1310 1437 1516 1465 misericordiam
1527 1437 1627 1465 tribuit.
1644 1435 1715 1464 Beati
1727 1437 1793 1464 enim
1805 1437 1856 1463 mi-

1087 1483 1234 1516 ‘serieordss,
1252 1483 1371 1518 quoniam
1382 1482 1439 1518 ipsi
1459 1482 1654 1509 misericordiam
1667 1487 1853 1515 meum.

1089 1526 1117 1554 In
1131 1526 1234 1554 duabus
1248 1527 1344 1554 tabulis
1356 1527 1455 1561 scripta
1465 1531 1506 1554 est
1519 1527 1572 1558 lex,
1585 1530 1690 1561 propter
1700 1526 1751 1553 duo
1762 1526 1855 1555 Testa-

1086 1575 1183 1604 menta,
1196 1571 1237 1600 vel
1250 1576 1355 1606 propter
1368 1578 1483 1599 amorem
1496 1571 1542 1599 Dei
1553 1574 1581 1599 et
1593 1570 1715 1605 proximi.
1729 1570 1854 1607 Lapidem

1086 1620 1173 1644 autem
1188 1616 1283 1644 tabula
1293 1616 1438 1651 signiﬁcant
1455 1615 1581 1644 duritiam
1594 1615 1682 1644 cordia
1692 1615 1854 1645 intimorum.

1086 1660 1216 1688 Additur:
1230 1660 1327 1688 Deinde
1340 1669 1391 1688 non
1403 1661 1501 1696 {arietis
1517 1661 1586 1688 vobis
1597 1661 1657 1688 deos
1676 1668 1764 1688 aureos
1778 1664 1856 1689 αυτ

1086 1711 1196 1739 gentsos,
1212 1710 1241 1733 ut
1254 1707 1352 1733 nullum
1367 1705 1528 1741 superﬂuum
1548 1712 1665 1738 sensum.
1679 1707 1800 1741 quamvis
1813 1715 1857 1735 ra-

1086 1749 1160 1778 diare
1173 1750 1286 1783 videtur,
1309 1751 1347 1779 vel
1362 1751 1466 1781 inanem
1480 1751 1659 1787 eloquentiam
1674 1753 1860 1788 suscipiamus.

1086 1794 1172 1821 Allare
1184 1795 1216 1822 de
1233 1799 1301 1822 terra
1319 1796 1415 1830 facietis
1432 1796 1503 1823 mihi.
1522 1797 1613 1825 Allare
1629 1796 1663 1825 de
1676 1801 1747 1825 terra
1761 1798 1861 1829 laeso.

1081 1843 1127 1866 est
1149 1839 1337 1868 humanitatem
1360 1840 1455 1867 Christi
1478 1848 1600 1876 sperare.
1625 1842 1656 1870 Et
1681 1842 1707 1870 in
1732 1843 1813 1870 altari
1832 1844 1865 1870 de

1088 1888 1156 1911 terra
1171 1892 1265 1912 munus
1284 1885 1447 1913 oblatinnum
1467 1886 1614 1920 oll‘erimus,
1626 1888 1649 1915 si
1664 1893 1741 1915 actus
1757 1893 1869 1916 nosti-os

1086 1927 1225 1956 dominicae
1246 1930 1435 1958 lucarnationis
1460 1931 1512 1959 ﬁde
1533 1929 1689 1960 solidamus.
1714 1933 1846 1967 Sequitur
1862 1941 1871 1959 :

1087 1972 1161 2005 Quod
1171 1973 1193 2001 si
1202 1973 1283 2001 altare
1295 1974 1421 2008 lapideum
1433 1974 1522 2009 feceris
1531 1975 1603 2009 ntilti,
1613 1983 1664 2003 non
1675 1976 1824 2010 cdiﬁcabia
1841 1977 1873 2002 da

1085 2018 1158 2045 sectis
1179 2018 1315 2053 lapidibus.
1339 2019 1410 2047 Secti
1432 2018 1534 2054 lapides
1547 2020 1565 2047 ii
1588 2021 1709 2055 suntqui
1735 2021 1872 2048 unitatem

1085 2063 1220 2090 scindunt.
1234 2062 1313 2090 Tales
1328 2063 1354 2090 in
1369 2071 1481 2098 corpore
1493 2071 1541 2091 suo
1554 2059 1677 2093 Christus
1691 2071 1745 2092 non
1759 2064 1875 2096 recipit,

1086 2109 1162 2142 cujus
1171 2108 1290 2142 corporis
1303 2107 1414 2142 ﬁguram
1422 2108 1585 2137 altare’illud
1597 2109 1748 2136 obumbrat.
1759 2107 1804 2135 De
1818 2114 1874 2135 non

1086 2153 1164 2180 sectis
1178 2157 1265 2180 autem
1279 2153 1411 2187 lapidibus
1425 2154 1533 2188 dicitur,
1553 2154 1684 2191 Tanaum
1696 2153 1801 2188 Ιιρίἀιε
1822 2151 1874 2177 Ἠ

1087 2196 1332 2230 supertediﬁcamiui.
1358 2197 1385 2223 lu
1411 2198 1452 2224 bis
1479 2205 1531 2225 non
1549 2203 1590 2224 est
1608 2198 1730 2230 injectum
1745 2193 1870 2224 (mnu.
1912 2220 1913 2230 η

1558 2338 1635 2357 VIIII“

1473 2461 1871 2562 ’Ἂ-

1090 2241 1147 2273 quia
1161 2241 1246 2274 jacula
1261 2241 1365 2275 maligni
1381 2248 1433 2267 non
1454 2245 1614 2274 receperant.
1631 2239 1794 2275 Sequillry

1088 2285 1204 2311 ascendet
1217 2292 1259 2318 per
1273 2285 1367 2320 gradus
1381 2284 1414 2309 ad
1426 2284 1516 2317 altare,
1531 2283 1578 2310 hoc
1589 2287 1636 2314 est.
1653 2290 1708 2320 tto-‘-

1087 2337 1165 2355 unum
1180 2329 1222 2355 alii
1239 2329 1383 2362 praeferens
1397 2329 1429 2355 ad
1452 2327 1635 2362 meperveuies

1086 2373 1183 2399 fal'ltlnt
1197 2373 1240 2407 qui
1258 2372 1339 2399 Patris
1353 2378 1381 2400 et
1395 2372 1453 2400 Filii
1465 2377 1492 2400 et
1504 2371 1577 2406 Spiril

1086 2419 1147 2445 tiam
1161 2418 1290 2444 dividunt.
1313 2418 1402 2445 Altare
1415 2418 1448 2446 de
1461 2422 1524 2445 terra
1546 2415 1558 2443 it

1086 2465 1209 2497 diximus,
1221 2463 1254 2490 ab
1268 2463 1325 2490 aliis
1338 2463 1447 2491 docetur
1459 2462 1515 2490 torti

1086 2515 1175 2544 gentes
1189 2514 1215 2537 et
1236 2509 1356 2541 Judmos;
1369 2509 1416 2543 ipsi
1434 2508 1473 2535 cui

1086 2556 1156 2587 bant,
1172 2560 1199 2582 et
1221 2555 1247 2582 in
1270 2554 1435 2587 vestimentis,

1086 2608 1188 2634 quoque
1202 2600 1284 2626 altare
1296 2599 1329 2626 de
1341 2603 1407 2625 terra

1086 2652 1132 2672 cor
1144 2652 1266 2672 carnenm
1282 2644 1348 2671 babu

1087 2691 1145 2717 tiles
1160 2690 1260 2723 lapideo
1275 2689 1336 2716 cord

1086 2736 1142 2762 duae
1157 2736 1281 2763 Ecclesiae

1087 2780 1201 2807 Ecclesia
1222 2780 1285 2809 Vel:

1085 2833 1153 2853 vum.

1407 2558 1466 2630 Ὴ

1349 2630 1458 2686 θ’*

1091 2988 1646 3124 Διὶ-ι·
