3872 6262
555 416 659 474 519

1042 414 1245 472 ιιευιε
1287 412 1731 471 VENERABILIS
1766 408 2048 469 ορειιιιιι
2089 409 2095 465 1

2194 408 2261 465 ιε
2294 409 2359 466 ιι.
2400 439 2466 454 -
2507 409 2893 468 εχεοετιιιιι
2931 410 3250 469 casuras.
3327 379 3330 386 ’

3652 416 3752 472 κο

481 568 486 574 ι
559 537 706 598 dum,
735 533 848 586 Non
871 540 1024 602 {acies
1047 531 1134 586 tibi
1160 535 1426 599 sculptile;
1449 531 1681 595 tertium,
1709 530 1826 584 Non
1848 542 2102 592 assultu;
2135 503 2180 584 Α
2206 526 2447 593 explanat
2491 525 2886 596 quastmnculc
2925 537 3194 582 auctorem
3238 527 3306 580 ab
3333 528 3421 582 illo
3472 533 3617 593 loco,
3671 533 3752 585 ubi

557 634 612 680 et
642 623 721 678 sic
751 637 841 691 per
865 622 1125 684 ordinem,
1152 623 1322 676 donec
1363 621 1707 691 conjungatnr
1734 619 1857 675 illud
1893 619 1980 674 ubi
2004 618 2098 673 di-

555 715 647 774 cit.
683 713 800 767 Non
841 713 1156 779 concupisces
1181 712 1382 766 domum
1423 712 1639 779 proximi
1665 713 1759 772 tui.
1787 727 1874 765 nec
1901 711 2095 765 deside-

554 803 690 856 rabis
707 818 912 857 uxorem
933 805 1065 874 ejus.
1081 802 1226 868 Quod
1250 813 1421 858 autem
1444 804 1585 865 dicit,
1612 802 1730 856 Non
1753 803 1952 858 habebis
1977 803 2096 858 deos

558 891 767 955 alienos,
794 905 896 943 non
927 892 1130 960 negavit
1159 906 1273 960 ane
1302 892 1424 955 sint,
1454 891 1543 945 sed
1572 907 1637 945 ne
1663 893 1712 946 ei
1741 893 1848 946 sint
1871 892 1955 946 cui
1983 891 2096 949 hac

561 980 937 1049 praecipiuntur
965 980 1256 1048 prohibuit;
1281 980 1427 1046 juxta
1460 979 1582 1034 illud
1614 980 1870 1047 Apostoli,
1896 980 1985 1035 ubi
2008 979 2092 1035 di-

557 1072 632 1123 cit
665 1087 678 1122 :
714 1070 846 1124 Nam
863 1072 908 1123 si
927 1058 1039 1123 sunt
1063 1071 1146 1139 qui
1172 1071 1344 1124 dicunt
1362 1066 1433 1124 dii
1459 1072 1621 1136 multi,
1646 1084 1691 1125 et
1712 1072 1904 1125 domini
1924 1071 2093 1137 multi,

559 1158 699 1213 nobis
727 1168 888 1212 tamen
917 1174 1044 1213 unus
1073 1159 1223 1213 Dens.
1255 1160 1395 1214 llulti
1422 1161 1558 1216 enim
1585 1163 1807 1231 gentiles
1827 1162 2096 1218 daemones

556 1244 687 1300 deos
713 1257 918 1317 vocant,
937 1256 1032 1302 aut
1051 1257 1194 1304 certe
1215 1251 1447 1318 angelos,
1468 1251 1653 1319 quibus
1674 1251 1937 1321 negandas
1967 1265 2097 1321 gen-

559 1344 639 1387 tes
665 1336 982 1402 commiserit
1022 1338 1272 1405 appellari
1300 1339 1429 1392 deos
1474 1349 1528 1392 et
1570 1339 1811 1394 dominos
1857 1348 2096 1404 constat;

559 1420 708 1487 deos,
738 1426 884 1492 quasi
908 1439 936 1477 a
967 1425 1067 1480 deo
1102 1426 1280 1490 datos;
1324 1427 1585 1494 dominos,
1621 1428 1770 1495 quasi
1799 1429 2099 1495 acceperint

562 1521 895 1579 potestatvm.
921 1515 1107 1568 Statuit
1129 1517 1282 1580 enim,
1313 1517 1498 1584 inquit,
1541 1520 1771 1572 terminos
1795 1519 2098 1589 pepulerunt

552 1600 706 1668 juxta
747 1617 1005 1656 numerum
1041 1606 1332 1672 angelorum
1359 1605 1470 1661 Dei.
1508 1604 1626 1660 Non
1651 1607 1806 1677 facies
1841 1608 1928 1661 tibi
1956 1607 2094 1661 scul-

558 1691 699 1758 ptile,
719 1706 806 1743 nec
829 1708 1022 1746 omnem
1038 1695 1440 1751 similitudinem.
1471 1696 1622 1750 Aliud
1653 1695 1929 1753 calfacere
1955 1698 2093 1754 scul-

2195 616 2288 680 ait,
2321 614 2440 671 Non
2485 616 2720 671 adorabis
2742 617 2862 672 deos
2886 617 3097 682 alienos,
3125 617 3175 670 id
3215 627 3316 683 est,
3349 633 3452 672 nou
3501 621 3751 677 adorabis

2186 703 2343 771 vitia,
2378 719 2483 759 nou
2524 704 2800 770 conﬁrmo,
2828 707 2914 774 qui
2937 715 2989 760 et
3016 715 3285 760 auctorem
3316 708 3506 778 ignoro
3535 726 3548 761 :
3583 711 3750 778 maio.

2195 787 2310 848 rum
2331 803 2502 850 autem
2523 803 2604 850 est
2636 795 2769 850 hanc
2798 796 3038 860 probare.
3083 796 3333 864 Sequitur
3366 813 3380 848 :
3416 797 3662 851 Reddens
3704 800 3750 850 ἱιι

2197 885 2392 937 tertiam
2417 892 2464 939 et
2493 894 2721 953 quartam
2763 895 3017 955 peccatum
3047 887 3349 952 progeniem.
3375 885 3429 942 lu
3460 904 3568 957 quo
3601 889 3744 943 testi-

2199 978 2372 1029 mouio
2401 975 2629 1030 haeretici
2657 976 2838 1031 dicunt
2884 991 2988 1029 non
3029 977 3313 1031 convenire
3354 977 3498 1032 bono
3529 977 3668 1041 Deo,
3700 988 3746 1032 ut

2199 1078 2292 1131 pro
2339 1073 2554 1133 peccato
2596 1065 2826 1119 alterius
2876 1066 3099 1118 alterum
3152 1067 3385 1121 damnet.
3434 1067 3748 1122 Reddantur

2195 1153 2333 1207 enim
2384 1159 2588 1220 peccata
2618 1165 2821 1221 patrum
2849 1155 2898 1208 in
2932 1154 3064 1208 lios
3109 1156 3160 1209 in
3203 1159 3412 1212 tertiam
3441 1163 3746 1230 progeniem

2195 1256 2246 1296 ei
2275 1253 2532 1311 quartam,
2564 1253 2617 1296 et
2646 1244 2695 1297 in
2727 1245 2870 1313 ipsos
2912 1251 3089 1313 patres
3135 1261 3237 1300 non
3269 1247 3583 1315 redduntur,
3617 1249 3744 1311 nihil

2197 1334 2334 1386 enim
2375 1332 2443 1387 de
2468 1335 2702 1400 patribus
2728 1335 2881 1392 dixit.
2920 1337 3168 1392 Diabolus
3209 1347 3354 1408 pater
3397 1349 3481 1393 est
3507 1344 3744 1393 omnium

2199 1432 2558 1491 peccatorum.
2601 1423 2700 1479 Vos
2719 1427 2872 1492 enim,
2902 1427 3071 1497 inquit
3096 1428 3366 1494 Dominus,
3388 1443 3450 1481 es
3468 1438 3618 1498 patre
3642 1430 3742 1483 dia-

2196 1512 2306 1565 bolo
2333 1513 2470 1567 estis.
2503 1513 2677 1570 Donec
2702 1517 2842 1570 enim
2863 1525 2966 1572 stat
2995 1516 3238 1584 mundus,
3269 1528 3483 1586 peccata
3521 1533 3618 1572 sua
3645 1506 3740 1573 non

2197 1601 2378 1670 recipit
2415 1603 2684 1669 diabolus;
2725 1605 2904 1660 omnia
2931 1607 3071 1662 enim
3114 1607 3191 1661 illi
3231 1608 3646 1661 reserabuntur
3687 1613 3732 1662 in

2196 1691 2444 1760 futurum,
2473 1695 2759 1750 redduntur
2783 1705 2955 1752 tamen
2995 1698 3046 1751 in
3077 1696 3214 1753 ﬁlios
3239 1712 3370 1765 quos
3395 1702 3607 1766 genuit.
3644 1700 3737 1754 i'er

563 1779 712 1846 ptile,
759 1781 901 1835 aliud
931 1782 1346 1850 similitudinem,
1391 1785 1634 1854 sculptile
1661 1787 1798 1840 enim
1831 1787 1974 1852 facit,
2003 1788 2091 1855 qui
2127 1848 2167 1855 _
2199 1791 2466 1848 peccatum
2490 1782 2631 1838 enim
2665 1783 2902 1839 homines
2931 1785 2986 1839 in
3012 1799 3170 1841 carne
3199 1787 3349 1854 positi
3380 1788 3671 1854 puniuntur
3711 1803 3735 1839 a

561 1869 697 1936 quod
737 1871 953 1925 omnino
979 1887 1082 1926 non
1112 1871 1255 1938 facit,
1297 1848 1389 1928 sed
1421 1848 1617 1930 tanlum
1647 1877 1712 1930 ad
1741 1848 2092 1931 inventionem
2127 1848 2174 1908 Β
2203 1869 2445 1938 ο-ιωίηο.
2491 1872 2578 1941 qui
2617 1888 2721 1928 non
2765 1874 2874 1928 νυιι
2923 1883 3144 1930 “Ionem
3191 1848 3512 1944 ίδθοαιοτίις
3559 1879 3656 1957 ⁸09
3687 1890 3738 1955 ἱη

560 1955 738 2010 cordis
761 1959 840 2011 sui
870 1961 1219 2015 machinatur.
1249 1963 1655 2019 Similitudinem
1687 1981 1811 2021 vero
1837 1966 1980 2033 facit,
2007 1968 2096 2038 qui

560 2042 798 2111 alicujus.
831 2047 975 2101 verbi
1022 2052 1209 2117 gratia,
1259 2052 1635 2120 quadrupedis,
1681 2055 1763 2108 vel
1813 2056 2093 2125 serpentis,

558 2139 646 2184 aut
676 2134 810 2198 avis,
839 2134 1237 2193 similitudinem
1267 2139 1408 2198 facit.
1451 2141 1571 2197 Non
1615 2145 1868 2208 adorabis,
1897 2161 1985 2198 nec
2013 2161 2100 2199 co-

555 2223 628 2275 les
657 2236 676 2275 :
705 2224 926 2278 adorant
971 2228 1332 2297 multipliciter
1367 2233 1538 2296 inviti,
1565 2243 1656 2288 aut
1695 2234 1882 2290 timore
1906 2236 2094 2300 coacti,

559 2321 652 2386 aut
695 2329 790 2384 per
831 2319 1104 2373 avaritiam
1139 2321 1359 2377 seducti.
1404 2324 1592 2382 Colunt
1633 2337 1826 2395 autem,
1871 2331 1959 2400 qui
1989 2339 2098 2386 toto

561 2405 750 2460 all‘ectu
799 2420 1132 2476 venerantur,
1174 2413 1560 2469 obscurissimis
1597 2419 1971 2485 qumstiouibus
2014 2436 2099 2475 re-

559 2493 780 2562 tardati,
840 2495 1149 2554 desideratte
1195 2501 1461 2558 brevitatis
1512 2509 1724 2561 modum
1773 2510 2095 2564 escediums.

557 2583 599 2636 Λ
613 2599 678 2639 οη
699 2587 932 2643 adorabis
952 2591 1070 2645 deos
1093 2593 1300 2660 alienos,
1325 2595 1374 2649 id
1395 2605 1493 2660 est,
1521 2611 1622 2652 non
1646 2598 1887 2657 adorabis
1910 2603 2095 2660 vitium

555 2677 638 2727 Vel
669 2679 1107 2751 gastrimargiam,
1139 2693 1195 2737 ιιι
1228 2686 1468 2753 leguntur
1494 2689 1528 2742 ii
1560 2705 1779 2760 quorum
1813 2695 1950 2750 Deus
1971 2710 2095 2751 ven-

554 2778 652 2832 t-r,
683 2779 738 2825 et
780 2773 832 2825 in
879 2777 1117 2840 avaritia,
1157 2778 1289 2833 etin
1334 2778 1699 2849 lornicatione,
1750 2795 1803 2840 et
1845 2786 1948 2840 alia
1993 2796 2096 2843 tam

551 2861 796 2929 pzurima,
832 2877 945 2931 qua:
975 2875 1094 2919 sunt
1139 2867 1395 2924 idolorum
1443 2874 1688 2943 servitus,
1721 2884 1778 2930 ut
1818 2877 2100 2944 Apostolus

557 2949 853 3006 confirmat.
881 2952 1098 3021 Propter
1122 2959 1261 3026 quod
1285 2960 1429 3016 venit
1449 2963 1526 3017 ira
1551 2963 1642 3019 Dei
1675 2981 1691 3018 :
1722 2964 1775 3021 in
1795 2969 2098 3035 gastrimar-

556 3039 636 3104 gia
685 3039 850 3093 Atiam
881 3043 1102 3110 primum
1145 3049 1396 3114 peccavit,
1437 3051 1487 3106 in
1525 3053 1745 3109 avaritia
1793 3056 1955 3113 ludas
1979 3073 2099 3113 cor-

555 3127 1055 3246 ruitietrfiyeziaet
1081 3136 1334 3246 Apauias,
1364 3149 1421 3195 et
1455 3142 1722 3215 Saphyra;
1748 3154 1802 3201 et
1829 3150 2093 3213 quomodo
2122 3184 2167 3246 ο

557 3217 654 3272 fuit
684 3222 733 3273 in
757 3221 1100 3281 fornicatione
1126 3227 1351 3284 Sodoma
1377 3240 1430 3284 et
1452 3232 1767 3291 Gomorrha.
1794 3237 1906 3293 Non
1932 3238 2094 3296 facies

560 3307 654 3361 tibi
683 3311 945 3377 sculptile,
992 3314 1058 3369 de
1087 3317 1242 3373 malis
1271 3322 1672 3389 cogitationibus
1697 3326 1888 3383 dicitur
1917 3347 1930 3382 :
1960 3331 2095 3388 sicut

557 3396 698 3489 enim
746 3398 940 3456 ferrum
974 3413 1172 3470 partem
1202 3409 1398 3464 excidit
1433 3411 1498 3467 de
1541 3412 1704 3483 ligno,
1752 3417 1820 3471 ita
1849 3419 2096 3489 cogitatio

557 3481 728 3553 mala;
757 3500 812 3543 ut
834 3491 884 3546 in
917 3491 1217 3565 Evangelia,
1242 3481 1756 3569 Cogitationes—mala
1773 3481 2096 3578 coinquinant

555 3577 800 3631 homines.
826 3579 944 3634 Non
982 3599 1204 3639 assumes
1230 3603 1406 3643 nomen
1437 3591 1638 3647 Domini
1677 3592 1774 3648 Dei
1812 3599 1882 3650 tui
1921 3598 1974 3652 in
2011 3615 2098 3654 sa-

555 3683 696 3734 num,
728 3676 785 3722 ut
814 3671 862 3725 in
895 3671 1196 3743 Evangelia,
1229 3676 1350 3732 Non
1365 3683 1542 3749 jurare
1585 3671 1804 3740 omnino.
1844 3687 2097 3745 Memento

554 3759 685 3812 diem
706 3760 897 3815 sabbati
914 3764 1216 3845 sancti/ius,
1241 3769 1306 3823 de
1348 3769 1492 3824 Novo
1518 3770 1856 3829 Testamento
1885 3777 2094 3845 dicitur,

553 3859 605 3903 et
635 3849 851 3920 reliqua.
882 3843 1030 3908 Sicut
1060 3857 1198 3911 enim
1228 3859 1572 3916 sanctificavit
1611 3862 1752 3916 diem
1781 3864 2006 3929 sabbati,
2043 3843 2099 3921 et

553 3942 808 4010 requievit
831 3943 884 3998 in
915 3944 1026 4011 illo,
1050 3946 1127 4001 sic
1155 3956 1210 4002 et
1238 3964 1333 4003 nos
1359 3965 1450 4018 per
1469 3952 1673 4007 Novum
1702 3953 2093 4011 Testamentum

554 4029 917 4095 sanctiﬁcavit,
946 4041 1003 4086 et
1030 4035 1360 4104 requiescere
1381 4052 1410 4090 a
1454 4043 1680 4106 peccatis
1707 4043 1848 4098 fecit.
1883 4044 2095 4100 Honora

552 4129 745 4188 patrem
787 4127 946 4184 tuum,
979 4131 1025 4175 et
1066 4131 1278 4178 matrem
1319 4134 1475 4178 tuam.
1523 4125 1675 4183 Pater
1699 4132 1890 4185 etenim
1921 4131 2096 4188 Domi-

553 4226 672 4274 nus,
705 4220 871 4265 mater
918 4212 1170 4280 Ecclesia,
1217 4215 1266 4268 id
1315 4207 1414 4280 est,
1450 4215 1714 4274 Dominum
1756 4221 1914 4277 Deum
1959 4237 2096 4281 tuum

552 4299 808 4361 adorabis,
851 4307 896 4350 et
923 4299 1004 4352 illi
1028 4303 1122 4354 soli
1152 4305 1353 4358 seruies.
1407 4307 1471 4358 Et
1500 4306 1733 4364 Ecclesia
1764 4311 1953 4367 domus
1980 4317 2090 4382 Dei,

553 4399 702 4455 pater
745 4397 797 4441 et
841 4397 1010 4442 mater
1050 4393 1284 4444 omnium
1333 4393 1593 4461 iustorum
1637 4399 1687 4450 in
1734 4400 2011 4472 baptismo,
2041 4415 2096 4458 et

551 4476 905 4541 confessione,
938 4489 993 4534 et
1018 4480 1342 4547 poenitentia.
1378 4481 1497 4538 Non
1536 4487 1748 4553 occides,
1781 4491 1832 4542 id
1860 4502 1960 4559 est,
1988 4509 2090 4548 non
2123 4514 2171 4574 ο

551 4570 699 4623 odies
748 4569 960 4624 fratrem
1002 4579 1167 4627 tuum.
1205 4572 1306 4639 Qui
1335 4576 1487 4640 enim,
1516 4577 1699 4648 inquit,
1745 4582 1851 4636 odit
1893 4584 2097 4653 fratrem

549 4675 717 4722 suum,
755 4661 1006 4740 homicida
1032 4674 1138 4729 est;
1181 4664 1390 4734 iterum,
1417 4667 1518 4732 Qui
1545 4671 1778 4725 irascitur
1806 4674 1956 4744 fratri
1981 4693 2094 4744 suo,

550 4764 666 4801 reus
704 4750 798 4802 erit
838 4752 1071 4809 concilio.
1103 4753 1221 4807 Non
1261 4758 1598 4827 mccbaberis,
1630 4760 1680 4814 id
1726 4772 1828 4827 est,
1857 4765 1953 4818 soli
1985 4764 2095 4820 Deo

559 4837 832 4893 adhaerere
859 4841 1044 4907 debes,
1072 4849 1127 4896 et
1178 4843 1229 4897 id
1273 4846 1411 4913 quod
1455 4856 1537 4903 est
1587 4848 1676 4903 Dei
1723 4865 1824 4904 non
1874 4855 2092 4909 reddere

552 4928 785 4994 diabolo,
807 4932 896 4984 sed
927 4923 1043 5000 quae
1069 4942 1192 4988 sunt
1220 4936 1311 4990 Dei
1345 4938 1467 5005 Deo,
1498 4941 1548 4994 in
1591 4942 1856 5010 operibus,
1887 4954 1938 4999 et
1965 4961 2113 5001 ver-

550 5019 653 5084 bis,
685 5026 738 5073 et
779 5021 1194 5090 cogitationibus.
1221 5024 1453 5096 Denique
1479 5039 1534 5084 et
1561 5029 1817 5100 Propheta
1848 5035 1922 5088 ait
1955 5053 1966 5088 :
2000 5034 2091 5089 Et-

508 5113 510 5115 ’
549 5111 681 5163 enim
702 5118 866 5165 autem
896 5112 1152 5170 adhaerere
1177 5115 1298 5183 Deo,
1322 5118 1505 5173 bonum
1530 5132 1618 5177 est.
1647 5123 1766 5178 Non
1786 5127 1975 5194 furtum
2001 5132 2093 5196 fa-

549 5202 669 5265 cies,
699 5200 750 5255 id
781 5212 880 5268 est,
911 5205 1048 5272 quod
1090 5216 1260 5273 potest
1286 5210 1442 5263 homo
1484 5209 1654 5266 facere
1699 5224 1752 5269 et
1802 5231 1902 5270 non
1945 5218 2088 5281 facit,

553 5305 607 5346 ut
658 5293 708 5346 in
739 5296 956 5361 psalmo,
989 5295 1248 5352 Peccatori
1275 5311 1442 5354 autem
1471 5302 1597 5355 dixit
1629 5305 1766 5358 Deus
1806 5323 1961 5377 usque
1985 5323 2092 5361 ser-

550 5399 694 5435 mone
721 5394 1009 5441 retrorsum.
1035 5387 1151 5440 Non
1183 5393 1499 5461 concupisces
1521 5409 1620 5445 rem
1649 5397 1863 5463 proximi
1884 5399 1978 5462 tui,
2002 5399 2092 5450 do-

549 5491 685 5526 mum
726 5487 769 5528 et
811 5479 977 5530 omnia
1015 5479 1173 5532 illius.
1223 5481 1541 5549 Proximum,
1573 5487 1820 5540 mundum
1853 5489 2091 5558 intelligi-

553 5581 692 5626 mus,
726 5575 779 5617 ut
826 5576 904 5620 est
949 5566 1094 5631 illud,
1129 5567 1301 5623 Nolite
1334 5573 1540 5641 diligere
1570 5577 1833 5641 mundum,
1865 5588 1910 5629 et
1939 5579 2092 5632 nolite

547 5655 882 5708 thesaurisare
920 5657 1174 5711 thesauros
1222 5660 1271 5711 in
1315 5668 1463 5715 terra.
1515 5663 1640 5728 Qui:
1667 5666 1798 5716 enim
1839 5667 2086 5733 videntur,

545 5746 841 5813 temporalia
864 5760 971 5800 sum
991 5767 1008 5814 ,-
1031 5766 1141 5817 quis
1163 5767 1261 5805 non
1289 5753 1534 5824 videntur,
1554 5767 1738 5812 eterna
1759 5766 1896 5815 sunt.
1925 5759 2088 5829 Hujus

2199 1973 2531 2018 convertatur
2555 1972 2611 2019 et
2641 1965 2799 2021 vivat.
2830 1965 3121 2023 Peccantes
3156 1967 3297 2022 enim
3319 1967 3590 2022 ministros
3618 1983 3736 2036 pec-

2201 2054 2303 2108 cati
2330 2054 2700 2127 adjutoresque
2721 2057 3058 2127 requirimus,
3080 2073 3212 2129 quos
3239 2059 3446 2115 tertiam
3471 2057 3558 2114 vel
3581 2074 3736 2130 quar-

2203 2154 2307 2200 tam
2355 2149 2660 2216 progeniem
2691 2147 2851 2204 habet
2889 2149 3150 2215 diabolus,
3199 2164 3338 2219 quos
3363 2161 3645 2218 peccantes
3689 2151 3736 2203 in

2201 2239 2444 2305 presenti
2473 2238 2608 2294 Deus
2631 2242 2899 2303 verberat,
2921 2249 2978 2293 ιιι
2999 2241 3050 2294 in
3074 2240 3246 2293 futuro
3268 2240 3435 2295 levius
3459 2242 3736 2296 sustineat.

2201 2327 2446 2382 Diabolus
2469 2329 2695 2396 denique
2722 2329 2902 2397 genuit
2925 2327 3113 2385 Judam
3142 2342 3236 2397 per
3257 2339 3550 2398 peccatum.
3575 2331 3740 2384 intra-

2200 2416 2274 2470 vit
2289 2420 2426 2471 enim
2455 2419 2504 2470 in
2531 2418 2673 2472 illum
2707 2419 2948 2484 Satanas,
2972 2426 3026 2472 et
3047 2416 3212 2474 Judas
3228 2416 3355 2473 abiit
3383 2420 3447 2472 ad
3479 2419 3744 2488 principes

2198 2503 2558 2569 sacerdotum;
2593 2521 2695 2560 non
2750 2501 2892 2560 enim
2919 2505 3064 2561 solus
3089 2506 3267 2562 scelus
3311 2507 3485 2560 crucis
3526 2505 3742 2571 implere

2200 2598 2369 2663 potuit
2405 2615 2416 2648 ε
2451 2581 2716 2666 principes
2744 2596 2936 2651 deinde
2963 2596 3357 2650 concitaverunt
3377 2609 3437 2649 se
3467 2609 3742 2664 persuase-

2197 2695 2320 2741 runt
2351 2686 2576 2753 populo;
2603 2687 2682 2742 sic
2720 2697 2840 2740 nata
2867 2695 2948 2741 est
2974 2700 3039 2739 ea
3072 2684 3203 2740 inda
3245 2693 3428 2754 quarta
3452 2685 3738 2752 generatio.

2201 2774 2437 2829 Reddidit
2458 2785 2628 2827 autem
2660 2775 3054 2848 misericordiam.
3072 2775 3124 2828 in
3143 2774 3304 2828 millia
3327 2774 3403 2828 Itis
3421 2774 3507 2843 qui
3526 2775 3741 2844 dith

2198 2865 2361 2918 illum.
2394 2865 2490 2932 Qui
2517 2867 2656 2921 enim
2681 2865 2904 2935 diligunt
2922 2865 3328 2930 correctionem,
3357 2877 3460 2918 non
3483 2865 3735 2934 indigent,

2198 2958 2289 3012 sed
2320 2959 2424 3012 illis
2449 2961 2613 3013 solam
2644 2957 3054 3014 misericordiam
3078 2958 3278 3012 tribuit.
3313 2955 3456 3010 Beati
3482 2957 3616 3010 enim
3644 2957 3740 3008 alio

2198 3049 2490 3114 sericordes,
2526 3050 2764 3119 quoniam
2788 3049 2899 3120 ipsi
2940 3047 3330 3102 misericordiam
3360 3053 3734 3112 consequentur.

2201 3135 2257 3190 lo
2285 3136 2490 3192 duabus
2520 3137 2710 3192 tabulis
2735 3137 2931 3204 scripta
2954 3145 3034 3190 est
3061 3137 3168 3199 lex,
3194 3143 3405 3204 propter
3427 3134 3535 3188 duo
3557 3135 3738 3190 Tosta-

2195 3233 2388 3290 menta,
2413 3226 2496 3282 vel
2523 3234 2732 3295 propter
2758 3239 2988 3281 amorem
3015 3225 3106 3280 Dei
3129 3233 3184 3280 et
3209 3224 3456 3294 proximi.
3488 3224 3735 3294 Lapides

2195 3323 2369 3370 autem
2399 3315 2586 3370 tabula:
2609 3315 2898 3384 significant
2934 3315 3185 3370 duritiam
3211 3314 3389 3370 cordis
3413 3313 3734 3370 ludentum.

2194 3403 2454 3460 Additur:
2483 3403 2675 3459 Deinde
2703 3421 2803 3458 non
2828 3405 3024 3474 facietis
3059 3405 3194 3459 vobis
3217 3405 3336 3457 deos
3375 3419 3556 3458 aureos
3582 3411 3738 3457 erar=

2194 3505 2413 3562 genteos,
2446 3503 2504 3548 ut
2530 3498 2726 3550 nullum
2756 3495 3077 3565 superﬂuum
3118 3509 3352 3556 sensum,
3381 3496 3623 3564 quamvis
3653 3511 3736 3550 rae

2195 3581 2341 3638 diarc
2369 3584 2593 3649 videtur,
2639 3585 2716 3641 vel
2746 3587 2954 3642 inanem
2983 3587 3340 3657 eloquentiam
3371 3587 3735 3656 suscipiamus.

2195 3670 2365 3725 Altare
2391 3674 2454 3726 de
2489 3682 2623 3728 terra
2661 3675 2851 3742 facietis
2887 3675 3027 3729 mihi.
3065 3677 3245 3731 Altare
3279 3676 3346 3730 de
3374 3685 3515 3731 terra
3544 3677 3731 3737 facere,

2185 3769 2276 3813 est
2321 3761 2695 3820 immanitatem
2743 3764 2932 3818 Christi
2979 3779 3219 3834 sperare.
3270 3766 3332 3820 Et
3381 3767 3434 3821 iu
3483 3765 3638 3820 altari
3677 3768 3734 3819 de

2196 3859 2333 3905 terra
2363 3868 2550 3907 munus
2591 3855 2915 3909 oblatiunum
2955 3855 3246 3922 olferimna,
3273 3858 3318 3910 si
3346 3868 3497 3911 actus
3530 3867 3734 3910 nostros

2195 3936 2471 3995 dominica:
2513 3943 2892 3998 incarnationis
2942 3945 3044 4000 ilde
3086 3941 3394 4000 Solidamus.
3446 3946 3733 4014 Sequitur:

2196 4026 2343 4092 Quod
2366 4029 2408 4082 si
2427 4030 2586 4084 altare
2611 4031 2862 4100 lapideum
2887 4032 3063 4099 feceris
3082 4032 3223 4098 mihi,
3245 4049 3344 4086 non
3367 4033 3648 4101 ardiﬁeabis
3679 4035 3734 4087 de

2192 4120 2336 4173 sectis
2380 4118 2650 4188 lapidibus.
2702 4121 2840 4177 Secti
2886 4121 3086 4189 lapides
3113 4123 3146 4175 ii
3194 4133 3318 4176 sunt
3344 4124 3434 4191 qui
3486 4126 3731 4179 unitatem

2192 4209 2462 4263 scindunt.
2491 4207 2647 4263 Tales
2678 4209 2728 4263 in
2760 4224 2981 4278 corpore
3005 4225 3100 4263 suo
3125 4208 3370 4266 Christus
3399 4226 3503 4265 non
3531 4214 3732 4279 recipit,

2193 4302 2344 4366 cuius
2364 4299 2600 4366 corporis
2628 4298 2848 4367 figuram
2867 4299 3186 4354 ahare’illud
3210 4301 3512 4356 obumbrat.
3537 4301 3609 4355 De
3637 4317 3732 4356 non

2193 4389 2348 4442 sectis
2378 4398 2550 4442 autem
2581 4388 2840 4455 lapidibus
2870 4390 3083 4456 dicitur,
3124 4389 3389 4462 Tanquam
3414 4392 3608 4461 lapides
3649 4395 3733 4446 eiei

2194 4474 2686 4542 superadi/icamiui.
2737 4475 2790 4529 In
2840 4477 2923 4530 his
2976 4491 3078 4530 non
3117 4486 3200 4530 est
3236 4477 3485 4543 injectum
3517 4475 3732 4541 ferrum

2200 4564 2317 4630 quia
2343 4562 2513 4632 jacula
2541 4563 2750 4632 maligni
2782 4577 2884 4616 non
2925 4573 3251 4630 receperant.
3290 4563 3582 4634 Sequitur:
3613 4565 3731 4620 Non

2196 4652 2431 4705 ascendes
2453 4666 2540 4719 per
2567 4651 2754 4721 gradus
2780 4649 2848 4700 ad
2871 4648 3050 4716 altare,
3080 4648 3181 4703 hoc
3204 4660 3306 4712 est,
3343 4666 3449 4706 non
3478 4653 3730 4720 gradatim

2194 4755 2352 4794 unum
2380 4740 2466 4794 alii
2498 4739 2786 4807 praeferens
2813 4738 2878 4791 ad
2921 4740 3309 4806 mepcrveniea
3340 4758 3356 4796 :
3387 4745 3528 4811 quod
3556 4745 3729 4797 Ariani

2141 4851 2146 4858 ο
2192 4828 2388 4882 faciunt
2414 4827 2503 4897 qui
2537 4826 2698 4881 Patris
2725 4837 2780 4882 et
2809 4826 2924 4881 Filii
2950 4836 3005 4882 et
3030 4828 3255 4895 Spiritus
3282 4830 3447 4884 sancti
3479 4830 3728 4883 antistan-

2193 4920 2316 4974 tiam
2344 4918 2600 4972 dividunt.
2645 4917 2823 4973 Altare
2848 4917 2915 4973 de
2941 4925 3079 4973 terra
3129 4917 3350 4984 iacietis,
3389 4919 3533 4986 quod
3577 4935 3728 4988 supra

2192 5010 2440 5077 diximus,
2462 5008 2530 5063 ab
2555 5008 2670 5063 aliis
2696 5007 2914 5063 docetur
2942 5009 3095 5063 tertia
3121 5023 3240 5063 esse
3267 5008 3567 5062 ditierentia
3597 5010 3727 5066 iuta

2191 5111 2372 5170 gentes
2400 5107 2452 5156 et
2491 5099 2732 5164 Judaos;
2757 5099 2855 5167 ipsi
2891 5099 3028 5154 enim
3070 5101 3122 5154 in
3161 5099 3471 5166 corporibus
3509 5101 3723 5158 ὤσει-ο-

2191 5192 2332 5257 bant,
2364 5201 2419 5247 et
2462 5191 2514 5246 in
2560 5191 2897 5256 vestimentis,
2933 5198 2988 5244 et
3029 5190 3082 5243 in
3123 5187 3274 5242 altari
3318 5189 3387 5246 de
3427 5200 3588 5248 terra.
3623 5192 3726 5248 Hoc

2192 5296 2397 5350 quoque
2423 5280 2588 5335 altare
2611 5279 2678 5334 de
2703 5289 2838 5334 terra
2863 5277 3158 5348 significare
3175 5277 3388 5344 dicitur,
3410 5282 3532 5349 quia
3556 5279 3722 5336 Judei

2191 5386 2285 5427 cor
2307 5386 2554 5426 carneum
2585 5370 2902 5432 habuerunt;
2930 5372 2979 5421 iu
3013 5367 3216 5436 lapideo
3237 5379 3436 5434 autem.
3457 5372 3579 5443 quia
3604 5386 3722 5441 gen-

2193 5463 2312 5516 tiles
2339 5461 2542 5530 lapideo
2570 5461 2728 5515 corde
2753 5459 3165 5515 cdificaverunt.
3195 5461 3295 5517 Per
3334 5462 3450 5518 hac
3479 5463 3660 5517 altaria
3679 5473 3730 5516 et

2191 5553 2305 5607 dum
2335 5553 2582 5608 Ecclesiae
2631 5551 3042 5622 prmﬂgurautur.
3092 5551 3192 5607 Per
3231 5553 3397 5608 altare
3443 5554 3511 5609 de
3560 5565 3722 5608 terra.

2193 5641 2423 5697 Ecclesia
2465 5641 2668 5700 Veteris
2696 5641 3048 5708 Testamenti,
3078 5650 3130 5697 et
3177 5656 3268 5711 per
3297 5643 3587 5712 lapideum,
3628 5641 3719 5697 No-

2190 5748 2328 5788 νιιιιι.
