3872 6262
211 400 315 456 Sil

479 505 670 563 CAPP.
711 503 829 560 Χξμ
855 534 874 544 -
900 504 1036 561 XXII
1060 536 1086 547 -
1104 505 1264 560 XXIII
1283 536 1303 547 -
1333 505 1516 561 XXIV.

291 601 486 658 Deinde
507 600 672 654 multa
701 607 958 668 pracepta
982 599 1116 669 legis
1137 600 1348 663 dantur,
1369 613 1489 670 qua
1519 598 1767 654 transito-

210 696 294 749 ria
317 705 706 762 pereurremus.
737 689 868 756 Quia
910 705 1028 745 cum
1051 705 1079 744 a
1111 691 1393 757 majoribus
1430 691 1626 746 nostris
1662 704 1765 744 non

212 781 550 837 inveniamus
577 794 698 836 esse
741 781 1036 848 explanata.
1066 789 1123 835 et
1150 780 1457 845 simpliciter
1483 782 1763 841 intellecta,

211 871 480 927 tdillcaut
544 870 829 925 auditores.
879 868 1186 937 Praecipitur
1240 879 1413 925 autem
1458 880 1576 935 post
1617 870 1763 928 haec:

215 961 357 1018 Puer
378 961 624 1019 Hem
649 963 694 1014 si
713 961 842 1029 forte
874 962 926 1012 in
953 961 1249 1014 curvitatem
1286 962 1552 1028 devenerit,
1581 970 1766 1030 septem

211 1053 364 1106 annis
389 1052 587 1116 serviat,
614 1059 659 1103 et
683 1052 891 1116 septimo
917 1067 1051 1105 anno
1105 1053 1226 1104 liber
1251 1053 1529 1104 dimittatur
1573 1054 1636 1104 de
1661 1068 1766 1105 ser-

211 1141 388 1196 vitute.
453 1140 558 1193 Sed
606 1139 650 1192 si
676 1141 1198 1193 nolueritaseroitute
1249 1140 1439 1210 egredi,
1486 1141 1764 1210 ρει-[οωὺὶ-

213 1239 302 1282 tur
325 1228 556 1282 auricula
582 1229 739 1292 illius,
777 1239 823 1282 et
849 1230 942 1282 erit
979 1244 1148 1283 servus
1174 1231 1227 1282 in
1252 1231 1509 1284 seruiunt.
1559 1229 1623 1282 Et
1667 1243 1763 1283 nos

214 1319 270 1374 in
323 1333 416 1374 ses
468 1319 707 1372 anatibus
750 1317 901 1386 huius
939 1318 1121 1372 mundi
1169 1318 1479 1382 servientes,
1539 1318 1764 1385 septimo

212 1423 378 1474 anno,
410 1409 507 1462 hoc
535 1419 618 1462 est
665 1418 864 1483 sterno
911 1408 1129 1462 sabbato
1178 1408 1483 1471 liberamur,
1515 1408 1558 1461 si
1588 1418 1761 1461 tamen

215 1498 533 1554 voluerimus
575 1511 694 1552 esse
728 1495 900 1565 liberi,
943 1497 986 1551 si
1032 1511 1213 1550 sumus
1261 1495 1490 1561 Hebrai,
1539 1495 1640 1550 hoc
1681 1505 1762 1550 est

215 1590 522 1643 transitores
563 1602 654 1656 per
681 1588 819 1641 hunc
841 1587 1089 1640 mundum
1120 1597 1466 1639 transeuntes.
1503 1585 1634 1639 Dum
1660 1599 1757 1638 au-

215 1686 323 1731 tem
352 1691 531 1732 sumus
554 1677 604 1730 in
631 1676 730 1730 hoc
759 1673 972 1740 mundo,
1018 1674 1276 1728 servimus
1323 1672 1598 1726 mundanis
1617 1672 1758 1726 desi-

212 1769 379 1823 deriis
397 1785 412 1821 :
431 1783 459 1821 a
482 1767 672 1836 quibus
699 1767 744 1821 si
773 1766 1093 1820 voluerimus
1145 1765 1371 1824 liberari.
1412 1763 1760 1832 perforabitur

219 1857 456 1910 auricula
488 1827 540 1908 i-u
565 1855 915 1910 testimonium
942 1853 1307 1907 inobedientia
1329 1868 1343 1916 ;
1368 1861 1421 1906 et
1447 1867 1564 1907 cum
1592 1867 1758 1907 uxore
1792 1827 1833 1886 Β

186 1955 271 2017 ,ει
301 1946 421 2000 liliis
450 1946 644 1999 nostris
672 1958 802 2012 quos
834 1944 1141 2011 protulimus
1179 1941 1403 2007 libenti,
1435 1941 1486 1995 id
1511 1951 1610 2006 est,
1641 1955 1760 1995 cum

209 2050 370 2090 carne
399 2045 452 2090 et
481 2033 728 2102 o’peribus
752 2033 982 2101 peccati,
1017 2031 1154 2084 servi
1179 2031 1376 2085 erimus
1405 2033 1455 2084 in
1481 2037 1755 2098 aeternum.

213 2125 315 2179 Per
343 2124 480 2178 hunc
499 2137 706 2194 quoque
727 2136 941 2177 servum
968 2120 1238 2175 Hebraeum
1263 2120 1562 2173 universum
1593 2132 1758 2187 genus

215 2214 506 2268 humanum
553 2210 814 2280 designari
855 2223 1006 2276 posse
1048 2209 1256 2275 dicitur,
1284 2210 1421 2277 quod
1453 2208 1502 2261 in
1534 2209 1758 2276 septimo

210 2315 373 2367 anno,
423 2301 472 2355 id
520 2308 624 2362 est,
669 2299 722 2353 in
771 2299 950 2369 requie
987 2298 1117 2354 Novi
1157 2296 1479 2353 Testamenti
1509 2295 1757 2352 liberatus

209 2399 312 2444 est.
342 2389 466 2442 Cum
486 2392 624 2458 quali
651 2397 780 2444 veste
808 2387 1081 2449 intrauerit,
1111 2401 1223 2439 cum
1262 2383 1354 2439 tali
1391 2394 1551 2450 exeat,
1581 2384 1632 2440 id
1655 2392 1754 2450 est,

223 2495 253 2530 a
300 2478 416 2546 lege
461 2477 730 2530 naturain
779 2490 974 2530 novum
1011 2489 1130 2529 cum
1189 2473 1290 2528 llde
1330 2475 1520 2539 veniat,
1557 2487 1673 2542 quae
1705 2483 1758 2529 et

211 2569 374 2622 vestis
415 2577 549 2621 erat.
580 2565 820 2620 Dominus
860 2580 982 2618 suus
1009 2564 1061 2617 in
1091 2564 1339 2618 omnibus.
1375 2562 1550 2616 Bonus
1574 2561 1760 2616 doetor

209 2653 355 2708 dedit
384 2654 454 2707 illi
482 2668 719 2717 uxorem,
751 2654 802 2706 id
830 2663 910 2707 est
925 2651 1101 2721 junxit
1140 2650 1368 2706 animam
1395 2649 1562 2715 illius;
1584 2659 1639 2706 et
1666 2650 1756 2705 lilii

209 2757 265 2797 et
284 2743 424 2807 lilia,
447 2744 496 2796 id
527 2754 608 2797 est
656 2756 841 2796 sensus
868 2742 989 2796 boni
1019 2750 1073 2795 et
1095 2741 1433 2811 cogitationes
1472 2740 1754 2796 secundum

211 2837 349 2888 bnnc
382 2834 721 2888 intellectum.
760 2831 875 2900 Ipse
905 2845 1017 2884 vero
1039 2830 1190 2884 exibit
1219 2846 1332 2883 cum
1359 2832 1537 2884 vestitu
1563 2845 1674 2898 suo,
1705 2829 1755 2884 id

207 2933 292 2977 est
319 2937 436 2978 cum
487 2924 602 2992 iege
657 2932 876 2986 natura,
923 2922 1003 2976 vei
1034 2921 1166 2986 (ide;
1213 2930 1258 2974 et
1305 2919 1642 2991 applicabitur
1686 2921 1755 2974 ad

208 3014 412 3075 ostium,
455 3010 507 3065 id
546 3021 626 3065 est
669 3009 1016 3080 principibus;
1069 3016 1253 3076 postes,
1281 3009 1382 3065 hoc
1409 3019 1489 3065 est
1514 3009 1755 3065 secunde

210 3100 355 3169 legis.
387 3099 670 3170 Perforabit
691 3117 862 3154 aurem
883 3100 1025 3154 illius
1043 3099 1244 3166 subula,
1272 3101 1321 3154 id
1346 3107 1430 3155 est
1455 3097 1756 3168 pradicabit

1020 391 1081 448 IN
1115 393 1666 452 PENTATEUCHUM
1703 393 2191 450 COMIIEN‘I'ARII.
2237 423 2302 436 —
2339 391 2626 451 EXODUS.

1791 509 1834 566 Α
1863 504 2046 560 minuit
2071 505 2233 560 cibos.
2265 504 2445 561 Ilauus
2469 516 2645 561 autem
2674 507 2812 563 illius
2838 511 3028 566 animm
3053 512 3235 572 virtus.
3262 530 3408 579 qum-

1865 608 1983 649 rere
2005 605 2058 648 et
2083 597 2440 665 constringere
2465 597 2660 666 aliquid
2684 606 2887 664 potest:
2915 603 3058 656 velut
3078 605 3122 656 si
3149 604 3403 665 dicamus.

1863 689 2010 738 actus
2036 681 2195 747 illius,
2218 694 2270 737 et
2294 697 2383 751 pes
2411 698 2516 752 quo
2545 686 2742 740 incedit
2768 688 2832 742 ad
2864 687 2997 742 bona
3023 699 3077 744 et
3096 691 3252 745 mala.
3275 693 3407 758 Quia

1863 784 1989 841 ergo
2011 773 2052 824 si
2079 771 2380 828 scandalum
2423 775 2614 838 patitur
2657 776 2830 830 anima
2860 793 2962 831 non
3015 779 3183 834 solum
3205 781 3260 834 in
3285 785 3407 844 title,

1861 862 1953 915 sed
1974 869 2028 916 et
2066 861 2120 914 in
2149 863 2352 917 actibus
2397 862 2694 930 ejiciamur,
2723 880 2838 934 quae
2865 881 2956 933 per
2998 883 3184 923 manus
3212 871 3407 940 signiu—

1861 959 2048 1004 cantur
2088 961 2197 1006 :'et
2251 952 2412 1019 pedes
2489 951 2814 1019 auri-runtur,
2866 956 2984 1022 quia
3039 959 3405 1015 oliendiculum

1863 1038 2082 1107 prtebuit
2112 1056 2125 1091 :
2153 1049 2205 1092 et
2226 1055 2408 1094 manus
2429 1041 2619 1108 quibus
2658 1057 2762 1096 non
2789 1045 2922 1098 bene
2951 1055 3215 1114 operatur.
3241 1060 3293 1104 et
3315 1067 3408 1120 pc-

1862 1129 1955 1184 des
1980 1128 2171 1198 quibus
2200 1144 2302 1182 nun
2352 1129 2484 1184 bene
2513 1130 2788 1187 inceditur.
2830 1131 3042 1202 Decipit
3069 1139 3209 1190 enim
3268 1153 3410 1192 como

1861 1217 2153 1283 bustorum,
2186 1220 2305 1286 quia
2334 1218 2622 1272 combussit
2643 1221 2890 1274 animam.
2925 1222 3026 1277 Per
3052 1239 3168 1293 qua:
3207 1229 3406 1296 singula

1863 1306 1962 1362 hoc
1988 1308 2299 1371 ostenditur,
2345 1319 2400 1361 ut
2426 1307 2528 1362 iste
2557 1322 2826 1375 percussor
2853 1311 3092 1366 omnibus
3120 1315 3399 1370 detrunca-

1863 1398 1930 1451 tis
1959 1397 2211 1451 membris
2235 1413 2265 1450 a
2292 1411 2513 1465 corpore
2556 1382 2827 1453 excidatur
2856 1399 3122 1466 Ecclesiae,
3153 1413 3207 1457 ut
3233 1407 3410 1459 caueri

1861 1489 2094 1543 timeant.
2119 1488 2340 1543 Jubetur
2367 1500 2484 1556 post
2512 1489 2624 1544 hac
2653 1491 2934 1546 Israelitico
2959 1496 3150 1562 populo
3177 1496 3410 1552 decimas

1859 1577 2217 1646 primitiasque
2231 1577 2461 1630 omnium
2487 1594 2662 1633 rerum
2687 1581 2790 1634 Deo
2813 1581 3022 1637 oll'erre.
3052 1583 3302 1639 Primitiae
3319 1604 3412 1639 au-

1859 1673 1966 1719 tem
1994 1666 2248 1734 principia
2292 1665 2547 1720 bonorum
2571 1683 2788 1736 operum
2816 1671 3119 1739 ostendunt,
3146 1678 3224 1728 vel
3246 1675 3410 1743 ipsam

1863 1755 2055 1810 bonam
2089 1756 2412 1809 voluntatem
2443 1770 2557 1824 qua:
2597 1757 2736 1823 prior
2761 1767 2843 1812 est
2867 1775 3049 1826 opere,
3080 1777 3233 1830 quam
3263 1765 3409 1820 Pea-

1859 1845 1997 1914 giaui
2029 1846 2126 1900 sibi
2155 1845 2430 1900 oﬂ‘endunt
2458 1846 2755 1901 tribuendo.
2810 1848 2946 1902 Deus
2976 1862 3146 1906 autem
3167 1853 3289 1906 dum
3318 1855 3404 1906 illa

1860 1936 1960 1989 sibi
1999 1949 2029 1989 a
2059 1923 2208 1990 nobis
2250 1934 2402 2004 jubet
2451 1935 2651 2003 oll‘erri,
2698 1938 2892 1992 indicat
2913 1940 2976 1993 ad
3002 1941 3166 2010 ipsius
3185 1947 3408 2011 gratiam

1862 2025 2140 2090 pertinere.
2193 2023 2374 2078 Omnis
2415 2038 2588 2081 autem
2647 2043 2895 2082 numerus
2946 2046 3110 2100 usque
3134 2035 3200 2086 ad
3224 2035 3408 2090 decem

1858 2114 2063 2177 crescit,
2089 2123 2143 2167 et
2168 2113 2286 2167 ideo
2313 2114 2548 2168 decimus
2597 2117 3016 2183 consumptiunis
3063 2135 3281 2188 operum
3309 2125 3397 2177 ini-

1860 2201 1987 2255 tium
2014 2201 2080 2255 ad
2123 2201 2590 2257 consummationis
2637 2205 2920 2274 accipimus
2953 2206 3215 2262 aliectum.
3255 2211 3404 2272 Quod

1858 2301 2035 2345 autem
2063 2290 2276 2357 dicitur,
2329 2289 2670 2363 Primogenita
2696 2293 2824 2346 asini
2854 2295 3067 2348 inutabis
3089 2311 3197 2362 ore,
3227 2299 3408 2350 asinus

1858 2381 2266 2451 immunditiam,
2295 2386 2407 2436 ovis
2430 2384 2780 2438 innocentiam
2809 2384 3084 2454 signiﬁcat.
3110 2387 3256 2441 Asini
3278 2403 3403 2441 vero

1859 2470 2199 2541 primogenita
2229 2487 2326 2528 ove
2352 2481 2571 2536 mutare,
2605 2481 2686 2526 est
2714 2475 2993 2529 immunda:
3017 2477 3131 2529 vita:
3179 2481 3400 2545 primor-

1857 2561 1940 2615 dia
1967 2561 2034 2615 ad
2055 2561 2364 2616 innocentiae
2389 2562 2778 2630 simplicitatem
2801 2575 3125 2630 convertere,
3158 2578 3213 2620 ut
3252 2580 3399 2635 pust-

1856 2665 2012 2718 quam
2037 2650 2301 2706 immunda
2323 2649 2546 2719 iniustus
2591 2651 2720 2720 egit,
2749 2669 2864 2719 quae
2911 2653 3156 2707 Dominus
3179 2654 3397 2723 respuit,

1856 2740 1941 2796 illa
1973 2742 2170 2811 agenda
2216 2741 2451 2809 proferat
2496 2758 2612 2812 qua:
2637 2743 2689 2797 in
2719 2744 2812 2798 Dei
2850 2745 3163 2799 sacriﬁcium
3208 2750 3400 2800 munda

1856 2829 2106 2896 imponat.
2148 2829 2396 2898 Sequitur
2427 2846 2442 2884 :
2477 2830 2597 2884 Non
2637 2832 2868 2896 redimes,
2901 2834 3248 2901 interlicietur,
3279 2837 3398 2902 quia

1856 2916 2098 2970 nimirum
2124 2931 2274 2970 mens
2295 2917 2582 2984 immunda,
2630 2917 2676 2971 si
2698 2932 2800 2972 non
2823 2917 2978 2973 luerit
3002 2919 3053 2972 in
3073 2919 3259 2976 melius
3280 2936 3398 2976 mu-

1855 3014 1978 3071 tata,
2013 3005 2286 3061 necabitur
2311 3016 2477 3061 morte
2505 3018 2722 3061 aeterna.

2315 3135 2319 3140 η
2416 3093 2636 3152 CAPUT
2676 3095 2814 3152 XXV

207 3161 354 3246 Itium
383 3161 775 3260 praedicatione.
809 3187 874 3242 Et
895 3189 986 3243 erit
1011 3205 1199 3254 servus,
1229 3161 1280 3243 id
1321 3196 1405 3244 est
1428 3161 1620 3244 Christi
1669 3189 1752 3244 vel
1777 3161 1844 3224 θ’
1924 3184 1981 3240 In
2002 3200 2120 3241 arca
2148 3195 2324 3242 autem
2371 3185 2694 3243 Testamenti
2730 3199 2880 3242 erant
2901 3190 3142 3258 repositae
3187 3191 3398 3256 tabula,

206 3281 462 3336 doctoris.
493 3279 606 3333 Duo
626 3289 792 3333 autem
817 3280 912 3353 uiri
938 3280 1024 3349 qui
1051 3279 1270 3348 litigant,
1300 3278 1404 3333 duo
1424 3279 1755 3346 disputantes

208 3381 329 3423 sunt
350 3370 414 3423 de
440 3369 700 3437 aliquibus
744 3368 1120 3439 questionibus
1158 3368 1462 3437 Scriptura.
1526 3369 1675 3425 Unde
1701 3380 1756 3425 et

210 3460 514 3527 Apostolus,
545 3458 597 3512 Ν
602 3459 739 3524 alite,
785 3459 970 3527 inquit,
999 3457 1154 3512 verbis
1191 3458 1506 3524 contendere,
1535 3459 1603 3512 ad
1629 3459 1755 3512 nihil

208 3550 339 3600 enim
376 3557 449 3601 est
503 3548 658 3611 utile;
686 3562 881 3600 servum
918 3545 1125 3599 Domini
1167 3562 1268 3599 non
1316 3555 1509 3613 oportet
1537 3546 1751 3614 litigare.

209 3636 395 3691 Mulier
421 3647 596 3690 autem
629 3649 903 3704 praegnans
927 3635 1101 3688 anima
1131 3644 1214 3688 est
1238 3650 1355 3701 quae
1381 3650 1547 3703 nuper
1565 3649 1754 3710 conce-

209 3723 286 3793 pit
330 3723 543 3777 verbum
597 3721 707 3788 Dei,
757 3737 876 3791 qua:
928 3736 1022 3790 pro
1065 3721 1368 3778 iullrmitate
1428 3731 1754 3792 nuncupatur

211 3815 436 3867 mulier:
486 3827 603 3882 quae
622 3827 652 3866 a
683 3813 1003 3881 litigantibus
1041 3812 1168 3867 viris
1197 3827 1442 3882 percussa
1471 3823 1571 3879 est,
1599 3814 1668 3868 ita
1697 3824 1755 3868 ut

208 3907 425 3958 thl’Dliltl
465 3903 688 3970 Domini,
738 3903 876 3972 quod
925 3904 1148 3958 tenuiter
1202 3904 1463 3974 concepit,
1515 3904 1749 3973 abjiclat.

211 3995 503 4065 δαῦλα-ειη
553 4007 715 4048 autem
768 4011 1026 4062 percussor
1067 3995 1272 4058 damno,
1299 4008 1538 4065 quantum
1561 3995 1751 4066 petierit

213 4088 418 4136 maritus
461 4083 704 4137 mulieris.
757 4084 1010 4154 Λαπίθην
1060 4084 1193 4138 enim
1253 4101 1344 4154 per
1389 4086 1749 4155 pcnitentiant,

207 4175 326 4244 quia
373 4173 546 4244 ani-git
578 4174 876 4240 inﬁrmum.
933 4162 1322 4236 Prouniversa
1352 4175 1592 4230 doctrina
1635 4191 1751 4244 quas

210 4261 420 4317 Christo
443 4263 656 4330 placuit,
680 4262 796 4331 quia
813 4263 921 4331 jam
943 4263 1184 4336 proprius
1205 4266 1287 4318 vir
1306 4272 1389 4319 est
1409 4265 1596 4319 animat
1619 4264 1750 4320 lide-

211 4351 298 4406 lis.
329 4354 432 4406 Aut
460 4361 604 4406 certe
631 4362 878 4420 quantum
919 4353 1198 4421 eapetierit
1232 4356 1498 4422 magister,
1542 4357 1631 4425 qui
1660 4370 1752 4423 pro

209 4441 403 4498 Christi
427 4440 659 4496 Ecclesia
684 4450 785 4496 est.
815 4440 986 4495 Potest
1011 4451 1178 4495 autem
1199 4453 1253 4495 ut
1274 4445 1416 4497 illum
1453 4461 1597 4512 quem
1621 4446 1750 4500 laesit

211 4533 425 4586 instruat
447 4543 496 4584 et
520 4539 736 4599 reparet.
771 4529 825 4586 Si
846 4540 1012 4585 autem
1043 4546 1176 4584 mors
1197 4541 1367 4584 secuta
1388 4532 1556 4601 fuerit,
1579 4534 1750 4587 reddet

210 4621 429 4671 animant
450 4619 758 4686 pre-anima.
797 4618 946 4685 Quod
973 4628 1147 4674 autem
1177 4620 1230 4672 in
1270 4619 1357 4674 die
1379 4619 1560 4688 judicii
1601 4622 1754 4677 intel-

211 4709 474 4778 ligendum
519 4696 602 4763 est
645 4707 782 4776 apud
831 4708 1080 4777 iudicem,
1130 4709 1216 4777 qui
1243 4719 1419 4779 potest
1445 4711 1671 4766 animam
1701 4723 1754 4770 et

211 4815 403 4868 corpus
429 4799 653 4871 perdere
677 4800 727 4852 in
765 4800 1078 4868 gehennam.
1138 4800 1227 4856 Vel
1254 4813 1402 4858 certe
1444 4804 1553 4858 Iieri
1583 4813 1754 4873 potest

215 4902 271 4944 ut
292 4891 379 4958 qui
406 4890 504 4947 sibi
534 4891 775 4945 conscius
803 4888 930 4941 tanti
960 4889 1212 4955 scandali,
1239 4902 1294 4943 ut
1323 4893 1550 4947 animam
1581 4894 1751 4948 homi-

214 4981 295 5035 nis
345 4980 686 5048 spiritualiter
746 4978 1014 5045 occiderit,
1067 4989 1226 5047 ponat
1269 4991 1323 5035 et
1371 4982 1487 5051 ipse
1525 4986 1753 5043 animam

214 5085 362 5125 suam
410 5085 500 5137 pro
542 5068 718 5124 anima
767 5068 911 5124 illius
976 5084 1129 5137 quem
1183 5069 1645 5139 scandalizaverit;
1699 5086 1755 5130 et

221 5175 380 5229 usque
428 5159 494 5212 ad
521 5171 766 5225 mortem,
797 5161 840 5214 si
867 5174 1082 5216 necesse
1109 5161 1196 5226 sit,
1226 5175 1438 5230 operam
1465 5163 1578 5227 Dei,
1618 5181 1751 5234 quo-

215 5250 371 5305 modo
420 5250 599 5304 redeat
636 5260 692 5304 et
740 5252 1047 5306 restituatur
1081 5253 1146 5306 ad
1176 5251 1353 5306 ﬁdem.
1385 5249 1451 5304 Et
1490 5254 1532 5306 si
1552 5256 1753 5309 oculum

216 5342 364 5404 hesit,
391 5341 600 5402 animus,
627 5339 679 5392 id
706 5348 809 5406 est,
853 5355 1066 5395 sentum
1098 5340 1236 5395 illius
1262 5341 1506 5407 turbavit,
1547 5342 1754 5398 aufera-

218 5441 302 5484 tur
326 5443 514 5484 sensus
565 5427 917 5494 turbulentus,
947 5443 1053 5497 quo
1095 5428 1230 5482 iasit
1273 5427 1508 5483 fratrem.
1561 5429 1665 5485 Sed
1709 5432 1754 5487 si

217 5520 348 5583 tersit
386 5520 583 5572 dentem
629 5517 821 5587 fratris,
850 5503 1042 5582 idest,
1069 5533 1281 5573 sensum
1320 5534 1425 5589 quo
1461 5519 1755 5576 ruminabat

215 5609 549 5676 scipturam,
611 5617 669 5662 ut
695 5607 758 5660 ad
804 5621 1016 5661 sensum
1063 5609 1366 5665 interiorem
1414 5612 1750 5680 perveniret:

214 5696 484 5753 auferatur
508 5700 640 5755 dens
666 5697 825 5765 illius,
857 5697 945 5765 qui
981 5711 1087 5754 non
1114 5697 1248 5756 bene
1288 5698 1573 5774 Scriptura
1606 5715 1755 5759 corn-

1852 3277 2236 3333 observantiam
2275 3278 2469 3332 veteris
2516 3277 2646 3348 legis
2675 3293 2736 3332 ac
2765 3293 2912 3332 novae
2950 3279 3001 3333 in
3047 3281 3278 3336 Ecclesia
3327 3283 3400 3336 si-

1851 3368 2182 3435 gnilicautes.
2215 3366 2288 3424 De
2309 3369 2458 3438 lignis
2482 3369 2938 3436 isnputrescentibus
2959 3370 3242 3436 fabricatur
3257 3388 3395 3426 arca.

1853 3459 1930 3513 De
1976 3459 2174 3513 sanctis
2227 3467 2402 3511 mente
2448 3469 2500 3511 et
2528 3471 2750 3524 corpore
2797 3457 3085 3512 auiiiicatur
3114 3459 3392 3514 Ecclesia:

1850 3549 1999 3616 quasi
2039 3561 2223 3600 aurum
2281 3545 2483 3600 radiare
2527 3546 2701 3612 debet,
2755 3557 2861 3599 tam
2911 3547 3129 3602 interius
3185 3563 3247 3603 ex
3277 3550 3394 3604 vita:

1850 3636 2146 3706 splendore,
2196 3650 2349 3703 quam
2389 3635 2620 3691 exterius
2645 3636 2897 3690 doctrinm
2917 3637 3173 3694 claritate.
3203 3637 3399 3694 Corona

1849 3742 2004 3802 aurea
2047 3741 2136 3792 per
2164 3726 2449 3791 circuitum,
2497 3725 2668 3780 unitas
2722 3725 2971 3782 Ecclesia:
3007 3737 3109 3783 est.
3169 3729 3398 3792 Quatuor

1850 3819 2084 3881 circulus,
2113 3830 2333 3886 quatuor
2358 3816 2665 3886 Evangelia,
2692 3832 2808 3886 qua:
2841 3819 2890 3872 in
2924 3818 3118 3874 unitate
3149 3819 3399 3876 Ecclesia:

1851 3907 2226 3976 praedicantur,
2251 3906 2438 3975 quibus
2465 3907 2698 3960 accincta
2729 3924 2819 3974 per
2845 3919 3071 3976 quatuor
3094 3917 3268 3978 partes
3300 3911 3395 3963 liu-

1845 3998 1933 4065 ,‘tts
1956 3997 2133 4050 mundi
2163 3996 2373 4049 dilatata
2401 3996 2648 4049 tenditur.
2699 3994 2873 4049 Vectes
2918 4014 3112 4067 quoque
3153 4003 3212 4051 de
3247 4001 3398 4070 lignis

1850 4084 2044 4139 Setltint
2091 4085 2304 4152 faciunt,
2346 4085 2429 4150 qui
2471 4082 2656 4135 eisdem
2695 4085 2894 4135 circulis
2935 4085 3250 4147 inseruntur;
3278 4085 3394 4152 quia

1851 4173 2011 4227 fortes
2039 4181 2542 4241 perseverantesque
2581 4170 2842 4234 doctores,
2892 4174 3031 4226 velut
3057 4173 3392 4242 iiuputribilia

1849 4261 2116 4331 quaerendi
2143 4269 2286 4325 sunt,
2329 4258 2416 4328 qui
2465 4258 2807 4314 instructiune
2855 4245 3127 4316 sacrorum
3167 4263 3393 4318 volumi-

1850 4364 1973 4403 num
2027 4363 2234 4415 semper
2281 4347 2596 4402 inbzerentes
2640 4359 2832 4403 sancite
2884 4351 3147 4415 Ecclesiae,
3189 4367 3397 4423 semper

1779 4477 1830 4538 υ
1853 4438 2104 4493 unitatem
2131 4428 2458 4504 denuntieni,
2481 4447 2534 4491 et
2554 4438 2700 4506 quasi
2731 4439 3046 4494 intromissis
3073 4441 3281 4496 circulis
3308 4458 3394 4497 aro

1853 4541 1967 4581 cam
1981 4537 2212 4594 portent:
2229 4528 2793 4597 quijubenturquoque
2809 4545 2937 4583 auro
2952 4531 3181 4596 operire,
3199 4541 3255 4585 ut
3271 4548 3390 4588 cum

1850 4632 2093 4671 sermone
2118 4617 2236 4670 aliis
2261 4617 2604 4682 insenuerint,
2637 4619 2732 4686 ipsi
2771 4618 2928 4672 etiam
2953 4622 3071 4673 vitze
3117 4624 3395 4689 splendore

1851 4705 2159 4778 i'ulgescant.
2218 4707 2340 4759 limo
2378 4721 2496 4758 arca
2553 4705 2707 4759 liabet
2744 4707 2796 4758 in
2841 4721 2899 4760 se
2927 4707 3057 4761 duas
3081 4710 3313 4776 tabulas;
3342 4722 3396 4767 et

1853 4799 2086 4854 Εεειεμὶει
2117 4798 2272 4851 habet
2292 4799 2342 4849 in
2373 4812 2429 4852 sc
2453 4797 2558 4851 duo
2611 4797 2967 4859 'I‘estaun-nta,
2999 4808 3052 4853 et
3079 4810 3261 4858 urnam
3291 4810 3387 4856 an.

1852 4906 2013 4954 ream,
2044 4905 2196 4960 quam
2221 4889 2556 4956 intelligimus
2585 4903 2796 4944 carnem
2828 4886 3048 4956 Christi;
3097 4907 3392 4963 purumque

1851 4981 2173 5034 reconditum
2199 4981 2249 5032 itt
2271 4995 2328 5032 se
2355 4980 2512 5034 habet
2539 4989 2801 5049 perpetua
2848 4980 3132 5036 divinitatis
3177 4997 3390 5038 manna.

1857 5069 2007 5138 Virga
2027 5080 2200 5124 autem
2229 5069 2429 5134 Aaron,
2483 5069 2592 5123 veri
2644 5068 2903 5138 pontiﬁcis
2944 5072 3069 5125 .lesu
3110 5077 3397 5137 sceptrum,

1850 5160 1988 5228 quod
2016 5167 2210 5213 sancta
2241 5157 2489 5211 Ecciosia
2521 5159 2804 5213 commisit.
2859 5159 3275 5226 Propitiatorium
3307 5175 3391 5213 su-

1853 5266 1948 5320 per
1973 5266 2167 5316 arcam,
2201 5252 2312 5318 ipse
2335 5248 2573 5305 Christus
2622 5250 2932 5313 insinuatur,
2956 5249 3044 5318 qui
3073 5250 3208 5304 inter
3231 5249 3392 5306 Deum

1852 5353 1913 5397 ει·
1929 5337 2170 5396 homines
2187 5341 2400 5395 medius
2426 5341 2742 5410 propitiator
2784 5341 3084 5394 intervenit.
3137 5341 3244 5395 Iloc
3265 5358 3392 5411 pro-

1852 5431 2172 5500 pitiatorium
2220 5445 2357 5484 arcze
2381 5428 2753 5497 sapt-rponitur
2786 5447 2800 5484 :
2831 5431 2907 5485 sic
2947 5432 3191 5485 Christus
3240 5442 3397 5500 caput

1855 5519 2104 5573 Ecclesia:
2151 5525 2255 5584 est,
2307 5519 2458 5587 cujus
2487 5532 2517 5571 a
2547 5519 2747 5574 dextris
2800 5530 2855 5574 et
2881 5521 3109 5576 sinistris
3137 5522 3240 5576 duo
3262 5524 3396 5578 Che-

1855 5609 2024 5664 rubim
2074 5609 2388 5674 cnttsistunt,
2439 5610 2578 5678 quod
2618 5620 2700 5664 est
2753 5609 3021 5680 plenitudo
3065 5613 3319 5676 scien'ite.
3343 5614 3393 5667 id

1853 5711 1955 5768 est,
2001 5699 2214 5761 dilectio
2265 5700 2360 5758 Dei
2408 5710 2460 5758 et
2508 5702 2754 5772 proximi.
2805 5704 2908 5760 Alii
2961 5703 3238 5763 Cherubim
3291 5703 3394 5759 duo
