  <div class='ocr_page' id='page_1' title='image "/cluster/home/n/w/nwhite01/storage/ocr_20150623/90-91/uva.x000827075/814.png"; bbox 0 0 3872 6262; ppageno 0'>
   <div class='ocr_carea' id='block_1_1' title="bbox 140 429 254 486">
    <p class='ocr_par' dir='ltr' id='par_1_1' title="bbox 140 429 254 486">
     <span class='ocr_line' id='line_1_1' title="bbox 140 429 254 486; baseline 0 0"><span class='ocrx_word' id='word_1_1' title='bbox 140 429 254 486; x_wconf 69' lang='lat'><strong>325</strong></span> 
     </span>
    </p>
   </div>
   <div class='ocr_carea' id='block_1_2' title="bbox 949 423 2582 491">
    <p class='ocr_par' dir='ltr' id='par_1_2' title="bbox 949 423 2582 491">
     <span class='ocr_line' id='line_1_2' title="bbox 949 423 2582 491; baseline 0.002 -6"><span class='ocrx_word' id='word_1_2' title='bbox 949 427 1013 485; x_wconf 76' lang='grc' dir='ltr'><strong>ΙΝ</strong></span> <span class='ocrx_word' id='word_1_3' title='bbox 1053 428 1609 486; x_wconf 73' lang='grc' dir='ltr'><strong>ΡΕΝΤΑΤΕυΒΙΙυΜ</strong></span> <span class='ocrx_word' id='word_1_4' title='bbox 1649 427 2139 487; x_wconf 70' lang='lat' dir='ltr'><strong>COMMENTAR&quot;.</strong></span> <span class='ocrx_word' id='word_1_5' title='bbox 2180 461 2249 474; x_wconf 90' lang='lat'><strong>—-</strong></span> <span class='ocrx_word' id='word_1_6' title='bbox 2289 423 2582 491; x_wconf 73' lang='grc' dir='ltr'><strong>εχουυεί</strong></span> 
     </span>
    </p>
   </div>
   <div class='ocr_carea' id='block_1_3' title="bbox 3270 445 3378 503">
    <p class='ocr_par' dir='ltr' id='par_1_3' title="bbox 3270 445 3378 503">
     <span class='ocr_line' id='line_1_3' title="bbox 3270 445 3378 503; baseline 0.037 -4"><span class='ocrx_word' id='word_1_7' title='bbox 3270 445 3378 503; x_wconf 71' lang='grc'><strong>326</strong></span> 
     </span>
    </p>
   </div>
   <div class='ocr_carea' id='block_1_4' title="bbox 142 535 3376 627">
    <p class='ocr_par' dir='ltr' id='par_1_4' title="bbox 142 535 3376 627">
     <span class='ocr_line' id='line_1_4' title="bbox 142 535 3376 627; baseline 0.006 -35"><span class='ocrx_word' id='word_1_8' title='bbox 142 535 529 592; x_wconf 72' lang='lat' dir='ltr'><strong>candelabrum</strong></span> <span class='ocrx_word' id='word_1_9' title='bbox 554 535 606 590; x_wconf 89' lang='lat' dir='ltr'><strong>in</strong></span> <span class='ocrx_word' id='word_1_10' title='bbox 634 542 816 594; x_wconf 86' lang='lat' dir='ltr'><strong>austro</strong></span> <span class='ocrx_word' id='word_1_11' title='bbox 841 536 1084 603; x_wconf 82' lang='lat' dir='ltr'><strong>collucet,</strong></span> <span class='ocrx_word' id='word_1_12' title='bbox 1135 549 1188 593; x_wconf 92' lang='lat' dir='ltr'><strong>ut</strong></span> <span class='ocrx_word' id='word_1_13' title='bbox 1215 539 1281 593; x_wconf 90' lang='lat' dir='ltr'><strong>ad</strong></span> <span class='ocrx_word' id='word_1_14' title='bbox 1308 539 1607 610; x_wconf 70' lang='lat' dir='ltr'><strong>aquilonem</strong></span> <span class='ocrx_word' id='word_1_15' title='bbox 1629 553 1713 594; x_wconf 83' lang='lat' dir='ltr'><strong>re-</strong></span> <span class='ocrx_word' id='word_1_16' title='bbox 1744 545 1790 602; x_wconf 78' lang='grc' dir='ltr'><strong>Α</strong></span> <span class='ocrx_word' id='word_1_17' title='bbox 1818 540 1888 593; x_wconf 84' lang='lat' dir='ltr'><strong>lic</strong></span> <span class='ocrx_word' id='word_1_18' title='bbox 1949 542 2011 595; x_wconf 80' lang='lat' dir='ltr'><strong>de</strong></span> <span class='ocrx_word' id='word_1_19' title='bbox 2057 548 2214 613; x_wconf 59' lang='grc' dir='ltr'><strong>ἂνω</strong></span> <span class='ocrx_word' id='word_1_20' title='bbox 2239 554 2427 600; x_wconf 80' lang='lat' dir='ltr'><strong>retorto</strong></span> <span class='ocrx_word' id='word_1_21' title='bbox 2471 547 2586 613; x_wconf 72' lang='lat' dir='ltr'><strong>ﬁeri</strong></span> <span class='ocrx_word' id='word_1_22' title='bbox 2621 563 2684 601; x_wconf 76' lang='lat' dir='ltr'><strong>ex</strong></span> <span class='ocrx_word' id='word_1_23' title='bbox 2721 551 2842 605; x_wconf 64' lang='lat' dir='ltr'><strong>liae</strong></span> <span class='ocrx_word' id='word_1_24' title='bbox 2890 551 3090 607; x_wconf 72' lang='lat' dir='ltr'><strong>Tunica</strong></span> <span class='ocrx_word' id='word_1_25' title='bbox 3131 559 3376 627; x_wconf 78' lang='lat' dir='ltr'><strong>poderis,</strong></span> 
     </span>
    </p>
   </div>
   <div class='ocr_carea' id='block_1_5' title="bbox 143 626 1715 699">
    <p class='ocr_par' dir='ltr' id='par_1_5' title="bbox 143 626 1715 699">
     <span class='ocr_line' id='line_1_5' title="bbox 143 626 1715 699; baseline 0.002 -19"><span class='ocrx_word' id='word_1_26' title='bbox 143 626 365 693; x_wconf 85' lang='lat' dir='ltr'><strong>spiciat.</strong></span> <span class='ocrx_word' id='word_1_27' title='bbox 392 629 631 682; x_wconf 80' lang='lat' dir='ltr'><strong>Accenso</strong></span> <span class='ocrx_word' id='word_1_28' title='bbox 655 626 797 680; x_wconf 91' lang='lat' dir='ltr'><strong>enim</strong></span> <span class='ocrx_word' id='word_1_29' title='bbox 821 626 1048 692; x_wconf 81' lang='lat' dir='ltr'><strong>lumine,</strong></span> <span class='ocrx_word' id='word_1_30' title='bbox 1079 628 1132 682; x_wconf 87' lang='lat' dir='ltr'><strong>id</strong></span> <span class='ocrx_word' id='word_1_31' title='bbox 1160 637 1238 684; x_wconf 88' lang='lat' dir='ltr'><strong>est</strong></span> <span class='ocrx_word' id='word_1_32' title='bbox 1270 628 1507 699; x_wconf 92' lang='lat' dir='ltr'><strong>vigilanti</strong></span> <span class='ocrx_word' id='word_1_33' title='bbox 1534 628 1715 694; x_wconf 88' lang='lat' dir='ltr'><strong>corde,</strong></span> 
     </span>
    </p>
   </div>
   <div class='ocr_carea' id='block_1_6' title="bbox 141 715 1716 787">
    <p class='ocr_par' dir='ltr' id='par_1_6' title="bbox 141 715 1716 787">
     <span class='ocr_line' id='line_1_6' title="bbox 141 715 1716 787; baseline 0.003 -17"><span class='ocrx_word' id='word_1_34' title='bbox 141 729 364 785; x_wconf 88' lang='lat' dir='ltr'><strong>semper</strong></span> <span class='ocrx_word' id='word_1_35' title='bbox 403 716 674 784; x_wconf 84' lang='lat' dir='ltr'><strong>respicere</strong></span> <span class='ocrx_word' id='word_1_36' title='bbox 703 715 860 772; x_wconf 89' lang='lat' dir='ltr'><strong>debet</strong></span> <span class='ocrx_word' id='word_1_37' title='bbox 890 717 954 771; x_wconf 88' lang='lat' dir='ltr'><strong>ad</strong></span> <span class='ocrx_word' id='word_1_38' title='bbox 995 717 1316 787; x_wconf 87' lang='lat' dir='ltr'><strong>aquilonem,</strong></span> <span class='ocrx_word' id='word_1_39' title='bbox 1346 727 1399 774; x_wconf 91' lang='lat' dir='ltr'><strong>et</strong></span> <span class='ocrx_word' id='word_1_40' title='bbox 1425 720 1716 775; x_wconf 84' lang='lat' dir='ltr'><strong>observare</strong></span> 
     </span>
    </p>
   </div>
   <div class='ocr_carea' id='block_1_7' title="bbox 146 805 1718 876">
    <p class='ocr_par' dir='ltr' id='par_1_7' title="bbox 146 805 1718 876">
     <span class='ocr_line' id='line_1_7' title="bbox 146 805 1718 876; baseline 0.007 -19"><span class='ocrx_word' id='word_1_41' title='bbox 146 805 302 859; x_wconf 88' lang='lat' dir='ltr'><strong>illum</strong></span> <span class='ocrx_word' id='word_1_42' title='bbox 353 805 444 876; x_wconf 86' lang='lat' dir='ltr'><strong>qui</strong></span> <span class='ocrx_word' id='word_1_43' title='bbox 487 806 556 862; x_wconf 83' lang='lat' dir='ltr'><strong>ab</strong></span> <span class='ocrx_word' id='word_1_44' title='bbox 595 806 858 876; x_wconf 87' lang='lat' dir='ltr'><strong>aquilone,</strong></span> <span class='ocrx_word' id='word_1_45' title='bbox 893 806 994 862; x_wconf 84' lang='lat' dir='ltr'><strong>hoc</strong></span> <span class='ocrx_word' id='word_1_46' title='bbox 1020 817 1122 875; x_wconf 85' lang='lat' dir='ltr'><strong>est,</strong></span> <span class='ocrx_word' id='word_1_47' title='bbox 1177 809 1467 867; x_wconf 86' lang='lat' dir='ltr'><strong>observare</strong></span> <span class='ocrx_word' id='word_1_48' title='bbox 1495 813 1718 868; x_wconf 86' lang='lat' dir='ltr'><strong>astutias</strong></span> 
     </span>
    </p>
   </div>
   <div class='ocr_carea' id='block_1_8' title="bbox 141 895 1718 974">
    <p class='ocr_par' dir='ltr' id='par_1_8' title="bbox 141 895 1718 974">
     <span class='ocr_line' id='line_1_8' title="bbox 141 895 1718 974; baseline 0.007 -26"><span class='ocrx_word' id='word_1_49' title='bbox 141 895 375 962; x_wconf 88' lang='lat' dir='ltr'><strong>diaboli,</strong></span> <span class='ocrx_word' id='word_1_50' title='bbox 404 897 546 953; x_wconf 80' lang='lat' dir='ltr'><strong>unde</strong></span> <span class='ocrx_word' id='word_1_51' title='bbox 575 897 817 952; x_wconf 78' lang='lat' dir='ltr'><strong>inimicus</strong></span> <span class='ocrx_word' id='word_1_52' title='bbox 862 896 1107 966; x_wconf 84' lang='lat' dir='ltr'><strong>abripiat.</strong></span> <span class='ocrx_word' id='word_1_53' title='bbox 1163 899 1340 956; x_wconf 81' lang='lat' dir='ltr'><strong>Mensa</strong></span> <span class='ocrx_word' id='word_1_54' title='bbox 1366 917 1573 972; x_wconf 82' lang='lat' dir='ltr'><strong>quoque</strong></span> <span class='ocrx_word' id='word_1_55' title='bbox 1596 919 1718 974; x_wconf 86' lang='lat' dir='ltr'><strong>pro-</strong></span> 
     </span>
    </p>
   </div>
   <div class='ocr_carea' id='block_1_9' title="bbox 145 989 1715 1064">
    <p class='ocr_par' dir='ltr' id='par_1_9' title="bbox 145 989 1715 1064">
     <span class='ocr_line' id='line_1_9' title="bbox 145 989 1715 1064; baseline 0.006 -24"><span class='ocrx_word' id='word_1_56' title='bbox 145 990 431 1056; x_wconf 73' lang='lat' dir='ltr'><strong>positionis</strong></span> <span class='ocrx_word' id='word_1_57' title='bbox 457 989 654 1044; x_wconf 91' lang='lat' dir='ltr'><strong>babens</strong></span> <span class='ocrx_word' id='word_1_58' title='bbox 679 1004 752 1044; x_wconf 89' lang='lat' dir='ltr'><strong>xn</strong></span> <span class='ocrx_word' id='word_1_59' title='bbox 784 1003 948 1058; x_wconf 88' lang='lat' dir='ltr'><strong>panes</strong></span> <span class='ocrx_word' id='word_1_60' title='bbox 980 993 1031 1045; x_wconf 87' lang='lat' dir='ltr'><strong>in</strong></span> <span class='ocrx_word' id='word_1_61' title='bbox 1063 999 1214 1059; x_wconf 90' lang='lat' dir='ltr'><strong>parte</strong></span> <span class='ocrx_word' id='word_1_62' title='bbox 1257 992 1544 1049; x_wconf 89' lang='lat' dir='ltr'><strong>collocetur</strong></span> <span class='ocrx_word' id='word_1_63' title='bbox 1570 995 1715 1064; x_wconf 84' lang='lat' dir='ltr'><strong>aqui-</strong></span> 
     </span>
    </p>
   </div>
   <div class='ocr_carea' id='block_1_10' title="bbox 145 1078 1716 1148">
    <p class='ocr_par' dir='ltr' id='par_1_10' title="bbox 145 1078 1716 1148">
     <span class='ocr_line' id='line_1_10' title="bbox 145 1078 1716 1148; baseline 0.005 -17"><span class='ocrx_word' id='word_1_64' title='bbox 145 1078 316 1145; x_wconf 77' lang='lat' dir='ltr'><strong>lonis,</strong></span> <span class='ocrx_word' id='word_1_65' title='bbox 361 1079 653 1148; x_wconf 81' lang='lat' dir='ltr'><strong>respiciens</strong></span> <span class='ocrx_word' id='word_1_66' title='bbox 682 1078 745 1132; x_wconf 87' lang='lat' dir='ltr'><strong>ad</strong></span> <span class='ocrx_word' id='word_1_67' title='bbox 772 1088 1033 1146; x_wconf 88' lang='lat' dir='ltr'><strong>austrum,</strong></span> <span class='ocrx_word' id='word_1_68' title='bbox 1066 1090 1126 1134; x_wconf 85' lang='grc' dir='ltr'><strong>ιιι</strong></span> <span class='ocrx_word' id='word_1_69' title='bbox 1156 1080 1344 1135; x_wconf 87' lang='lat' dir='ltr'><strong>habeat</strong></span> <span class='ocrx_word' id='word_1_70' title='bbox 1375 1081 1504 1136; x_wconf 79' lang='lat' dir='ltr'><strong>Novi</strong></span> <span class='ocrx_word' id='word_1_71' title='bbox 1534 1082 1716 1138; x_wconf 83' lang='lat' dir='ltr'><strong>Testa-</strong></span> 
     </span>
    </p>
   </div>
   <div class='ocr_carea' id='block_1_11' title="bbox 141 1169 1712 1242">
    <p class='ocr_par' dir='ltr' id='par_1_11' title="bbox 141 1169 1712 1242">
     <span class='ocr_line' id='line_1_11' title="bbox 141 1169 1712 1242; baseline 0.004 -19"><span class='ocrx_word' id='word_1_72' title='bbox 141 1171 314 1224; x_wconf 87' lang='lat' dir='ltr'><strong>menti</strong></span> <span class='ocrx_word' id='word_1_73' title='bbox 364 1169 630 1235; x_wconf 85' lang='lat' dir='ltr'><strong>notitiam,</strong></span> <span class='ocrx_word' id='word_1_74' title='bbox 674 1182 780 1240; x_wconf 87' lang='lat' dir='ltr'><strong>quo</strong></span> <span class='ocrx_word' id='word_1_75' title='bbox 808 1183 997 1226; x_wconf 91' lang='lat' dir='ltr'><strong>omnes</strong></span> <span class='ocrx_word' id='word_1_76' title='bbox 1043 1171 1254 1239; x_wconf 79' lang='lat' dir='ltr'><strong>alimur,</strong></span> <span class='ocrx_word' id='word_1_77' title='bbox 1283 1180 1337 1227; x_wconf 89' lang='lat' dir='ltr'><strong>et</strong></span> <span class='ocrx_word' id='word_1_78' title='bbox 1364 1174 1712 1242; x_wconf 88' lang='lat' dir='ltr'><strong>apostolicum</strong></span> 
     </span>
    </p>
   </div>
   <div class='ocr_carea' id='block_1_12' title="bbox 139 1258 1711 1338">
    <p class='ocr_par' dir='ltr' id='par_1_12' title="bbox 139 1258 1711 1338">
     <span class='ocr_line' id='line_1_12' title="bbox 139 1258 1711 1338; baseline 0.004 -25"><span class='ocrx_word' id='word_1_79' title='bbox 139 1271 449 1315; x_wconf 73' lang='lat' dir='ltr'><strong>sermonem</strong></span> <span class='ocrx_word' id='word_1_80' title='bbox 481 1267 586 1312; x_wconf 88' lang='lat' dir='ltr'><strong>tam</strong></span> <span class='ocrx_word' id='word_1_81' title='bbox 616 1258 814 1314; x_wconf 89' lang='lat' dir='ltr'><strong>virtute</strong></span> <span class='ocrx_word' id='word_1_82' title='bbox 829 1272 988 1338; x_wconf 89' lang='lat' dir='ltr'><strong>quam</strong></span> <span class='ocrx_word' id='word_1_83' title='bbox 1010 1275 1232 1315; x_wconf 89' lang='lat' dir='ltr'><strong>numero</strong></span> <span class='ocrx_word' id='word_1_84' title='bbox 1260 1280 1272 1314; x_wconf 90' lang='lat'><strong>:</strong></span> <span class='ocrx_word' id='word_1_85' title='bbox 1300 1269 1356 1317; x_wconf 90' lang='lat' dir='ltr'><strong>et</strong></span> <span class='ocrx_word' id='word_1_86' title='bbox 1382 1263 1447 1317; x_wconf 93' lang='lat' dir='ltr'><strong>ad</strong></span> <span class='ocrx_word' id='word_1_87' title='bbox 1474 1272 1711 1319; x_wconf 87' lang='lat' dir='ltr'><strong>austrum</strong></span> 
     </span>
    </p>
   </div>
   <div class='ocr_carea' id='block_1_13' title="bbox 140 1349 1712 1426">
    <p class='ocr_par' dir='ltr' id='par_1_13' title="bbox 140 1349 1712 1426">
     <span class='ocr_line' id='line_1_13' title="bbox 140 1349 1712 1426; baseline 0.005 -22"><span class='ocrx_word' id='word_1_88' title='bbox 140 1350 419 1419; x_wconf 87' lang='lat' dir='ltr'><strong>respiciat,</strong></span> <span class='ocrx_word' id='word_1_89' title='bbox 452 1350 593 1405; x_wconf 89' lang='lat' dir='ltr'><strong>unde</strong></span> <span class='ocrx_word' id='word_1_90' title='bbox 619 1349 879 1408; x_wconf 89' lang='lat' dir='ltr'><strong>Dominus</strong></span> <span class='ocrx_word' id='word_1_91' title='bbox 901 1353 1073 1419; x_wconf 87' lang='lat' dir='ltr'><strong>venit;</strong></span> <span class='ocrx_word' id='word_1_92' title='bbox 1104 1354 1264 1410; x_wconf 84' lang='lat' dir='ltr'><strong>habet</strong></span> <span class='ocrx_word' id='word_1_93' title='bbox 1291 1356 1341 1409; x_wconf 93' lang='lat' dir='ltr'><strong>in</strong></span> <span class='ocrx_word' id='word_1_94' title='bbox 1372 1358 1712 1426; x_wconf 86' lang='lat' dir='ltr'><strong>penetrabili-</strong></span> 
     </span>
    </p>
   </div>
   <div class='ocr_carea' id='block_1_14' title="bbox 141 1439 1712 1511">
    <p class='ocr_par' dir='ltr' id='par_1_14' title="bbox 141 1439 1712 1511">
     <span class='ocr_line' id='line_1_14' title="bbox 141 1439 1712 1511; baseline 0.007 -19"><span class='ocrx_word' id='word_1_95' title='bbox 141 1440 247 1495; x_wconf 75' lang='lat' dir='ltr'><strong>bus</strong></span> <span class='ocrx_word' id='word_1_96' title='bbox 288 1439 467 1494; x_wconf 86' lang='lat' dir='ltr'><strong>cordis</strong></span> <span class='ocrx_word' id='word_1_97' title='bbox 493 1441 574 1494; x_wconf 89' lang='lat' dir='ltr'><strong>sui</strong></span> <span class='ocrx_word' id='word_1_98' title='bbox 605 1440 772 1498; x_wconf 88' lang='lat' dir='ltr'><strong>altare</strong></span> <span class='ocrx_word' id='word_1_99' title='bbox 816 1441 1040 1510; x_wconf 84' lang='lat' dir='ltr'><strong>incensi,</strong></span> <span class='ocrx_word' id='word_1_100' title='bbox 1070 1452 1128 1500; x_wconf 94' lang='lat' dir='ltr'><strong>ut</strong></span> <span class='ocrx_word' id='word_1_101' title='bbox 1154 1444 1314 1511; x_wconf 83' lang='lat' dir='ltr'><strong>dicat,</strong></span> <span class='ocrx_word' id='word_1_102' title='bbox 1338 1446 1525 1502; x_wconf 78' lang='lat' dir='ltr'><strong>Christi</strong></span> <span class='ocrx_word' id='word_1_103' title='bbox 1554 1449 1712 1504; x_wconf 74' lang='lat' dir='ltr'><strong>bonus</strong></span> 
     </span>
    </p>
   </div>
   <div class='ocr_carea' id='block_1_15' title="bbox 140 1533 1712 1611">
    <p class='ocr_par' dir='ltr' id='par_1_15' title="bbox 140 1533 1712 1611">
     <span class='ocr_line' id='line_1_15' title="bbox 140 1533 1712 1611; baseline 0.01 -28"><span class='ocrx_word' id='word_1_104' title='bbox 140 1533 272 1585; x_wconf 80' lang='lat' dir='ltr'><strong>odor</strong></span> <span class='ocrx_word' id='word_1_105' title='bbox 292 1549 500 1600; x_wconf 80' lang='lat' dir='ltr'><strong>sumus;</strong></span> <span class='ocrx_word' id='word_1_106' title='bbox 531 1533 690 1590; x_wconf 81' lang='lat' dir='ltr'><strong>habet</strong></span> <span class='ocrx_word' id='word_1_107' title='bbox 713 1543 767 1590; x_wconf 92' lang='lat' dir='ltr'><strong>et</strong></span> <span class='ocrx_word' id='word_1_108' title='bbox 787 1550 963 1591; x_wconf 88' lang='lat' dir='ltr'><strong>arcam</strong></span> <span class='ocrx_word' id='word_1_109' title='bbox 1017 1537 1357 1606; x_wconf 89' lang='lat' dir='ltr'><strong>Testamenti,</strong></span> <span class='ocrx_word' id='word_1_110' title='bbox 1389 1542 1442 1594; x_wconf 93' lang='lat' dir='ltr'><strong>in</strong></span> <span class='ocrx_word' id='word_1_111' title='bbox 1465 1558 1570 1611; x_wconf 91' lang='lat' dir='ltr'><strong>quo</strong></span> <span class='ocrx_word' id='word_1_112' title='bbox 1589 1555 1712 1599; x_wconf 92' lang='lat' dir='ltr'><strong>sunt</strong></span> 
     </span>
    </p>
   </div>
   <div class='ocr_carea' id='block_1_16' title="bbox 139 1623 1709 1700">
    <p class='ocr_par' dir='ltr' id='par_1_16' title="bbox 139 1623 1709 1700">
     <span class='ocr_line' id='line_1_16' title="bbox 139 1623 1709 1700; baseline 0.008 -22"><span class='ocrx_word' id='word_1_113' title='bbox 139 1623 338 1680; x_wconf 70' lang='lat' dir='ltr'><strong>tabula:</strong></span> <span class='ocrx_word' id='word_1_114' title='bbox 387 1626 554 1696; x_wconf 87' lang='lat' dir='ltr'><strong>legis,</strong></span> <span class='ocrx_word' id='word_1_115' title='bbox 627 1636 686 1682; x_wconf 88' lang='lat' dir='ltr'><strong>ut</strong></span> <span class='ocrx_word' id='word_1_116' title='bbox 755 1628 926 1700; x_wconf 81' lang='lat' dir='ltr'><strong>legem</strong></span> <span class='ocrx_word' id='word_1_117' title='bbox 980 1630 1121 1686; x_wconf 92' lang='lat' dir='ltr'><strong>illius</strong></span> <span class='ocrx_word' id='word_1_118' title='bbox 1177 1632 1460 1687; x_wconf 84' lang='lat' dir='ltr'><strong>meditetur</strong></span> <span class='ocrx_word' id='word_1_119' title='bbox 1512 1635 1598 1688; x_wconf 89' lang='lat' dir='ltr'><strong>die</strong></span> <span class='ocrx_word' id='word_1_120' title='bbox 1646 1650 1709 1691; x_wconf 89' lang='lat' dir='ltr'><strong>ac</strong></span> 
     </span>
    </p>
   </div>
   <div class='ocr_carea' id='block_1_17' title="bbox 138 1718 1701 1782">
    <p class='ocr_par' dir='ltr' id='par_1_17' title="bbox 138 1718 1701 1782">
     <span class='ocr_line' id='line_1_17' title="bbox 138 1718 1701 1782; baseline 0.01 -17"><span class='ocrx_word' id='word_1_121' title='bbox 138 1722 320 1782; x_wconf 88' lang='lat' dir='ltr'><strong>nocte,</strong></span> <span class='ocrx_word' id='word_1_122' title='bbox 341 1724 394 1770; x_wconf 89' lang='lat' dir='ltr'><strong>et</strong></span> <span class='ocrx_word' id='word_1_123' title='bbox 417 1718 670 1773; x_wconf 78' lang='lat' dir='ltr'><strong>memoria</strong></span> <span class='ocrx_word' id='word_1_124' title='bbox 691 1718 834 1774; x_wconf 87' lang='lat' dir='ltr'><strong>illius</strong></span> <span class='ocrx_word' id='word_1_125' title='bbox 856 1734 980 1775; x_wconf 88' lang='lat' dir='ltr'><strong>arca</strong></span> <span class='ocrx_word' id='word_1_126' title='bbox 1008 1719 1272 1778; x_wconf 88' lang='lat' dir='ltr'><strong>efﬁciatur</strong></span> <span class='ocrx_word' id='word_1_127' title='bbox 1316 1723 1570 1779; x_wconf 89' lang='lat' dir='ltr'><strong>librorum</strong></span> <span class='ocrx_word' id='word_1_128' title='bbox 1593 1723 1701 1780; x_wconf 75' lang='lat' dir='ltr'><strong>Dei.</strong></span> 
     </span>
    </p>
   </div>
   <div class='ocr_carea' id='block_1_18' title="bbox 141 1807 1703 1885">
    <p class='ocr_par' dir='ltr' id='par_1_18' title="bbox 141 1807 1703 1885">
     <span class='ocr_line' id='line_1_18' title="bbox 141 1807 1703 1885; baseline 0.007 -25"><span class='ocrx_word' id='word_1_129' title='bbox 141 1807 227 1862; x_wconf 73' lang='lat' dir='ltr'><strong>Fit</strong></span> <span class='ocrx_word' id='word_1_130' title='bbox 253 1809 388 1863; x_wconf 88' lang='lat' dir='ltr'><strong>intra</strong></span> <span class='ocrx_word' id='word_1_131' title='bbox 436 1809 609 1880; x_wconf 82' lang='lat' dir='ltr'><strong>ipsum</strong></span> <span class='ocrx_word' id='word_1_132' title='bbox 638 1821 692 1865; x_wconf 93' lang='lat' dir='ltr'><strong>et</strong></span> <span class='ocrx_word' id='word_1_133' title='bbox 723 1827 852 1867; x_wconf 91' lang='lat' dir='ltr'><strong>urna</strong></span> <span class='ocrx_word' id='word_1_134' title='bbox 899 1828 1112 1879; x_wconf 87' lang='lat' dir='ltr'><strong>manna,</strong></span> <span class='ocrx_word' id='word_1_135' title='bbox 1145 1813 1195 1868; x_wconf 92' lang='lat' dir='ltr'><strong>id</strong></span> <span class='ocrx_word' id='word_1_136' title='bbox 1225 1823 1305 1870; x_wconf 86' lang='lat' dir='ltr'><strong>est</strong></span> <span class='ocrx_word' id='word_1_137' title='bbox 1328 1817 1591 1885; x_wconf 89' lang='lat' dir='ltr'><strong>repositus</strong></span> <span class='ocrx_word' id='word_1_138' title='bbox 1620 1817 1703 1871; x_wconf 92' lang='lat' dir='ltr'><strong>in-</strong></span> 
     </span>
    </p>
   </div>
   <div class='ocr_carea' id='block_1_19' title="bbox 1819 629 3377 712">
    <p class='ocr_par' dir='ltr' id='par_1_19' title="bbox 1819 629 3377 712">
     <span class='ocr_line' id='line_1_19' title="bbox 1819 629 3377 712; baseline 0.014 -29"><span class='ocrx_word' id='word_1_139' title='bbox 1819 629 1872 683; x_wconf 91' lang='lat' dir='ltr'><strong>id</strong></span> <span class='ocrx_word' id='word_1_140' title='bbox 1921 642 2023 701; x_wconf 80' lang='lat' dir='ltr'><strong>ear,</strong></span> <span class='ocrx_word' id='word_1_141' title='bbox 2083 633 2265 696; x_wconf 74' lang='lat' dir='ltr'><strong>talaria</strong></span> <span class='ocrx_word' id='word_1_142' title='bbox 2322 635 2532 703; x_wconf 80' lang='lat' dir='ltr'><strong>duplice</strong></span> <span class='ocrx_word' id='word_1_143' title='bbox 2581 636 2843 702; x_wconf 87' lang='lat' dir='ltr'><strong>sindone;</strong></span> <span class='ocrx_word' id='word_1_144' title='bbox 2901 651 2954 694; x_wconf 83' lang='lat' dir='ltr'><strong>et</strong></span> <span class='ocrx_word' id='word_1_145' title='bbox 3006 645 3174 712; x_wconf 84' lang='lat' dir='ltr'><strong>ipsam</strong></span> <span class='ocrx_word' id='word_1_146' title='bbox 3224 647 3377 704; x_wconf 74' lang='lat' dir='ltr'><strong>lose-</strong></span> 
     </span>
    </p>
   </div>
   <div class='ocr_carea' id='block_1_20' title="bbox 1819 721 3379 806">
    <p class='ocr_par' dir='ltr' id='par_1_20' title="bbox 1819 721 3379 806">
     <span class='ocr_line' id='line_1_20' title="bbox 1819 721 3379 806; baseline 0.013 -33"><span class='ocrx_word' id='word_1_147' title='bbox 1819 721 1954 790; x_wconf 88' lang='lat' dir='ltr'><strong>pbus</strong></span> <span class='ocrx_word' id='word_1_148' title='bbox 1981 723 2252 794; x_wconf 86' lang='lat' dir='ltr'><strong>byssinam</strong></span> <span class='ocrx_word' id='word_1_149' title='bbox 2277 735 2469 792; x_wconf 88' lang='lat' dir='ltr'><strong>vocat,</strong></span> <span class='ocrx_word' id='word_1_150' title='bbox 2501 727 2898 798; x_wconf 82' lang='lat' dir='ltr'><strong>appellaturque</strong></span> <span class='ocrx_word' id='word_1_151' title='bbox 2925 735 3176 790; x_wconf 77' lang='lat' dir='ltr'><strong>catenath</strong></span> <span class='ocrx_word' id='word_1_152' title='bbox 3195 778 3210 802; x_wconf 89' lang='lat'><strong>,</strong></span> <span class='ocrx_word' id='word_1_153' title='bbox 3239 742 3379 806; x_wconf 88' lang='lat' dir='ltr'><strong>quod</strong></span> 
     </span>
    </p>
   </div>
   <div class='ocr_carea' id='block_1_21' title="bbox 1819 808 3378 884">
    <p class='ocr_par' dir='ltr' id='par_1_21' title="bbox 1819 808 3378 884">
     <span class='ocr_line' id='line_1_21' title="bbox 1819 808 3378 884; baseline 0.013 -20"><span class='ocrx_word' id='word_1_154' title='bbox 1819 808 2078 866; x_wconf 75' lang='lat' dir='ltr'><strong>llebraico</strong></span> <span class='ocrx_word' id='word_1_155' title='bbox 2117 828 2362 868; x_wconf 84' lang='lat' dir='ltr'><strong>sermone</strong></span> <span class='ocrx_word' id='word_1_156' title='bbox 2394 814 2444 868; x_wconf 92' lang='lat' dir='ltr'><strong>in</strong></span> <span class='ocrx_word' id='word_1_157' title='bbox 2476 815 2665 872; x_wconf 78' lang='lat' dir='ltr'><strong>lineam</strong></span> <span class='ocrx_word' id='word_1_158' title='bbox 2698 820 2940 874; x_wconf 78' lang='lat' dir='ltr'><strong>vertitur.</strong></span> <span class='ocrx_word' id='word_1_159' title='bbox 2983 820 3111 877; x_wconf 59' lang='lat' dir='ltr'><strong>litae</strong></span> <span class='ocrx_word' id='word_1_160' title='bbox 3140 827 3378 884; x_wconf 69' lang='lat' dir='ltr'><strong>adbteret</strong></span> 
     </span>
    </p>
   </div>
   <div class='ocr_carea' id='block_1_22' title="bbox 1815 903 3378 975">
    <p class='ocr_par' dir='ltr' id='par_1_22' title="bbox 1815 903 3378 975">
     <span class='ocr_line' id='line_1_22' title="bbox 1815 903 3378 975; baseline 0.012 -20"><span class='ocrx_word' id='word_1_161' title='bbox 1815 903 2046 970; x_wconf 84' lang='lat' dir='ltr'><strong>corpori,</strong></span> <span class='ocrx_word' id='word_1_162' title='bbox 2066 911 2118 956; x_wconf 90' lang='lat' dir='ltr'><strong>et</strong></span> <span class='ocrx_word' id='word_1_163' title='bbox 2134 904 2202 958; x_wconf 90' lang='lat' dir='ltr'><strong>ita</strong></span> <span class='ocrx_word' id='word_1_164' title='bbox 2221 913 2366 958; x_wconf 86' lang='lat' dir='ltr'><strong>arcta</strong></span> <span class='ocrx_word' id='word_1_165' title='bbox 2384 915 2464 959; x_wconf 67' lang='lat' dir='ltr'><strong>est</strong></span> <span class='ocrx_word' id='word_1_166' title='bbox 2483 906 2716 961; x_wconf 87' lang='lat' dir='ltr'><strong>astrictis</strong></span> <span class='ocrx_word' id='word_1_167' title='bbox 2741 910 3000 975; x_wconf 85' lang='lat' dir='ltr'><strong>maniciis,</strong></span> <span class='ocrx_word' id='word_1_168' title='bbox 3020 921 3078 966; x_wconf 97' lang='lat' dir='ltr'><strong>ut</strong></span> <span class='ocrx_word' id='word_1_169' title='bbox 3099 914 3240 969; x_wconf 87' lang='lat' dir='ltr'><strong>nulla</strong></span> <span class='ocrx_word' id='word_1_170' title='bbox 3257 933 3378 972; x_wconf 88' lang='lat' dir='ltr'><strong>nm-</strong></span> 
     </span>
    </p>
   </div>
   <div class='ocr_carea' id='block_1_23' title="bbox 1816 993 3366 1067">
    <p class='ocr_par' dir='ltr' id='par_1_23' title="bbox 1816 993 3366 1067">
     <span class='ocr_line' id='line_1_23' title="bbox 1816 993 3366 1067; baseline 0.012 -22"><span class='ocrx_word' id='word_1_171' title='bbox 1816 993 1941 1047; x_wconf 90' lang='lat' dir='ltr'><strong>nino</strong></span> <span class='ocrx_word' id='word_1_172' title='bbox 1969 994 2019 1048; x_wconf 81' lang='lat' dir='ltr'><strong>in</strong></span> <span class='ocrx_word' id='word_1_173' title='bbox 2043 1005 2187 1050; x_wconf 90' lang='lat' dir='ltr'><strong>veste</strong></span> <span class='ocrx_word' id='word_1_174' title='bbox 2213 996 2284 1049; x_wconf 85' lang='lat' dir='ltr'><strong>sit</strong></span> <span class='ocrx_word' id='word_1_175' title='bbox 2311 1011 2458 1064; x_wconf 82' lang='lat' dir='ltr'><strong>ruga,</strong></span> <span class='ocrx_word' id='word_1_176' title='bbox 2499 1006 2553 1050; x_wconf 91' lang='lat' dir='ltr'><strong>et</strong></span> <span class='ocrx_word' id='word_1_177' title='bbox 2591 1011 2758 1067; x_wconf 86' lang='lat' dir='ltr'><strong>usque</strong></span> <span class='ocrx_word' id='word_1_178' title='bbox 2786 1004 2853 1054; x_wconf 89' lang='lat' dir='ltr'><strong>ad</strong></span> <span class='ocrx_word' id='word_1_179' title='bbox 2893 1015 3044 1057; x_wconf 89' lang='lat' dir='ltr'><strong>crura</strong></span> <span class='ocrx_word' id='word_1_180' title='bbox 3079 1003 3366 1063; x_wconf 79' lang='lat' dir='ltr'><strong>descendit.</strong></span> 
     </span>
    </p>
   </div>
   <div class='ocr_carea' id='block_1_24' title="bbox 1814 1080 3376 1165">
    <p class='ocr_par' dir='ltr' id='par_1_24' title="bbox 1814 1080 3376 1165">
     <span class='ocr_line' id='line_1_24' title="bbox 1814 1080 3376 1165; baseline 0.009 -28"><span class='ocrx_word' id='word_1_181' title='bbox 1814 1080 2134 1140; x_wconf 83' lang='lat' dir='ltr'><strong>Sacerdotes</strong></span> <span class='ocrx_word' id='word_1_182' title='bbox 2158 1094 2375 1140; x_wconf 92' lang='lat' dir='ltr'><strong>utuntur</strong></span> <span class='ocrx_word' id='word_1_183' title='bbox 2402 1088 2499 1142; x_wconf 88' lang='lat' dir='ltr'><strong>hac</strong></span> <span class='ocrx_word' id='word_1_184' title='bbox 2531 1088 2727 1158; x_wconf 87' lang='lat' dir='ltr'><strong>tunica,</strong></span> <span class='ocrx_word' id='word_1_185' title='bbox 2767 1101 2822 1146; x_wconf 94' lang='lat' dir='ltr'><strong>ut</strong></span> <span class='ocrx_word' id='word_1_186' title='bbox 2861 1091 3114 1150; x_wconf 87' lang='lat' dir='ltr'><strong>habentes</strong></span> <span class='ocrx_word' id='word_1_187' title='bbox 3144 1097 3376 1165; x_wconf 85' lang='lat' dir='ltr'><strong>pulchri-</strong></span> 
     </span>
    </p>
   </div>
   <div class='ocr_carea' id='block_1_25' title="bbox 1815 1172 3374 1241">
    <p class='ocr_par' dir='ltr' id='par_1_25' title="bbox 1815 1172 3374 1241">
     <span class='ocr_line' id='line_1_25' title="bbox 1815 1172 3374 1241; baseline 0.012 -17"><span class='ocrx_word' id='word_1_188' title='bbox 1815 1172 2049 1226; x_wconf 87' lang='lat' dir='ltr'><strong>tudinem</strong></span> <span class='ocrx_word' id='word_1_189' title='bbox 2080 1177 2514 1230; x_wconf 51' lang='lat' dir='ltr'><strong>ve‘timentorum</strong></span> <span class='ocrx_word' id='word_1_190' title='bbox 2550 1177 2810 1233; x_wconf 89' lang='lat' dir='ltr'><strong>nudorum</strong></span> <span class='ocrx_word' id='word_1_191' title='bbox 2849 1181 3120 1238; x_wconf 84' lang='lat' dir='ltr'><strong>celeritate</strong></span> <span class='ocrx_word' id='word_1_192' title='bbox 3164 1184 3374 1241; x_wconf 80' lang='lat' dir='ltr'><strong>discur-</strong></span> 
     </span>
    </p>
   </div>
   <div class='ocr_carea' id='block_1_26' title="bbox 1815 1262 3371 1346">
    <p class='ocr_par' dir='ltr' id='par_1_26' title="bbox 1815 1262 3371 1346">
     <span class='ocr_line' id='line_1_26' title="bbox 1815 1262 3371 1346; baseline 0.01 -31"><span class='ocrx_word' id='word_1_193' title='bbox 1815 1262 2196 1318; x_wconf 87' lang='lat' dir='ltr'><strong>rant.’l‘ertium</strong></span> <span class='ocrx_word' id='word_1_194' title='bbox 2211 1281 2377 1334; x_wconf 80' lang='lat' dir='ltr'><strong>genus</strong></span> <span class='ocrx_word' id='word_1_195' title='bbox 2391 1277 2470 1321; x_wconf 88' lang='lat' dir='ltr'><strong>est</strong></span> <span class='ocrx_word' id='word_1_196' title='bbox 2486 1282 2548 1322; x_wconf 85' lang='lat' dir='ltr'><strong>ve</strong></span> <span class='ocrx_word' id='word_1_197' title='bbox 2581 1270 2807 1335; x_wconf 89' lang='lat' dir='ltr'><strong>timenti,</strong></span> <span class='ocrx_word' id='word_1_198' title='bbox 2820 1272 2960 1341; x_wconf 88' lang='lat' dir='ltr'><strong>quod</strong></span> <span class='ocrx_word' id='word_1_199' title='bbox 2979 1273 3054 1328; x_wconf 90' lang='lat' dir='ltr'><strong>illi</strong></span> <span class='ocrx_word' id='word_1_200' title='bbox 3070 1286 3371 1346; x_wconf 89' lang='lat' dir='ltr'><strong>nuncupant</strong></span> 
     </span>
    </p>
   </div>
   <div class='ocr_carea' id='block_1_27' title="bbox 1813 1350 3373 1433">
    <p class='ocr_par' dir='ltr' id='par_1_27' title="bbox 1813 1350 3373 1433">
     <span class='ocr_line' id='line_1_27' title="bbox 1813 1350 3373 1433; baseline 0.011 -30"><span class='ocrx_word' id='word_1_201' title='bbox 1813 1350 2000 1421; x_wconf 88' lang='lat' dir='ltr'><strong>Bonet,</strong></span> <span class='ocrx_word' id='word_1_202' title='bbox 2033 1365 2085 1409; x_wconf 87' lang='lat' dir='ltr'><strong>et</strong></span> <span class='ocrx_word' id='word_1_203' title='bbox 2112 1371 2206 1410; x_wconf 81' lang='lat' dir='ltr'><strong>IIOa‘</strong></span> <span class='ocrx_word' id='word_1_204' title='bbox 2232 1359 2499 1424; x_wconf 76' lang='lat' dir='ltr'><strong>cingulum</strong></span> <span class='ocrx_word' id='word_1_205' title='bbox 2532 1364 2608 1413; x_wconf 87' lang='lat' dir='ltr'><strong>vet</strong></span> <span class='ocrx_word' id='word_1_206' title='bbox 2638 1360 2869 1416; x_wconf 82' lang='lat' dir='ltr'><strong>balteum</strong></span> <span class='ocrx_word' id='word_1_207' title='bbox 2900 1363 2982 1418; x_wconf 85' lang='lat' dir='ltr'><strong>vel</strong></span> <span class='ocrx_word' id='word_1_208' title='bbox 3016 1377 3202 1418; x_wconf 79' lang='lat' dir='ltr'><strong>zonam</strong></span> <span class='ocrx_word' id='word_1_209' title='bbox 3250 1380 3373 1433; x_wconf 88' lang='lat' dir='ltr'><strong>pos-</strong></span> 
     </span>
    </p>
   </div>
   <div class='ocr_carea' id='block_1_28' title="bbox 1811 1445 3374 1517">
    <p class='ocr_par' dir='ltr' id='par_1_28' title="bbox 1811 1445 3374 1517">
     <span class='ocr_line' id='line_1_28' title="bbox 1811 1445 3374 1517; baseline 0.01 -23"><span class='ocrx_word' id='word_1_210' title='bbox 1811 1455 1998 1498; x_wconf 82' lang='lat' dir='ltr'><strong>sumus</strong></span> <span class='ocrx_word' id='word_1_211' title='bbox 2043 1445 2266 1500; x_wconf 90' lang='lat' dir='ltr'><strong>dicere:</strong></span> <span class='ocrx_word' id='word_1_212' title='bbox 2301 1448 2401 1502; x_wconf 90' lang='lat' dir='ltr'><strong>boc</strong></span> <span class='ocrx_word' id='word_1_213' title='bbox 2429 1448 2640 1517; x_wconf 87' lang='lat' dir='ltr'><strong>signum</strong></span> <span class='ocrx_word' id='word_1_214' title='bbox 2673 1450 2726 1505; x_wconf 92' lang='lat' dir='ltr'><strong>in</strong></span> <span class='ocrx_word' id='word_1_215' title='bbox 2773 1452 3180 1508; x_wconf 89' lang='lat' dir='ltr'><strong>similitudinem</strong></span> <span class='ocrx_word' id='word_1_216' title='bbox 3225 1457 3374 1510; x_wconf 82' lang='lat' dir='ltr'><strong>eolu-</strong></span> 
     </span>
    </p>
   </div>
   <div class='ocr_carea' id='block_1_29' title="bbox 1812 1532 3376 1612">
    <p class='ocr_par' dir='ltr' id='par_1_29' title="bbox 1812 1532 3376 1612">
     <span class='ocr_line' id='line_1_29' title="bbox 1812 1532 3376 1612; baseline 0.008 -24"><span class='ocrx_word' id='word_1_217' title='bbox 1812 1532 1912 1598; x_wconf 90' lang='lat' dir='ltr'><strong>bri,</strong></span> <span class='ocrx_word' id='word_1_218' title='bbox 1939 1535 2061 1604; x_wconf 88' lang='lat' dir='ltr'><strong>quia</strong></span> <span class='ocrx_word' id='word_1_219' title='bbox 2094 1538 2249 1591; x_wconf 67' lang='lat' dir='ltr'><strong>esivii</strong></span> <span class='ocrx_word' id='word_1_220' title='bbox 2281 1540 2330 1591; x_wconf 92' lang='lat' dir='ltr'><strong>iu</strong></span> <span class='ocrx_word' id='word_1_221' title='bbox 2354 1551 2627 1594; x_wconf 83' lang='lat' dir='ltr'><strong>senectute</strong></span> <span class='ocrx_word' id='word_1_222' title='bbox 2654 1544 2730 1596; x_wconf 92' lang='lat' dir='ltr'><strong>sic</strong></span> <span class='ocrx_word' id='word_1_223' title='bbox 2756 1545 3038 1599; x_wconf 91' lang='lat' dir='ltr'><strong>rotundum</strong></span> <span class='ocrx_word' id='word_1_224' title='bbox 3068 1553 3294 1612; x_wconf 74' lang='lat' dir='ltr'><strong>textum,</strong></span> <span class='ocrx_word' id='word_1_225' title='bbox 3320 1561 3376 1601; x_wconf 92' lang='lat' dir='ltr'><strong>ut</strong></span> 
     </span>
    </p>
   </div>
   <div class='ocr_carea' id='block_1_30' title="bbox 1811 1627 3374 1703">
    <p class='ocr_par' dir='ltr' id='par_1_30' title="bbox 1811 1627 3374 1703">
     <span class='ocr_line' id='line_1_30' title="bbox 1811 1627 3374 1703; baseline 0.007 -25"><span class='ocrx_word' id='word_1_226' title='bbox 1811 1627 2133 1694; x_wconf 78' lang='lat' dir='ltr'><strong>marsupium</strong></span> <span class='ocrx_word' id='word_1_227' title='bbox 2167 1629 2371 1696; x_wconf 81' lang='lat' dir='ltr'><strong>longius</strong></span> <span class='ocrx_word' id='word_1_228' title='bbox 2421 1639 2575 1697; x_wconf 84' lang='lat' dir='ltr'><strong>putes</strong></span> <span class='ocrx_word' id='word_1_229' title='bbox 2619 1641 2847 1695; x_wconf 87' lang='lat' dir='ltr'><strong>textum.</strong></span> <span class='ocrx_word' id='word_1_230' title='bbox 2881 1645 2970 1688; x_wconf 90' lang='lat' dir='ltr'><strong>aut</strong></span> <span class='ocrx_word' id='word_1_231' title='bbox 3014 1635 3114 1688; x_wconf 87' lang='lat' dir='ltr'><strong>sub</strong></span> <span class='ocrx_word' id='word_1_232' title='bbox 3143 1638 3374 1703; x_wconf 85' lang='lat' dir='ltr'><strong>tegmine</strong></span> 
     </span>
    </p>
   </div>
   <div class='ocr_carea' id='block_1_31' title="bbox 1807 1717 3371 1793">
    <p class='ocr_par' dir='ltr' id='par_1_31' title="bbox 1807 1717 3371 1793">
     <span class='ocr_line' id='line_1_31' title="bbox 1807 1717 3371 1793; baseline 0.007 -24"><span class='ocrx_word' id='word_1_233' title='bbox 1807 1717 2009 1770; x_wconf 88' lang='lat' dir='ltr'><strong>cocciui</strong></span> <span class='ocrx_word' id='word_1_234' title='bbox 2054 1731 2298 1785; x_wconf 72' lang='lat' dir='ltr'><strong>purpurae</strong></span> <span class='ocrx_word' id='word_1_235' title='bbox 2351 1718 2639 1787; x_wconf 73' lang='lat' dir='ltr'><strong>hyacinthi,</strong></span> <span class='ocrx_word' id='word_1_236' title='bbox 2688 1731 2744 1774; x_wconf 90' lang='lat' dir='ltr'><strong>et</strong></span> <span class='ocrx_word' id='word_1_237' title='bbox 2788 1722 3003 1777; x_wconf 80' lang='lat' dir='ltr'><strong>ﬂamine</strong></span> <span class='ocrx_word' id='word_1_238' title='bbox 3049 1724 3269 1793; x_wconf 87' lang='lat' dir='ltr'><strong>byssino</strong></span> <span class='ocrx_word' id='word_1_239' title='bbox 3300 1726 3371 1780; x_wconf 90' lang='lat' dir='ltr'><strong>ob</strong></span> 
     </span>
    </p>
   </div>
   <div class='ocr_carea' id='block_1_32' title="bbox 1810 1805 3373 1884">
    <p class='ocr_par' dir='ltr' id='par_1_32' title="bbox 1810 1805 3373 1884">
     <span class='ocr_line' id='line_1_32' title="bbox 1810 1805 3373 1884; baseline 0.008 -27"><span class='ocrx_word' id='word_1_240' title='bbox 1810 1805 2060 1860; x_wconf 74' lang='lat' dir='ltr'><strong>decorem</strong></span> <span class='ocrx_word' id='word_1_241' title='bbox 2107 1815 2162 1860; x_wconf 91' lang='lat' dir='ltr'><strong>et</strong></span> <span class='ocrx_word' id='word_1_242' title='bbox 2210 1807 2596 1872; x_wconf 81' lang='lat' dir='ltr'><strong>fortitudinem,</strong></span> <span class='ocrx_word' id='word_1_243' title='bbox 2646 1822 2804 1879; x_wconf 72' lang='lat' dir='ltr'><strong>atque</strong></span> <span class='ocrx_word' id='word_1_244' title='bbox 2849 1813 2923 1866; x_wconf 92' lang='lat' dir='ltr'><strong>ita</strong></span> <span class='ocrx_word' id='word_1_245' title='bbox 2977 1814 3229 1884; x_wconf 83' lang='lat' dir='ltr'><strong>polymita</strong></span> <span class='ocrx_word' id='word_1_246' title='bbox 3259 1825 3373 1870; x_wconf 86' lang='lat' dir='ltr'><strong>arte</strong></span> 
     </span>
    </p>
   </div>
   <div class='ocr_carea' id='block_1_33' title="bbox 141 1882 1702 1978">
    <p class='ocr_par' dir='ltr' id='par_1_33' title="bbox 141 1882 1702 1978">
     <span class='ocr_line' id='line_1_33' title="bbox 141 1882 1702 1978; baseline 0.01 -30"><span class='ocrx_word' id='word_1_247' title='bbox 141 1900 388 1955; x_wconf 79' lang='lat' dir='ltr'><strong>tellectus</strong></span> <span class='ocrx_word' id='word_1_248' title='bbox 461 1900 604 1956; x_wconf 70' lang='lat' dir='ltr'><strong>verbi</strong></span> <span class='ocrx_word' id='word_1_249' title='bbox 657 1901 778 1968; x_wconf 91' lang='lat' dir='ltr'><strong>Dei,</strong></span> <span class='ocrx_word' id='word_1_250' title='bbox 825 1902 1034 1959; x_wconf 83' lang='lat' dir='ltr'><strong>subtilis</strong></span> <span class='ocrx_word' id='word_1_251' title='bbox 1066 1914 1118 1961; x_wconf 89' lang='lat' dir='ltr'><strong>et</strong></span> <span class='ocrx_word' id='word_1_252' title='bbox 1146 1905 1318 1961; x_wconf 84' lang='lat' dir='ltr'><strong>dulcis</strong></span> <span class='ocrx_word' id='word_1_253' title='bbox 1363 1882 1450 1972; x_wconf 88' lang='lat' dir='ltr'><strong>sit,</strong></span> <span class='ocrx_word' id='word_1_254' title='bbox 1480 1916 1536 1963; x_wconf 90' lang='lat' dir='ltr'><strong>et</strong></span> <span class='ocrx_word' id='word_1_255' title='bbox 1563 1909 1702 1978; x_wconf 88' lang='lat' dir='ltr'><strong>virga</strong></span> 
     </span>
    </p>
   </div>
   <div class='ocr_carea' id='block_1_34' title="bbox 1805 1882 3372 1978">
    <p class='ocr_par' dir='ltr' id='par_1_34' title="bbox 1809 1882 3372 1971">
     <span class='ocr_line' id='line_1_34' title="bbox 1809 1882 3372 1971; baseline 0.007 -22"><span class='ocrx_word' id='word_1_256' title='bbox 1809 1893 2140 1960; x_wconf 86' lang='lat' dir='ltr'><strong>distinctum,</strong></span> <span class='ocrx_word' id='word_1_257' title='bbox 2188 1906 2244 1950; x_wconf 91' lang='lat' dir='ltr'><strong>ut</strong></span> <span class='ocrx_word' id='word_1_258' title='bbox 2287 1896 2528 1952; x_wconf 84' lang='lat' dir='ltr'><strong>diversos</strong></span> <span class='ocrx_word' id='word_1_259' title='bbox 2575 1898 2754 1967; x_wconf 83' lang='lat' dir='ltr'><strong>ﬂores,</strong></span> <span class='ocrx_word' id='word_1_260' title='bbox 2787 1911 2841 1956; x_wconf 90' lang='lat' dir='ltr'><strong>et</strong></span> <span class='ocrx_word' id='word_1_261' title='bbox 2869 1882 3106 1971; x_wconf 83' lang='lat' dir='ltr'><strong>gemmas</strong></span> <span class='ocrx_word' id='word_1_262' title='bbox 3150 1905 3372 1961; x_wconf 89' lang='lat' dir='ltr'><strong>artiﬁcis</strong></span> 
     </span>
    </p>
   </div>
   <div class='ocr_carea' id='block_1_35' title="bbox 135 1989 1706 2061">
    <p class='ocr_par' dir='ltr' id='par_1_35' title="bbox 135 1989 1706 2061">
     <span class='ocr_line' id='line_1_35' title="bbox 135 1989 1706 2061; baseline 0.007 -19"><span class='ocrx_word' id='word_1_263' title='bbox 135 1989 318 2044; x_wconf 81' lang='lat' dir='ltr'><strong>Aaron</strong></span> <span class='ocrx_word' id='word_1_264' title='bbox 335 2029 352 2050; x_wconf 88' lang='lat'><strong>.</strong></span> <span class='ocrx_word' id='word_1_265' title='bbox 379 1991 726 2047; x_wconf 80' lang='lat' dir='ltr'><strong>sacerdotalis</strong></span> <span class='ocrx_word' id='word_1_266' title='bbox 755 1994 994 2047; x_wconf 87' lang='lat' dir='ltr'><strong>doctrina</strong></span> <span class='ocrx_word' id='word_1_267' title='bbox 1015 2037 1030 2061; x_wconf 93' lang='lat'><strong>,</strong></span> <span class='ocrx_word' id='word_1_268' title='bbox 1061 2005 1111 2050; x_wconf 89' lang='lat' dir='ltr'><strong>et</strong></span> <span class='ocrx_word' id='word_1_269' title='bbox 1135 1996 1318 2050; x_wconf 79' lang='lat' dir='ltr'><strong>ﬂorida</strong></span> <span class='ocrx_word' id='word_1_270' title='bbox 1345 1999 1600 2051; x_wconf 88' lang='lat' dir='ltr'><strong>severitas</strong></span> <span class='ocrx_word' id='word_1_271' title='bbox 1625 2001 1706 2052; x_wconf 88' lang='lat' dir='ltr'><strong>di-</strong></span> 
     </span>
    </p>
   </div>
   <div class='ocr_carea' id='block_1_36' title="bbox 135 2080 1704 2154">
    <p class='ocr_par' dir='ltr' id='par_1_36' title="bbox 135 2080 1704 2154">
     <span class='ocr_line' id='line_1_36' title="bbox 135 2080 1704 2154; baseline 0.006 -20"><span class='ocrx_word' id='word_1_272' title='bbox 135 2080 397 2148; x_wconf 71' lang='lat' dir='ltr'><strong>sciplinae,</strong></span> <span class='ocrx_word' id='word_1_273' title='bbox 431 2082 705 2136; x_wconf 87' lang='lat' dir='ltr'><strong>incensum</strong></span> <span class='ocrx_word' id='word_1_274' title='bbox 756 2093 932 2138; x_wconf 84' lang='lat' dir='ltr'><strong>autem</strong></span> <span class='ocrx_word' id='word_1_275' title='bbox 959 2099 1024 2139; x_wconf 87' lang='lat' dir='ltr'><strong>ex</strong></span> <span class='ocrx_word' id='word_1_276' title='bbox 1071 2095 1296 2154; x_wconf 87' lang='lat' dir='ltr'><strong>quatuor</strong></span> <span class='ocrx_word' id='word_1_277' title='bbox 1324 2087 1704 2143; x_wconf 76' lang='lat' dir='ltr'><strong>odoratissimis</strong></span> 
     </span>
    </p>
   </div>
   <div class='ocr_carea' id='block_1_37' title="bbox 137 2170 1702 2243">
    <p class='ocr_par' dir='ltr' id='par_1_37' title="bbox 137 2170 1702 2243">
     <span class='ocr_line' id='line_1_37' title="bbox 137 2170 1702 2243; baseline 0.007 -21"><span class='ocrx_word' id='word_1_278' title='bbox 137 2170 421 2240; x_wconf 78' lang='lat' dir='ltr'><strong>pigmentis</strong></span> <span class='ocrx_word' id='word_1_279' title='bbox 446 2172 498 2228; x_wconf 92' lang='lat' dir='ltr'><strong>in</strong></span> <span class='ocrx_word' id='word_1_280' title='bbox 514 2189 755 2243; x_wconf 86' lang='lat' dir='ltr'><strong>magnam</strong></span> <span class='ocrx_word' id='word_1_281' title='bbox 769 2175 1118 2230; x_wconf 88' lang='lat' dir='ltr'><strong>subtilitatem</strong></span> <span class='ocrx_word' id='word_1_282' title='bbox 1137 2176 1475 2232; x_wconf 85' lang='lat' dir='ltr'><strong>comminutis</strong></span> <span class='ocrx_word' id='word_1_283' title='bbox 1492 2178 1702 2242; x_wconf 86' lang='lat' dir='ltr'><strong>factam,</strong></span> 
     </span>
    </p>
   </div>
   <div class='ocr_carea' id='block_1_38' title="bbox 137 2261 1704 2336">
    <p class='ocr_par' dir='ltr' id='par_1_38' title="bbox 137 2261 1704 2336">
     <span class='ocr_line' id='line_1_38' title="bbox 137 2261 1704 2336; baseline 0.008 -22"><span class='ocrx_word' id='word_1_284' title='bbox 137 2261 192 2314; x_wconf 90' lang='lat' dir='ltr'><strong>id</strong></span> <span class='ocrx_word' id='word_1_285' title='bbox 224 2273 331 2328; x_wconf 88' lang='lat' dir='ltr'><strong>est,</strong></span> <span class='ocrx_word' id='word_1_286' title='bbox 365 2271 557 2330; x_wconf 75' lang='lat' dir='ltr'><strong>stacte,</strong></span> <span class='ocrx_word' id='word_1_287' title='bbox 587 2264 833 2330; x_wconf 85' lang='lat' dir='ltr'><strong>honicbe,</strong></span> <span class='ocrx_word' id='word_1_288' title='bbox 857 2266 1102 2336; x_wconf 77' lang='lat' dir='ltr'><strong>galbana,</strong></span> <span class='ocrx_word' id='word_1_289' title='bbox 1128 2277 1183 2322; x_wconf 91' lang='lat' dir='ltr'><strong>et</strong></span> <span class='ocrx_word' id='word_1_290' title='bbox 1234 2271 1410 2334; x_wconf 84' lang='lat' dir='ltr'><strong>thure,</strong></span> <span class='ocrx_word' id='word_1_291' title='bbox 1439 2270 1704 2325; x_wconf 86' lang='lat' dir='ltr'><strong>orationes</strong></span> 
     </span>
    </p>
   </div>
   <div class='ocr_carea' id='block_1_39' title="bbox 136 2351 1700 2428">
    <p class='ocr_par' dir='ltr' id='par_1_39' title="bbox 136 2351 1700 2428">
     <span class='ocr_line' id='line_1_39' title="bbox 136 2351 1700 2428; baseline 0.005 -22"><span class='ocrx_word' id='word_1_292' title='bbox 136 2351 399 2421; x_wconf 78' lang='lat' dir='ltr'><strong>iustorum</strong></span> <span class='ocrx_word' id='word_1_293' title='bbox 424 2353 701 2424; x_wconf 88' lang='lat' dir='ltr'><strong>signiﬁcat,</strong></span> <span class='ocrx_word' id='word_1_294' title='bbox 726 2354 1215 2428; x_wconf 66' lang='lat' dir='ltr'><strong>sicutApucalypsis</strong></span> <span class='ocrx_word' id='word_1_295' title='bbox 1235 2358 1466 2414; x_wconf 87' lang='lat' dir='ltr'><strong>ostendit</strong></span> <span class='ocrx_word' id='word_1_296' title='bbox 1490 2374 1505 2423; x_wconf 89' lang='lat'><strong>;</strong></span> <span class='ocrx_word' id='word_1_297' title='bbox 1533 2375 1700 2428; x_wconf 85' lang='lat' dir='ltr'><strong>quan-</strong></span> 
     </span>
    </p>
   </div>
   <div class='ocr_carea' id='block_1_40' title="bbox 135 2446 1701 2520">
    <p class='ocr_par' dir='ltr' id='par_1_40' title="bbox 135 2446 1701 2520">
     <span class='ocr_line' id='line_1_40' title="bbox 135 2446 1701 2520; baseline 0.004 -24"><span class='ocrx_word' id='word_1_298' title='bbox 135 2459 298 2510; x_wconf 83' lang='lat' dir='ltr'><strong>quam</strong></span> <span class='ocrx_word' id='word_1_299' title='bbox 328 2446 505 2514; x_wconf 88' lang='lat' dir='ltr'><strong>specie</strong></span> <span class='ocrx_word' id='word_1_300' title='bbox 553 2461 748 2515; x_wconf 87' lang='lat' dir='ltr'><strong>genera</strong></span> <span class='ocrx_word' id='word_1_301' title='bbox 774 2447 1156 2502; x_wconf 88' lang='lat' dir='ltr'><strong>elementorum</strong></span> <span class='ocrx_word' id='word_1_302' title='bbox 1188 2460 1413 2518; x_wconf 87' lang='lat' dir='ltr'><strong>quatuor</strong></span> <span class='ocrx_word' id='word_1_303' title='bbox 1438 2449 1701 2520; x_wconf 82' lang='lat' dir='ltr'><strong>designat.</strong></span> 
     </span>
    </p>
   </div>
   <div class='ocr_carea' id='block_1_41' title="bbox 136 2537 1704 2610">
    <p class='ocr_par' dir='ltr' id='par_1_41' title="bbox 136 2537 1704 2610">
     <span class='ocr_line' id='line_1_41' title="bbox 136 2537 1704 2610; baseline 0.005 -23"><span class='ocrx_word' id='word_1_304' title='bbox 136 2538 378 2602; x_wconf 77' lang='lat' dir='ltr'><strong>Quatuor</strong></span> <span class='ocrx_word' id='word_1_305' title='bbox 409 2537 546 2604; x_wconf 72' lang='lat' dir='ltr'><strong>lucc,</strong></span> <span class='ocrx_word' id='word_1_306' title='bbox 578 2549 635 2593; x_wconf 94' lang='lat' dir='ltr'><strong>ut</strong></span> <span class='ocrx_word' id='word_1_307' title='bbox 663 2539 807 2604; x_wconf 89' lang='lat' dir='ltr'><strong>thus,</strong></span> <span class='ocrx_word' id='word_1_308' title='bbox 837 2540 976 2608; x_wconf 89' lang='lat' dir='ltr'><strong>quod</strong></span> <span class='ocrx_word' id='word_1_309' title='bbox 1000 2539 1264 2610; x_wconf 87' lang='lat' dir='ltr'><strong>placidum</strong></span> <span class='ocrx_word' id='word_1_310' title='bbox 1289 2552 1389 2606; x_wconf 87' lang='lat' dir='ltr'><strong>est,</strong></span> <span class='ocrx_word' id='word_1_311' title='bbox 1416 2544 1524 2597; x_wconf 88' lang='lat' dir='ltr'><strong>aeri</strong></span> <span class='ocrx_word' id='word_1_312' title='bbox 1557 2557 1704 2596; x_wconf 85' lang='lat' dir='ltr'><strong>cum-</strong></span> 
     </span>
    </p>
   </div>
   <div class='ocr_carea' id='block_1_42' title="bbox 140 2629 1705 2701">
    <p class='ocr_par' dir='ltr' id='par_1_42' title="bbox 140 2629 1705 2701">
     <span class='ocr_line' id='line_1_42' title="bbox 140 2629 1705 2701; baseline 0.006 -24"><span class='ocrx_word' id='word_1_313' title='bbox 140 2637 360 2696; x_wconf 83' lang='lat' dir='ltr'><strong>paretur</strong></span> <span class='ocrx_word' id='word_1_314' title='bbox 385 2645 398 2693; x_wconf 86' lang='lat'><strong>;</strong></span> <span class='ocrx_word' id='word_1_315' title='bbox 429 2638 596 2684; x_wconf 89' lang='lat' dir='ltr'><strong>stacte</strong></span> <span class='ocrx_word' id='word_1_316' title='bbox 625 2644 755 2684; x_wconf 88' lang='lat' dir='ltr'><strong>vero</strong></span> <span class='ocrx_word' id='word_1_317' title='bbox 781 2629 931 2701; x_wconf 88' lang='lat' dir='ltr'><strong>aquis</strong></span> <span class='ocrx_word' id='word_1_318' title='bbox 956 2647 971 2696; x_wconf 88' lang='lat'><strong>;</strong></span> <span class='ocrx_word' id='word_1_319' title='bbox 1003 2630 1226 2700; x_wconf 87' lang='lat' dir='ltr'><strong>galbane</strong></span> <span class='ocrx_word' id='word_1_320' title='bbox 1253 2642 1307 2685; x_wconf 91' lang='lat' dir='ltr'><strong>et</strong></span> <span class='ocrx_word' id='word_1_321' title='bbox 1336 2630 1516 2696; x_wconf 90' lang='lat' dir='ltr'><strong>houix,</strong></span> <span class='ocrx_word' id='word_1_322' title='bbox 1549 2641 1705 2687; x_wconf 75' lang='lat' dir='ltr'><strong>terra:</strong></span> 
     </span>
    </p>
   </div>
   <div class='ocr_carea' id='block_1_43' title="bbox 136 2719 1705 2790">
    <p class='ocr_par' dir='ltr' id='par_1_43' title="bbox 136 2719 1705 2790">
     <span class='ocr_line' id='line_1_43' title="bbox 136 2719 1705 2790; baseline 0.003 -17"><span class='ocrx_word' id='word_1_323' title='bbox 136 2729 188 2773; x_wconf 82' lang='lat' dir='ltr'><strong>et</strong></span> <span class='ocrx_word' id='word_1_324' title='bbox 224 2719 326 2787; x_wconf 92' lang='lat' dir='ltr'><strong>igni</strong></span> <span class='ocrx_word' id='word_1_325' title='bbox 356 2735 370 2784; x_wconf 91' lang='lat'><strong>;</strong></span> <span class='ocrx_word' id='word_1_326' title='bbox 427 2727 485 2773; x_wconf 93' lang='lat' dir='ltr'><strong>ut</strong></span> <span class='ocrx_word' id='word_1_327' title='bbox 514 2735 609 2788; x_wconf 87' lang='lat' dir='ltr'><strong>per</strong></span> <span class='ocrx_word' id='word_1_328' title='bbox 634 2721 736 2776; x_wconf 91' lang='lat' dir='ltr'><strong>hoc</strong></span> <span class='ocrx_word' id='word_1_329' title='bbox 787 2721 1025 2775; x_wconf 90' lang='lat' dir='ltr'><strong>omnium</strong></span> <span class='ocrx_word' id='word_1_330' title='bbox 1054 2737 1174 2790; x_wconf 75' lang='lat' dir='ltr'><strong>quze</strong></span> <span class='ocrx_word' id='word_1_331' title='bbox 1208 2723 1258 2777; x_wconf 93' lang='lat' dir='ltr'><strong>in</strong></span> <span class='ocrx_word' id='word_1_332' title='bbox 1288 2723 1428 2777; x_wconf 69' lang='lat' dir='ltr'><strong>creto</strong></span> <span class='ocrx_word' id='word_1_333' title='bbox 1482 2736 1625 2786; x_wconf 81' lang='lat' dir='ltr'><strong>sunt,</strong></span> <span class='ocrx_word' id='word_1_334' title='bbox 1651 2733 1705 2778; x_wconf 91' lang='lat' dir='ltr'><strong>et</strong></span> 
     </span>
    </p>
   </div>
   <div class='ocr_carea' id='block_1_44' title="bbox 138 2806 1700 2879">
    <p class='ocr_par' dir='ltr' id='par_1_44' title="bbox 138 2806 1700 2879">
     <span class='ocr_line' id='line_1_44' title="bbox 138 2806 1700 2879; baseline 0.003 -19"><span class='ocrx_word' id='word_1_335' title='bbox 138 2806 279 2860; x_wconf 89' lang='lat' dir='ltr'><strong>infra</strong></span> <span class='ocrx_word' id='word_1_336' title='bbox 310 2818 362 2861; x_wconf 85' lang='lat' dir='ltr'><strong>et</strong></span> <span class='ocrx_word' id='word_1_337' title='bbox 397 2807 554 2874; x_wconf 86' lang='lat' dir='ltr'><strong>intra,</strong></span> <span class='ocrx_word' id='word_1_338' title='bbox 589 2817 644 2863; x_wconf 89' lang='lat' dir='ltr'><strong>et</strong></span> <span class='ocrx_word' id='word_1_339' title='bbox 665 2808 822 2875; x_wconf 87' lang='lat' dir='ltr'><strong>infra,</strong></span> <span class='ocrx_word' id='word_1_340' title='bbox 855 2818 910 2863; x_wconf 88' lang='lat' dir='ltr'><strong>et</strong></span> <span class='ocrx_word' id='word_1_341' title='bbox 933 2811 986 2863; x_wconf 93' lang='lat' dir='ltr'><strong>in</strong></span> <span class='ocrx_word' id='word_1_342' title='bbox 1018 2810 1171 2878; x_wconf 85' lang='lat' dir='ltr'><strong>aquis</strong></span> <span class='ocrx_word' id='word_1_343' title='bbox 1193 2811 1438 2879; x_wconf 89' lang='lat' dir='ltr'><strong>placitum</strong></span> <span class='ocrx_word' id='word_1_344' title='bbox 1467 2813 1537 2865; x_wconf 90' lang='lat' dir='ltr'><strong>sit</strong></span> <span class='ocrx_word' id='word_1_345' title='bbox 1567 2809 1700 2879; x_wconf 88' lang='lat' dir='ltr'><strong>Deo,</strong></span> 
     </span>
    </p>
   </div>
   <div class='ocr_carea' id='block_1_45' title="bbox 1808 1985 3366 2048">
    <p class='ocr_par' dir='ltr' id='par_1_45' title="bbox 1808 1985 3366 2048">
     <span class='ocr_line' id='line_1_45' title="bbox 1808 1985 3366 2048; baseline 0.008 -12"><span class='ocrx_word' id='word_1_346' title='bbox 1808 1999 1965 2037; x_wconf 89' lang='lat' dir='ltr'><strong>manu</strong></span> <span class='ocrx_word' id='word_1_347' title='bbox 1997 2000 2100 2037; x_wconf 93' lang='lat' dir='ltr'><strong>non</strong></span> <span class='ocrx_word' id='word_1_348' title='bbox 2135 1995 2309 2038; x_wconf 86' lang='lat' dir='ltr'><strong>textas</strong></span> <span class='ocrx_word' id='word_1_349' title='bbox 2349 1985 2578 2040; x_wconf 87' lang='lat' dir='ltr'><strong>redditas</strong></span> <span class='ocrx_word' id='word_1_350' title='bbox 2592 1988 3105 2045; x_wconf 67' lang='lat' dir='ltr'><strong>arbitrerisLineam</strong></span> <span class='ocrx_word' id='word_1_351' title='bbox 3137 1994 3366 2048; x_wconf 83' lang='lat' dir='ltr'><strong>tunicam</strong></span> 
     </span>
    </p>
   </div>
   <div class='ocr_carea' id='block_1_46' title="bbox 1806 2075 3366 2148">
    <p class='ocr_par' dir='ltr' id='par_1_46' title="bbox 1806 2075 3366 2148">
     <span class='ocr_line' id='line_1_46' title="bbox 1806 2075 3366 2148; baseline 0.007 -24"><span class='ocrx_word' id='word_1_352' title='bbox 1806 2087 1959 2140; x_wconf 86' lang='lat' dir='ltr'><strong>quam</strong></span> <span class='ocrx_word' id='word_1_353' title='bbox 1990 2087 2146 2142; x_wconf 84' lang='lat' dir='ltr'><strong>supra</strong></span> <span class='ocrx_word' id='word_1_354' title='bbox 2194 2075 2446 2141; x_wconf 78' lang='lat' dir='ltr'><strong>diximus,</strong></span> <span class='ocrx_word' id='word_1_355' title='bbox 2504 2077 2640 2129; x_wconf 90' lang='lat' dir='ltr'><strong>inter</strong></span> <span class='ocrx_word' id='word_1_356' title='bbox 2690 2078 2994 2132; x_wconf 87' lang='lat' dir='ltr'><strong>umbilicum</strong></span> <span class='ocrx_word' id='word_1_357' title='bbox 3046 2093 3099 2134; x_wconf 89' lang='lat' dir='ltr'><strong>et</strong></span> <span class='ocrx_word' id='word_1_358' title='bbox 3159 2093 3366 2148; x_wconf 88' lang='lat' dir='ltr'><strong>pectus,</strong></span> 
     </span>
    </p>
   </div>
   <div class='ocr_carea' id='block_1_47' title="bbox 1807 2163 3366 2238">
    <p class='ocr_par' dir='ltr' id='par_1_47' title="bbox 1807 2163 3366 2238">
     <span class='ocr_line' id='line_1_47' title="bbox 1807 2163 3366 2238; baseline 0.006 -23"><span class='ocrx_word' id='word_1_359' title='bbox 1807 2163 1904 2216; x_wconf 91' lang='lat' dir='ltr'><strong>hoc</strong></span> <span class='ocrx_word' id='word_1_360' title='bbox 1931 2165 2191 2231; x_wconf 81' lang='lat' dir='ltr'><strong>stringunt</strong></span> <span class='ocrx_word' id='word_1_361' title='bbox 2231 2164 2461 2229; x_wconf 82' lang='lat' dir='ltr'><strong>baltheo,</strong></span> <span class='ocrx_word' id='word_1_362' title='bbox 2495 2165 2582 2234; x_wconf 87' lang='lat' dir='ltr'><strong>qui</strong></span> <span class='ocrx_word' id='word_1_363' title='bbox 2606 2174 2833 2234; x_wconf 80' lang='lat' dir='ltr'><strong>quatuor</strong></span> <span class='ocrx_word' id='word_1_364' title='bbox 2854 2166 3137 2238; x_wconf 75' lang='lat' dir='ltr'><strong>digitorum</strong></span> <span class='ocrx_word' id='word_1_365' title='bbox 3166 2172 3366 2225; x_wconf 80' lang='lat' dir='ltr'><strong>habens</strong></span> 
     </span>
    </p>
   </div>
   <div class='ocr_carea' id='block_1_48' title="bbox 1805 2251 3368 2328">
    <p class='ocr_par' dir='ltr' id='par_1_48' title="bbox 1805 2251 3368 2328">
     <span class='ocr_line' id='line_1_48' title="bbox 1805 2251 3368 2328; baseline 0.005 -22"><span class='ocrx_word' id='word_1_366' title='bbox 1805 2251 2157 2319; x_wconf 86' lang='lat' dir='ltr'><strong>latitudinem,</strong></span> <span class='ocrx_word' id='word_1_367' title='bbox 2191 2269 2379 2321; x_wconf 80' lang='lat' dir='ltr'><strong>magna</strong></span> <span class='ocrx_word' id='word_1_368' title='bbox 2427 2269 2494 2308; x_wconf 84' lang='lat' dir='ltr'><strong>ex</strong></span> <span class='ocrx_word' id='word_1_369' title='bbox 2543 2264 2695 2323; x_wconf 88' lang='lat' dir='ltr'><strong>parte</strong></span> <span class='ocrx_word' id='word_1_370' title='bbox 2722 2254 2788 2308; x_wconf 90' lang='lat' dir='ltr'><strong>ad</strong></span> <span class='ocrx_word' id='word_1_371' title='bbox 2836 2269 2992 2310; x_wconf 89' lang='lat' dir='ltr'><strong>crura</strong></span> <span class='ocrx_word' id='word_1_372' title='bbox 3035 2258 3368 2328; x_wconf 85' lang='lat' dir='ltr'><strong>dependens,</strong></span> 
     </span>
    </p>
   </div>
   <div class='ocr_carea' id='block_1_49' title="bbox 1803 2345 3368 2416">
    <p class='ocr_par' dir='ltr' id='par_1_49' title="bbox 1803 2345 3368 2416">
     <span class='ocr_line' id='line_1_49' title="bbox 1803 2345 3368 2416; baseline 0.005 -19"><span class='ocrx_word' id='word_1_373' title='bbox 1803 2359 1922 2398; x_wconf 91' lang='lat' dir='ltr'><strong>eum</strong></span> <span class='ocrx_word' id='word_1_374' title='bbox 1959 2345 2024 2398; x_wconf 89' lang='lat' dir='ltr'><strong>ad</strong></span> <span class='ocrx_word' id='word_1_375' title='bbox 2051 2345 2312 2399; x_wconf 88' lang='lat' dir='ltr'><strong>sacriﬁcia</strong></span> <span class='ocrx_word' id='word_1_376' title='bbox 2343 2360 2500 2399; x_wconf 91' lang='lat' dir='ltr'><strong>cursu</strong></span> <span class='ocrx_word' id='word_1_377' title='bbox 2531 2345 2859 2415; x_wconf 87' lang='lat' dir='ltr'><strong>expeditiore</strong></span> <span class='ocrx_word' id='word_1_378' title='bbox 2902 2361 3035 2416; x_wconf 89' lang='lat' dir='ltr'><strong>opus</strong></span> <span class='ocrx_word' id='word_1_379' title='bbox 3075 2359 3176 2414; x_wconf 88' lang='lat' dir='ltr'><strong>est,</strong></span> <span class='ocrx_word' id='word_1_380' title='bbox 3213 2350 3265 2404; x_wconf 93' lang='lat' dir='ltr'><strong>in</strong></span> <span class='ocrx_word' id='word_1_381' title='bbox 3294 2352 3368 2405; x_wconf 86' lang='lat' dir='ltr'><strong>Ie-</strong></span> 
     </span>
    </p>
   </div>
   <div class='ocr_carea' id='block_1_50' title="bbox 1805 2432 3366 2507">
    <p class='ocr_par' dir='ltr' id='par_1_50' title="bbox 1805 2432 3366 2507">
     <span class='ocr_line' id='line_1_50' title="bbox 1805 2432 3366 2507; baseline 0.006 -22"><span class='ocrx_word' id='word_1_382' title='bbox 1805 2448 1920 2487; x_wconf 88' lang='lat' dir='ltr'><strong>vem</strong></span> <span class='ocrx_word' id='word_1_383' title='bbox 1953 2435 2228 2488; x_wconf 88' lang='lat' dir='ltr'><strong>humerum</strong></span> <span class='ocrx_word' id='word_1_384' title='bbox 2260 2445 2612 2502; x_wconf 84' lang='lat' dir='ltr'><strong>retorquetur.</strong></span> <span class='ocrx_word' id='word_1_385' title='bbox 2643 2435 2897 2501; x_wconf 85' lang='lat' dir='ltr'><strong>Quartum</strong></span> <span class='ocrx_word' id='word_1_386' title='bbox 2949 2451 3116 2507; x_wconf 88' lang='lat' dir='ltr'><strong>genus</strong></span> <span class='ocrx_word' id='word_1_387' title='bbox 3145 2448 3228 2493; x_wconf 88' lang='lat' dir='ltr'><strong>est</strong></span> <span class='ocrx_word' id='word_1_388' title='bbox 3272 2432 3366 2494; x_wconf 52' lang='lat' dir='ltr'><strong>ve?</strong></span> 
     </span>
    </p>
   </div>
   <div class='ocr_carea' id='block_1_51' title="bbox 1803 2524 3368 2596">
    <p class='ocr_par' dir='ltr' id='par_1_51' title="bbox 1803 2524 3368 2596">
     <span class='ocr_line' id='line_1_51' title="bbox 1803 2524 3368 2596; baseline 0.006 -21"><span class='ocrx_word' id='word_1_389' title='bbox 1803 2524 2176 2576; x_wconf 88' lang='lat' dir='ltr'><strong>stimeuturum</strong></span> <span class='ocrx_word' id='word_1_390' title='bbox 2206 2525 2463 2579; x_wconf 87' lang='lat' dir='ltr'><strong>rotundus</strong></span> <span class='ocrx_word' id='word_1_391' title='bbox 2489 2526 2736 2594; x_wconf 86' lang='lat' dir='ltr'><strong>pileulus,</strong></span> <span class='ocrx_word' id='word_1_392' title='bbox 2763 2526 2972 2594; x_wconf 87' lang='lat' dir='ltr'><strong>qualem</strong></span> <span class='ocrx_word' id='word_1_393' title='bbox 3002 2527 3202 2596; x_wconf 89' lang='lat' dir='ltr'><strong>pictutn</strong></span> <span class='ocrx_word' id='word_1_394' title='bbox 3249 2545 3368 2584; x_wconf 82' lang='lat' dir='ltr'><strong>mu-</strong></span> 
     </span>
    </p>
   </div>
   <div class='ocr_carea' id='block_1_52' title="bbox 1805 2612 3368 2686">
    <p class='ocr_par' dir='ltr' id='par_1_52' title="bbox 1805 2612 3368 2686">
     <span class='ocr_line' id='line_1_52' title="bbox 1805 2612 3368 2686; baseline 0.008 -23"><span class='ocrx_word' id='word_1_395' title='bbox 1805 2612 1893 2666; x_wconf 76' lang='lat' dir='ltr'><strong>lixi</strong></span> <span class='ocrx_word' id='word_1_396' title='bbox 1925 2612 2300 2681; x_wconf 89' lang='lat' dir='ltr'><strong>conspicimus,</strong></span> <span class='ocrx_word' id='word_1_397' title='bbox 2349 2615 2499 2683; x_wconf 86' lang='lat' dir='ltr'><strong>quasi</strong></span> <span class='ocrx_word' id='word_1_398' title='bbox 2550 2628 2738 2682; x_wconf 86' lang='lat' dir='ltr'><strong>aspera</strong></span> <span class='ocrx_word' id='word_1_399' title='bbox 2770 2616 2942 2671; x_wconf 69' lang='lat' dir='ltr'><strong>nredia</strong></span> <span class='ocrx_word' id='word_1_400' title='bbox 2975 2616 3046 2670; x_wconf 89' lang='lat' dir='ltr'><strong>sit</strong></span> <span class='ocrx_word' id='word_1_401' title='bbox 3081 2618 3271 2686; x_wconf 87' lang='lat' dir='ltr'><strong>divisa,</strong></span> <span class='ocrx_word' id='word_1_402' title='bbox 3302 2632 3368 2675; x_wconf 83' lang='lat' dir='ltr'><strong>ex</strong></span> 
     </span>
    </p>
   </div>
   <div class='ocr_carea' id='block_1_53' title="bbox 1806 2706 3374 2776">
    <p class='ocr_par' dir='ltr' id='par_1_53' title="bbox 1806 2706 3374 2776">
     <span class='ocr_line' id='line_1_53' title="bbox 1806 2706 3374 2776; baseline 0.007 -21"><span class='ocrx_word' id='word_1_403' title='bbox 1806 2718 1953 2772; x_wconf 87' lang='lat' dir='ltr'><strong>parte</strong></span> <span class='ocrx_word' id='word_1_404' title='bbox 1999 2719 2096 2758; x_wconf 88' lang='lat' dir='ltr'><strong>una</strong></span> <span class='ocrx_word' id='word_1_405' title='bbox 2131 2715 2356 2775; x_wconf 85' lang='lat' dir='ltr'><strong>ponatur</strong></span> <span class='ocrx_word' id='word_1_406' title='bbox 2385 2706 2437 2761; x_wconf 93' lang='lat' dir='ltr'><strong>iu</strong></span> <span class='ocrx_word' id='word_1_407' title='bbox 2471 2707 2670 2776; x_wconf 84' lang='lat' dir='ltr'><strong>capite.</strong></span> <span class='ocrx_word' id='word_1_408' title='bbox 2719 2706 2830 2761; x_wconf 77' lang='lat' dir='ltr'><strong>Hoc</strong></span> <span class='ocrx_word' id='word_1_409' title='bbox 2875 2706 3045 2764; x_wconf 68' lang='lat' dir='ltr'><strong>Graci</strong></span> <span class='ocrx_word' id='word_1_410' title='bbox 3076 2708 3374 2766; x_wconf 83' lang='lat' dir='ltr'><strong>Enarrada-</strong></span> 
     </span>
    </p>
   </div>
   <div class='ocr_carea' id='block_1_54' title="bbox 1805 2795 3369 2859">
    <p class='ocr_par' dir='ltr' id='par_1_54' title="bbox 1805 2795 3369 2859">
     <span class='ocr_line' id='line_1_54' title="bbox 1805 2795 3369 2859; baseline 0.009 -13"><span class='ocrx_word' id='word_1_411' title='bbox 1805 2809 1951 2858; x_wconf 91' lang='lat' dir='ltr'><strong>rum,</strong></span> <span class='ocrx_word' id='word_1_412' title='bbox 1985 2797 2226 2850; x_wconf 87' lang='lat' dir='ltr'><strong>nonnulli</strong></span> <span class='ocrx_word' id='word_1_413' title='bbox 2274 2795 2524 2852; x_wconf 84' lang='lat' dir='ltr'><strong>Galerum</strong></span> <span class='ocrx_word' id='word_1_414' title='bbox 2573 2809 2788 2855; x_wconf 85' lang='lat' dir='ltr'><strong>vocant.</strong></span> <span class='ocrx_word' id='word_1_415' title='bbox 2820 2800 2934 2856; x_wconf 85' lang='lat' dir='ltr'><strong>Non</strong></span> <span class='ocrx_word' id='word_1_416' title='bbox 2976 2800 3179 2858; x_wconf 85' lang='lat' dir='ltr'><strong>habens</strong></span> <span class='ocrx_word' id='word_1_417' title='bbox 3211 2818 3369 2859; x_wconf 85' lang='lat' dir='ltr'><strong>cacu-</strong></span> 
     </span>
    </p>
   </div>
   <div class='ocr_carea' id='block_1_55' title="bbox 133 2886 1702 2969">
    <p class='ocr_par' dir='ltr' id='par_1_55' title="bbox 133 2897 1700 2969">
     <span class='ocr_line' id='line_1_55' title="bbox 133 2897 1700 2969; baseline 0.001 -17"><span class='ocrx_word' id='word_1_418' title='bbox 133 2897 415 2952; x_wconf 87' lang='lat' dir='ltr'><strong>incensum</strong></span> <span class='ocrx_word' id='word_1_419' title='bbox 465 2901 639 2952; x_wconf 87' lang='lat' dir='ltr'><strong>omnis</strong></span> <span class='ocrx_word' id='word_1_420' title='bbox 685 2907 942 2953; x_wconf 72' lang='lat' dir='ltr'><strong>creatura:</strong></span> <span class='ocrx_word' id='word_1_421' title='bbox 973 2899 1224 2953; x_wconf 81' lang='lat' dir='ltr'><strong>laudatio.</strong></span> <span class='ocrx_word' id='word_1_422' title='bbox 1259 2900 1483 2969; x_wconf 88' lang='lat' dir='ltr'><strong>Sanguis</strong></span> <span class='ocrx_word' id='word_1_423' title='bbox 1526 2912 1700 2953; x_wconf 84' lang='lat' dir='ltr'><strong>autem</strong></span> 
     </span>
    </p>
   </div>
   <div class='ocr_carea' id='block_1_56' title="bbox 1805 2886 3366 2969">
    <p class='ocr_par' dir='ltr' id='par_1_56' title="bbox 1805 2886 3366 2963">
     <span class='ocr_line' id='line_1_56' title="bbox 1805 2886 3366 2963; baseline 0.008 -27"><span class='ocrx_word' id='word_1_424' title='bbox 1805 2898 1924 2937; x_wconf 88' lang='lat' dir='ltr'><strong>meo</strong></span> <span class='ocrx_word' id='word_1_425' title='bbox 1954 2886 2006 2938; x_wconf 89' lang='lat' dir='ltr'><strong>in</strong></span> <span class='ocrx_word' id='word_1_426' title='bbox 2035 2900 2267 2953; x_wconf 90' lang='lat' dir='ltr'><strong>summo,</strong></span> <span class='ocrx_word' id='word_1_427' title='bbox 2301 2902 2398 2941; x_wconf 91' lang='lat' dir='ltr'><strong>nec</strong></span> <span class='ocrx_word' id='word_1_428' title='bbox 2429 2897 2595 2941; x_wconf 92' lang='lat' dir='ltr'><strong>totum</strong></span> <span class='ocrx_word' id='word_1_429' title='bbox 2635 2904 2804 2958; x_wconf 87' lang='lat' dir='ltr'><strong>usque</strong></span> <span class='ocrx_word' id='word_1_430' title='bbox 2825 2905 3005 2945; x_wconf 91' lang='lat' dir='ltr'><strong>comas</strong></span> <span class='ocrx_word' id='word_1_431' title='bbox 3026 2905 3182 2960; x_wconf 88' lang='lat' dir='ltr'><strong>caput</strong></span> <span class='ocrx_word' id='word_1_432' title='bbox 3214 2897 3366 2963; x_wconf 87' lang='lat' dir='ltr'><strong>tegit,</strong></span> 
     </span>
    </p>
   </div>
   <div class='ocr_carea' id='block_1_57' title="bbox 137 2975 1702 3059">
    <p class='ocr_par' dir='ltr' id='par_1_57' title="bbox 137 2988 1701 3059">
     <span class='ocr_line' id='line_1_57' title="bbox 137 2988 1701 3059; baseline 0.001 -19"><span class='ocrx_word' id='word_1_433' title='bbox 137 3005 248 3058; x_wconf 81' lang='lat' dir='ltr'><strong>quo</strong></span> <span class='ocrx_word' id='word_1_434' title='bbox 277 2990 484 3057; x_wconf 74' lang='lat' dir='ltr'><strong>Moyses</strong></span> <span class='ocrx_word' id='word_1_435' title='bbox 526 2988 778 3059; x_wconf 82' lang='lat' dir='ltr'><strong>pupulum</strong></span> <span class='ocrx_word' id='word_1_436' title='bbox 811 2999 864 3042; x_wconf 90' lang='lat' dir='ltr'><strong>et</strong></span> <span class='ocrx_word' id='word_1_437' title='bbox 909 2990 1083 3042; x_wconf 79' lang='lat' dir='ltr'><strong>omnia</strong></span> <span class='ocrx_word' id='word_1_438' title='bbox 1126 2989 1384 3056; x_wconf 86' lang='lat' dir='ltr'><strong>aspersit,</strong></span> <span class='ocrx_word' id='word_1_439' title='bbox 1438 2989 1701 3057; x_wconf 60' lang='lat' dir='ltr'><strong>signiﬁcat</strong></span> 
     </span>
    </p>
   </div>
   <div class='ocr_carea' id='block_1_58' title="bbox 1805 2975 3360 3059">
    <p class='ocr_par' dir='ltr' id='par_1_58' title="bbox 1805 2975 3360 3052">
     <span class='ocr_line' id='line_1_58' title="bbox 1805 2975 3360 3052; baseline 0.006 -24"><span class='ocrx_word' id='word_1_440' title='bbox 1805 2975 1894 3028; x_wconf 82' lang='lat' dir='ltr'><strong>sed</strong></span> <span class='ocrx_word' id='word_1_441' title='bbox 1935 2975 2142 3029; x_wconf 89' lang='lat' dir='ltr'><strong>tertiam</strong></span> <span class='ocrx_word' id='word_1_442' title='bbox 2191 2986 2394 3044; x_wconf 89' lang='lat' dir='ltr'><strong>partem</strong></span> <span class='ocrx_word' id='word_1_443' title='bbox 2453 2977 2681 3032; x_wconf 81' lang='lat' dir='ltr'><strong>frontem</strong></span> <span class='ocrx_word' id='word_1_444' title='bbox 2732 2979 2984 3048; x_wconf 89' lang='lat' dir='ltr'><strong>relinquit</strong></span> <span class='ocrx_word' id='word_1_445' title='bbox 3037 2980 3360 3052; x_wconf 87' lang='lat' dir='ltr'><strong>inopertam,</strong></span> 
     </span>
    </p>
   </div>
   <div class='ocr_carea' id='block_1_59' title="bbox 132 3067 1702 3153">
    <p class='ocr_par' dir='ltr' id='par_1_59' title="bbox 132 3071 1700 3149">
     <span class='ocr_line' id='line_1_59' title="bbox 132 3071 1700 3149; baseline 0 -16"><span class='ocrx_word' id='word_1_446' title='bbox 132 3082 447 3149; x_wconf 79' lang='lat' dir='ltr'><strong>sanguinem</strong></span> <span class='ocrx_word' id='word_1_447' title='bbox 478 3081 694 3146; x_wconf 82' lang='lat' dir='ltr'><strong>Christi,</strong></span> <span class='ocrx_word' id='word_1_448' title='bbox 723 3071 827 3148; x_wconf 78' lang='lat' dir='ltr'><strong>quo</strong></span> <span class='ocrx_word' id='word_1_449' title='bbox 856 3081 1078 3149; x_wconf 84' lang='lat' dir='ltr'><strong>populus</strong></span> <span class='ocrx_word' id='word_1_450' title='bbox 1103 3079 1323 3144; x_wconf 79' lang='lat' dir='ltr'><strong>Christi,</strong></span> <span class='ocrx_word' id='word_1_451' title='bbox 1342 3095 1447 3148; x_wconf 83' lang='lat' dir='ltr'><strong>quo</strong></span> <span class='ocrx_word' id='word_1_452' title='bbox 1475 3079 1700 3149; x_wconf 88' lang='lat' dir='ltr'><strong>popttlus</strong></span> 
     </span>
    </p>
   </div>
   <div class='ocr_carea' id='block_1_60' title="bbox 1805 3067 3368 3153">
    <p class='ocr_par' dir='ltr' id='par_1_60' title="bbox 1805 3067 3368 3153">
     <span class='ocr_line' id='line_1_60' title="bbox 1805 3067 3368 3153; baseline 0.009 -34"><span class='ocrx_word' id='word_1_453' title='bbox 1805 3078 1956 3135; x_wconf 81' lang='lat' dir='ltr'><strong>atque</strong></span> <span class='ocrx_word' id='word_1_454' title='bbox 1985 3069 2052 3120; x_wconf 86' lang='lat' dir='ltr'><strong>ita</strong></span> <span class='ocrx_word' id='word_1_455' title='bbox 2084 3068 2132 3120; x_wconf 94' lang='lat' dir='ltr'><strong>iu</strong></span> <span class='ocrx_word' id='word_1_456' title='bbox 2162 3067 2410 3136; x_wconf 87' lang='lat' dir='ltr'><strong>occipitio</strong></span> <span class='ocrx_word' id='word_1_457' title='bbox 2452 3076 2507 3123; x_wconf 91' lang='lat' dir='ltr'><strong>ut</strong></span> <span class='ocrx_word' id='word_1_458' title='bbox 2533 3071 2660 3124; x_wconf 85' lang='lat' dir='ltr'><strong>vitta</strong></span> <span class='ocrx_word' id='word_1_459' title='bbox 2688 3071 3010 3127; x_wconf 86' lang='lat' dir='ltr'><strong>constrictus</strong></span> <span class='ocrx_word' id='word_1_460' title='bbox 3037 3084 3139 3153; x_wconf 81' lang='lat' dir='ltr'><strong>est.</strong></span> <span class='ocrx_word' id='word_1_461' title='bbox 3172 3076 3368 3133; x_wconf 84' lang='lat' dir='ltr'><strong>Tenuis</strong></span> 
     </span>
    </p>
   </div>
   <div class='ocr_carea' id='block_1_61' title="bbox 136 3160 1697 3240">
    <p class='ocr_par' dir='ltr' id='par_1_61' title="bbox 136 3160 1697 3240">
     <span class='ocr_line' id='line_1_61' title="bbox 136 3160 1697 3240; baseline 0.001 -15"><span class='ocrx_word' id='word_1_462' title='bbox 136 3172 314 3226; x_wconf 76' lang='lat' dir='ltr'><strong>ﬁdelis</strong></span> <span class='ocrx_word' id='word_1_463' title='bbox 341 3171 643 3240; x_wconf 84' lang='lat' dir='ltr'><strong>aspergitur</strong></span> <span class='ocrx_word' id='word_1_464' title='bbox 661 3217 675 3239; x_wconf 90' lang='lat'><strong>,</strong></span> <span class='ocrx_word' id='word_1_465' title='bbox 708 3181 759 3226; x_wconf 92' lang='lat' dir='ltr'><strong>ct</strong></span> <span class='ocrx_word' id='word_1_466' title='bbox 786 3173 1033 3228; x_wconf 74' lang='lat' dir='ltr'><strong>Ecclesia:</strong></span> <span class='ocrx_word' id='word_1_467' title='bbox 1058 3171 1190 3226; x_wconf 84' lang='lat' dir='ltr'><strong>ﬁdes</strong></span> <span class='ocrx_word' id='word_1_468' title='bbox 1237 3171 1558 3240; x_wconf 85' lang='lat' dir='ltr'><strong>signiﬁcatur</strong></span> <span class='ocrx_word' id='word_1_469' title='bbox 1585 3160 1697 3226; x_wconf 83' lang='lat' dir='ltr'><strong>adi-</strong></span> 
     </span>
    </p>
   </div>
   <div class='ocr_carea' id='block_1_62' title="bbox 135 3263 1699 3333">
    <p class='ocr_par' dir='ltr' id='par_1_62' title="bbox 135 3263 1699 3333">
     <span class='ocr_line' id='line_1_62' title="bbox 135 3263 1699 3333; baseline 0.001 -15"><span class='ocrx_word' id='word_1_470' title='bbox 135 3279 254 3332; x_wconf 86' lang='lat' dir='ltr'><strong>pes,</strong></span> <span class='ocrx_word' id='word_1_471' title='bbox 280 3264 431 3333; x_wconf 84' lang='lat' dir='ltr'><strong>cujus</strong></span> <span class='ocrx_word' id='word_1_472' title='bbox 479 3273 658 3333; x_wconf 85' lang='lat' dir='ltr'><strong>pectus</strong></span> <span class='ocrx_word' id='word_1_473' title='bbox 709 3264 1011 3327; x_wconf 88' lang='lat' dir='ltr'><strong>involvitur,</strong></span> <span class='ocrx_word' id='word_1_474' title='bbox 1042 3272 1098 3318; x_wconf 90' lang='lat' dir='ltr'><strong>et</strong></span> <span class='ocrx_word' id='word_1_475' title='bbox 1125 3263 1301 3332; x_wconf 84' lang='lat' dir='ltr'><strong>pinula</strong></span> <span class='ocrx_word' id='word_1_476' title='bbox 1350 3264 1542 3333; x_wconf 86' lang='lat' dir='ltr'><strong>jecoris</strong></span> <span class='ocrx_word' id='word_1_477' title='bbox 1571 3265 1699 3320; x_wconf 84' lang='lat' dir='ltr'><strong>oll‘e-</strong></span> 
     </span>
    </p>
   </div>
   <div class='ocr_carea' id='block_1_63' title="bbox 135 3355 1698 3425">
    <p class='ocr_par' dir='ltr' id='par_1_63' title="bbox 135 3355 1698 3425">
     <span class='ocr_line' id='line_1_63' title="bbox 135 3355 1698 3425; baseline 0.002 -18"><span class='ocrx_word' id='word_1_478' title='bbox 135 3365 325 3408; x_wconf 88' lang='lat' dir='ltr'><strong>rantur</strong></span> <span class='ocrx_word' id='word_1_479' title='bbox 351 3369 514 3424; x_wconf 89' lang='lat' dir='ltr'><strong>super</strong></span> <span class='ocrx_word' id='word_1_480' title='bbox 537 3355 704 3412; x_wconf 86' lang='lat' dir='ltr'><strong>altare</strong></span> <span class='ocrx_word' id='word_1_481' title='bbox 730 3371 746 3422; x_wconf 92' lang='lat'><strong>;</strong></span> <span class='ocrx_word' id='word_1_482' title='bbox 782 3356 953 3425; x_wconf 92' lang='lat' dir='ltr'><strong>ipsum</strong></span> <span class='ocrx_word' id='word_1_483' title='bbox 984 3371 1109 3410; x_wconf 89' lang='lat' dir='ltr'><strong>vero</strong></span> <span class='ocrx_word' id='word_1_484' title='bbox 1142 3366 1323 3423; x_wconf 82' lang='lat' dir='ltr'><strong>pectus</strong></span> <span class='ocrx_word' id='word_1_485' title='bbox 1346 3365 1398 3410; x_wconf 90' lang='lat' dir='ltr'><strong>et</strong></span> <span class='ocrx_word' id='word_1_486' title='bbox 1428 3355 1698 3410; x_wconf 85' lang='lat' dir='ltr'><strong>brachium</strong></span> 
     </span>
    </p>
   </div>
   <div class='ocr_carea' id='block_1_64' title="bbox 135 3445 1699 3515">
    <p class='ocr_par' dir='ltr' id='par_1_64' title="bbox 135 3445 1699 3515">
     <span class='ocr_line' id='line_1_64' title="bbox 135 3445 1699 3515; baseline 0.003 -18"><span class='ocrx_word' id='word_1_487' title='bbox 135 3445 384 3498; x_wconf 74' lang='lat' dir='ltr'><strong>dextrum</strong></span> <span class='ocrx_word' id='word_1_488' title='bbox 409 3446 582 3501; x_wconf 81' lang='lat' dir='ltr'><strong>Aaron</strong></span> <span class='ocrx_word' id='word_1_489' title='bbox 612 3447 788 3513; x_wconf 89' lang='lat' dir='ltr'><strong>datur,</strong></span> <span class='ocrx_word' id='word_1_490' title='bbox 819 3455 873 3501; x_wconf 90' lang='lat' dir='ltr'><strong>et</strong></span> <span class='ocrx_word' id='word_1_491' title='bbox 901 3447 1023 3501; x_wconf 84' lang='lat' dir='ltr'><strong>ﬁliis</strong></span> <span class='ocrx_word' id='word_1_492' title='bbox 1057 3465 1068 3499; x_wconf 90' lang='lat'>:</span> <span class='ocrx_word' id='word_1_493' title='bbox 1095 3445 1277 3514; x_wconf 82' lang='lat' dir='ltr'><strong>adipes</strong></span> <span class='ocrx_word' id='word_1_494' title='bbox 1299 3447 1488 3515; x_wconf 85' lang='lat' dir='ltr'><strong>quibus</strong></span> <span class='ocrx_word' id='word_1_495' title='bbox 1518 3457 1699 3515; x_wconf 62' lang='lat' dir='ltr'><strong>pectus</strong></span> 
     </span>
    </p>
   </div>
   <div class='ocr_carea' id='block_1_65' title="bbox 136 3536 1697 3607">
    <p class='ocr_par' dir='ltr' id='par_1_65' title="bbox 136 3536 1697 3607">
     <span class='ocr_line' id='line_1_65' title="bbox 136 3536 1697 3607; baseline 0.001 -16"><span class='ocrx_word' id='word_1_496' title='bbox 136 3538 446 3603; x_wconf 85' lang='lat' dir='ltr'><strong>involvitur,</strong></span> <span class='ocrx_word' id='word_1_497' title='bbox 479 3536 823 3607; x_wconf 85' lang='lat' dir='ltr'><strong>cogitationes</strong></span> <span class='ocrx_word' id='word_1_498' title='bbox 867 3537 1056 3605; x_wconf 88' lang='lat' dir='ltr'><strong>quibus</strong></span> <span class='ocrx_word' id='word_1_499' title='bbox 1096 3552 1190 3592; x_wconf 90' lang='lat' dir='ltr'><strong>cor</strong></span> <span class='ocrx_word' id='word_1_500' title='bbox 1218 3538 1523 3598; x_wconf 84' lang='lat' dir='ltr'><strong>involvitur,</strong></span> <span class='ocrx_word' id='word_1_501' title='bbox 1547 3539 1697 3607; x_wconf 81' lang='lat' dir='ltr'><strong>juxta</strong></span> 
     </span>
    </p>
   </div>
   <div class='ocr_carea' id='block_1_66' title="bbox 134 3620 1699 3698">
    <p class='ocr_par' dir='ltr' id='par_1_66' title="bbox 134 3620 1699 3698">
     <span class='ocr_line' id='line_1_66' title="bbox 134 3620 1699 3698; baseline 0.002 -20"><span class='ocrx_word' id='word_1_502' title='bbox 134 3620 264 3680; x_wconf 85' lang='lat' dir='ltr'><strong>illud</strong></span> <span class='ocrx_word' id='word_1_503' title='bbox 292 3645 303 3677; x_wconf 91' lang='lat'><strong>:</strong></span> <span class='ocrx_word' id='word_1_504' title='bbox 334 3628 468 3691; x_wconf 82' lang='lat' dir='ltr'><strong>Quid</strong></span> <span class='ocrx_word' id='word_1_505' title='bbox 516 3628 748 3698; x_wconf 79' lang='lat' dir='ltr'><strong>cngitatis</strong></span> <span class='ocrx_word' id='word_1_506' title='bbox 791 3628 929 3681; x_wconf 83' lang='lat' dir='ltr'><strong>mala</strong></span> <span class='ocrx_word' id='word_1_507' title='bbox 951 3629 1020 3681; x_wconf 84' lang='lat' dir='ltr'><strong>.in</strong></span> <span class='ocrx_word' id='word_1_508' title='bbox 1050 3628 1287 3681; x_wconf 85' lang='lat' dir='ltr'><strong>cordibus</strong></span> <span class='ocrx_word' id='word_1_509' title='bbox 1335 3631 1531 3682; x_wconf 79' lang='lat' dir='ltr'><strong>uestris.</strong></span> <span class='ocrx_word' id='word_1_510' title='bbox 1560 3628 1699 3681; x_wconf 84' lang='lat' dir='ltr'><strong>Con-</strong></span> 
     </span>
    </p>
   </div>
   <div class='ocr_carea' id='block_1_67' title="bbox 132 3714 1699 3784">
    <p class='ocr_par' dir='ltr' id='par_1_67' title="bbox 132 3714 1699 3784">
     <span class='ocr_line' id='line_1_67' title="bbox 132 3714 1699 3784; baseline 0.002 -18"><span class='ocrx_word' id='word_1_511' title='bbox 132 3715 530 3781; x_wconf 85' lang='lat' dir='ltr'><strong>cupiscentiain</strong></span> <span class='ocrx_word' id='word_1_512' title='bbox 553 3716 729 3784; x_wconf 84' lang='lat' dir='ltr'><strong>jecore</strong></span> <span class='ocrx_word' id='word_1_513' title='bbox 748 3726 849 3780; x_wconf 90' lang='lat' dir='ltr'><strong>est,</strong></span> <span class='ocrx_word' id='word_1_514' title='bbox 875 3724 1149 3783; x_wconf 86' lang='lat' dir='ltr'><strong>postquam</strong></span> <span class='ocrx_word' id='word_1_515' title='bbox 1165 3724 1339 3768; x_wconf 91' lang='lat' dir='ltr'><strong>autem</strong></span> <span class='ocrx_word' id='word_1_516' title='bbox 1369 3714 1549 3782; x_wconf 86' lang='lat' dir='ltr'><strong>adipes</strong></span> <span class='ocrx_word' id='word_1_517' title='bbox 1577 3728 1699 3782; x_wconf 85' lang='lat' dir='ltr'><strong>pec-</strong></span> 
     </span>
    </p>
   </div>
   <div class='ocr_carea' id='block_1_68' title="bbox 136 3803 1698 3873">
    <p class='ocr_par' dir='ltr' id='par_1_68' title="bbox 136 3803 1698 3873">
     <span class='ocr_line' id='line_1_68' title="bbox 136 3803 1698 3873; baseline 0.001 -17"><span class='ocrx_word' id='word_1_518' title='bbox 136 3803 291 3869; x_wconf 88' lang='lat' dir='ltr'><strong>toris,</strong></span> <span class='ocrx_word' id='word_1_519' title='bbox 316 3803 367 3857; x_wconf 92' lang='lat' dir='ltr'><strong>id</strong></span> <span class='ocrx_word' id='word_1_520' title='bbox 391 3813 494 3872; x_wconf 91' lang='lat' dir='ltr'><strong>cst,</strong></span> <span class='ocrx_word' id='word_1_521' title='bbox 525 3819 709 3858; x_wconf 89' lang='lat' dir='ltr'><strong>omnes</strong></span> <span class='ocrx_word' id='word_1_522' title='bbox 738 3803 1081 3873; x_wconf 81' lang='lat' dir='ltr'><strong>cogitationes</strong></span> <span class='ocrx_word' id='word_1_523' title='bbox 1109 3803 1300 3872; x_wconf 90' lang='lat' dir='ltr'><strong>quibus</strong></span> <span class='ocrx_word' id='word_1_524' title='bbox 1323 3813 1503 3870; x_wconf 89' lang='lat' dir='ltr'><strong>pectus</strong></span> <span class='ocrx_word' id='word_1_525' title='bbox 1529 3803 1698 3858; x_wconf 89' lang='lat' dir='ltr'><strong>invol-</strong></span> 
     </span>
    </p>
   </div>
   <div class='ocr_carea' id='block_1_69' title="bbox 135 3894 1696 3967">
    <p class='ocr_par' dir='ltr' id='par_1_69' title="bbox 135 3894 1696 3967">
     <span class='ocr_line' id='line_1_69' title="bbox 135 3894 1696 3967; baseline 0 -17"><span class='ocrx_word' id='word_1_526' title='bbox 135 3899 436 3967; x_wconf 74' lang='lat' dir='ltr'><strong>viturqnasi</strong></span> <span class='ocrx_word' id='word_1_527' title='bbox 461 3898 612 3966; x_wconf 85' lang='lat' dir='ltr'><strong>adipe</strong></span> <span class='ocrx_word' id='word_1_528' title='bbox 639 3905 692 3951; x_wconf 93' lang='lat' dir='ltr'><strong>et</strong></span> <span class='ocrx_word' id='word_1_529' title='bbox 708 3897 920 3964; x_wconf 89' lang='lat' dir='ltr'><strong>pinnula</strong></span> <span class='ocrx_word' id='word_1_530' title='bbox 945 3896 1168 3966; x_wconf 75' lang='lat' dir='ltr'><strong>iecoris,</strong></span> <span class='ocrx_word' id='word_1_531' title='bbox 1200 3894 1249 3949; x_wconf 92' lang='lat' dir='ltr'><strong>id</strong></span> <span class='ocrx_word' id='word_1_532' title='bbox 1274 3905 1354 3949; x_wconf 89' lang='lat' dir='ltr'><strong>est</strong></span> <span class='ocrx_word' id='word_1_533' title='bbox 1375 3894 1696 3950; x_wconf 87' lang='lat' dir='ltr'><strong>desiderium</strong></span> 
     </span>
    </p>
   </div>
   <div class='ocr_carea' id='block_1_70' title="bbox 139 3986 1696 4056">
    <p class='ocr_par' dir='ltr' id='par_1_70' title="bbox 139 3986 1696 4056">
     <span class='ocr_line' id='line_1_70' title="bbox 139 3986 1696 4056; baseline -0.003 -13"><span class='ocrx_word' id='word_1_534' title='bbox 139 3989 393 4049; x_wconf 76' lang='lat' dir='ltr'><strong>libidinis,</strong></span> <span class='ocrx_word' id='word_1_535' title='bbox 414 4002 506 4056; x_wconf 86' lang='lat' dir='ltr'><strong>per</strong></span> <span class='ocrx_word' id='word_1_536' title='bbox 520 3987 791 4041; x_wconf 79' lang='lat' dir='ltr'><strong>oculorum</strong></span> <span class='ocrx_word' id='word_1_537' title='bbox 809 3986 1198 4041; x_wconf 80' lang='lat' dir='ltr'><strong>festinationem</strong></span> <span class='ocrx_word' id='word_1_538' title='bbox 1228 4001 1512 4056; x_wconf 89' lang='lat' dir='ltr'><strong>erumpens</strong></span> <span class='ocrx_word' id='word_1_539' title='bbox 1536 3987 1696 4052; x_wconf 82' lang='lat' dir='ltr'><strong>lorus,</strong></span> 
     </span>
    </p>
   </div>
   <div class='ocr_carea' id='block_1_71' title="bbox 136 4076 1696 4147">
    <p class='ocr_par' dir='ltr' id='par_1_71' title="bbox 136 4076 1696 4147">
     <span class='ocr_line' id='line_1_71' title="bbox 136 4076 1696 4147; baseline -0.003 -14"><span class='ocrx_word' id='word_1_540' title='bbox 136 4079 276 4147; x_wconf 88' lang='lat' dir='ltr'><strong>ignis</strong></span> <span class='ocrx_word' id='word_1_541' title='bbox 305 4078 525 4146; x_wconf 83' lang='lat' dir='ltr'><strong>spiritus</strong></span> <span class='ocrx_word' id='word_1_542' title='bbox 551 4078 992 4144; x_wconf 82' lang='lat' dir='ltr'><strong>concremaverit,</strong></span> <span class='ocrx_word' id='word_1_543' title='bbox 1027 4085 1150 4131; x_wconf 92' lang='lat' dir='ltr'><strong>tunc</strong></span> <span class='ocrx_word' id='word_1_544' title='bbox 1179 4076 1372 4131; x_wconf 89' lang='lat' dir='ltr'><strong>mentis</strong></span> <span class='ocrx_word' id='word_1_545' title='bbox 1402 4076 1696 4144; x_wconf 68' lang='lat' dir='ltr'><strong>praemium,</strong></span> 
     </span>
    </p>
   </div>
   <div class='ocr_carea' id='block_1_72' title="bbox 137 4169 1695 4241">
    <p class='ocr_par' dir='ltr' id='par_1_72' title="bbox 137 4169 1695 4241">
     <span class='ocr_line' id='line_1_72' title="bbox 137 4169 1695 4241; baseline -0.003 -16"><span class='ocrx_word' id='word_1_546' title='bbox 137 4179 323 4241; x_wconf 65' lang='lat' dir='ltr'><strong>pectus</strong></span> <span class='ocrx_word' id='word_1_547' title='bbox 361 4181 414 4225; x_wconf 88' lang='lat' dir='ltr'><strong>et</strong></span> <span class='ocrx_word' id='word_1_548' title='bbox 460 4170 734 4225; x_wconf 87' lang='lat' dir='ltr'><strong>brachium</strong></span> <span class='ocrx_word' id='word_1_549' title='bbox 761 4169 813 4224; x_wconf 90' lang='lat' dir='ltr'><strong>in</strong></span> <span class='ocrx_word' id='word_1_550' title='bbox 843 4179 1055 4238; x_wconf 89' lang='lat' dir='ltr'><strong>pectore</strong></span> <span class='ocrx_word' id='word_1_551' title='bbox 1078 4170 1301 4223; x_wconf 88' lang='lat' dir='ltr'><strong>mundas</strong></span> <span class='ocrx_word' id='word_1_552' title='bbox 1325 4169 1695 4238; x_wconf 83' lang='lat' dir='ltr'><strong>cogitationes,</strong></span> 
     </span>
    </p>
   </div>
   <div class='ocr_carea' id='block_1_73' title="bbox 139 4258 1695 4330">
    <p class='ocr_par' dir='ltr' id='par_1_73' title="bbox 139 4258 1695 4330">
     <span class='ocr_line' id='line_1_73' title="bbox 139 4258 1695 4330; baseline -0.001 -17"><span class='ocrx_word' id='word_1_553' title='bbox 139 4262 196 4314; x_wconf 91' lang='lat' dir='ltr'><strong>in</strong></span> <span class='ocrx_word' id='word_1_554' title='bbox 228 4262 387 4315; x_wconf 89' lang='lat' dir='ltr'><strong>corde</strong></span> <span class='ocrx_word' id='word_1_555' title='bbox 416 4260 548 4330; x_wconf 90' lang='lat' dir='ltr'><strong>legis</strong></span> <span class='ocrx_word' id='word_1_556' title='bbox 579 4259 758 4313; x_wconf 86' lang='lat' dir='ltr'><strong>notitia</strong></span> <span class='ocrx_word' id='word_1_557' title='bbox 784 4298 800 4324; x_wconf 88' lang='lat'><strong>,</strong></span> <span class='ocrx_word' id='word_1_558' title='bbox 851 4259 1176 4328; x_wconf 82' lang='lat' dir='ltr'><strong>dogmatum.</strong></span> <span class='ocrx_word' id='word_1_559' title='bbox 1212 4258 1266 4312; x_wconf 91' lang='lat' dir='ltr'><strong>ln</strong></span> <span class='ocrx_word' id='word_1_560' title='bbox 1294 4258 1509 4311; x_wconf 91' lang='lat' dir='ltr'><strong>brachio</strong></span> <span class='ocrx_word' id='word_1_561' title='bbox 1537 4271 1695 4324; x_wconf 83' lang='lat' dir='ltr'><strong>Opera</strong></span> 
     </span>
    </p>
   </div>
   <div class='ocr_carea' id='block_1_74' title="bbox 137 4348 1696 4418">
    <p class='ocr_par' dir='ltr' id='par_1_74' title="bbox 137 4348 1696 4418">
     <span class='ocr_line' id='line_1_74' title="bbox 137 4348 1696 4418; baseline -0.004 -13"><span class='ocrx_word' id='word_1_562' title='bbox 137 4351 301 4416; x_wconf 80' lang='lat' dir='ltr'><strong>bona,</strong></span> <span class='ocrx_word' id='word_1_563' title='bbox 319 4361 369 4404; x_wconf 91' lang='lat' dir='ltr'><strong>et</strong></span> <span class='ocrx_word' id='word_1_564' title='bbox 393 4365 561 4418; x_wconf 85' lang='lat' dir='ltr'><strong>pugna</strong></span> <span class='ocrx_word' id='word_1_565' title='bbox 590 4357 774 4404; x_wconf 89' lang='lat' dir='ltr'><strong>contra</strong></span> <span class='ocrx_word' id='word_1_566' title='bbox 794 4349 1078 4413; x_wconf 82' lang='lat' dir='ltr'><strong>diabolum,</strong></span> <span class='ocrx_word' id='word_1_567' title='bbox 1100 4357 1155 4401; x_wconf 91' lang='lat' dir='ltr'><strong>ut</strong></span> <span class='ocrx_word' id='word_1_568' title='bbox 1175 4348 1313 4417; x_wconf 92' lang='lat' dir='ltr'><strong>quod</strong></span> <span class='ocrx_word' id='word_1_569' title='bbox 1342 4353 1696 4414; x_wconf 79' lang='lat' dir='ltr'><strong>conceperant</strong></span> 
     </span>
    </p>
   </div>
   <div class='ocr_carea' id='block_1_75' title="bbox 138 4437 1696 4512">
    <p class='ocr_par' dir='ltr' id='par_1_75' title="bbox 138 4437 1696 4512">
     <span class='ocr_line' id='line_1_75' title="bbox 138 4437 1696 4512; baseline -0.008 -13"><span class='ocrx_word' id='word_1_570' title='bbox 138 4443 387 4512; x_wconf 84' lang='lat' dir='ltr'><strong>exemplo</strong></span> <span class='ocrx_word' id='word_1_571' title='bbox 417 4442 652 4512; x_wconf 71' lang='lat' dir='ltr'><strong>pra-bent</strong></span> <span class='ocrx_word' id='word_1_572' title='bbox 681 4480 696 4506; x_wconf 91' lang='lat'><strong>,</strong></span> <span class='ocrx_word' id='word_1_573' title='bbox 752 4441 884 4493; x_wconf 90' lang='lat' dir='ltr'><strong>etin</strong></span> <span class='ocrx_word' id='word_1_574' title='bbox 934 4440 1204 4492; x_wconf 84' lang='lat' dir='ltr'><strong>sinistrum</strong></span> <span class='ocrx_word' id='word_1_575' title='bbox 1255 4437 1451 4490; x_wconf 87' lang='lat' dir='ltr'><strong>habere</strong></span> <span class='ocrx_word' id='word_1_576' title='bbox 1500 4437 1696 4504; x_wconf 76' lang='lat' dir='ltr'><strong>pra-ci-</strong></span> 
     </span>
    </p>
   </div>
   <div class='ocr_carea' id='block_1_76' title="bbox 139 4526 1694 4603">
    <p class='ocr_par' dir='ltr' id='par_1_76' title="bbox 139 4526 1694 4603">
     <span class='ocr_line' id='line_1_76' title="bbox 139 4526 1694 4603; baseline -0.003 -19"><span class='ocrx_word' id='word_1_577' title='bbox 139 4534 378 4603; x_wconf 77' lang='lat' dir='ltr'><strong>piantur,</strong></span> <span class='ocrx_word' id='word_1_578' title='bbox 422 4535 536 4588; x_wconf 72' lang='lat' dir='ltr'><strong>haec</strong></span> <span class='ocrx_word' id='word_1_579' title='bbox 575 4531 641 4585; x_wconf 93' lang='lat' dir='ltr'><strong>dc</strong></span> <span class='ocrx_word' id='word_1_580' title='bbox 670 4530 835 4596; x_wconf 85' lang='lat' dir='ltr'><strong>vitiis,</strong></span> <span class='ocrx_word' id='word_1_581' title='bbox 863 4537 918 4581; x_wconf 90' lang='lat' dir='ltr'><strong>et</strong></span> <span class='ocrx_word' id='word_1_582' title='bbox 966 4527 1033 4581; x_wconf 88' lang='lat' dir='ltr'><strong>de</strong></span> <span class='ocrx_word' id='word_1_583' title='bbox 1079 4526 1160 4582; x_wconf 89' lang='lat' dir='ltr'><strong>his</strong></span> <span class='ocrx_word' id='word_1_584' title='bbox 1187 4542 1303 4595; x_wconf 66' lang='lat' dir='ltr'><strong>qum</strong></span> <span class='ocrx_word' id='word_1_585' title='bbox 1332 4527 1694 4579; x_wconf 85' lang='lat' dir='ltr'><strong>sacerdotibus</strong></span> 
     </span>
    </p>
   </div>
   <div class='ocr_carea' id='block_1_77' title="bbox 136 4614 1694 4684">
    <p class='ocr_par' dir='ltr' id='par_1_77' title="bbox 136 4614 1694 4684">
     <span class='ocr_line' id='line_1_77' title="bbox 136 4614 1694 4684; baseline -0.004 -9"><span class='ocrx_word' id='word_1_586' title='bbox 136 4620 450 4683; x_wconf 82' lang='lat' dir='ltr'><strong>oﬁ&#39;eruutur,</strong></span> <span class='ocrx_word' id='word_1_587' title='bbox 477 4621 698 4675; x_wconf 89' lang='lat' dir='ltr'><strong>Domino</strong></span> <span class='ocrx_word' id='word_1_588' title='bbox 715 4618 923 4671; x_wconf 88' lang='lat' dir='ltr'><strong>dantur.</strong></span> <span class='ocrx_word' id='word_1_589' title='bbox 944 4614 1156 4670; x_wconf 73' lang='lat' dir='ltr'><strong>Muilla</strong></span> <span class='ocrx_word' id='word_1_590' title='bbox 1190 4617 1486 4684; x_wconf 87' lang='lat' dir='ltr'><strong>loquentem</strong></span> <span class='ocrx_word' id='word_1_591' title='bbox 1514 4616 1694 4670; x_wconf 67' lang='lat' dir='ltr'><strong>crudi.</strong></span> 
     </span>
    </p>
   </div>
   <div class='ocr_carea' id='block_1_78' title="bbox 140 4708 1697 4780">
    <p class='ocr_par' dir='ltr' id='par_1_78' title="bbox 140 4708 1697 4780">
     <span class='ocr_line' id='line_1_78' title="bbox 140 4708 1697 4780; baseline -0.002 -13"><span class='ocrx_word' id='word_1_592' title='bbox 140 4727 359 4780; x_wconf 81' lang='lat' dir='ltr'><strong>sumque</strong></span> <span class='ocrx_word' id='word_1_593' title='bbox 388 4712 670 4780; x_wconf 75' lang='lat' dir='ltr'><strong>Signiﬁcat,</strong></span> <span class='ocrx_word' id='word_1_594' title='bbox 710 4717 763 4762; x_wconf 93' lang='lat' dir='ltr'><strong>ut</strong></span> <span class='ocrx_word' id='word_1_595' title='bbox 795 4708 932 4779; x_wconf 90' lang='lat' dir='ltr'><strong>quod</strong></span> <span class='ocrx_word' id='word_1_596' title='bbox 967 4717 1177 4776; x_wconf 90' lang='lat' dir='ltr'><strong>pectore</strong></span> <span class='ocrx_word' id='word_1_597' title='bbox 1221 4709 1556 4776; x_wconf 80' lang='lat' dir='ltr'><strong>concepimus</strong></span> <span class='ocrx_word' id='word_1_598' title='bbox 1604 4723 1697 4764; x_wconf 91' lang='lat' dir='ltr'><strong>ore</strong></span> 
     </span>
    </p>
   </div>
   <div class='ocr_carea' id='block_1_79' title="bbox 138 4797 1697 4874">
    <p class='ocr_par' dir='ltr' id='par_1_79' title="bbox 138 4797 1697 4874">
     <span class='ocr_line' id='line_1_79' title="bbox 138 4797 1697 4874; baseline -0.003 -18"><span class='ocrx_word' id='word_1_599' title='bbox 138 4815 467 4874; x_wconf 82' lang='lat' dir='ltr'><strong>premamus.</strong></span> <span class='ocrx_word' id='word_1_600' title='bbox 512 4799 614 4854; x_wconf 84' lang='lat' dir='ltr'><strong>Per</strong></span> <span class='ocrx_word' id='word_1_601' title='bbox 667 4808 902 4854; x_wconf 84' lang='lat' dir='ltr'><strong>ventrem</strong></span> <span class='ocrx_word' id='word_1_602' title='bbox 956 4798 1209 4864; x_wconf 81' lang='lat' dir='ltr'><strong>ostendit,</strong></span> <span class='ocrx_word' id='word_1_603' title='bbox 1259 4797 1520 4854; x_wconf 89' lang='lat' dir='ltr'><strong>mentibus</strong></span> <span class='ocrx_word' id='word_1_604' title='bbox 1568 4813 1697 4853; x_wconf 85' lang='lat' dir='ltr'><strong>con-</strong></span> 
     </span>
    </p>
   </div>
   <div class='ocr_carea' id='block_1_80' title="bbox 138 4887 1693 4959">
    <p class='ocr_par' dir='ltr' id='par_1_80' title="bbox 138 4887 1693 4959">
     <span class='ocr_line' id='line_1_80' title="bbox 138 4887 1693 4959; baseline -0.003 -10"><span class='ocrx_word' id='word_1_605' title='bbox 138 4894 363 4952; x_wconf 79' lang='lat' dir='ltr'><strong>secratis</strong></span> <span class='ocrx_word' id='word_1_606' title='bbox 427 4890 557 4953; x_wconf 90' lang='lat' dir='ltr'><strong>Deo,</strong></span> <span class='ocrx_word' id='word_1_607' title='bbox 625 4887 873 4959; x_wconf 87' lang='lat' dir='ltr'><strong>quidquid</strong></span> <span class='ocrx_word' id='word_1_608' title='bbox 931 4887 1260 4943; x_wconf 89' lang='lat' dir='ltr'><strong>comedimus</strong></span> <span class='ocrx_word' id='word_1_609' title='bbox 1319 4890 1371 4944; x_wconf 92' lang='lat' dir='ltr'><strong>in</strong></span> <span class='ocrx_word' id='word_1_610' title='bbox 1420 4905 1693 4944; x_wconf 88' lang='lat' dir='ltr'><strong>secessum</strong></span> 
     </span>
    </p>
   </div>
   <div class='ocr_carea' id='block_1_81' title="bbox 140 4977 1694 5054">
    <p class='ocr_par' dir='ltr' id='par_1_81' title="bbox 140 4977 1694 5054">
     <span class='ocr_line' id='line_1_81' title="bbox 140 4977 1694 5054; baseline -0.002 -17"><span class='ocrx_word' id='word_1_611' title='bbox 140 4980 375 5054; x_wconf 83' lang='lat' dir='ltr'><strong>projici;</strong></span> <span class='ocrx_word' id='word_1_612' title='bbox 422 4980 559 5034; x_wconf 87' lang='lat' dir='ltr'><strong>unde</strong></span> <span class='ocrx_word' id='word_1_613' title='bbox 604 4979 816 5042; x_wconf 89' lang='lat' dir='ltr'><strong>dicitur,</strong></span> <span class='ocrx_word' id='word_1_614' title='bbox 865 4977 997 5031; x_wconf 80' lang='lat' dir='ltr'><strong>Esca</strong></span> <span class='ocrx_word' id='word_1_615' title='bbox 1023 4979 1205 5046; x_wconf 74' lang='lat' dir='ltr'><strong>ventri,</strong></span> <span class='ocrx_word' id='word_1_616' title='bbox 1236 4989 1282 5032; x_wconf 83' lang='lat' dir='ltr'><strong>et</strong></span> <span class='ocrx_word' id='word_1_617' title='bbox 1335 4991 1503 5036; x_wconf 78' lang='lat' dir='ltr'><strong>venter</strong></span> <span class='ocrx_word' id='word_1_618' title='bbox 1546 4982 1694 5035; x_wconf 81' lang='lat' dir='ltr'><strong>escis.</strong></span> 
     </span>
    </p>
   </div>
   <div class='ocr_carea' id='block_1_82' title="bbox 600 5067 1253 5124">
    <p class='ocr_par' dir='ltr' id='par_1_82' title="bbox 600 5067 1253 5124">
     <span class='ocr_line' id='line_1_82' title="bbox 600 5067 1253 5124; baseline -0.003 -1"><span class='ocrx_word' id='word_1_619' title='bbox 600 5067 792 5124; x_wconf 79' lang='lat' dir='ltr'><strong>CAPP.</strong></span> <span class='ocrx_word' id='word_1_620' title='bbox 826 5067 1253 5122; x_wconf 74' lang='lat' dir='ltr'><strong>XXVIII-XXXI.</strong></span> 
     </span>
    </p>
   </div>
   <div class='ocr_carea' id='block_1_83' title="bbox 213 5157 1700 5216">
    <p class='ocr_par' dir='ltr' id='par_1_83' title="bbox 213 5157 1700 5216">
     <span class='ocr_line' id='line_1_83' title="bbox 213 5157 1700 5216; baseline -0.001 0"><span class='ocrx_word' id='word_1_621' title='bbox 213 5162 532 5216; x_wconf 86' lang='lat' dir='ltr'><strong>Communes</strong></span> <span class='ocrx_word' id='word_1_622' title='bbox 554 5168 726 5214; x_wconf 86' lang='lat' dir='ltr'><strong>autem</strong></span> <span class='ocrx_word' id='word_1_623' title='bbox 759 5167 935 5212; x_wconf 88' lang='lat' dir='ltr'><strong>vestes</strong></span> <span class='ocrx_word' id='word_1_624' title='bbox 962 5166 1084 5210; x_wconf 88' lang='lat' dir='ltr'><strong>sunt</strong></span> <span class='ocrx_word' id='word_1_625' title='bbox 1105 5157 1435 5213; x_wconf 89' lang='lat' dir='ltr'><strong>sacerdotum</strong></span> <span class='ocrx_word' id='word_1_626' title='bbox 1473 5159 1700 5215; x_wconf 84' lang='lat' dir='ltr'><strong>femora-</strong></span> 
     </span>
    </p>
   </div>
   <div class='ocr_carea' id='block_1_84' title="bbox 145 5247 1698 5322">
    <p class='ocr_par' dir='ltr' id='par_1_84' title="bbox 145 5247 1698 5322">
     <span class='ocr_line' id='line_1_84' title="bbox 145 5247 1698 5322; baseline -0.004 -10"><span class='ocrx_word' id='word_1_627' title='bbox 145 5256 215 5312; x_wconf 87' lang='lat' dir='ltr'><strong>lia</strong></span> <span class='ocrx_word' id='word_1_628' title='bbox 244 5253 398 5314; x_wconf 89' lang='lat' dir='ltr'><strong>linea,</strong></span> <span class='ocrx_word' id='word_1_629' title='bbox 423 5267 541 5322; x_wconf 73' lang='lat' dir='ltr'><strong>quae</strong></span> <span class='ocrx_word' id='word_1_630' title='bbox 571 5253 634 5305; x_wconf 91' lang='lat' dir='ltr'><strong>ad</strong></span> <span class='ocrx_word' id='word_1_631' title='bbox 662 5263 829 5320; x_wconf 86' lang='lat' dir='ltr'><strong>genua</strong></span> <span class='ocrx_word' id='word_1_632' title='bbox 855 5259 906 5302; x_wconf 88' lang='lat' dir='ltr'><strong>et</strong></span> <span class='ocrx_word' id='word_1_633' title='bbox 935 5247 1160 5318; x_wconf 88' lang='lat' dir='ltr'><strong>poplites</strong></span> <span class='ocrx_word' id='word_1_634' title='bbox 1178 5250 1489 5315; x_wconf 86' lang='lat' dir='ltr'><strong>veniunt,cx</strong></span> <span class='ocrx_word' id='word_1_635' title='bbox 1510 5251 1698 5321; x_wconf 88' lang='lat' dir='ltr'><strong>quibus</strong></span> 
     </span>
    </p>
   </div>
   <div class='ocr_carea' id='block_1_85' title="bbox 141 5339 1702 5408">
    <p class='ocr_par' dir='ltr' id='par_1_85' title="bbox 141 5339 1702 5408">
     <span class='ocr_line' id='line_1_85' title="bbox 141 5339 1702 5408; baseline 0 -10"><span class='ocrx_word' id='word_1_636' title='bbox 141 5342 439 5403; x_wconf 75' lang='lat' dir='ltr'><strong>verecunda</strong></span> <span class='ocrx_word' id='word_1_637' title='bbox 487 5343 742 5405; x_wconf 88' lang='lat' dir='ltr'><strong>celantur,</strong></span> <span class='ocrx_word' id='word_1_638' title='bbox 775 5350 828 5396; x_wconf 88' lang='lat' dir='ltr'><strong>et</strong></span> <span class='ocrx_word' id='word_1_639' title='bbox 875 5339 1114 5408; x_wconf 84' lang='lat' dir='ltr'><strong>superior</strong></span> <span class='ocrx_word' id='word_1_640' title='bbox 1143 5353 1263 5408; x_wconf 87' lang='lat' dir='ltr'><strong>pars</strong></span> <span class='ocrx_word' id='word_1_641' title='bbox 1301 5339 1400 5394; x_wconf 87' lang='lat' dir='ltr'><strong>sub</strong></span> <span class='ocrx_word' id='word_1_642' title='bbox 1452 5343 1702 5398; x_wconf 91' lang='lat' dir='ltr'><strong>umbilico</strong></span> 
     </span>
    </p>
   </div>
   <div class='ocr_carea' id='block_1_86' title="bbox 142 5429 1699 5502">
    <p class='ocr_par' dir='ltr' id='par_1_86' title="bbox 142 5429 1699 5502">
     <span class='ocr_line' id='line_1_86' title="bbox 142 5429 1699 5502; baseline -0.013 -8"><span class='ocrx_word' id='word_1_643' title='bbox 142 5435 444 5495; x_wconf 75' lang='lat' dir='ltr'><strong>vehementi</strong></span> <span class='ocrx_word' id='word_1_644' title='bbox 466 5434 879 5502; x_wconf 87' lang='lat' dir='ltr'><strong>constringitur;</strong></span> <span class='ocrx_word' id='word_1_645' title='bbox 911 5440 967 5485; x_wconf 92' lang='lat' dir='ltr'><strong>ut</strong></span> <span class='ocrx_word' id='word_1_646' title='bbox 989 5429 1033 5485; x_wconf 86' lang='lat' dir='ltr'><strong>si</strong></span> <span class='ocrx_word' id='word_1_647' title='bbox 1060 5429 1270 5499; x_wconf 88' lang='lat' dir='ltr'><strong>quando</strong></span> <span class='ocrx_word' id='word_1_648' title='bbox 1299 5432 1528 5498; x_wconf 83' lang='lat' dir='ltr'><strong>expediti</strong></span> <span class='ocrx_word' id='word_1_649' title='bbox 1549 5440 1699 5488; x_wconf 82' lang='lat' dir='ltr'><strong>mae-</strong></span> 
     </span>
    </p>
   </div>
   <div class='ocr_carea' id='block_1_87' title="bbox 145 5520 1697 5594">
    <p class='ocr_par' dir='ltr' id='par_1_87' title="bbox 145 5520 1697 5594">
     <span class='ocr_line' id='line_1_87' title="bbox 145 5520 1697 5594; baseline -0.006 -7"><span class='ocrx_word' id='word_1_650' title='bbox 145 5540 261 5589; x_wconf 80' lang='lat' dir='ltr'><strong>teut</strong></span> <span class='ocrx_word' id='word_1_651' title='bbox 281 5529 536 5592; x_wconf 85' lang='lat' dir='ltr'><strong>victimas,</strong></span> <span class='ocrx_word' id='word_1_652' title='bbox 571 5533 779 5594; x_wconf 86' lang='lat' dir='ltr'><strong>portent</strong></span> <span class='ocrx_word' id='word_1_653' title='bbox 805 5537 990 5586; x_wconf 91' lang='lat' dir='ltr'><strong>onera,</strong></span> <span class='ocrx_word' id='word_1_654' title='bbox 1018 5531 1072 5575; x_wconf 89' lang='lat' dir='ltr'><strong>et</strong></span> <span class='ocrx_word' id='word_1_655' title='bbox 1098 5521 1142 5575; x_wconf 92' lang='lat' dir='ltr'><strong>si</strong></span> <span class='ocrx_word' id='word_1_656' title='bbox 1183 5520 1312 5587; x_wconf 90' lang='lat' dir='ltr'><strong>lapsi</strong></span> <span class='ocrx_word' id='word_1_657' title='bbox 1347 5520 1558 5588; x_wconf 87' lang='lat' dir='ltr'><strong>fuerint,</strong></span> <span class='ocrx_word' id='word_1_658' title='bbox 1592 5539 1697 5578; x_wconf 92' lang='lat' dir='ltr'><strong>non</strong></span> 
     </span>
    </p>
   </div>
   <div class='ocr_carea' id='block_1_88' title="bbox 151 5613 1698 5693">
    <p class='ocr_par' dir='ltr' id='par_1_88' title="bbox 151 5613 1698 5693">
     <span class='ocr_line' id='line_1_88' title="bbox 151 5613 1698 5693; baseline -0.006 -15"><span class='ocrx_word' id='word_1_659' title='bbox 151 5634 321 5693; x_wconf 82' lang='lat' dir='ltr'><strong>pateat</strong></span> <span class='ocrx_word' id='word_1_660' title='bbox 352 5618 638 5690; x_wconf 88' lang='lat' dir='ltr'><strong>turpitudo,</strong></span> <span class='ocrx_word' id='word_1_661' title='bbox 686 5626 741 5669; x_wconf 91' lang='lat' dir='ltr'><strong>et</strong></span> <span class='ocrx_word' id='word_1_662' title='bbox 788 5625 1002 5671; x_wconf 88' lang='lat' dir='ltr'><strong>vocatur</strong></span> <span class='ocrx_word' id='word_1_663' title='bbox 1055 5613 1155 5666; x_wconf 89' lang='lat' dir='ltr'><strong>hoc</strong></span> <span class='ocrx_word' id='word_1_664' title='bbox 1187 5625 1354 5680; x_wconf 89' lang='lat' dir='ltr'><strong>genus</strong></span> <span class='ocrx_word' id='word_1_665' title='bbox 1397 5615 1698 5668; x_wconf 88' lang='lat' dir='ltr'><strong>vestimenti</strong></span> 
     </span>
    </p>
   </div>
   <div class='ocr_carea' id='block_1_89' title="bbox 151 5703 1698 5774">
    <p class='ocr_par' dir='ltr' id='par_1_89' title="bbox 151 5703 1698 5774">
     <span class='ocr_line' id='line_1_89' title="bbox 151 5703 1698 5774; baseline -0.005 -8"><span class='ocrx_word' id='word_1_666' title='bbox 151 5715 404 5771; x_wconf 48' lang='lat' dir='ltr'><strong>lli&#39;braice</strong></span> <span class='ocrx_word' id='word_1_667' title='bbox 459 5719 709 5773; x_wconf 79' lang='lat' dir='ltr'><strong>maraste,</strong></span> <span class='ocrx_word' id='word_1_668' title='bbox 766 5721 795 5760; x_wconf 93' lang='lat' dir='ltr'><strong>a</strong></span> <span class='ocrx_word' id='word_1_669' title='bbox 843 5708 1040 5761; x_wconf 90' lang='lat' dir='ltr'><strong>nostris</strong></span> <span class='ocrx_word' id='word_1_670' title='bbox 1078 5703 1373 5770; x_wconf 86' lang='lat' dir='ltr'><strong>femoralia,</strong></span> <span class='ocrx_word' id='word_1_671' title='bbox 1428 5721 1593 5774; x_wconf 86' lang='lat' dir='ltr'><strong>usque</strong></span> <span class='ocrx_word' id='word_1_672' title='bbox 1633 5709 1698 5763; x_wconf 79' lang='lat' dir='ltr'><strong>ad</strong></span> 
     </span>
    </p>
   </div>
   <div class='ocr_carea' id='block_1_90' title="bbox 149 5792 1701 5877">
    <p class='ocr_par' dir='ltr' id='par_1_90' title="bbox 149 5792 1701 5877">
     <span class='ocr_line' id='line_1_90' title="bbox 149 5792 1701 5877; baseline -0.006 -16"><span class='ocrx_word' id='word_1_673' title='bbox 149 5819 316 5877; x_wconf 77' lang='lat' dir='ltr'><strong>genua</strong></span> <span class='ocrx_word' id='word_1_674' title='bbox 364 5799 698 5874; x_wconf 76' lang='lat' dir='ltr'><strong>pertinentia.</strong></span> <span class='ocrx_word' id='word_1_675' title='bbox 745 5797 810 5851; x_wconf 85' lang='lat' dir='ltr'><strong>Et</strong></span> <span class='ocrx_word' id='word_1_676' title='bbox 851 5795 1116 5864; x_wconf 80' lang='lat' dir='ltr'><strong>Josephus</strong></span> <span class='ocrx_word' id='word_1_677' title='bbox 1157 5792 1306 5859; x_wconf 86' lang='lat' dir='ltr'><strong>dicit,</strong></span> <span class='ocrx_word' id='word_1_678' title='bbox 1349 5812 1448 5850; x_wconf 86' lang='lat' dir='ltr'><strong>non</strong></span> <span class='ocrx_word' id='word_1_679' title='bbox 1485 5799 1701 5856; x_wconf 75' lang='lat' dir='ltr'><strong>femora-</strong></span> 
     </span>
    </p>
   </div>
   <div class='ocr_carea' id='block_1_91' title="bbox 1799 3159 3365 3238">
    <p class='ocr_par' dir='ltr' id='par_1_91' title="bbox 1799 3159 3365 3238">
     <span class='ocr_line' id='line_1_91' title="bbox 1799 3159 3365 3238; baseline 0.008 -28"><span class='ocrx_word' id='word_1_680' title='bbox 1799 3167 1852 3211; x_wconf 92' lang='lat' dir='ltr'><strong>et</strong></span> <span class='ocrx_word' id='word_1_681' title='bbox 1878 3173 1980 3212; x_wconf 91' lang='lat' dir='ltr'><strong>non</strong></span> <span class='ocrx_word' id='word_1_682' title='bbox 2012 3159 2163 3213; x_wconf 87' lang='lat' dir='ltr'><strong>facile</strong></span> <span class='ocrx_word' id='word_1_683' title='bbox 2187 3159 2395 3214; x_wconf 89' lang='lat' dir='ltr'><strong>levatur</strong></span> <span class='ocrx_word' id='word_1_684' title='bbox 2419 3174 2484 3216; x_wconf 89' lang='lat' dir='ltr'><strong>ex</strong></span> <span class='ocrx_word' id='word_1_685' title='bbox 2515 3162 2711 3231; x_wconf 87' lang='lat' dir='ltr'><strong>capite.</strong></span> <span class='ocrx_word' id='word_1_686' title='bbox 2746 3165 2839 3217; x_wconf 79' lang='lat' dir='ltr'><strong>Est</strong></span> <span class='ocrx_word' id='word_1_687' title='bbox 2880 3174 3057 3221; x_wconf 88' lang='lat' dir='ltr'><strong>autem</strong></span> <span class='ocrx_word' id='word_1_688' title='bbox 3086 3167 3365 3238; x_wconf 83' lang='lat' dir='ltr'><strong>byssinus,</strong></span> 
     </span>
    </p>
   </div>
   <div class='ocr_carea' id='block_1_92' title="bbox 1805 3248 3364 3324">
    <p class='ocr_par' dir='ltr' id='par_1_92' title="bbox 1805 3248 3364 3324">
     <span class='ocr_line' id='line_1_92' title="bbox 1805 3248 3364 3324; baseline 0.008 -21"><span class='ocrx_word' id='word_1_689' title='bbox 1805 3259 1859 3304; x_wconf 90' lang='lat' dir='ltr'><strong>et</strong></span> <span class='ocrx_word' id='word_1_690' title='bbox 1885 3249 1962 3304; x_wconf 87' lang='lat' dir='ltr'><strong>sic</strong></span> <span class='ocrx_word' id='word_1_691' title='bbox 2006 3248 2155 3306; x_wconf 82' lang='lat' dir='ltr'><strong>fabre</strong></span> <span class='ocrx_word' id='word_1_692' title='bbox 2195 3264 2413 3319; x_wconf 80' lang='lat' dir='ltr'><strong>apertus</strong></span> <span class='ocrx_word' id='word_1_693' title='bbox 2463 3252 2648 3322; x_wconf 92' lang='lat' dir='ltr'><strong>linteo,</strong></span> <span class='ocrx_word' id='word_1_694' title='bbox 2698 3264 2753 3309; x_wconf 89' lang='lat' dir='ltr'><strong>ut</strong></span> <span class='ocrx_word' id='word_1_695' title='bbox 2799 3256 2939 3311; x_wconf 90' lang='lat' dir='ltr'><strong>nulla</strong></span> <span class='ocrx_word' id='word_1_696' title='bbox 2987 3273 3115 3314; x_wconf 90' lang='lat' dir='ltr'><strong>acus</strong></span> <span class='ocrx_word' id='word_1_697' title='bbox 3146 3260 3364 3324; x_wconf 55' lang='lat' dir='ltr'><strong>vesti4ia</strong></span> 
     </span>
    </p>
   </div>
   <div class='ocr_carea' id='block_1_93' title="bbox 1802 3339 3364 3419">
    <p class='ocr_par' dir='ltr' id='par_1_93' title="bbox 1802 3339 3364 3419">
     <span class='ocr_line' id='line_1_93' title="bbox 1802 3339 3364 3419; baseline 0.008 -27"><span class='ocrx_word' id='word_1_698' title='bbox 1802 3339 2095 3396; x_wconf 83' lang='lat' dir='ltr'><strong>forinsecus</strong></span> <span class='ocrx_word' id='word_1_699' title='bbox 2122 3352 2456 3411; x_wconf 83' lang='lat' dir='ltr'><strong>appareant:</strong></span> <span class='ocrx_word' id='word_1_700' title='bbox 2509 3354 2736 3413; x_wconf 88' lang='lat' dir='ltr'><strong>quatuor</strong></span> <span class='ocrx_word' id='word_1_701' title='bbox 2768 3348 3119 3414; x_wconf 89' lang='lat' dir='ltr'><strong>vestimentis,</strong></span> <span class='ocrx_word' id='word_1_702' title='bbox 3173 3352 3223 3404; x_wconf 88' lang='lat' dir='ltr'><strong>id</strong></span> <span class='ocrx_word' id='word_1_703' title='bbox 3260 3360 3364 3419; x_wconf 87' lang='lat' dir='ltr'><strong>est,</strong></span> 
     </span>
    </p>
   </div>
   <div class='ocr_carea' id='block_1_94' title="bbox 1802 3429 3365 3508">
    <p class='ocr_par' dir='ltr' id='par_1_94' title="bbox 1802 3429 3365 3508">
     <span class='ocr_line' id='line_1_94' title="bbox 1802 3429 3365 3508; baseline 0.007 -25"><span class='ocrx_word' id='word_1_704' title='bbox 1802 3429 2337 3508; x_wconf 79' lang='lat' dir='ltr'><strong>feminalibustunica</strong></span> <span class='ocrx_word' id='word_1_705' title='bbox 2369 3433 2527 3500; x_wconf 89' lang='lat' dir='ltr'><strong>linea,</strong></span> <span class='ocrx_word' id='word_1_706' title='bbox 2559 3435 2770 3504; x_wconf 85' lang='lat' dir='ltr'><strong>cingqu</strong></span> <span class='ocrx_word' id='word_1_707' title='bbox 2799 3438 2940 3504; x_wconf 89' lang='lat' dir='ltr'><strong>quod</strong></span> <span class='ocrx_word' id='word_1_708' title='bbox 2984 3454 3210 3507; x_wconf 89' lang='lat' dir='ltr'><strong>purpura</strong></span> <span class='ocrx_word' id='word_1_709' title='bbox 3241 3455 3365 3495; x_wconf 88' lang='lat' dir='ltr'><strong>coc-</strong></span> 
     </span>
    </p>
   </div>
   <div class='ocr_carea' id='block_1_95' title="bbox 1799 3513 3362 3598">
    <p class='ocr_par' dir='ltr' id='par_1_95' title="bbox 1799 3513 3362 3598">
     <span class='ocr_line' id='line_1_95' title="bbox 1799 3513 3362 3598; baseline 0.006 -23"><span class='ocrx_word' id='word_1_710' title='bbox 1799 3513 1864 3576; x_wconf 79' lang='lat' dir='ltr'><strong>c&#39;o</strong></span> <span class='ocrx_word' id='word_1_711' title='bbox 1892 3522 2053 3591; x_wconf 82' lang='lat' dir='ltr'><strong>bysso</strong></span> <span class='ocrx_word' id='word_1_712' title='bbox 2099 3522 2386 3592; x_wconf 84' lang='lat' dir='ltr'><strong>hyacintho</strong></span> <span class='ocrx_word' id='word_1_713' title='bbox 2437 3524 2754 3592; x_wconf 84' lang='lat' dir='ltr'><strong>contegitur.</strong></span> <span class='ocrx_word' id='word_1_714' title='bbox 2805 3524 2848 3578; x_wconf 86' lang='lat' dir='ltr'><strong>E</strong></span> <span class='ocrx_word' id='word_1_715' title='bbox 2898 3527 3079 3594; x_wconf 87' lang='lat' dir='ltr'><strong>pallio,</strong></span> <span class='ocrx_word' id='word_1_716' title='bbox 3133 3527 3202 3582; x_wconf 89' lang='lat' dir='ltr'><strong>de</strong></span> <span class='ocrx_word' id='word_1_717' title='bbox 3253 3543 3362 3598; x_wconf 90' lang='lat' dir='ltr'><strong>quo</strong></span> 
     </span>
    </p>
   </div>
   <div class='ocr_carea' id='block_1_96' title="bbox 1801 3612 3364 3685">
    <p class='ocr_par' dir='ltr' id='par_1_96' title="bbox 1801 3612 3364 3685">
     <span class='ocr_line' id='line_1_96' title="bbox 1801 3612 3364 3685; baseline 0.008 -21"><span class='ocrx_word' id='word_1_718' title='bbox 1801 3626 1938 3666; x_wconf 91' lang='lat' dir='ltr'><strong>nunc</strong></span> <span class='ocrx_word' id='word_1_719' title='bbox 1969 3612 2220 3680; x_wconf 77' lang='lat' dir='ltr'><strong>diximus,</strong></span> <span class='ocrx_word' id='word_1_720' title='bbox 2254 3621 2360 3666; x_wconf 91' lang='lat' dir='ltr'><strong>tam</strong></span> <span class='ocrx_word' id='word_1_721' title='bbox 2390 3613 2716 3685; x_wconf 89' lang='lat' dir='ltr'><strong>sacerdotes,</strong></span> <span class='ocrx_word' id='word_1_722' title='bbox 2769 3631 2927 3685; x_wconf 88' lang='lat' dir='ltr'><strong>quam</strong></span> <span class='ocrx_word' id='word_1_723' title='bbox 2961 3616 3158 3673; x_wconf 67' lang='lat' dir='ltr'><strong>Levita:</strong></span> <span class='ocrx_word' id='word_1_724' title='bbox 3202 3631 3364 3676; x_wconf 68' lang='lat' dir='ltr'><strong>utuno</strong></span> 
     </span>
    </p>
   </div>
   <div class='ocr_carea' id='block_1_97' title="bbox 1801 3704 3364 3783">
    <p class='ocr_par' dir='ltr' id='par_1_97' title="bbox 1801 3704 3364 3783">
     <span class='ocr_line' id='line_1_97' title="bbox 1801 3704 3364 3783; baseline 0.007 -28"><span class='ocrx_word' id='word_1_725' title='bbox 1801 3711 1903 3757; x_wconf 90' lang='lat' dir='ltr'><strong>tnr.</strong></span> <span class='ocrx_word' id='word_1_726' title='bbox 1937 3704 2159 3774; x_wconf 82' lang='lat' dir='ltr'><strong>Reliqua</strong></span> <span class='ocrx_word' id='word_1_727' title='bbox 2189 3716 2368 3762; x_wconf 89' lang='lat' dir='ltr'><strong>autem</strong></span> <span class='ocrx_word' id='word_1_728' title='bbox 2424 3708 2640 3776; x_wconf 89' lang='lat' dir='ltr'><strong>pr0prie</strong></span> <span class='ocrx_word' id='word_1_729' title='bbox 2687 3709 2999 3779; x_wconf 89' lang='lat' dir='ltr'><strong>pontiﬁcum</strong></span> <span class='ocrx_word' id='word_1_730' title='bbox 3050 3721 3194 3779; x_wconf 89' lang='lat' dir='ltr'><strong>sunt,</strong></span> <span class='ocrx_word' id='word_1_731' title='bbox 3237 3729 3364 3783; x_wconf 81' lang='lat' dir='ltr'><strong>quo-</strong></span> 
     </span>
    </p>
   </div>
   <div class='ocr_carea' id='block_1_98' title="bbox 1799 3795 3364 3875">
    <p class='ocr_par' dir='ltr' id='par_1_98' title="bbox 1799 3795 3364 3875">
     <span class='ocr_line' id='line_1_98' title="bbox 1799 3795 3364 3875; baseline 0.006 -27"><span class='ocrx_word' id='word_1_732' title='bbox 1799 3810 1915 3849; x_wconf 90' lang='lat' dir='ltr'><strong>rum</strong></span> <span class='ocrx_word' id='word_1_733' title='bbox 1946 3795 2173 3864; x_wconf 90' lang='lat' dir='ltr'><strong>primum</strong></span> <span class='ocrx_word' id='word_1_734' title='bbox 2212 3809 2294 3853; x_wconf 89' lang='lat' dir='ltr'><strong>est</strong></span> <span class='ocrx_word' id='word_1_735' title='bbox 2321 3799 2548 3865; x_wconf 87' lang='lat' dir='ltr'><strong>millioli,</strong></span> <span class='ocrx_word' id='word_1_736' title='bbox 2582 3801 2631 3856; x_wconf 92' lang='lat' dir='ltr'><strong>id</strong></span> <span class='ocrx_word' id='word_1_737' title='bbox 2662 3810 2767 3867; x_wconf 89' lang='lat' dir='ltr'><strong>est,</strong></span> <span class='ocrx_word' id='word_1_738' title='bbox 2798 3803 2970 3857; x_wconf 80' lang='lat' dir='ltr'><strong>tunica</strong></span> <span class='ocrx_word' id='word_1_739' title='bbox 3019 3804 3197 3858; x_wconf 75' lang='lat' dir='ltr'><strong>talaris</strong></span> <span class='ocrx_word' id='word_1_740' title='bbox 3230 3806 3364 3875; x_wconf 83' lang='lat' dir='ltr'><strong>hya—</strong></span> 
     </span>
    </p>
   </div>
   <div class='ocr_carea' id='block_1_99' title="bbox 1798 3885 3361 3959">
    <p class='ocr_par' dir='ltr' id='par_1_99' title="bbox 1798 3885 3361 3959">
     <span class='ocr_line' id='line_1_99' title="bbox 1798 3885 3361 3959; baseline 0.008 -22"><span class='ocrx_word' id='word_1_741' title='bbox 1798 3885 2030 3939; x_wconf 86' lang='lat' dir='ltr'><strong>cinthina</strong></span> <span class='ocrx_word' id='word_1_742' title='bbox 2061 3903 2122 3941; x_wconf 86' lang='lat' dir='ltr'><strong>ex</strong></span> <span class='ocrx_word' id='word_1_743' title='bbox 2154 3887 2402 3944; x_wconf 86' lang='lat' dir='ltr'><strong>lateribus</strong></span> <span class='ocrx_word' id='word_1_744' title='bbox 2432 3889 2668 3959; x_wconf 84' lang='lat' dir='ltr'><strong>ejusdem</strong></span> <span class='ocrx_word' id='word_1_745' title='bbox 2710 3903 2917 3948; x_wconf 89' lang='lat' dir='ltr'><strong>assulas</strong></span> <span class='ocrx_word' id='word_1_746' title='bbox 2958 3894 3159 3949; x_wconf 90' lang='lat' dir='ltr'><strong>habens</strong></span> <span class='ocrx_word' id='word_1_747' title='bbox 3189 3897 3361 3950; x_wconf 90' lang='lat' dir='ltr'><strong>mani-</strong></span> 
     </span>
    </p>
   </div>
   <div class='ocr_carea' id='block_1_100' title="bbox 1797 3978 3359 4056">
    <p class='ocr_par' dir='ltr' id='par_1_100' title="bbox 1797 3978 3359 4056">
     <span class='ocr_line' id='line_1_100' title="bbox 1797 3978 3359 4056; baseline 0.004 -24"><span class='ocrx_word' id='word_1_748' title='bbox 1797 3992 1906 4034; x_wconf 89' lang='lat' dir='ltr'><strong>cas.</strong></span> <span class='ocrx_word' id='word_1_749' title='bbox 1934 3978 1998 4033; x_wconf 85' lang='lat' dir='ltr'><strong>Et</strong></span> <span class='ocrx_word' id='word_1_750' title='bbox 2027 3979 2079 4032; x_wconf 89' lang='lat' dir='ltr'><strong>bi</strong></span> <span class='ocrx_word' id='word_1_751' title='bbox 2102 3979 2370 4048; x_wconf 88' lang='lat' dir='ltr'><strong>superiore</strong></span> <span class='ocrx_word' id='word_1_752' title='bbox 2386 3992 2533 4052; x_wconf 90' lang='lat' dir='ltr'><strong>parte</strong></span> <span class='ocrx_word' id='word_1_753' title='bbox 2555 3999 2654 4053; x_wconf 87' lang='lat' dir='ltr'><strong>qua</strong></span> <span class='ocrx_word' id='word_1_754' title='bbox 2679 3984 2874 4039; x_wconf 92' lang='lat' dir='ltr'><strong>collum</strong></span> <span class='ocrx_word' id='word_1_755' title='bbox 2897 3986 3131 4040; x_wconf 89' lang='lat' dir='ltr'><strong>induitur</strong></span> <span class='ocrx_word' id='word_1_756' title='bbox 3151 3996 3359 4056; x_wconf 76' lang='lat' dir='ltr'><strong>aperta,</strong></span> 
     </span>
    </p>
   </div>
   <div class='ocr_carea' id='block_1_101' title="bbox 1799 4070 3359 4139">
    <p class='ocr_par' dir='ltr' id='par_1_101' title="bbox 1799 4070 3359 4139">
     <span class='ocr_line' id='line_1_101' title="bbox 1799 4070 3359 4139; baseline 0.004 -15"><span class='ocrx_word' id='word_1_757' title='bbox 1799 4071 1939 4139; x_wconf 92' lang='lat' dir='ltr'><strong>quod</strong></span> <span class='ocrx_word' id='word_1_758' title='bbox 1967 4070 2152 4139; x_wconf 88' lang='lat' dir='ltr'><strong>vulgus</strong></span> <span class='ocrx_word' id='word_1_759' title='bbox 2180 4072 2427 4138; x_wconf 83' lang='lat' dir='ltr'><strong>capitium</strong></span> <span class='ocrx_word' id='word_1_760' title='bbox 2460 4084 2630 4138; x_wconf 87' lang='lat' dir='ltr'><strong>vocat,</strong></span> <span class='ocrx_word' id='word_1_761' title='bbox 2663 4084 2815 4127; x_wconf 88' lang='lat' dir='ltr'><strong>ornat</strong></span> <span class='ocrx_word' id='word_1_762' title='bbox 2840 4073 3180 4138; x_wconf 86' lang='lat' dir='ltr'><strong>ﬁrmissimis,</strong></span> <span class='ocrx_word' id='word_1_763' title='bbox 3213 4085 3266 4130; x_wconf 89' lang='lat' dir='ltr'><strong>et</strong></span> <span class='ocrx_word' id='word_1_764' title='bbox 3291 4090 3359 4130; x_wconf 85' lang='lat' dir='ltr'><strong>ex</strong></span> 
     </span>
    </p>
   </div>
   <div class='ocr_carea' id='block_1_102' title="bbox 1798 4162 3358 4231">
    <p class='ocr_par' dir='ltr' id='par_1_102' title="bbox 1798 4162 3358 4231">
     <span class='ocr_line' id='line_1_102' title="bbox 1798 4162 3358 4231; baseline 0.002 -15"><span class='ocrx_word' id='word_1_765' title='bbox 1798 4178 1857 4218; x_wconf 87' lang='lat' dir='ltr'><strong>se</strong></span> <span class='ocrx_word' id='word_1_766' title='bbox 1897 4162 2073 4226; x_wconf 81' lang='lat' dir='ltr'><strong>textis,</strong></span> <span class='ocrx_word' id='word_1_767' title='bbox 2105 4172 2164 4216; x_wconf 91' lang='lat' dir='ltr'><strong>ut</strong></span> <span class='ocrx_word' id='word_1_768' title='bbox 2190 4179 2293 4215; x_wconf 91' lang='lat' dir='ltr'><strong>nou</strong></span> <span class='ocrx_word' id='word_1_769' title='bbox 2336 4163 2491 4217; x_wconf 84' lang='lat' dir='ltr'><strong>facile</strong></span> <span class='ocrx_word' id='word_1_770' title='bbox 2530 4177 2820 4231; x_wconf 87' lang='lat' dir='ltr'><strong>rumpatur.</strong></span> <span class='ocrx_word' id='word_1_771' title='bbox 2856 4166 2908 4217; x_wconf 93' lang='lat' dir='ltr'><strong>ln</strong></span> <span class='ocrx_word' id='word_1_772' title='bbox 2959 4175 3199 4219; x_wconf 85' lang='lat' dir='ltr'><strong>extrema</strong></span> <span class='ocrx_word' id='word_1_773' title='bbox 3230 4181 3358 4220; x_wconf 90' lang='lat' dir='ltr'><strong>vero</strong></span> 
     </span>
    </p>
   </div>
   <div class='ocr_carea' id='block_1_103' title="bbox 1799 4252 3350 4319">
    <p class='ocr_par' dir='ltr' id='par_1_103' title="bbox 1799 4252 3350 4319">
     <span class='ocr_line' id='line_1_103' title="bbox 1799 4252 3350 4319; baseline 0.002 -15"><span class='ocrx_word' id='word_1_774' title='bbox 1799 4262 1965 4319; x_wconf 85' lang='lat' dir='ltr'><strong>parte,</strong></span> <span class='ocrx_word' id='word_1_775' title='bbox 1995 4252 2044 4306; x_wconf 90' lang='lat' dir='ltr'><strong>id</strong></span> <span class='ocrx_word' id='word_1_776' title='bbox 2066 4261 2165 4314; x_wconf 80' lang='lat' dir='ltr'><strong>est,</strong></span> <span class='ocrx_word' id='word_1_777' title='bbox 2197 4254 2344 4318; x_wconf 86' lang='lat' dir='ltr'><strong>pedis</strong></span> <span class='ocrx_word' id='word_1_778' title='bbox 2373 4252 2535 4317; x_wconf 76' lang='lat' dir='ltr'><strong>LXX,</strong></span> <span class='ocrx_word' id='word_1_779' title='bbox 2571 4266 2698 4307; x_wconf 83' lang='lat' dir='ltr'><strong>vero</strong></span> <span class='ocrx_word' id='word_1_780' title='bbox 2720 4264 2842 4307; x_wconf 91' lang='lat' dir='ltr'><strong>sunt</strong></span> <span class='ocrx_word' id='word_1_781' title='bbox 2875 4253 3142 4309; x_wconf 81' lang='lat' dir='ltr'><strong>tinnabula</strong></span> <span class='ocrx_word' id='word_1_782' title='bbox 3168 4269 3350 4319; x_wconf 87' lang='lat' dir='ltr'><strong>aurea,</strong></span> 
     </span>
    </p>
   </div>
   <div class='ocr_carea' id='block_1_104' title="bbox 1796 4339 3351 4408">
    <p class='ocr_par' dir='ltr' id='par_1_104' title="bbox 1796 4339 3351 4408">
     <span class='ocr_line' id='line_1_104' title="bbox 1796 4339 3351 4408; baseline 0.004 -14"><span class='ocrx_word' id='word_1_783' title='bbox 1796 4351 1850 4394; x_wconf 89' lang='lat' dir='ltr'><strong>et</strong></span> <span class='ocrx_word' id='word_1_784' title='bbox 1879 4340 2098 4393; x_wconf 89' lang='lat' dir='ltr'><strong>totidem</strong></span> <span class='ocrx_word' id='word_1_785' title='bbox 2129 4341 2265 4392; x_wconf 91' lang='lat' dir='ltr'><strong>mala</strong></span> <span class='ocrx_word' id='word_1_786' title='bbox 2307 4341 2517 4408; x_wconf 88' lang='lat' dir='ltr'><strong>punica,</strong></span> <span class='ocrx_word' id='word_1_787' title='bbox 2569 4339 2753 4394; x_wconf 89' lang='lat' dir='ltr'><strong>iisdem</strong></span> <span class='ocrx_word' id='word_1_788' title='bbox 2786 4351 3036 4397; x_wconf 84' lang='lat' dir='ltr'><strong>contexta</strong></span> <span class='ocrx_word' id='word_1_789' title='bbox 3083 4343 3351 4401; x_wconf 85' lang='lat' dir='ltr'><strong>coloribus</strong></span> 
     </span>
    </p>
   </div>
   <div class='ocr_carea' id='block_1_105' title="bbox 1797 4430 3359 4500">
    <p class='ocr_par' dir='ltr' id='par_1_105' title="bbox 1797 4430 3359 4500">
     <span class='ocr_line' id='line_1_105' title="bbox 1797 4430 3359 4500; baseline 0.004 -16"><span class='ocrx_word' id='word_1_790' title='bbox 1797 4431 1991 4498; x_wconf 87' lang='lat' dir='ltr'><strong>quibus</strong></span> <span class='ocrx_word' id='word_1_791' title='bbox 2014 4446 2173 4499; x_wconf 84' lang='lat' dir='ltr'><strong>supra</strong></span> <span class='ocrx_word' id='word_1_792' title='bbox 2204 4430 2495 4500; x_wconf 84' lang='lat' dir='ltr'><strong>cingulum.</strong></span> <span class='ocrx_word' id='word_1_793' title='bbox 2526 4431 2667 4484; x_wconf 87' lang='lat' dir='ltr'><strong>Inter</strong></span> <span class='ocrx_word' id='word_1_794' title='bbox 2694 4433 2799 4485; x_wconf 93' lang='lat' dir='ltr'><strong>duo</strong></span> <span class='ocrx_word' id='word_1_795' title='bbox 2824 4433 3170 4488; x_wconf 87' lang='lat' dir='ltr'><strong>tintinnabula</strong></span> <span class='ocrx_word' id='word_1_796' title='bbox 3197 4450 3359 4491; x_wconf 89' lang='lat' dir='ltr'><strong>unum</strong></span> 
     </span>
    </p>
   </div>
   <div class='ocr_carea' id='block_1_106' title="bbox 1799 4522 3359 4593">
    <p class='ocr_par' dir='ltr' id='par_1_106' title="bbox 1799 4522 3359 4593">
     <span class='ocr_line' id='line_1_106' title="bbox 1799 4522 3359 4593; baseline 0.002 -18"><span class='ocrx_word' id='word_1_797' title='bbox 1799 4525 1992 4577; x_wconf 89' lang='lat' dir='ltr'><strong>malum</strong></span> <span class='ocrx_word' id='word_1_798' title='bbox 2035 4525 2274 4593; x_wconf 87' lang='lat' dir='ltr'><strong>punicum</strong></span> <span class='ocrx_word' id='word_1_799' title='bbox 2303 4530 2384 4576; x_wconf 87' lang='lat' dir='ltr'><strong>est</strong></span> <span class='ocrx_word' id='word_1_800' title='bbox 2413 4537 2426 4575; x_wconf 88' lang='lat'><strong>:</strong></span> <span class='ocrx_word' id='word_1_801' title='bbox 2459 4531 2511 4575; x_wconf 90' lang='lat' dir='ltr'><strong>et</strong></span> <span class='ocrx_word' id='word_1_802' title='bbox 2542 4523 2677 4576; x_wconf 87' lang='lat' dir='ltr'><strong>inter</strong></span> <span class='ocrx_word' id='word_1_803' title='bbox 2720 4522 2826 4575; x_wconf 91' lang='lat' dir='ltr'><strong>duo</strong></span> <span class='ocrx_word' id='word_1_804' title='bbox 2854 4523 3013 4587; x_wconf 84' lang='lat' dir='ltr'><strong>mala,</strong></span> <span class='ocrx_word' id='word_1_805' title='bbox 3048 4541 3206 4579; x_wconf 88' lang='lat' dir='ltr'><strong>unutn</strong></span> <span class='ocrx_word' id='word_1_806' title='bbox 3257 4527 3359 4578; x_wconf 84' lang='lat' dir='ltr'><strong>titt-</strong></span> 
     </span>
    </p>
   </div>
   <div class='ocr_carea' id='block_1_107' title="bbox 1805 4613 3362 4683">
    <p class='ocr_par' dir='ltr' id='par_1_107' title="bbox 1805 4613 3362 4683">
     <span class='ocr_line' id='line_1_107' title="bbox 1805 4613 3362 4683; baseline 0.002 -15"><span class='ocrx_word' id='word_1_807' title='bbox 1805 4616 2132 4669; x_wconf 85' lang='lat' dir='ltr'><strong>tinnabulum</strong></span> <span class='ocrx_word' id='word_1_808' title='bbox 2165 4633 2178 4670; x_wconf 90' lang='lat'><strong>:</strong></span> <span class='ocrx_word' id='word_1_809' title='bbox 2210 4624 2266 4668; x_wconf 90' lang='lat' dir='ltr'><strong>ut</strong></span> <span class='ocrx_word' id='word_1_810' title='bbox 2319 4613 2622 4683; x_wconf 87' lang='lat' dir='ltr'><strong>ingrediens</strong></span> <span class='ocrx_word' id='word_1_811' title='bbox 2674 4614 2912 4682; x_wconf 80' lang='lat' dir='ltr'><strong>pontifex</strong></span> <span class='ocrx_word' id='word_1_812' title='bbox 2972 4626 3159 4670; x_wconf 88' lang='lat' dir='ltr'><strong>sancto</strong></span> <span class='ocrx_word' id='word_1_813' title='bbox 3217 4627 3362 4673; x_wconf 87' lang='lat' dir='ltr'><strong>tutus</strong></span> 
     </span>
    </p>
   </div>
   <div class='ocr_carea' id='block_1_108' title="bbox 1801 4701 3363 4770">
    <p class='ocr_par' dir='ltr' id='par_1_108' title="bbox 1801 4701 3363 4770">
     <span class='ocr_line' id='line_1_108' title="bbox 1801 4701 3363 4770; baseline 0.001 -8"><span class='ocrx_word' id='word_1_814' title='bbox 1801 4709 1998 4762; x_wconf 79' lang='lat' dir='ltr'><strong>vocalis</strong></span> <span class='ocrx_word' id='word_1_815' title='bbox 2030 4709 2255 4760; x_wconf 83' lang='lat' dir='ltr'><strong>incedat.</strong></span> <span class='ocrx_word' id='word_1_816' title='bbox 2305 4706 2493 4761; x_wconf 90' lang='lat' dir='ltr'><strong>Statim</strong></span> <span class='ocrx_word' id='word_1_817' title='bbox 2536 4707 2779 4770; x_wconf 85' lang='lat' dir='ltr'><strong>moritur,</strong></span> <span class='ocrx_word' id='word_1_818' title='bbox 2829 4708 2872 4760; x_wconf 90' lang='lat' dir='ltr'><strong>si</strong></span> <span class='ocrx_word' id='word_1_819' title='bbox 2925 4701 3024 4759; x_wconf 87' lang='lat' dir='ltr'><strong>hoc</strong></span> <span class='ocrx_word' id='word_1_820' title='bbox 3064 4722 3168 4760; x_wconf 92' lang='lat' dir='ltr'><strong>non</strong></span> <span class='ocrx_word' id='word_1_821' title='bbox 3218 4708 3363 4764; x_wconf 85' lang='lat' dir='ltr'><strong>fece-</strong></span> 
     </span>
    </p>
   </div>
   <div class='ocr_carea' id='block_1_109' title="bbox 1805 4795 3362 4868">
    <p class='ocr_par' dir='ltr' id='par_1_109' title="bbox 1805 4795 3362 4868">
     <span class='ocr_line' id='line_1_109' title="bbox 1805 4795 3362 4868; baseline 0.002 -17"><span class='ocrx_word' id='word_1_822' title='bbox 1805 4800 1893 4852; x_wconf 91' lang='lat' dir='ltr'><strong>rit.</strong></span> <span class='ocrx_word' id='word_1_823' title='bbox 1924 4797 2142 4851; x_wconf 88' lang='lat' dir='ltr'><strong>Sextum</strong></span> <span class='ocrx_word' id='word_1_824' title='bbox 2189 4795 2561 4850; x_wconf 89' lang='lat' dir='ltr'><strong>vestimentum</strong></span> <span class='ocrx_word' id='word_1_825' title='bbox 2612 4806 2690 4849; x_wconf 90' lang='lat' dir='ltr'><strong>est</strong></span> <span class='ocrx_word' id='word_1_826' title='bbox 2741 4797 3188 4864; x_wconf 89' lang='lat' dir='ltr'><strong>superhnmerale,</strong></span> <span class='ocrx_word' id='word_1_827' title='bbox 3221 4799 3362 4868; x_wconf 87' lang='lat' dir='ltr'><strong>quod</strong></span> 
     </span>
    </p>
   </div>
   <div class='ocr_carea' id='block_1_110' title="bbox 1801 4889 3366 4960">
    <p class='ocr_par' dir='ltr' id='par_1_110' title="bbox 1801 4889 3366 4960">
     <span class='ocr_line' id='line_1_110' title="bbox 1801 4889 3366 4960; baseline 0.003 -16"><span class='ocrx_word' id='word_1_828' title='bbox 1801 4893 1936 4960; x_wconf 83' lang='lat' dir='ltr'><strong>apud</strong></span> <span class='ocrx_word' id='word_1_829' title='bbox 1992 4892 2241 4946; x_wconf 64' lang='lat' dir='ltr'><strong>Ilebrmos</strong></span> <span class='ocrx_word' id='word_1_830' title='bbox 2298 4891 2505 4960; x_wconf 80' lang='lat' dir='ltr'><strong>Ephoth</strong></span> <span class='ocrx_word' id='word_1_831' title='bbox 2569 4889 2808 4944; x_wconf 89' lang='lat' dir='ltr'><strong>dicitur:</strong></span> <span class='ocrx_word' id='word_1_832' title='bbox 2856 4891 2996 4958; x_wconf 87' lang='lat' dir='ltr'><strong>quod</strong></span> <span class='ocrx_word' id='word_1_833' title='bbox 3049 4907 3214 4960; x_wconf 85' lang='lat' dir='ltr'><strong>genus</strong></span> <span class='ocrx_word' id='word_1_834' title='bbox 3268 4909 3366 4949; x_wconf 79' lang='lat' dir='ltr'><strong>ve-</strong></span> 
     </span>
    </p>
   </div>
   <div class='ocr_carea' id='block_1_111' title="bbox 1803 4980 3362 5049">
    <p class='ocr_par' dir='ltr' id='par_1_111' title="bbox 1803 4980 3362 5049">
     <span class='ocr_line' id='line_1_111' title="bbox 1803 4980 3362 5049; baseline 0 -12"><span class='ocrx_word' id='word_1_835' title='bbox 1803 4983 2030 5037; x_wconf 87' lang='lat' dir='ltr'><strong>stimenti</strong></span> <span class='ocrx_word' id='word_1_836' title='bbox 2085 4982 2212 5035; x_wconf 89' lang='lat' dir='ltr'><strong>solis</strong></span> <span class='ocrx_word' id='word_1_837' title='bbox 2279 4981 2612 5049; x_wconf 87' lang='lat' dir='ltr'><strong>pontiﬁcibus</strong></span> <span class='ocrx_word' id='word_1_838' title='bbox 2673 4980 2967 5044; x_wconf 87' lang='lat' dir='ltr'><strong>convenit;</strong></span> <span class='ocrx_word' id='word_1_839' title='bbox 3038 4981 3132 5037; x_wconf 88' lang='lat' dir='ltr'><strong>sed</strong></span> <span class='ocrx_word' id='word_1_840' title='bbox 3192 4993 3362 5037; x_wconf 90' lang='lat' dir='ltr'><strong>tamen</strong></span> 
     </span>
    </p>
   </div>
   <div class='ocr_carea' id='block_1_112' title="bbox 1801 5070 3363 5143">
    <p class='ocr_par' dir='ltr' id='par_1_112' title="bbox 1801 5070 3363 5143">
     <span class='ocr_line' id='line_1_112' title="bbox 1801 5070 3363 5143; baseline -0.001 -17"><span class='ocrx_word' id='word_1_841' title='bbox 1801 5075 1891 5143; x_wconf 92' lang='lat' dir='ltr'><strong>qui</strong></span> <span class='ocrx_word' id='word_1_842' title='bbox 1940 5071 2156 5127; x_wconf 69' lang='lat' dir='ltr'><strong>Levita.</strong></span> <span class='ocrx_word' id='word_1_843' title='bbox 2213 5072 2278 5125; x_wconf 84' lang='lat' dir='ltr'><strong>Et</strong></span> <span class='ocrx_word' id='word_1_844' title='bbox 2320 5070 2492 5126; x_wconf 87' lang='lat' dir='ltr'><strong>adhuc</strong></span> <span class='ocrx_word' id='word_1_845' title='bbox 2547 5071 2846 5126; x_wconf 89' lang='lat' dir='ltr'><strong>scribuntur</strong></span> <span class='ocrx_word' id='word_1_846' title='bbox 2874 5070 3069 5125; x_wconf 85' lang='lat' dir='ltr'><strong>habere</strong></span> <span class='ocrx_word' id='word_1_847' title='bbox 3132 5071 3363 5135; x_wconf 83' lang='lat' dir='ltr'><strong>Ephotb.</strong></span> 
     </span>
    </p>
   </div>
   <div class='ocr_carea' id='block_1_113' title="bbox 1805 5162 3365 5233">
    <p class='ocr_par' dir='ltr' id='par_1_113' title="bbox 1805 5162 3365 5233">
     <span class='ocr_line' id='line_1_113' title="bbox 1805 5162 3365 5233; baseline -0.001 -14"><span class='ocrx_word' id='word_1_848' title='bbox 1805 5165 1958 5220; x_wconf 84' lang='lat' dir='ltr'><strong>Aliud</strong></span> <span class='ocrx_word' id='word_1_849' title='bbox 1987 5174 2068 5219; x_wconf 89' lang='lat' dir='ltr'><strong>est</strong></span> <span class='ocrx_word' id='word_1_850' title='bbox 2113 5164 2254 5218; x_wconf 90' lang='lat' dir='ltr'><strong>enim</strong></span> <span class='ocrx_word' id='word_1_851' title='bbox 2299 5165 2440 5233; x_wconf 90' lang='lat' dir='ltr'><strong>quod</strong></span> <span class='ocrx_word' id='word_1_852' title='bbox 2486 5164 2806 5231; x_wconf 77' lang='lat' dir='ltr'><strong>contexitur,</strong></span> <span class='ocrx_word' id='word_1_853' title='bbox 2842 5168 2915 5218; x_wconf 84' lang='lat' dir='ltr'><strong>&#39;et</strong></span> <span class='ocrx_word' id='word_1_854' title='bbox 2962 5172 3187 5232; x_wconf 87' lang='lat' dir='ltr'><strong>quatuor</strong></span> <span class='ocrx_word' id='word_1_855' title='bbox 3215 5162 3365 5218; x_wconf 78' lang='lat' dir='ltr'><strong>colo-</strong></span> 
     </span>
    </p>
   </div>
   <div class='ocr_carea' id='block_1_114' title="bbox 1804 5253 3364 5325">
    <p class='ocr_par' dir='ltr' id='par_1_114' title="bbox 1804 5253 3364 5325">
     <span class='ocr_line' id='line_1_114' title="bbox 1804 5253 3364 5325; baseline 0.001 -15"><span class='ocrx_word' id='word_1_856' title='bbox 1804 5255 1969 5317; x_wconf 88' lang='lat' dir='ltr'><strong>ribus.</strong></span> <span class='ocrx_word' id='word_1_857' title='bbox 2025 5253 2327 5322; x_wconf 84' lang='lat' dir='ltr'><strong>hyacintho,</strong></span> <span class='ocrx_word' id='word_1_858' title='bbox 2376 5253 2556 5324; x_wconf 80' lang='lat' dir='ltr'><strong>bysso,</strong></span> <span class='ocrx_word' id='word_1_859' title='bbox 2606 5269 2791 5321; x_wconf 90' lang='lat' dir='ltr'><strong>cocco,</strong></span> <span class='ocrx_word' id='word_1_860' title='bbox 2824 5269 3070 5325; x_wconf 86' lang='lat' dir='ltr'><strong>purpura,</strong></span> <span class='ocrx_word' id='word_1_861' title='bbox 3118 5269 3214 5311; x_wconf 89' lang='lat' dir='ltr'><strong>nec</strong></span> <span class='ocrx_word' id='word_1_862' title='bbox 3258 5272 3364 5312; x_wconf 82' lang='lat' dir='ltr'><strong>nun</strong></span> 
     </span>
    </p>
   </div>
   <div class='ocr_carea' id='block_1_115' title="bbox 1805 5346 3360 5417">
    <p class='ocr_par' dir='ltr' id='par_1_115' title="bbox 1805 5346 3360 5417">
     <span class='ocr_line' id='line_1_115' title="bbox 1805 5346 3360 5417; baseline -0.001 -14"><span class='ocrx_word' id='word_1_863' title='bbox 1805 5359 1861 5403; x_wconf 86' lang='lat' dir='ltr'><strong>et</strong></span> <span class='ocrx_word' id='word_1_864' title='bbox 1907 5363 2057 5413; x_wconf 90' lang='lat' dir='ltr'><strong>auro,</strong></span> <span class='ocrx_word' id='word_1_865' title='bbox 2114 5349 2256 5401; x_wconf 84' lang='lat' dir='ltr'><strong>velut</strong></span> <span class='ocrx_word' id='word_1_866' title='bbox 2287 5347 2511 5417; x_wconf 79' lang='lat' dir='ltr'><strong>simplex</strong></span> <span class='ocrx_word' id='word_1_867' title='bbox 2564 5357 2692 5402; x_wconf 83' lang='lat' dir='ltr'><strong>est:</strong></span> <span class='ocrx_word' id='word_1_868' title='bbox 2743 5348 2936 5402; x_wconf 86' lang='lat' dir='ltr'><strong>lineum</strong></span> <span class='ocrx_word' id='word_1_869' title='bbox 2990 5346 3101 5400; x_wconf 79' lang='lat' dir='ltr'><strong>auri</strong></span> <span class='ocrx_word' id='word_1_870' title='bbox 3147 5346 3360 5414; x_wconf 81' lang='lat' dir='ltr'><strong>lamina,</strong></span> 
     </span>
    </p>
   </div>
   <div class='ocr_carea' id='block_1_116' title="bbox 1808 5438 3358 5506">
    <p class='ocr_par' dir='ltr' id='par_1_116' title="bbox 1808 5438 3358 5506">
     <span class='ocr_line' id='line_1_116' title="bbox 1808 5438 3358 5506; baseline -0.001 -12"><span class='ocrx_word' id='word_1_871' title='bbox 1808 5441 1858 5495; x_wconf 89' lang='lat' dir='ltr'><strong>id</strong></span> <span class='ocrx_word' id='word_1_872' title='bbox 1891 5451 1972 5493; x_wconf 89' lang='lat' dir='ltr'><strong>est</strong></span> <span class='ocrx_word' id='word_1_873' title='bbox 2004 5482 2020 5506; x_wconf 92' lang='lat'><strong>,</strong></span> <span class='ocrx_word' id='word_1_874' title='bbox 2091 5439 2320 5495; x_wconf 71' lang='lat' dir='ltr'><strong>bractete</strong></span> <span class='ocrx_word' id='word_1_875' title='bbox 2383 5439 2767 5493; x_wconf 82' lang='lat' dir='ltr'><strong>extremitatem</strong></span> <span class='ocrx_word' id='word_1_876' title='bbox 2833 5438 2965 5493; x_wconf 88' lang='lat' dir='ltr'><strong>mire</strong></span> <span class='ocrx_word' id='word_1_877' title='bbox 3034 5438 3358 5503; x_wconf 88' lang='lat' dir='ltr'><strong>tenduntur,</strong></span> 
     </span>
    </p>
   </div>
   <div class='ocr_carea' id='block_1_117' title="bbox 1803 5528 3362 5601">
    <p class='ocr_par' dir='ltr' id='par_1_117' title="bbox 1803 5528 3362 5601">
     <span class='ocr_line' id='line_1_117' title="bbox 1803 5528 3362 5601; baseline -0.001 -15"><span class='ocrx_word' id='word_1_878' title='bbox 1803 5545 1836 5586; x_wconf 88' lang='lat' dir='ltr'><strong>e</strong></span> <span class='ocrx_word' id='word_1_879' title='bbox 1895 5531 2084 5601; x_wconf 90' lang='lat' dir='ltr'><strong>quibus</strong></span> <span class='ocrx_word' id='word_1_880' title='bbox 2145 5541 2291 5584; x_wconf 85' lang='lat' dir='ltr'><strong>secta</strong></span> <span class='ocrx_word' id='word_1_881' title='bbox 2353 5529 2437 5583; x_wconf 90' lang='lat' dir='ltr'><strong>ﬁla</strong></span> <span class='ocrx_word' id='word_1_882' title='bbox 2494 5537 2860 5597; x_wconf 88' lang='lat' dir='ltr'><strong>torquerentur</strong></span> <span class='ocrx_word' id='word_1_883' title='bbox 2899 5528 2964 5584; x_wconf 82' lang='lat' dir='ltr'><strong>Et</strong></span> <span class='ocrx_word' id='word_1_884' title='bbox 3020 5543 3138 5585; x_wconf 82' lang='lat' dir='ltr'><strong>cum</strong></span> <span class='ocrx_word' id='word_1_885' title='bbox 3179 5530 3362 5600; x_wconf 77' lang='lat' dir='ltr'><strong>tegmi~</strong></span> 
     </span>
    </p>
   </div>
   <div class='ocr_carea' id='block_1_118' title="bbox 1806 5616 3363 5688">
    <p class='ocr_par' dir='ltr' id='par_1_118' title="bbox 1806 5616 3363 5688">
     <span class='ocr_line' id='line_1_118' title="bbox 1806 5616 3363 5688; baseline 0 -13"><span class='ocrx_word' id='word_1_886' title='bbox 1806 5635 1872 5675; x_wconf 90' lang='lat' dir='ltr'><strong>ne</strong></span> <span class='ocrx_word' id='word_1_887' title='bbox 1953 5619 2108 5673; x_wconf 90' lang='lat' dir='ltr'><strong>trium</strong></span> <span class='ocrx_word' id='word_1_888' title='bbox 2193 5619 2428 5671; x_wconf 91' lang='lat' dir='ltr'><strong>colorum</strong></span> <span class='ocrx_word' id='word_1_889' title='bbox 2459 5655 2476 5681; x_wconf 94' lang='lat'><strong>,</strong></span> <span class='ocrx_word' id='word_1_890' title='bbox 2552 5616 2839 5687; x_wconf 81' lang='lat' dir='ltr'><strong>hyacintho</strong></span> <span class='ocrx_word' id='word_1_891' title='bbox 2876 5658 2892 5684; x_wconf 92' lang='lat'><strong>,</strong></span> <span class='ocrx_word' id='word_1_892' title='bbox 2978 5632 3156 5686; x_wconf 85' lang='lat' dir='ltr'><strong>cocco,</strong></span> <span class='ocrx_word' id='word_1_893' title='bbox 3239 5635 3363 5688; x_wconf 83' lang='lat' dir='ltr'><strong>pur-</strong></span> 
     </span>
    </p>
   </div>
   <div class='ocr_carea' id='block_1_119' title="bbox 1808 5707 3360 5781">
    <p class='ocr_par' dir='ltr' id='par_1_119' title="bbox 1808 5707 3360 5781">
     <span class='ocr_line' id='line_1_119' title="bbox 1808 5707 3360 5781; baseline 0.001 -17"><span class='ocrx_word' id='word_1_894' title='bbox 1808 5725 1956 5781; x_wconf 81' lang='lat' dir='ltr'><strong>pura,</strong></span> <span class='ocrx_word' id='word_1_895' title='bbox 2004 5717 2204 5762; x_wconf 91' lang='lat' dir='ltr'><strong>etcum</strong></span> <span class='ocrx_word' id='word_1_896' title='bbox 2251 5707 2479 5762; x_wconf 90' lang='lat' dir='ltr'><strong>stamine</strong></span> <span class='ocrx_word' id='word_1_897' title='bbox 2523 5707 2764 5780; x_wconf 75' lang='lat' dir='ltr'><strong>byssino.</strong></span> <span class='ocrx_word' id='word_1_898' title='bbox 2795 5718 2852 5764; x_wconf 89' lang='lat' dir='ltr'><strong>et</strong></span> <span class='ocrx_word' id='word_1_899' title='bbox 2880 5711 3170 5766; x_wconf 87' lang='lat' dir='ltr'><strong>vermiculo</strong></span> <span class='ocrx_word' id='word_1_900' title='bbox 3201 5712 3360 5777; x_wconf 88' lang='lat' dir='ltr'><strong>lacte,</strong></span> 
     </span>
    </p>
   </div>
   <div class='ocr_carea' id='block_1_120' title="bbox 1809 5800 3360 5879">
    <p class='ocr_par' dir='ltr' id='par_1_120' title="bbox 1809 5800 3360 5879">
     <span class='ocr_line' id='line_1_120' title="bbox 1809 5800 3360 5879; baseline 0 -19"><span class='ocrx_word' id='word_1_901' title='bbox 1809 5803 2037 5860; x_wconf 70' lang='lat' dir='ltr'><strong>efﬁcitur</strong></span> <span class='ocrx_word' id='word_1_902' title='bbox 2067 5800 2336 5873; x_wconf 87' lang='lat' dir='ltr'><strong>palliolum</strong></span> <span class='ocrx_word' id='word_1_903' title='bbox 2369 5803 2516 5858; x_wconf 65' lang='lat' dir='ltr'><strong>mirae</strong></span> <span class='ocrx_word' id='word_1_904' title='bbox 2545 5804 2971 5875; x_wconf 83' lang='lat' dir='ltr'><strong>pulchritudinis,</strong></span> <span class='ocrx_word' id='word_1_905' title='bbox 2999 5807 3360 5879; x_wconf 84' lang='lat' dir='ltr'><strong>perstringens</strong></span> 
     </span>
    </p>
   </div>
  </div>
