3872 6262
487 345 592 401 ε.
973 341 1174 396 εὶιςωε
1215 338 1658 396 νεηθιιλιιιωε
1693 339 1971 396 OPBRUI
2010 339 2043 396 1⁵

2147 337 2184 397 8
2221 337 2284 394 Il.
2325 367 2391 378 -
2431 334 2814 394 EXEGETICA
2857 335 3176 392 GENUINA.
3570 344 3671 401 328

487 460 670 514 oculos
720 460 918 527 fulgore
945 460 998 514 in
1042 460 1253 514 modum
1279 460 1672 524 ciracallarum,
1715 458 1808 532 sed
1830 458 2026 527 absque
2055 469 2100 524 Α
2129 455 2298 518 thum,
2335 469 2510 508 aerem
2537 468 2631 522 pro
2669 451 3048 516 similitudine;
3077 463 3128 506 et
3157 450 3299 520 ipsas
3323 465 3506 508 versas
3541 456 3670 524 hya-

494 551 744 606 coeculis.
797 549 993 604 Contra
1023 561 1207 620 pectus
1236 550 1364 604 nihil
1396 561 1596 603 leslutn
1642 559 1742 610 est.
1775 549 1921 604 locus
1948 547 2033 602 fu-
2131 538 2362 600 cinthina
2401 558 2431 597 a
2467 542 2640 612 capite
2683 555 2849 610 usque
2884 539 2952 594 ad
3003 542 3140 592 talos
3183 540 3424 603 veniens,
3477 541 3670 595 indicat

499 654 617 696 tnro
670 641 911 695 rationali
960 642 1196 704 relictus,
1250 642 1387 694 inter
1440 651 1718 706 utrumque
1760 639 2032 692 humerum
2132 650 2310 688 aerem
2330 631 2504 702 usque
2533 633 2598 688 ad
2629 643 2820 687 terram
2864 634 3129 688 deorsum.
3182 633 3315 687 Mala
3361 644 3538 686 autem
3575 650 3672 701 pu-

496 731 689 784 habens
731 730 964 798 singulos
1007 731 1215 783 clauem
1257 737 1314 782 et
1339 729 1616 781 distinctos
1644 725 1869 793 lapides.
1898 741 2032 793 quos
2134 727 2246 780 nica
2289 737 2342 793 et
2387 726 2730 779 tintinnabula
2782 726 2833 780 in
2880 725 3216 780 inferioribus
3246 725 3438 792 posita,
3469 727 3673 794 fulgura

499 819 754 889 Iosephus
777 822 1088 874 sardonicos
1114 829 1285 882 vocat,
1315 834 1433 872 cum
1481 816 1707 872 Hebraeo
1748 825 1803 871 et
1850 816 2031 884 Aquila

498 911 870 966 consentiens:
903 922 957 964 ut
997 911 1077 965 vel
1107 911 1335 964 colorem
1381 908 1636 976 lapidum,
1684 909 1762 961 vel
1810 907 2029 976 patriam

490 999 936 1053 demonstrarent.
971 999 1024 1052 lu
1051 998 1267 1065 singulis
1297 997 1620 1065 lampadibus
1657 1012 1782 1050 sena
1814 996 2034 1063 patriar-

499 1088 713 1144 charum
737 1097 855 1141 sunt
886 1088 1117 1142 nomina.
1149 1086 1203 1140 In
1225 1086 1464 1140 dextrum
1497 1086 1776 1141 humerum
1801 1084 2036 1154 majores

496 1175 590 1228 ﬁlii
620 1173 800 1239 Iacob,
849 1176 899 1227 in
944 1174 1133 1228 laevum
1166 1175 1445 1228 minores:
1496 1182 1552 1228 ut
1599 1173 1836 1242 pontifex
1860 1174 2034 1241 ingre-

501 1264 651 1316 diens
689 1272 864 1317 sancta
908 1264 1117 1317 nomina
1164 1263 1358 1332 populi,
1409 1277 1504 1331 pro
1555 1277 1660 1332 quo
1686 1270 1931 1316 oraturus
1955 1269 2039 1314 est

504 1354 795 1416 hominum,
827 1362 999 1421 portet
1025 1354 1076 1404 in
1127 1351 1376 1404 humeris.
1425 1351 1716 1417 Septimum
1767 1358 1848 1404 est
1877 1349 2038 1402 vesti-

499 1451 732 1496 mentum
758 1486 772 1509 ,
804 1442 941 1511 quod
969 1442 1222 1496 llebraice
1249 1451 1466 1494 vocatur
1493 1441 1678 1502 Osscn,
1724 1439 1904 1491 Graece
1941 1438 2037 1488 Ln-

498 1534 620 1601 giou
646 1550 658 1584 :
687 1545 781 1584 nos
819 1532 1072 1584 rationale
1099 1545 1398 1596 nuncupare
1430 1544 1726 1596 possmnus.
1762 1529 2036 1582 Pannnlus

505 1623 675 1676 brevis
700 1632 782 1676 est
808 1637 957 1686 auro,
985 1630 1039 1675 et
1068 1629 1478 1689 quatuortextus
1501 1622 1763 1675 coloribus
1791 1638 1803 1672 :
1837 1621 2031 1688 quibus

498 1722 556 1766 el
582 1712 1035 1780 superltumerale,
1067 1713 1264 1767 habens
1293 1713 1696 1779 magnitudinem
1725 1713 1904 1779 palmi,
1940 1726 2036 1775 per

2135 825 2187 866 et
2224 815 2450 868 tooitrna
2480 815 2864 877 demonstrant,
2910 815 3020 868 sive
3049 825 3239 867 terram
3275 823 3328 867 et
3367 830 3580 876 aqnam,
3625 826 3675 868 et

2131 901 2386 957 interesse
2408 906 2639 956 omnium
2665 903 3040 956 elementorum
3070 904 3492 956 consonantiam.
3527 904 3673 969 Quod

2132 1000 2309 1045 autem
2338 1008 2495 1060 supra
2525 993 2649 1046 dicti
2678 992 2882 1046 colores
2925 991 3108 1046 intexti
3134 1003 3251 1045 sunt
3279 1007 3410 1046 auro
3456 993 3674 1061 purissi-

2134 1096 2241 1145 mo,
2270 1082 2531 1151 signiﬁcat
2557 1082 2695 1149 quod
2728 1081 2936 1136 divinus
2983 1097 3172 1136 sensus
3220 1083 3469 1137 universa
3522 1099 3676 1152 pene-

2137 1182 2238 1228 tret
2264 1173 2612 1240 providentia.
2645 1172 3088 1241 Superltumerale
3110 1183 3164 1228 et
3182 1174 3287 1227 duo
3315 1173 3518 1241 lapides
3539 1176 3674 1229 enim

2136 1260 2507 1330 hemisphaeria
2574 1262 3008 1328 interpretantes,
3061 1279 3284 1332 quorum
3334 1264 3477 1317 aliud
3525 1279 3678 1331 super

2136 1364 2351 1415 terram,
2381 1352 2520 1406 aliud
2545 1355 2644 1406 sub
2686 1361 2824 1408 terra
2854 1353 2924 1406 sit
2953 1371 2966 1405 :
3013 1354 3131 1407 sive
3175 1354 3364 1416 solem,
3398 1355 3488 1419 qui
3520 1370 3676 1422 super

2137 1447 2365 1506 rutilant,
2397 1456 2448 1497 et
2477 1453 2689 1508 tonant;
2743 1444 2938 1511 illaque
2967 1445 3259 1498 sacerdotis
3291 1454 3474 1508 pectus
3508 1455 3679 1497 arcta-

2137 1543 2240 1587 tur.
2271 1532 2335 1586 Et
2364 1534 2500 1587 linea
2529 1533 2725 1596 tunica,
2761 1533 2810 1586 id
2839 1543 2943 1595 est,
2981 1550 3083 1602 qua
3114 1545 3253 1587 terra
3277 1535 3680 1600 constringitur,

2137 1623 2539 1684 interpretantur
2577 1621 2870 1684 Oceanum,
2913 1623 3116 1675 ratiOne
3155 1624 3206 1676 in
3239 1622 3416 1675 mezlio
3449 1633 3676 1687 ρος-ωσι.

2139 1718 2353 1772 terram,
2384 1720 2434 1762 et
2462 1709 2730 1762 disserunt
2764 1726 2777 1762 :
2828 1725 2946 1778 quas
2975 1711 3136 1764 etiam
3188 1712 3238 1763 in
3291 1713 3458 1764 instar
3508 1715 3684 1781 puncti

508 1803 785 1870 quadrum,
817 1814 868 1856 et
891 1803 1102 1867 duplex,
1127 1816 1195 1856 ne
1226 1801 1374 1855 facile
1391 1811 1681 1867 rumpatur.
1714 1800 1898 1855 intexti
1920 1808 2042 1851 suat
2077 1800 2119 1858 Β
2144 1796 2265 1850 licet
2289 1798 2465 1852 omnia
2492 1796 2601 1864 ipsa
2629 1798 2842 1866 habent,
2865 1815 2894 1853 a
2927 1805 3127 1855 ventris
3158 1803 3684 1864 vallatureletnentis

503 1896 647 1948 errim
689 1909 756 1948 ex
802 1893 1078 1945 duodecim
1135 1891 1394 1959 lapidibus
1441 1891 1588 1943 mira
1640 1888 2043 1956 pulchritudinis

512 1999 604 2050 per
627 1994 849 2052 quatuor
880 1981 1112 2045 Ordines,
1160 1991 1217 2033 ut
1260 1981 1310 2033 in
1340 1980 1559 2049 singulis
1586 1979 1856 2033 versiculis
1898 1980 2031 2032 terni

507 2075 709 2140 lapides
752 2073 1077 2126 collocentur
1108 2087 1120 2124 :
1155 2072 1205 2124 in
1252 2070 1417 2135 primo
1447 2070 1630 2123 ordine
1661 2068 1898 2132 Sardins,
1930 2067 2035 2121 To-

507 2160 706 2229 pasius,
734 2160 1051 2228 Smaragdns
1079 2159 1166 2223 ;in
1194 2158 1426 2212 secundo
1448 2156 2044 2226 Carbunculus,Saphy-

510 2265 621 2315 rus,
646 2250 819 2312 Jaspis
844 2264 859 2311 ;
888 2250 937 2299 in
969 2248 1122 2300 tertio
1143 2246 1404 2313 Tigurius,
1439 2245 1686 2310 Achates,
1717 2248 2002 2299 Ametistus
2027 2263 2039 2297 :

508 2338 561 2391 in
604 2344 790 2404 quarto
816 2334 1162 2404 Chrysolitus,
1195 2333 1437 2394 Derillus,
1487 2331 1810 2394 Onicliinus;
1845 2333 1894 2385 in
1923 2320 2036 2385 Siu-

509 2425 650 2493 gulis
675 2421 933 2490 lapidibus
962 2420 1250 2475 secundum
1281 2429 1486 2483 aetates,
1517 2419 1791 2474 duodecim
1819 2420 2044 2472 tribuum

508 2513 704 2581 scripta
733 2521 855 2565 sunt
884 2512 1113 2563 nomina.
1149 2511 1246 2563 l’er
1289 2517 1513 2576 quatuor
1556 2507 1841 2561 rationales
1881 2521 2041 2576 ange-

512 2601 613 2664 los.
667 2609 890 2666 quatuor
935 2597 1109 2650 anuuli
1139 2605 1282 2660 sunt,
1331 2609 1514 2648 aurum
1554 2594 1806 2648 habentes
1850 2602 2040 2649 contra

509 2703 572 2744 se
598 2695 647 2742 in
689 2688 1138 2754 superlmmerale.
1178 2685 1326 2740 Alius
1367 2695 1589 2754 quatuor
1615 2692 1668 2739 et
1695 2685 1918 2739 annulus
1948 2699 2040 2740 ve-

514 2778 623 2832 niat
649 2787 827 2831 contra
859 2776 1132 2840 annulum,
1155 2786 1208 2830 et
1232 2783 1411 2828 mutuo
1435 2773 1533 2827 sibi
1564 2774 1705 2830 vittis
1730 2774 2044 2840 copulentur

515 2866 885 2938 hyacinthinis.
920 2864 1084 2916 Porro
1129 2878 1196 2916 ne
1234 2862 1536 2929 magnitudo
1570 2869 1625 2915 et
1665 2861 1867 2930 pondus
1917 2861 2049 2931 lapi-

511 2956 634 3008 dum
663 2962 902 3007 contexta
947 2951 1157 3005 ﬁamina
1189 2959 1419 3016 rumpat,
1449 2964 1578 3003 auro
1599 2949 1766 3018 ligatis
1790 2965 1944 3018 supra
1966 2959 2047 3004 at-

509 3057 609 3111 que
629 3041 908 3105 conclusae,
943 3055 1008 3092 ne
1036 3038 1260 3092 sufﬁciat
1291 3040 1388 3092 hoc
1415 3037 1479 3091 ad
1509 3039 1890 3103 inﬁrmitatem,
1937 3040 2034 3092 nisi

2141 1887 2412 1942 duodecim
2442 1888 2644 1955 lapides
2678 1906 2689 1942 :
2737 1893 2814 1944 vel
2844 1892 3115 1946 sodiacum
3149 1896 3565 1962 interpretantur
3590 1898 3684 1949 cir-

2139 1977 2333 2043 eululn,
2368 1979 2447 2032 vel
2479 1978 2753 2033 duodecim
2785 1995 3014 2036 menses.
3044 1982 3340 2036 lintnutmio
3377 1997 3556 2038 autem
3588 1996 3684 2038 lcr-

2142 2075 2417 2131 renorutn,
2463 2078 2518 2122 et
2571 2070 2843 2136 ten-poris,
2893 2077 2948 2121 et
2992 2071 3199 2132 caloris,
3248 2082 3302 2124 et
3348 2074 3586 2140 frigoris,
3627 2076 3688 2125 de

2142 2157 2260 2210 caeli
2288 2172 2442 2210 cursu
2465 2167 2518 2210 et
2549 2160 2750 2212 ratione
2781 2157 3128 2212 descendunt.
3173 2157 3322 2214 Unde
3351 2170 3407 2214 et
3433 2162 3686 2214 rationale

2141 2260 2258 2299 cum
2283 2246 2443 2314 ephot
2473 2251 2670 2302 arctius
2695 2251 3092 2318 constringitur.
3123 2250 3270 2317 Quod
3293 2260 3469 2304 autern
3496 2252 3685 2306 dicitur

2149 2336 2198 2388 in
2221 2335 2333 2402 ipso
2362 2337 2602 2390 rationali
2632 2339 2985 2395 manifestatio
3031 2350 3084 2394 et
3114 2341 3330 2405 veritas,
3361 2341 3466 2395 hoc
3513 2342 3683 2410 ipsum

2143 2432 2228 2477 est
2245 2423 2384 2493 quod
2412 2439 2513 2479 non
2539 2440 2692 2495 quam
2722 2427 2924 2482 ratione
2957 2428 3048 2484 Dei
3076 2430 3408 2484 mendacium
3438 2432 3530 2492 sit,
3563 2442 3616 2485 et
3639 2432 3685 2485 in

2147 2513 2323 2576 multis
2374 2518 2696 2583 argumentis
2766 2509 3065 2572 hominibus
3118 2521 3483 2575 manifestatur
3534 2535 3688 2589 super

2146 2604 2320 2658 omnia
2357 2605 2550 2660 cidaris
2606 2615 2662 2660 et
2691 2606 2813 2660 vitta
2845 2607 3182 2677 hyacinthina
3229 2610 3426 2665 cmlu
3467 2610 3689 2665 demon-

2146 2703 2305 2760 strat;
2335 2705 2385 2750 et
2409 2710 2567 2750 aurea
2599 2695 2788 2750 lamina
2820 2697 2871 2752 in
2916 2696 3088 2753 fronte
3133 2700 3418 2767 pontiﬁcis,
3464 2717 3690 2755 nomen-

2145 2800 2248 2855 que
2267 2785 2469 2840 Domini
2495 2787 2767 2854 scriptnm,
2792 2787 3037 2842 universa
3059 2803 3175 2858 quas
3221 2790 3321 2843 sub
3359 2798 3501 2844 terra
3547 2801 3685 2855 sum,

2153 2876 2242 2931 Dei
2266 2874 2466 2945 judicio
2495 2877 2799 2946 gubernari.
2822 2877 3024 2933 iustum
3053 2892 3180 2948 ergo
3205 2889 3340 2945 erat,
3367 2889 3426 2933 ut
3452 2881 3685 2950 pontifex

2153 2965 2239 3018 Dei
2270 2966 2502 3018 omnium
2526 2975 2884 3020 creaturarum
2903 2969 3085 3021 cibum
3115 2978 3329 3035 portans
3375 2969 3430 3024 in
3463 2973 3689 3027 vestibus

2151 3056 2277 3118 suis,
2311 3053 2562 3106 indicaret
2587 3052 2774 3108 cuncta
2798 3055 3031 3124 indigere
3061 3055 3420 3110 misericordia
3447 3057 3679 3113 Domini.

511 3142 708 3186 catena:
731 3143 794 3184 ex
826 3143 953 3180 auro
982 3126 1184 3189 ﬁerent,
1209 3140 1325 3194 qua
1352 3127 1418 3199 ob
1443 3126 1881 3194 pulchritudinem
1908 3129 2040 3180 ﬁbu-

2159 3143 2229 3195 De
2260 3141 2588 3196 feminalibus
2620 3142 2772 3197 lineis
2795 3145 2894 3198 hoc
2914 3121 3098 3199 solent
3123 3145 3300 3200 dicere
3328 3163 3342 3198 :
3368 3148 3507 3200 ratio
3529 3150 3686 3201 serui-

518 3223 583 3274 lis
611 3223 779 3274 aureis
810 3226 1127 3286 tegerentur.
1175 3216 1241 3268 Et
1281 3215 1530 3268 haberent
1558 3217 1859 3270 irrationale
1891 3232 2050 3282 βυρνι-

521 3313 650 3364 duos
695 3307 918 3376 majores
951 3305 1194 3370 annulos,
1242 3304 1329 3373 qui
1363 3306 1549 3358 vicinis
1598 3305 2040 3373 snperlmmeralis

518 3407 690 3459 aureis
738 3409 1086 3457 necterentur.
1118 3401 1181 3453 Et
1224 3399 1474 3452 deorsum
1522 3399 1652 3451 alios
1704 3399 1858 3452 duos.
1912 3398 2040 3452 Nam

520 3505 636 3564 post
657 3506 853 3561 tergum
876 3505 1001 3544 vero
1029 3489 1081 3542 in
1108 3487 1523 3555 superhumerali
1563 3495 1744 3540 contra
1783 3495 1961 3553 pectus
1991 3494 2046 3539 et

522 3580 850 3636 stomachum
877 3594 940 3632 ex
983 3585 1206 3642 utroque
1247 3575 1411 3629 latere
1460 3584 1610 3627 erant
1660 3575 1835 3628 annuli
1883 3573 2045 3638 aurei,

524 3672 612 3741 qui
658 3668 856 3724 catenis
899 3681 1015 3721 cum
1065 3665 1282 3717 rationis
1330 3664 1661 3717 inferioribus
1688 3663 1891 3717 annulis
1920 3677 2047 3716 con-

516 3760 862 3830 iungebantur
904 3767 1060 3822 atque
1087 3753 1560 3816 connectebantur;
1587 3762 1741 3819 atque
1773 3753 1839 3805 ita
1886 3751 2048 3806 facie-

522 3849 628 3910 bat,
657 3856 711 3898 ut
731 3860 794 3900 ex
825 3844 1098 3905 rationale,
1142 3851 1193 3894 et
1223 3841 1745 3906 desuperhumerale,
1779 3841 1842 3893 de
1885 3844 2046 3892 ratio-

525 3937 642 3990 nale
680 3935 1046 4001 iungerentur,
1087 3941 1175 3984 aut
1221 3944 1607 3997 COiIPlnrelllur,
1655 3933 1722 3983 ita
1755 3939 1809 3982 nt
1837 3931 1945 3982 haec
1973 3929 2046 3982 si-

524 4025 629 4079 mul
658 4027 932 4090 conjuncta
986 4035 1161 4074 coram
1192 4020 1480 4074 videntibus
1517 4036 1615 4074 una
1656 4029 1856 4074 textura
1900 4033 2050 4087 puta-

526 4125 689 4169 retur.
743 4111 941 4166 Octava
987 4121 1068 4163 est
1118 4109 1306 4164 lamina
1355 4125 1535 4175 aurea,
1567 4111 1616 4163 in
1665 4125 1764 4176 qua
1794 4109 2047 4178 scriptum

525 4204 636 4257 sive
657 4203 914 4268 sculptum
942 4210 1020 4254 cst
1049 4214 1236 4253 nomen
1271 4198 1473 4251 Domini
1504 4197 1776 4259 llebraice,
1801 4198 2051 4252 videlicet

524 4298 749 4358 quatuor
779 4289 968 4339 litteris
1009 4286 1298 4348 llebraicis,
1332 4285 1466 4350 lotb,
1496 4295 1549 4336 et
1578 4285 1670 4348 lle,
1702 4296 1756 4338 et
1783 4285 1908 4336 Van.
1943 4285 2051 4337 lioc

525 4390 683 4441 super
735 4373 965 4441 piliolum
999 4374 1214 4435 lineum,
1261 4383 1314 4424 et
1361 4371 1461 4424 hoc
1506 4385 1780 4424 commune
1808 4371 2048 4424 omnibus

524 4462 881 4519 sacerdotibus
901 4476 999 4515 est.
1034 4460 1087 4516 In
1109 4461 1352 4528 pontifice
1375 4461 1489 4528 plus
1527 4461 1768 4526 additur;
1801 4461 1851 4514 in
1876 4460 2048 4516 fronte

526 4559 650 4608 vitta
707 4553 1060 4624 hyacinthina,
1121 4561 1332 4620 totaque
1377 4551 1704 4619 pulchxitudo
1762 4551 2044 4617 poiitillcis.

531 4645 731 4698 llebra-i
780 4646 978 4708 dicunt,
1024 4651 1242 4710 quatuor
1284 4642 1489 4716 colores
1530 4652 1751 4709 quatuor
1794 4643 2049 4695 elementa

523 4732 834 4799 signiﬁcare,
864 4746 924 4784 ex
973 4731 1212 4782 universa
1261 4729 1575 4782 consistunt.
1623 4729 1839 4798 Byssum
1890 4739 2049 4782 teme

524 4825 819 4889 tli-pntazur,
869 4823 985 4888 quia
1033 4836 1098 4873 es
1147 4830 1284 4873 terra
1329 4819 1590 4887 gignitur;
1626 4833 1848 4886 purpura
1893 4820 2044 4881 mari,

525 4910 646 4979 quia
674 4923 736 4961 ex
770 4908 855 4959 illa
880 4908 1124 4960 cocliolus
1150 4908 1398 4974 tingitur;
1434 4907 1747 4975 hyacinthus
1775 4908 1880 4960 aeri
1905 4921 2054 4974 pror-

525 5012 638 5060 sus,
680 4997 750 5050 ob
771 4995 962 5049 coloris
989 4994 1380 5048 similitudinem
1412 5011 1425 5046 :
1460 5008 1650 5047 cnecus
1678 4994 1780 5060 igni
1830 5004 1882 5046 ot
1927 4993 2054 5046 aeri.

529 5086 630 5141 l’to
650 5098 814 5138 cocco
855 5081 999 5150 juxta
1046 5079 1282 5134 Latinum
1328 5082 1590 5149 eloquium
1626 5081 1762 5149 apud
1811 5081 2057 5134 llehraaos

527 5170 770 5234 tbothati,
799 5169 848 5220 id
881 5175 962 5221 est
983 5167 1296 5220 vermiculus
1322 5167 1598 5230 scribitur;
1630 5178 1682 5221 et
1705 5170 1902 5236 justum
1935 5179 2054 5218 esse

521 5266 915 5311 commemorat.
950 5266 1006 5308 ut
1037 5255 1266 5322 pontifex
1319 5256 1575 5315 omnium,
1607 5266 1893 5308 creatorem
1944 5268 2046 5306 non

524 5345 690 5397 solum
721 5361 814 5411 pro
849 5344 1026 5409 Israel,
1060 5344 1148 5397 sed
1203 5354 1296 5409 pro
1344 5345 1587 5396 universo
1637 5345 1831 5397 mundo
1881 5350 2045 5410 roget.

523 5429 784 5497 Siquidem
813 5445 876 5482 ex
905 5439 1062 5493 terra,
1091 5441 1144 5483 et
1169 5444 1323 5496 aqua,
1349 5439 1409 5482 et
1428 5443 1573 5491 aere,
1597 5441 1646 5482 et
1678 5430 1801 5498 igni,
1827 5429 2050 5483 mundus

525 5530 622 5572 tate
649 5525 954 5575 consistunt.
983 5526 1036 5569 et
1072 5518 1346 5571 elente'ula.
1387 5518 1616 5571 Primum
1647 5530 1728 5572 est
1763 5521 2049 5572 vestimen-

526 5615 634 5662 tum
664 5605 876 5663 lineum,
907 5611 1097 5658 terram
1142 5604 1432 5673 signiﬁcat:
1484 5608 1773 5663 secundum
1823 5606 2047 5676 hyacin-

2154 3249 2272 3286 mun
2304 3245 2354 3286 et
2393 3233 2749 3302 generationis
2792 3233 2857 3288 ad
2905 3249 3118 3291 carnem
3167 3237 3418 3306 pertinet,
3451 3245 3505 3290 et
3537 3248 3689 3291 teme

2148 3323 2424 3392 deputatur
2449 3337 2542 3392 per
2569 3324 2733 3378 illam.
2765 3324 2928 3380 Terra
2977 3327 3140 3392 enim,
3183 3328 3384 3398 inquit,
3426 3343 3508 3395 es,
3543 3338 3598 3381 et
3640 3330 3686 3380 in

2153 3421 2350 3466 terram
2382 3413 2502 3467 ibis.
2534 3411 2755 3467 Causam
2785 3413 2940 3482 huius
2964 3415 3063 3478 rei,
3101 3417 3366 3484 quomodo
3390 3419 3460 3471 de
3489 3419 3690 3487 pr'ia-

2149 3501 2295 3555 simis
2333 3501 2620 3556 seminibus
2650 3513 2704 3558 et
2731 3503 3016 3560 fedissimis
3060 3505 3222 3560 initiis
3265 3515 3371 3560 tota
3419 3507 3688 3562 hominum

2151 3593 2429 3647 multitudo
2465 3600 2519 3647 et
2553 3595 2790 3649 omnium
2831 3611 3006 3650 rerum
3051 3597 3380 3666 pulchritudo
3422 3611 3691 3664 nascatur,

2148 3695 2270 3736 esse
2292 3682 2592 3738 obvolutam
2610 3723 2625 3747 ,
2650 3693 2704 3738 et
2729 3685 2968 3741 humanis
2991 3689 3157 3743 oculis
3183 3703 3285 3743 non
3314 3680 3513 3759 patere.
3543 3691 3691 3745 lavo.

2151 3769 2243 3822 luti
2275 3771 2433 3823 nimia
2461 3772 2782 3826 obscuritate
2808 3774 3155 3840 spiritualium
3204 3789 3680 3840 sacramentorum,

2150 3856 2431 3929 brevitates
2475 3857 2799 3914 excedimus.
2838 3861 3014 3915 Aaron
3055 3879 3182 3916 vero
3207 3864 3538 3920 sacerdoti-ru
3570 3884 3679 3920 nta-

2154 3958 2315 4012 gnum
2348 3945 2600 3998 viviﬁcat.
2631 3946 2724 3999 Cui
2750 3947 2960 4015 dicitur,
2988 3947 3064 4001 'l'u
3089 3964 3148 4003 es
3174 3952 3422 4005 sacerdos
3449 3954 3500 4006 in
3531 3965 3687 4007 ater.

2151 4045 2296 4083 num.
2331 4029 2502 4086 Vestis
2534 4032 2894 4088 sacerdotalis.
2944 4035 3178 4089 Ecclesia
3219 4048 3322 4093 est.
3367 4037 3682 4102 Feminalia.

2149 4121 2337 4188 quibus
2366 4125 2660 4177 verecunda
2687 4125 2944 4188 celantur,
2977 4124 3075 4180 hoc
3117 4125 3411 4195 signiﬁcare
3449 4141 3690 4196 pinsum,

2149 4212 2286 4278 quod
2319 4211 2610 4267 castitatem
2641 4223 2695 4266 ct
2735 4212 3085 4282 integritatem
3108 4213 3300 4270 Christi
3330 4216 3570 4271 Ecclesia
3601 4221 3691 4271 ha.

2153 4300 2276 4353 Ιιιτθ
2319 4299 2497 4354 debet.
2529 4301 2844 4354 Sacerdotes
2897 4318 2999 4356 non
3041 4304 3306 4370 accipiunt
3344 4317 3545 4368 vestes.
3593 4307 3691 4359 nisi

2154 4389 2293 4453 prius
2346 4388 2520 4441 lavant
2557 4403 2750 4444 mores.
2801 4389 2988 4446 Vinum
3023 4393 3177 4452 enim
3226 4408 3417 4448 novum
3447 4397 3498 4448 in
3547 4409 3692 4451 vitm

2152 4481 2329 4530 novos
2358 4479 2487 4532 mitti
2525 4478 2703 4544 detiet,
2744 4483 2863 4547 quia
2885 4481 3017 4547 legis
3047 4485 3320 4550 praeeptis
3347 4483 3568 4538 lavandi
3599 4502 3690 4540 sn-

2155 4582 2283 4620 mus.
2317 4567 2381 4621 Et
2408 4583 2524 4621 cum
2561 4571 2763 4622 tunicas
2791 4569 3212 4636 deposuerimus,
3242 4582 3364 4624 tunc
3410 4572 3684 4627 induimur

2155 4657 2482 4709 vestimentis
2515 4655 2726 4718 Christi,
2759 4656 2959 4725 purgati
2987 4657 3260 4724 baptismo.
3291 4659 3486 4715 Tunica
3506 4673 3688 4717 autem

2151 4743 2286 4796 linea
2333 4743 2562 4810 poderis,
2596 4745 2646 4797 id
2672 4755 2771 4807 est,
2798 4747 3005 4812 talaria,
3050 4748 3428 4802 humanitatem
3470 4751 3693 4816 Christi.

2155 4843 2273 4897 quin
2295 4833 2361 4883 de
2390 4839 2525 4884 terra
2554 4841 2655 4896 est,
2685 4832 2960 4900 signiﬁcat.
3014 4833 3200 4887 Linum
3243 4836 3385 4889 enim
3434 4837 3508 4888 de
3546 4847 3690 4892 terra

2158 4918 2323 4971 oritur
2371 4919 2532 4972 :sive
2579 4921 2748 4974 tunica
2797 4920 2934 4975 linea
2979 4936 3174 4990 corpus
3227 4936 3322 4988 per
3373 4920 3692 4991 baptismum

2157 5006 2488 5060 candidatum
2536 5008 2810 5076 signiﬁcat.
2839 5007 3042 5080 Cinguli
3067 5023 3175 5076 quo
3217 5008 3548 5065 sacerdotale
3598 5027 3688 5082 pn-

2155 5104 2269 5147 clus
2292 5096 2685 5164 constringitur,
2731 5097 2936 5150 Chorus
2981 5106 3299 5161 sanctorum,
3348 5097 3439 5162 qui
3488 5102 3692 5152 uisitata

2157 5181 2274 5236 ﬁdei
2304 5179 2567 5237 Christum
2597 5185 2998 5249 amplectuntur.
3031 5183 3256 5237 Cidarim
3283 5200 3428 5251 vero,
3455 5186 3558 5242 hoc
3585 5197 3690 5252 est.

2157 5270 2734 5340 thiaram,splendorem
2765 5272 3050 5326 divinitatis
3071 5273 3434 5344 intelligimus,
3466 5285 3527 5329 ut
3552 5291 3689 5331 IIII

2153 5370 2305 5424 atque
2331 5360 2464 5413 idem
2492 5361 2772 5414 secundum
2803 5361 3064 5413 hominem
3115 5363 3365 5430 pondere,
3393 5362 3694 5418 aemulum

2156 5447 2371 5501 cidarim
2401 5457 2615 5503 ornatus
2641 5464 2758 5504 esse
2783 5449 3052 5515 videatur;
3097 5454 3188 5506 sed
3213 5463 3268 5506 et
3295 5467 3393 5507 nos
3419 5466 3546 5520 qua
3575 5464 3695 5520 p05-

2155 5552 2334 5593 sumus
2355 5539 2528 5594 dicere
2560 5561 2572 5592 :
2623 5540 2887 5608 Sigmmmt
2906 5551 2976 5592 est
3000 5557 3149 5609 super
3173 5559 3266 5596 stos
3311 5543 3484 5596 tam
3519 5547 3695 5595 unus

2157 5630 2250 5697 tui,
2284 5626 2513 5681 Domine.
2563 5627 2710 5684 Tunc
2736 5637 2910 5682 autem
2943 5627 3025 5684 illa
3064 5629 3426 5701 hyacinthina,
3471 5629 3691 5688 intelle-
