3872 6262
202 347 307 403 529

1008 346 1069 399 IN
1109 340 1661 399 PENI‘ATEUCHUM
1702 338 2191 397 COMMENTARII.
2231 367 2297 376 -
2340 335 2627 429 EiiODUS-

3296 328 3395 384 55f)

196 467 317 514 ctus
338 454 628 512 caelestium
651 461 749 507 est.
780 452 1159 522 llyacinthinus
1178 466 1333 507 aereo
1361 450 1540 505 colore
1562 450 1742 518 Splcn-
1773 464 1820 520 Α
1852 446 2086 500 Domino.
2118 446 2219 499 lslc
2244 461 2367 513 ergo
2395 447 2555 500 semel
2586 446 2641 499 in
2682 453 2769 497 sto
2794 459 2934 496 anno
2966 445 3017 495 in
3049 443 3133 497 die
3162 445 3397 513 proposi-

198 549 312 614 det,
341 556 398 601 ut
424 556 604 600 sancta
640 544 873 599 Ecclesia
904 544 992 598 illa
1020 560 1135 614 qum
1163 558 1372 600 sursum
1399 551 1522 597 sunt
1548 542 1746 611 sapiat,

200 637 247 692 si
267 638 595 693 conversatio
625 635 764 689 illius
794 636 845 688 in
872 635 1021 690 catlis
1046 644 1148 690 est.
1172 635 1302 689 Mala
1321 635 1509 704 punica
1551 644 1749 697 autem,

204 724 455 779 unitatem
489 724 736 778 Ecclesia
766 722 1123 777 denuntiatur.
1165 723 1294 778 Nam
1340 724 1475 777 sicut
1514 723 1566 775 in
1616 723 1753 776 malo

204 813 415 880 punico.
462 826 566 865 uno
610 811 838 865 exterius
868 811 1092 876 cortice,
1125 811 1286 865 multa
1324 810 1545 865 interius
1589 824 1751 879 grana

204 898 510 953 muniuntur
541 916 553 951 :
583 900 659 953 sic
688 900 991 954 innumeros
1024 899 1245 968 populos
1275 908 1474 955 sancta:
1504 899 1753 954 Ecclesia:

201 995 486 1057 cotvgreget
514 986 708 1053 unitas,
757 1001 890 1057 quos
918 990 1059 1042 intus
1087 988 1363 1043 diversitas
1408 1001 1627 1055 operum
1672 998 1753 1041 te-

208 1086 323 1130 net.
374 1075 747 1131 Tintinuabula
793 1086 970 1131 autem
1018 1077 1155 1132 inter
1183 1077 1316 1131 mala
1345 1087 1583 1146 grauata,
1634 1091 1756 1144 pro-

202 1165 378 1233 pheta:
423 1173 481 1220 et
521 1166 685 1220 sancti
714 1165 958 1222 doctores
986 1168 1038 1221 in
1071 1166 1246 1222 medio
1299 1166 1547 1223 Ecclesia:
1590 1168 1751 1223 collo-

202 1257 309 1310 cati
343 1273 356 1308 :
386 1255 499 1310 hac
540 1255 887 1311 tintinnabula
920 1258 971 1312 in
1007 1258 1189 1313 ultima
1221 1268 1371 1327 parte
1399 1260 1587 1314 vestita
1611 1270 1755 1326 sunt,

204 1344 345 1398 unde
387 1343 453 1399 de
505 1346 609 1400 fine
654 1344 810 1414 hujus
852 1345 1031 1399 mundi
1076 1354 1132 1401 et
1186 1345 1363 1399 futuro
1414 1362 1626 1415 semper
1651 1347 1756 1406 disc

203 1441 410 1502 putant.
470 1433 914 1515 Superbumerale
970 1442 1144 1488 autem
1196 1434 1483 1490 Salvatoris
1531 1434 1759 1490 insinuat

100 1598 109 1606 .
203 1522 492 1591 potentiam
522 1531 575 1577 et
599 1537 841 1593 regnum,
874 1524 1025 1592 cujus
1071 1524 1421 1592 principatum
1451 1539 1609 1591 super
1660 1524 1757 1579 bu-

205 1625 410 1666 merum
437 1612 573 1665 illius
602 1628 617 1665 :
649 1620 969 1685 possuntque
1018 1612 1453 1680 superhumerale
1503 1622 1557 1667 et
1599 1612 1759 1667 ratio-

204 1700 329 1755 nale
366 1714 528 1768 opera
571 1710 770 1767 nostra,
819 1710 872 1756 et
900 1704 1034 1756 ratio
1062 1701 1299 1769 intelligi.
1330 1700 1442 1755 Duo
1470 1701 1667 1771 lapides
1695 1703 1759 1755 ad

1857 538 2015 591 tionis
2044 535 2205 589 intrat
2246 533 2297 597 in
2326 543 2507 587 sancta
2532 542 2830 587 sanctorum
2860 549 2871 584 :
2919 530 2969 585 id
3000 540 3091 584 est,
3137 532 3399 599 completa

1852 626 2195 695 dispositione
2218 625 2508 693 penetravit
2531 623 2719 685 ctelos,
2750 623 2954 674 intrans
2992 619 3057 673 ad
3080 620 3310 683 Patrem,
3341 629 3398 672 ut

1852 718 1995 772 illum
2029 720 2308 787 propit'um
2335 714 2514 784 generi
2547 716 2776 767 humano
2807 711 2962 765 faciat
2994 728 3006 762 :
3035 710 3204 779 ipsum
3246 710 3388 763 enim

1852 811 2160 865 advocatum
2190 810 2443 863 habemus
2472 810 2608 875 apud
2629 805 2858 860 Patrem.
2887 805 3016 858 Cum
3040 814 3216 858 autem
3257 804 3398 872 Moy-

1852 914 1937 954 ses
1974 898 2140 952 induit
2169 900 2345 952 Aaron
2372 897 2454 950 his
2481 895 2831 960 vestimentis,
2857 893 2927 971 de
2954 892 3288 947 feminalibus
3314 892 3395 944 ni-

1855 989 1927 1043 hil
1953 988 2225 1056 adjiciatur
2256 1005 2268 1038 :
2299 987 2368 1041 ob
2416 987 2551 1040 hanc
2596 984 2829 1039 arbitror
2868 996 3108 1048 causam,
3160 982 3301 1049 quod
3330 984 3396 1034 ad

1853 1077 2097 1146 genitalis
2135 1084 2311 1129 nostra
2337 1074 2425 1130 Iex
2458 1089 2561 1128 non
2594 1074 2758 1127 mittit
2794 1086 3029 1133 manum,
3058 1072 3150 1125 sed
3197 1071 3294 1139 ipsi
3323 1070 3429 1125 seo‘

1854 1165 2082 1221 cretiora
2114 1172 2291 1233 tegere
2319 1171 2373 1217 et
2395 1163 2571 1216 velare
2592 1159 2865 1215 debemus.
2902 1158 2976 1211 De
3000 1156 3117 1210 aliis
3134 1157 3275 1211 enim
3297 1157 3405 1210 vir-

1856 1254 2072 1320 tutibus,
2110 1253 2254 1309 verbi
2286 1253 2471 1323 gratia,
2500 1250 2775 1320 sapientia,
2806 1247 3129 1311 fortitudine,
3153 1245 3376 1315 justitia,

1857 1352 2075 1412 possunt
2093 1350 2147 1398 et
2173 1341 2260 1396 alii
2284 1341 2592 1410 dijudicare.
2626 1338 2934 1394 Pudicitiam
2958 1337 3069 1392 sola
3098 1336 3243 1391 novit
3270 1350 3399 1391 con-

1856 1434 2092 1497 scientia,
2126 1442 2181 1487 et
2210 1432 2421 1485 humani
2452 1431 2589 1485 oculi
2618 1431 2691 1484 rei
2722 1439 2865 1484 certe
2907 1428 3113 1497 judices
3148 1442 3266 1483 esse
3295 1446 3397 1484 non
3440 1459 3446 1465 -

1858 1531 2097 1592 possunt,
2137 1522 2335 1591 absque
2379 1520 2444 1574 iis
2477 1520 2563 1587 qui
2605 1533 2752 1573 more
2782 1518 3056 1572 brutorum
3098 1518 3411 1572 animalium

1859 1612 2053 1681 passim
2079 1612 2282 1667 libidini
2328 1608 2584 1680 suppositi
2614 1617 2754 1662 sunt.
2802 1607 3087 1675 Apostolus
3122 1606 3187 1661 de
3228 1606 3404 1675 virgi-

1859 1704 2010 1758 nibus
2038 1719 2051 1755 :
2086 1700 2398 1769 Prwceptum
2430 1698 2637 1754 Domini
2672 1714 2771 1751 non
2799 1698 2980 1759 habeo;
3006 1697 3156 1764 quasi
3186 1704 3239 1750 et
3264 1696 3409 1766 Moy-

203 1789 473 1851 dextram,
524 1790 787 1858 Ecclesia,
837 1801 929 1844 aut
973 1791 1079 1845 duo
1108 1782 1313 1859 populi'
1341 1801 1481 1845 sunt.
1535 1790 1758 1846 Gentilis
1793 1796 1834 1855 Β
1858 1804 1944 1846 ses
1972 1792 2213 1858 loquatur
2241 1807 2254 1841 :
2284 1786 2632 1843 Feminalibus
2659 1802 2747 1856 ego
2768 1802 2867 1839 non
2891 1786 3066 1851 vestio,
3095 1801 3185 1840 nec
3206 1785 3410 1854 impono

204 1878 411 1939 dexter.
446 1878 695 1933 Judaicus
723 1880 939 1933 sinister
967 1896 979 1931 :
1024 1892 1111 1930 aut
1140 1879 1383 1933 Christus
1420 1890 1472 1934 et
1506 1880 1755 1943 Ecclesia,

202 1973 299 2017 aut
321 1967 535 2034 spiritus
563 1976 617 2021 et
663 1967 858 2020 littera.
911 1964 1189 2021 Rationale
1231 1974 1403 2020 autem
1436 1977 1645 2031 pectore
1669 1982 1762 2021 su-

164 2058 569 2124 .perpositum,
612 2063 871 2122 quaterno
920 2053 1151 2123 lapidum
1196 2054 1388 2109 ordine
1432 2053 1756 2119 distinctum,

208 2159 513 2201 sermonem
542 2145 732 2214 figurat
754 2144 1148 2213 Evangelicum,
1181 2143 1298 2211 quia
1325 2143 1650 2213 quadruplici
1675 2159 1760 2197 or-

205 2235 338 2288 dine
390 2233 681 2288 doctrinam
730 2231 959 2285 veritatis
1000 2230 1153 2285 nobis
1202 2231 1453 2301 exponit:
1487 2230 1759 2286 duodecim

112 2348 125 2362 ι
210 2322 426 2376 nomina
449 2319 729 2391 descripta.
761 2320 1185 2374 Patriarcharum
1198 2320 1442 2387 exempla
1464 2330 1761 2374 sanctorum

206 2412 565 2480 apostolorum
597 2422 719 2464 sunt
746 2411 810 2463 ad
844 2408 1151 2463 imitandum
1185 2410 1370 2477 posita.
1413 2408 1563 2474 Quod
1584 2415 1759 2462 autem

205 2501 401 2569 duplex
431 2498 684 2553 rationale
708 2508 811 2564 est,
836 2492 1119 2568 significat,
1150 2498 1286 2567 quod
1328 2498 1641 2568 Evangelica
1669 2499 1763 2553 do-

205 2588 377 2640 ctrina
405 2596 607 2654 operta,
632 2596 687 2641 et
714 2586 1042 2650 abscondita,
1072 2594 1125 2640 et
1153 2587 1393 2654 simplex,
1429 2596 1482 2640 et
1512 2588 1760 2655 mystica;

209 2685 267 2730 et
291 2676 484 2729 lamina
525 2689 685 2730 aurea
727 2675 907 2729 rutilat
946 2673 1000 2729 in
1046 2673 1237 2730 fronte.
1270 2675 1408 2729 Nihil
1441 2676 1654 2743 prodest
1684 2692 1764 2732 re-

209 2782 328 2820 rum
353 2766 586 2819 omnium
631 2766 877 2829 eruditio,
907 2764 1010 2818 nisi
1056 2764 1147 2818 Dei
1178 2764 1396 2820 scientia
1426 2779 1761 2820 coronemur.

210 2856 477 2909 llataliter
520 2869 727 2923 quoque
754 2853 805 2907 in
839 2854 1100 2922 pontificis
1144 2854 1326 2909 habitu
1369 2867 1553 2907 aurum
1584 2854 1763 2923 fulget,

210 2942 338 2995 dum
369 2954 529 2995 sensu
579 2942 817 2995 emicat:
860 2942 945 2995 cui
995 2939 1365 3011 hyacinthinus
1413 2943 1667 3011 jungitur,
1715 2953 1771 2998 ut

211 3047 310 3101 per
335 3047 492 3087 omne
520 3031 658 3101 quod
692 3040 899 3097 tractat,
934 3045 997 3085 ac
1026 3046 1259 3086 amorem
1291 3042 1475 3105 surgat
1511 3050 1768 3104 superno-

1858 1880 2193 1936 necersitatem
2219 1878 2372 1932 alicui
2395 1894 2413 1932 :
2440 1877 2527 1945 qui
2554 1875 2661 1930 vult
2689 1892 2743 1930 se
2768 1876 2874 1942 ipse
2897 1875 3092 1930 vestiat.

2388 1964 2612 2019 CAPUT
2652 1960 2861 2016 XXXII.

1932 2054 2243 2107 Descendens
2269 2053 2435 2122 itaque
2469 2050 2671 2119 Moyses
2712 2051 2774 2103 de
2800 2041 2987 2111 "aonie,
3024 2050 3295 2117 confringit
3323 2060 3404 2101 ta-

1858 2143 2001 2197 bulas
2028 2160 2046 2197 :
2090 2143 2325 2198 iudicans
2370 2141 2637 2209 indignum
2680 2136 2930 2207 populum
2965 2136 3132 2206 legem
3162 2122 3407 2207 accipee

1862 2237 2071 2302 propter
2094 2233 2272 2287 dolum
2307 2240 2693 2285 consecratum.
2746 2229 2974 2283 Vitulum
3012 2246 3155 2298 quem
3184 2231 3406 2298 [cedant

1862 2324 2021 2377 Israel
2047 2323 2330 2389 combussit,
2357 2322 2756 2390 minutatumqtte
2794 2322 3036 2388 concidit,
3079 2332 3123 2375 et
3142 2322 3194 2375 in
3222 2338 3404 2389 aquam

1860 2429 2127 2483 spargens,
2172 2423 2342 2483 potum
2385 2413 2570 2482 populo
2613 2412 2773 2465 dedit.
2824 2411 2925 2465 l’er
2979 2426 3136 2479 quem
3186 2410 3404 2466 vitulum

1861 2519 2051 2572 corpus
2079 2504 2271 2559 diaboli
2296 2502 2577 2572 significat,
2620 2501 2670 2554 id
2701 2510 2781 2556 est
2813 2500 3045 2567 homine,
3071 2503 3261 2571 quibus
3293 2502 3407 2571 ipse

1861 2603 1941 2647 est
1977 2603 2180 2659 auctor,
2227 2590 2588 2660 significantur
2642 2589 2787 2653 mali,
2818 2604 3108 2659 aurumque
3161 2590 3410 2645 videntur

1864 2681 2168 2735 idilolatria:
2200 2680 2351 2743 ritus,
2383 2679 2467 2732 vel
2516 2693 2545 2730 a
2586 2677 2909 2744 sapientibus
2956 2678 3200 2731 instituti.
3254 2680 3403 2733 Ilnnc

1862 2784 1990 2837 ergo
2034 2768 2272 2831 vitulum,
2306 2767 2406 2820 hoc
2435 2775 2516 2820 est
2545 2780 2755 2820 omnem
2803 2766 3109 2820 societatem
3156 2769 3410 2835 gentium,

1867 2862 2092 2931 Moyses,
2142 2860 2194 2914 id
2239 2870 2341 2925 est,
2367 2857 2541 2912 divina
2595 2858 2677 2911 lex
2721 2857 3131 2914 combussirillo
3173 2862 3315 2930 igni:
3348 2862 3414 2916 de

1868 2966 1971 3022 quo
1998 2951 2210 3015 dicitur,
2242 2948 2417 3021 Ignem
2455 2948 2566 3002 veni
2590 2950 2781 3003 mittere
2812 2949 2865 3002 in
2894 2959 3082 3003 terram
3111 2966 3130 3005 :
3176 2960 3234 3006 ut
3285 2952 3411 3006 dum

1870 3049 2050 3110 gentes
2074 3038 2296 3094 credunt
2324 3038 2375 3092 in
2417 3038 2583 3103 illum,
2614 3037 2720 3105 igni
2749 3037 2956 3093 virtutis
2990 3038 3131 3094 illius
3155 3039 3413 3095 diabolica

212 3138 355 3176 rum.
388 3120 517 3174 lluic
547 3120 871 3189 admiscetur
918 3120 1108 3189 regalis
1139 3136 1387 3189 purpura,
1432 3133 1490 3176 ut
1520 3126 1762 3180 Vitiorum
1793 3114 1838 3176 C
1869 3131 1920 3184 in
1946 3130 2051 3183 illis
2092 3128 2259 3182 forma
2308 3126 2537 3181 salvator
2588 3137 2752 3183 totum
2782 3129 3177 3192 comminuitur.
3212 3130 3311 3186 hoc
3340 3144 3421 3186 est

212 3211 582 3280 snggestioues
628 3211 788 3266 veluti
837 3225 902 3265 ex
952 3222 1210 3280 potestate
1250 3215 1388 3281 regia
1437 3215 1768 3283 comprimat.

213 3298 418 3353 Coccus
443 3313 652 3368 quoque
678 3299 758 3354 bis
789 3300 984 3353 tinctus
1033 3310 1138 3364 est,
1180 3300 1432 3371 jungitur,
1467 3313 1519 3356 ut
1548 3314 1667 3357 ante
1696 3303 1774 3357 in-

216 3390 355 3443 terni
379 3388 571 3458 judicis
594 3391 773 3445 oculos
802 3389 1035 3444 omnium
1061 3390 1314 3445 virtutum
1340 3392 1475 3445 bona
1508 3393 1767 3447 decoren-

216 3488 305 3532 tur
345 3480 644 3533 charitate:
696 3479 817 3548 quia
860 3481 1110 3549 charitas,
1155 3495 1271 3548 quae
1313 3495 1340 3532 a
1371 3482 1652 3535 dilectione
1684 3482 1773 3535 Dei

212 3577 272 3622 et
301 3569 528 3637 proximi
561 3568 773 3636 pendet,
804 3578 859 3623 et
897 3569 1047 3637 quasi
1094 3569 1144 3622 in
1193 3569 1386 3635 duplici
1422 3570 1641 3639 refulget
1673 3570 1774 3623 tin-

214 3668 389 3723 etura,
414 3650 603 3712 cuibis
636 3658 800 3713 tincto
828 3673 990 3712 cocco
1028 3656 1163 3713 turta
1192 3660 1383 3729 byssus
1418 3660 1668 3730 jungitur.
1704 3664 1777 3718 De

217 3746 363 3803 terra
405 3747 544 3803 enim
589 3748 775 3817 byssus
822 3749 1010 3804 nitenti
1054 3749 1233 3817 specie
1281 3751 1469 3816 oritur,
1516 3767 1609 3819 per
1636 3754 1775 3821 quod

216 3837 451 3893 candens
491 3846 605 3903 est;
639 3849 692 3894 et
734 3838 1004 3912 mqnditize
1046 3839 1337 3907 corporalis
1385 3844 1602 3897 castitas
1638 3845 1778 3899 desi-

217 3938 435 3995 gnatur,
485 3944 603 3998 qua:
638 3939 769 3983 torta
816 3928 1191 3998 pulchritudini
1222 3926 1675 3998 superhumeralis'
1696 3934 1778 3987 in-

219 4020 451 4073 nectitur
480 4034 494 4072 :
546 4020 667 4087 quia
704 4030 826 4074 tunc
862 4021 1171 4075 castimonia
1200 4020 1266 4073 ad
1298 4020 1582 4089 perfectum
1628 4038 1779 4076 mun—

217 4111 368 4163 ditiae
389 4110 669 4163 candorem
697 4110 925 4167 ducitur.
956 4112 1089 4166 Cum
1120 4127 1211 4177 per
1255 4111 1626 4165 abstinentiam
1665 4125 1779 4165 car-

219 4212 344 4251 nem
374 4196 585 4266 affligit,
617 4197 878 4264 siquidem
929 4207 984 4250 et
1026 4199 1238 4252 baltheo
1291 4198 1646 4266 prmciugitur,
1691 4206 1782 4267 per

219 4289 364 4354 quod
395 4288 655 4343 incentiva
700 4299 750 4340 et
782 4287 1001 4341 luxuria:
1049 4289 1322 4341 libidinum
1370 4289 1779 4357 restringuntur.

219 4381 484 4435 Sacerdos
513 4388 688 4433 autem
716 4379 1112 4432 tabernaculum
1155 4377 1473 4447 ingrediens,
1512 4378 1561 4430 in
1606 4380 1781 4433 tunica

222 4468 593 4521 tintinnabulis
622 4469 868 4531 ambitur,
915 4478 969 4520 ut
1020 4481 1204 4519 vocem
1254 4465 1640 4533 praedicationis
1685 4466 1778 4518 ha-

221 4559 372 4619 beat,
404 4572 597 4609 novum
628 4558 850 4623 pectoris
878 4558 1089 4624 superni
1113 4556 1365 4625 judicium
1394 4554 1601 4607 silentio
1622 4553 1780 4607 offen-

220 4626 339 4699 dat.
368 4634 555 4698 Malum
582 4658 790 4711 quoque
833 4647 1079 4711 punicum
1128 4645 1363 4714 jungitur
1392 4643 1773 4710 tintinnabulis,

223 4744 284 4786 ut
318 4748 406 4799 per
458 4731 545 4784 illa
590 4729 845 4782 doctrina:
893 4731 1011 4783 fidei
1064 4732 1234 4784 unitas
1276 4732 1596 4799 designetur.
1630 4732 1778 4796 Quod

221 4831 404 4875 autem
449 4823 499 4874 in
531 4822 694 4888 pritna
730 4828 876 4882 parte
910 4820 1235 4872 tabernaculi
1281 4823 1516 4889 quotidie
1546 4824 1778 4891 pontifex

222 4911 300 4963 ob
324 4910 670 4964 immolandas
698 4909 893 4961 hostias
918 4908 1169 4973 introivit,
1203 4910 1447 4963 instantia
1476 4913 1626 4965 nobis
1650 4929 1778 4980 quo-

223 4997 420 5051 tidiana
454 4998 769 5065 pracipitur,
797 5007 851 5049 ut
878 4997 1224 5050 confessionis
1250 5006 1303 5050 et
1348 4998 1515 5051 laudis
1544 5002 1779 5067 quotidie

226 5100 330 5139 nos
358 5086 629 5151 Spirituale
659 5087 973 5140 sacrificiqu
1015 5086 1318 5151 offeramus,
1354 5086 1401 5140 id
1432 5096 1531 5151 cst,
1566 5090 1777 5143 humili-

223 5182 393 5229 tatem
433 5173 482 5226 itt
527 5178 763 5229 castitate
792 5178 1080 5230 animarum
1106 5184 1423 5231 nostrarum.
1457 5178 1778 5245 Sacriﬁcium

225 5264 372 5318 enim
406 5262 509 5316 Deo
526 5263 733 5332 spiritus
760 5266 1147 5318 contribulatus.
1177 5266 1323 5332 Quod
1346 5274 1517 5320 autem
1538 5270 1699 5321 semel
1728 5271 1776 5323 iu

224 5352 799 5421 atmoingrediebatur,
822 5356 1007 5409 relicto
1041 5358 1253 5424 pupulo,
1288 5356 1337 5407 in
1372 5367 1549 5409 sancta
1581 5369 1780 5411 sancto-

224 5457 385 5507 rum,
412 5442 669 5512 significat
700 5443 995 5508 pontificem
1023 5458 1257 5501 nostrum
1286 5448 1459 5502 Iesum
1490 5448 1775 5513 Chri~tum,

224 5533 319 5602 qui
345 5532 393 5585 in
424 5546 580 5586 carne
605 5531 806 5598 positus
823 5542 923 5597 est,
958 5544 1146 5589 etcum
1175 5539 1363 5605 populo
1396 5554 1484 5601 ter
1506 5547 1666 5591 totum
1700 5554 1780 5591 au-

226 5638 358 5678 stum
392 5642 402 5675 :
432 5624 498 5677 de
523 5639 627 5692 quo
656 5624 904 5686 Scriptum
939 5635 1036 5690 est,
1078 5627 1271 5684 Vocare
1301 5633 1496 5702 Agitant
1520 5641 1779 5699 acrep'um

510 5736 587 5793 ΡΑ
606 5753 774 5795 ιιιυι..
812 5736 963 5796 Xlll.

1869 3218 1953 3272 illa
1984 3218 2121 3272 mala
2154 3218 2351 3271 unitate
2380 3217 2672 3271 discessum
2697 3216 3029 3281 humiliatur;
3064 3228 3117 3271 ct
3146 3219 3197 3272 in
3222 3233 3414 3285 aquam

1872 3306 2115 3370 mittitur,
2148 3315 2206 3359 ut
2260 3306 2344 3359 hic
2372 3304 2585 3367 vitulus,
2616 3304 2668 3357 id
2712 3311 2794 3356 est
2825 3304 3065 3359 homines
3094 3305 3182 3372 qui
3213 3305 3410 3360 idolum

1870 3396 2069 3448 colunt.
2095 3393 2363 3458 Israelita,
2397 3392 2449 3446 id
2478 3401 2560 3446 est
2583 3393 2752 3447 sancti
2782 3394 3182 3463 praedicatores,
3206 3397 3295 3464 qui
3318 3396 3412 3452 ba-

1872 3484 2114 3549 ptismum
2141 3480 2192 3534 in
2214 3496 2308 3534 sua
2339 3483 2593 3546 membra,
2620 3482 2721 3537 hoc
2748 3493 2830 3537 est
2867 3482 2919 3537 in
2949 3482 3278 3539 Dominicum
3299 3501 3418 3541 cor-

1874 3584 1969 3636 pus
2021 3570 2365 3625 transferunt.
2423 3570 2710 3626 Sciendum
2776 3579 2881 3638 est,
2932 3572 3071 3642 quod
3129 3576 3417 3629 secundum

1876 3656 2169 3724 historiam,
2200 3656 2321 3714 ideo
2349 3659 2558 3729 Moyses
2583 3661 2722 3715 hunc
2763 3660 2982 3715 vitulum
3014 3663 3206 3731 populo
3235 3664 3286 3717 in
3330 3680 3421 3733 po-

1872 3756 1983 3801 tum
2039 3750 2369 3813 transmisit,
2419 3751 2569 3818 quasi
2600 3750 2653 3804 in
2704 3759 2936 3814 terram,
2993 3751 3074 3805 vel
3130 3751 3183 3805 in
3233 3768 3421 3821 aquam

1878 3837 2154 3905 ignemque
2192 3838 2521 3905 projecisset.
2543 3838 2675 3892 Illud
2706 3840 2950 3893 nimirum
2981 3840 3099 3906 fuit,
3125 3851 3179 3894 ut
3206 3842 3293 3896 ille
3324 3857 3420 3910 po-

1880 3926 2031 3992 pulus
2073 3926 2383 3981 idololatrian
2424 3928 2656 3991 deditus,
2709 3928 2807 3981 hoc
2844 3942 2937 3995 per
2966 3938 3129 3982 totum
3161 3928 3215 3983 in
3255 3944 3427 3983 seces-

1878 4029 1995 4069 sum
2024 4015 2170 4068 illum
2217 4017 2428 4081 misere,
2459 4025 2513 4068 ut
2538 4026 2773 4069 stercora
2803 4032 2895 4069 sua
2923 4016 3144 4072 adorare
3170 4019 3423 4087 dedigna-

1882 4116 2077 4160 rcntur.
2109 4104 2253 4163 Quod
2280 4113 2452 4159 autem
2488 4106 2680 4158 multos
2704 4119 2767 4157 ex
2804 4104 2888 4159 his
2917 4106 3005 4175 qui
3034 4106 3229 4160 idolum
3262 4108 3424 4161 fabri-

1880 4203 2152 4259 caverunt,
2177 4192 2335 4262 jussit
2386 4194 2588 4263 Moyses
2630 4193 2891 4259 interimi;
2922 4194 3094 4262 signat
3135 4197 3312 4251 talium
3344 4199 3421 4251 vi-

1884 4286 2074 4338 tiorum
2138 4298 2339 4348 necem,
2413 4284 2602 4352 quibus
2651 4283 2715 4336 ad
2783 4283 3022 4338 eamdem
3080 4285 3427 4340 idololatriam

1885 4373 2250 4427 defluxerunt:
2284 4373 2333 4425 in
2364 4373 2482 4433 talia
2526 4387 2752 4441 namque
2782 4373 2903 4427 \‘itia
2939 4378 3128 4430 smvire
3158 4391 3252 4429 nos
3281 4377 3429 4443 juhet

1816 4435 2185 4527 DApostolus.
2236 4460 2557 4528 Mortiﬁcate,
2605 4435 2791 4530 inquit,
2840 4463 3057 4517 membra
3117 4435 3434 4534 vestra'qutc

1881 4559 1995 4602 sunt
2045 4564 2195 4618 super
2244 4559 2447 4609 terram,
2497 4549 2883 4615 forniCrtlionem
2927 4558 2975 4602 et
3036 4554 3429 4606 immunditiam.

1883 4640 1920 4691 Α
1948 4647 2092 4707 porta
2114 4654 2227 4690 vero
2249 4652 2399 4705 usque
2421 4638 2488 4688 ad
2515 4646 2715 4705 portam
2759 4638 2911 4690 iristi.
2957 4640 2999 4691 Δ
3027 4640 3151 4694 vitio
3176 4656 3338 4710 usque
3366 4644 3429 4695 ad

1882 4729 2085 4792 vitium,
2118 4741 2212 4795 per
2240 4726 2378 4795 quod
2411 4726 2473 4778 ad
2502 4733 2729 4779 tuentem
2762 4740 2906 4780 mors
2932 4729 3126 4783 nitatur
3164 4746 3284 4785 cum
3321 4734 3432 4799 gla-

1883 4819 1970 4873 dio
2017 4818 2383 4885 iucrepationis
2452 4816 2771 4871 discurrere.
2839 4820 2940 4872 Sed
3001 4807 3115 4887 ipse
3175 4838 3424 4875 numerus

1886 4914 2040 4964 trium
2087 4908 2305 4962 millium
2357 4905 2745 4959 interfectorum
2788 4909 3043 4972 triplicem
3086 4909 3303 4962 formam
3357 4912 3431 4961 in-

1882 5001 2021 5053 dicat
2047 4998 2427 5067 imperitorum.
2460 4997 2627 5050 Omne
2658 4997 2796 5050 enim
2830 5008 3094 5065 peccatum
3126 5008 3214 5052 aut
3243 5013 3421 5066 opere,

1883 5092 1963 5144 vel
1996 5090 2176 5156 verbo,
2206 5087 2287 5141 vel
2323 5086 2638 5154 cogitatione
2670 5086 3033 5142 committitur.

2405 5177 2625 5232 CAPUT
2670 5178 2899 5233 XXXIII.

1956 5270 2142 5323 Iterum
2169 5285 2287 5337 ergo
2316 5269 2535 5321 ascendit
2565 5266 2763 5333 Moyses
2792 5267 2842 5318 in
2871 5276 3107 5333 montem,
3136 5282 3179 5322 et
3212 5287 3430 5326 secunao

1882 5360 2071 5427 accepit
2123 5360 2299 5427 legem.
2363 5356 2573 5408 Priorcs
2641 5354 2830 5408 tabula:
2883 5372 2999 5422 qua:
3055 5358 3232 5414 fractm
3288 5377 3429 5427 sunt,

1882 5448 2181 5517 significant
2210 5447 2435 5512 priorem
2472 5444 2666 5510 legem,
2715 5460 2831 5513 qua:
2884 5459 3097 5515 propter
3155 5468 3425 5517 liet‘t‘ulunt

1884 5539 2057 5607 populi
2112 5551 2232 5595 mox
2283 5537 2528 5592 cessavit.
2584 5534 2713 5589 Alia:
2768 5552 2893 5591 vero
2940 5556 3042 5594 non
3094 5541 3425 5612 franguntur,

1884 5628 2002 5696 quia
2031 5626 2158 5683 NOVi
2180 5624 2502 5681 Testamcnti
2530 5623 2733 5693 eloquia
2762 5635 2916 5681 crttnl
2947 5644 3304 5695 permansura.
3344 5638 3426 5688 Sic

2933 5741 2993 5798 II
