3872 6262
502 419 592 470 331

500 539 549 580 ct
578 526 802 579 secunda
832 522 1068 588 ιιι-ςενύο
1098 535 1285 575 novum
1311 519 1568 586 signiﬁcat

503 629 595 667 nes
625 614 842 666 Domino
865 617 1192 675 reputantur.
1225 607 1397 659 Prima
1430 605 1480 656 in
1515 604 1708 670 lapide,
1736 605 1967 660 secunda
1997 605 2046 658 in

503 713 656 755 terra.
699 700 812 765 Quo
839 698 1182 765 significatur,
1217 696 1334 760 quia
1365 693 1416 745 hi
1457 694 1647 760 quibus
1679 696 1728 745 in
1787 693 2047 758 lapidibus

501 794 616 844 data
647 798 747 851 est,
799 788 1040 842 duriores
1072 786 1320 836 inerunt:
1375 792 1429 836 et
1477 783 1530 835 hi
1581 783 1767 851 quibm
1817 785 1866 836 iu
1911 793 2048 835 terra

503 880 754 945 scriptum
782 885 885 939 est,
914 874 1200 926 molliores.
1239 872 1300 924 Et
1334 871 1642 939 corporibus
1682 873 1932 938 scriptum
1969 880 2051 925 est

501 966 646 1034 prius
670 964 990 1018 animabus:
1041 960 1272 1016 secundo
1301 975 1426 1014 vero
1468 960 1636 1030 digito
1685 960 1774 1014 Dei
1829 974 2052 1026 utraque

504 1057 720 1122 scriptio
742 1055 937 1122 scripta
979 1061 1080 1113 est,
1127 1051 1176 1104 id
1208 1060 1313 1114 est,
1343 1050 1543 1117 Spiritu
1573 1059 1755 1104 saneto
1781 1067 1792 1102 :
1824 1051 1891 1104 de
1939 1065 2047 1117 quo

503 1152 757 1215 scriptum
799 1155 915 1198 est:
950 1143 1046 1209 Qui
1073 1158 1103 1193 a
1137 1141 1287 1195 Patre
1313 1150 1358 1194 et
1397 1138 1534 1194 Filio
1579 1141 1828 1207 procedit.
1864 1142 2050 1195 Decem

512 1249 687 1292 autem
719 1234 960 1288 mandata
987 1246 1300 1300 magnopere
1329 1231 1670 1294 conveniunt,
1700 1229 1828 1284 dum
1868 1231 2049 1284 decem

521 1327 764 1382 sensibus
792 1323 1026 1392 corporis
1057 1332 1106 1375 et
1133 1323 1321 1374 animm
1365 1322 1558 1390 scripta
1600 1328 1739 1374 sunt.
1795 1319 1916 1373 Hmc
1963 1319 2055 1374 de-

508 1432 622 1471 Cem
647 1413 886 1468 mandata
915 1428 1032 1466 cum
1057 1410 1258 1465 duabus
1287 1409 1496 1471 tabulis.
1520 1409 1793 1463 duodecim
1816 1405 2056 1462 efﬁciunt

511 1519 802 1559 munerum.
831 1501 980 1567 Quod
1012 1501 1130 1554 inde
1168 1497 1436 1564 convenit,
1488 1499 1609 1567 quia
1664 1497 1906 1552 Christus
1961 1510 2058 1564 per

510 1597 784 1649 duodecim
832 1592 1097 1660 apostolus
1147 1600 1347 1644 mouet.
1396 1590 1455 1644 Et
1511 1590 1651 1642 sicut
1696 1588 1814 1640 dum
1867 1585 2059 1639 tabula:

508 1689 691 1740 det-em
723 1685 964 1738 mandata
993 1682 1311 1746 custodiunt,
1353 1681 1429 1734 sic
1458 1691 1510 1733 et
1561 1679 1737 1732 dualis
1788 1677 2054 1747 quondam

514 1788 692 1831 uoster
731 1789 936 1829 sensus.
973 1773 1120 1840 Quod
1159 1778 1336 1827 autem
1366 1773 1511 1840 prius
1550 1771 1614 1824 ad
1648 1769 1905 1824 idolorum
1937 1783 2063 1822 ora-

985 411 1188 467 υιιζυιε
1233 411 1678 465 ΥΕΝΕΒᾹΙΗΗὸ
1715 411 1993 465 ΟΡΙεΣΙὶυΜ
2037 412 2210 465 PARS
2250 411 2309 464 II.
2351 441 2417 451 -—
2460 411 2844 465 EXEGE'I'ICA
2887 411 3206 466 (ἴΙίλυιΝΧ.

1605 518 1763 569 :dua:
1797 517 2046 584 scriptio-
2079 523 2121 576 Λ
2151 475 2388 582 ﬁgurant.
2446 517 2498 569 In
2553 515 2895 584 quadraginta
2961 520 3147 571 diebus
3197 532 3287 571 se:
3347 519 3702 573 hebdomade

3614 415 3707 468 533

2148 615 2288 659 sunt.
2325 605 2526 658 Etenim
2584 607 2750 675 legem
2809 621 2902 674 per
2945 609 3206 660 senarium
3260 623 3544 662 numerum
3600 610 3705 662 dati

2148 701 2372 760 Oportet,
2404 694 2528 746 dum
2578 694 2660 748 lex
2708 709 2801 762 per
2847 709 2938 748 sex
2989 694 3104 750 dies
3132 697 3448 751 servitutem
3509 699 3705 752 docuit.

2149 782 2296 848 Quod
2325 793 2500 836 autem
2539 784 2654 838 dies
2681 795 2732 838 et
2757 795 2939 840 noctes
2968 799 3071 839 non
3101 788 3382 855 separatim
3414 801 3447 839 a
3481 787 3704 840 Domino

2150 882 2521 938 numerantur,
2551 874 2833 942 signiﬁcat,
2861 876 2983 944 quia
3013 875 3088 929 ira
3117 885 3171 930 et
3194 890 3382 931 sensus
3413 877 3470 930 in
3497 877 3619 945 lege
3649 878 3711 930 si-

2150 960 2256 1012 tnul
2305 969 2468 1014 sunt:
2505 962 2587 1014 vel
2646 961 2781 1015 duos
2838 961 3062 1029 populos
3112 961 3330 1026 indicat,
3384 965 3584 1032 quibus
3637 964 3713 1017 lex

2151 1058 2330 1113 postea
2361 1048 2693 1115 profecisset,
2720 1051 2814 1103 lilii
2843 1051 2976 1104 lucis
3019 1061 3072 1106 et
3104 1050 3194 1104 lilii
3226 1055 3395 1107 noctis
3439 1053 3710 1107 dicuntur.

2150 1133 2346 1189 Deinde
2369 1148 2592 1192 metuens
2623 1138 2824 1208 Moyses
2848 1141 3127 1195 claritatem
3154 1140 3246 1196 Dei
3291 1143 3479 1208 ridere,
3510 1159 3714 1211 respon-

2149 1244 2260 1283 sum
2288 1231 2506 1298 accepit,
2552 1231 2717 1284 videre
2753 1248 2851 1284 non
2884 1247 3026 1298 posse
3050 1248 3196 1300 quem
3234 1233 3404 1286 nullus
3450 1235 3713 1287 hominum

2149 1323 2335 1376 rideret
2363 1331 2408 1376 et
2436 1322 2636 1376 viveret.
2675 1323 2824 1390 Quod
2856 1323 3143 1393 signiﬁcat,
3191 1325 3311 1393 quia
3343 1331 3596 1392 quamvis
3627 1341 3712 1378 us-

2157 1425 2260 1479 que
2290 1409 2354 1464 ad
2383 1410 2675 1466 claritatem
2697 1411 2990 1482 angelicam
3023 1412 3251 1466 humana
3277 1422 3462 1466 natura
3494 1424 3616 1482 post
3643 1430 3717 1465 re-

2155 1499 2535 1553 surrectionem
2562 1500 2824 1566 proﬁciat,
2857 1508 3031 1556 tamen
3057 1501 3232 1556 videre
3263 1503 3406 1555 illius
3428 1504 3717 1556 essentiam

2160 1589 2314 1655 plene
2342 1603 2446 1642 non
2477 1591 2618 1642 valet
2647 1607 2659 1641 :
2689 1604 2848 1658 quam
2881 1604 2978 1643 nec
3008 1591 3120 1658 ipsa
3151 1590 3406 1658 perfectio
3455 1592 3716 1659 angelica,

2161 1678 2318 1733 veluti
2347 1685 2449 1742 est,
2481 1679 2685 1747 integre
2710 1679 2847 1733 scire
2876 1679 3103 1748 attingit.
3158 1680 3282 1735 Sola
3329 1680 3474 1733 enim
3506 1681 3612 1734 sibi
3645 1683 3718 1733 iu-

2165 1777 2312 1836 tegro
2374 1777 2496 1822 nota
2539 1779 2620 1822 est
2674 1768 2926 1832 Trinitas,
2980 1779 3034 1823 et
3089 1769 3410 1824 humanitate
3457 1784 3721 1838 suscepta,

514 1867 712 1919 tinuum
744 1864 934 1918 tabula:
967 1873 1273 1917 restaurata:
1300 1871 1440 1928 sunt,
1489 1863 1882 1917 reuovationem
1930 1861 2059 1927 legis
2095 1867 2137 1924 Β
2163 1873 2279 1926 qua:
2305 1859 2454 1914 tertia
2482 1868 2564 1913 est
2591 1872 2818 1926 persona
2869 1860 2921 1913 in
2951 1859 3230 1915 Trinitate.
3274 1860 3570 1930 Sequitur:
3627 1859 3714 1913 Est

515 1970 632 2008 cum
658 1953 868 2009 Christo
896 1953 1155 2021 signiﬁcat
1184 1969 1196 2004 :
1229 1961 1348 2019 post
1392 1953 1752 2006 adorationem
1798 1951 2056 2004 idolorqu

516 2045 568 2097 in
600 2043 760 2096 veteri
785 2042 1142 2096 Testamento.
1160 2040 1308 2107 Quod
1338 2049 1510 2095 autem
1538 2039 1723 2094 eadem
1747 2049 1868 2094 sunt
1894 2039 2054 2092 verba

516 2148 632 2200 qua:
663 2132 831 2201 primo
877 2139 932 2184 et
967 2130 1198 2185 secundo
1238 2129 1432 2197 scripta
1462 2137 1604 2191 sunt,
1636 2128 1897 2196 signiﬁcat
1920 2141 2060 2181 eunt-

516 2225 634 2276 dom
678 2235 796 2276 esse
844 2221 1010 2290 legem
1040 2221 1125 2288 qui
1168 2221 1423 2285 concidit,
1454 2229 1507 2275 et
1548 2235 1664 2290 quae
1713 2228 2058 2274 restaurator.

515 2313 717 2383 Moyses
746 2312 1021 2366 materiam
1053 2311 1347 2364 tabularum
1396 2325 1658 2380 quaerens,
1694 2310 2056 2365 demonStrat:

514 2404 634 2470 quia
665 2403 800 2472 apud
834 2419 928 2457 nos
957 2402 1211 2458 habemus
1242 2403 1507 2469 proprium
1549 2402 1848 2466 arbitrium,
1875 2412 1928 2454 et
1957 2417 2060 2454 su-

517 2507 609 2561 per
638 2495 890 2547 rationent
925 2501 1158 2546 nostram
1199 2502 1323 2546 ante
1369 2500 1530 2559 caput
1570 2493 1720 2560 legis.
1757 2492 1844 2546 Dei
1888 2500 2062 2545 autem

516 2590 596 2633 est
623 2579 881 2646 inspirare
901 2591 953 2632 et
982 2579 1268 2633 inscribere
1304 2580 1356 2633 in
1386 2579 1608 2632 tabulas.
1657 2581 1748 2634 lla:
1787 2589 1964 2634 autem
1989 2595 2066 2634 ta-

520 2667 655 2721 bula:
696 2666 1089 2733 coniringuntur
1118 2681 1280 2734 usque
1323 2667 1389 2722 ad
1419 2666 1559 2722 diem
1585 2667 1791 2736 judicii,
1826 2679 1876 2723 et
1907 2684 2066 2724 reno-

519 2763 724 2808 vantur.
758 2754 1084 2822 Franguntur
1131 2753 1340 2815 tabula).
1368 2762 1421 2807 et
1466 2755 1624 2809 verba
1657 2770 1760 2809 non
1811 2755 2062 2827 frangun-

521 2852 603 2896 tur
627 2859 639 2895 :
673 2851 728 2896 ut
755 2841 978 2896 dicitur:
1007 2841 1197 2896 Caium
1219 2851 1265 2896 et
1296 2830 1430 2896 terra
1458 2845 1764 2912 transibunt,
1790 2846 1940 2900 verba
1969 2865 2065 2899 au-

521 2941 618 2984 tem
649 2947 755 2986 mea
780 2948 879 2986 non
921 2931 1220 2985 transibunt.
1269 2932 1457 2988 Decem
1482 2935 1638 2988 verba
1669 2937 1720 2989 in
1749 2937 1976 3007 quinque
2006 2938 2068 2990 li-

519 3023 627 3097 bris
652 3023 780 3093 legis
811 3023 1153 3092 multiplicata
1193 3031 1336 3089 sunt,
1376 3029 1432 3097 e‘t
1462 3026 1512 3078 in
1543 3025 1772 3094 quinque
1797 3028 2064 3082 volumina

518 3111 572 3166 in
600 3092 718 3179 iege
745 3111 1175 3178 multiplicantur.
1203 3111 1291 3165 Sic
1313 3092 1619 3180 etvquatuor
1652 3092 1956 3184 Evangeliis
1983 3117 2065 3169 iu-

2160 1950 2300 2003 locus
2324 1950 2462 2018 apud
2485 1965 2561 2002 me
2592 1950 2789 2003 stabilis
2812 1966 2965 2019 super
2989 1961 3202 2020 petram,
3230 1962 3277 2005 et
3305 1951 3590 2019 posteriora
3620 1967 3727 2001 mea

2158 2039 2364 2092 videbis.
2417 2039 2471 2093 In
2514 2047 2659 2106 petra
2703 2049 2927 2106 stamus,
2975 2050 3033 2093 ut
3074 2042 3368 2109 posteriora
3417 2040 3511 2095 Dei
3543 2041 3719 2094 vidca-

2161 2146 2295 2187 mus.
2347 2131 2402 2185 ln
2451 2131 2686 2185 Ecclesia
2739 2133 3108 2196 consistimus,
3157 2141 3214 2187 et
3255 2135 3551 2199 posteriora
3609 2134 3720 2196 Dei,

2165 2220 2267 2275 hoc
2294 2228 2396 2284 est,
2429 2219 2813 2274 humanitatem
2857 2220 3161 2275 mediatoris
3210 2221 3304 2276 Dei
3348 2230 3404 2276 et
3443 2223 3720 2276 hominum

2162 2322 2255 2378 per
2281 2308 2557 2376 Evangelia
2588 2307 2844 2362 videmus.
2874 2307 3035 2377 Cujus
3089 2308 3274 2363 faciem
3321 2309 3509 2363 videre
3562 2321 3619 2363 et
3647 2311 3718 2362 vi-

2165 2409 2289 2450 vere
2331 2409 2434 2448 non
2462 2408 2741 2463 possumus
2771 2413 2782 2447 :
2822 2396 2942 2464 quia
2973 2395 3026 2449 in
3057 2395 3350 2450 divinitatis
3385 2397 3719 2464 contempla-

2166 2487 2361 2541 tionem
2380 2485 2552 2540 adhuc
2579 2484 2633 2538 in
2652 2500 2810 2540 carne
2839 2485 3012 2554 positi,
3045 2485 3202 2552 plane
3229 2500 3334 2539 non
3363 2489 3720 2554 assurgimus.

2167 2573 2262 2630 Vel
2290 2585 2434 2629 certe
2460 2574 2586 2629 illud
2623 2575 2763 2642 quod
2804 2575 2972 2646 Moysi
3011 2574 3241 2629 dicitur:
3273 2573 3572 2628 Posteriora
3617 2591 3722 2627 mea

2165 2666 2375 2734 videbis,
2432 2666 2690 2734 signillcat
2735 2666 2876 2736 quod
2924 2668 3144 2734 populus
3188 2665 3522 2729 Judzeorum,
3569 2666 3722 2734 cujus

2167 2757 2371 2826 Moyses
2398 2769 2537 2809 nunc
2564 2769 2842 2827 personam
2873 2757 3030 2824 gerit,
3065 2755 3252 2809 ultimo
3280 2763 3524 2823 tempore
3547 2756 3722 2808 credi-

2168 2847 2268 2901 turi
2309 2854 2486 2901 essent
2515 2860 2632 2899 cum
2676 2846 2729 2900 in
2761 2853 2929 2913 petra,
2963 2844 3063 2898 hoc
3091 2853 3190 2908 est,
3225 2846 3275 2898 in
3303 2844 3578 2898 soliditate
3608 2842 3722 2896 ﬁdei

2165 2935 2512 2991 consisterent
2544 2953 2554 2987 :
2588 2934 2801 3004 quando
2829 2948 3046 2987 manum
3083 2948 3252 2997 suam,
3304 2934 3356 2986 id
3405 2941 3489 2987 est
3537 2943 3722 3000 poten-

2168 3026 2294 3078 tiam
2323 3038 2472 3078 suam
2505 3023 2876 3078 monstraverit
2906 3022 3098 3091 papulo
3138 3021 3463 3074 Judzeorum.
3499 3022 3721 3087 Quidam

2167 3117 2344 3170 dicunt
2378 3119 2476 3166 hoc
2514 3113 2784 3180 impletum
2815 3127 2951 3174 esse,
2996 3113 3247 3180 qu0niam
3291 3112 3440 3179 juxta
3475 3112 3720 3181 Evange-

525 3201 838 3266 scriptiones
861 3217 1010 3255 nova:
1041 3201 1471 3270 multiplicantur.
1515 3205 1867 3276 Quadraginta
1896 3200 2137 3266 autemC
2169 3205 2297 3258 lium
2348 3203 2545 3272 Moyses
2585 3203 2864 3271 posteriora
2920 3200 3015 3256 Dei
3067 3205 3209 3266 vidit,
3268 3203 3318 3255 id
3364 3212 3466 3268 est,
3505 3219 3624 3256 cum
3676 3207 3721 3257 in

521 3290 691 3343 diebus
725 3288 924 3359 Moyses
957 3291 1232 3360 jejunavit.
1262 3290 1562 3347 Secundum
1595 3294 1839 3348 eumdem
1883 3310 2066 3348 nume-

519 3396 632 3434 rum
663 3389 716 3434 et
745 3379 935 3443 Helias,
961 3387 1017 3434 et
1036 3381 1146 3447 ipse
1189 3379 1439 3434 Dominus
1473 3380 1731 3449 jejunavit
1758 3399 1769 3434 :
1803 3397 1899 3450 per
1925 3384 2062 3452 quod

515 3468 992 3538 praecipiturnobis
1035 3483 1097 3522 ex
1137 3468 1274 3537 Lege
1301 3479 1354 3524 et
1402 3469 1696 3539 PrOplietis,
1749 3481 1804 3526 et
1848 3474 1960 3540 ipse
2011 3473 2059 3526 in

521 3555 822 3624 Evangelio,
866 3564 923 3608 ut
949 3555 1016 3609 ab
1062 3555 1320 3612 universis
1369 3556 1526 3626 hujus
1567 3559 1746 3613 mundi
1797 3560 2062 3615 illecebris

519 3643 829 3698 aviditatem
874 3653 1106 3697 nostram
1155 3655 1396 3714 tanquam
1443 3647 1643 3716 jejunio
1701 3653 2063 3718 temperantia:

519 3731 878 3796 rcfieuemus,
929 3731 1157 3802 quandiu
1221 3733 1474 3802 perfectio
1519 3735 1760 3804 Deealogi
1802 3737 1930 3804 legis
1976 3753 2066 3804 per

517 3831 741 3890 quatuor
765 3822 1000 3889 ejusdem
1033 3822 1211 3876 mundi
1242 3833 1438 3890 partes,
1481 3824 1532 3876 id
1565 3833 1648 3877 est
1675 3826 1923 3879 universo
1949 3826 2062 3879 orbi

525 3909 944 3974 praedicatorum,
994 3918 1051 3961 ut
1079 3909 1259 3962 decem
1287 3918 1472 3976 quater
1511 3910 1668 3988 ducta
1701 3911 1751 3964 in
1778 3913 2067 3982 quadragc-

522 3996 774 4048 simarum
807 4010 1082 4048 numerum
1109 3997 1298 4063 signet.
1320 3995 1474 4051 Iosue
1495 4015 1607 4053 vero
1631 4000 1736 4052 iens
1756 4001 1823 4053 ad
1850 4013 2065 4055 montem

519 4098 631 4136 eum
663 4080 862 4151 Moyse,
889 4084 1116 4136 minister
1140 4085 1299 4150 illius,
1331 4086 1594 4141 Christum
1645 4089 1928 4158 signiﬁcat,
1976 4093 2064 4159 qui

518 4171 670 4239 chis
701 4174 952 4236 minister,
983 4182 1172 4227 etcum
1201 4174 1313 4240 lege
1342 4177 1475 4229 ibat.
1508 4176 1686 4230 Decem
1716 4188 1883 4232 autent
1910 4180 2018 4233 dies
2043 4195 2060 4231 :

521 4260 657 4326 idem
691 4259 849 4327 Moysi
879 4270 930 4314 et
955 4261 1114 4312 llelite
1130 4273 1179 4314 et
1210 4262 1412 4318 Domini
1446 4279 1635 4318 novum
1663 4264 2061 4320 Testamentum

520 4345 896 4414 signiﬁcantur.
926 4347 1276 4417 Quadraginta
1319 4363 1493 4406 autem
1529 4354 1712 4406 diluvii
1747 4356 1894 4422 p'aga
1941 4369 2064 4408 eor-

522 4439 736 4506 poralis.
768 4449 819 4494 et
865 4441 1150 4509 corporalis
1191 4442 1387 4497 sanitas
1434 4442 1486 4496 in
1518 4451 1691 4497 vetere
1741 4453 1843 4506 est,
1894 4444 2059 4512 legem

526 4581 3719 4625 _.____________________________

2172 3296 2464 3364 posteriore
2488 3303 2728 3362 tempore
2757 3294 2806 3347 in
2829 3303 3009 3348 monte
3034 3309 3152 3347 cum
3185 3294 3274 3349 illo
3305 3295 3516 3349 locutus
3548 3298 3636 3350 sit.

2694 3382 2917 3437 CAPUT
2955 3382 3192 3437 XXXIV.

2249 3472 2616 3527 Descendente
2643 3481 2818 3526 autem
2851 3472 3030 3541 Moyse
3059 3473 3124 3526 de
3154 3482 3366 3538 monte,
3400 3474 3562 3529 iacies
3594 3476 3723 3530 illius

2170 3563 2467 3630 glot‘ilit'ala
2501 3561 2727 3628 videtur,
2758 3561 2851 3616 sed
2884 3572 3056 3616 tamen
3084 3565 3272 3632 tegitur
3303 3564 3601 3628 velamine;
3634 3582 3723 3634 per

2173 3653 2314 3719 quod
2348 3652 2698 3720 signiﬁcatur,
2729 3651 2895 3720 legem
2941 3653 3164 3722 mystico
3197 3669 3315 3706 esse
3345 3655 3604 3709 velamine
3635 3671 3720 3708 eo-

2175 3752 2414 3809 npertam
2446 3744 2747 3808 tectar’uque
2778 3741 2828 3794 in
2859 3741 3123 3795 lidelibus.
3157 3741 3344 3796 Sermo
3371 3742 3567 3812 quippe
3599 3745 3724 3812 legis

2175 3827 2334 3882 habet
2372 3830 2606 3882 scientia:
2643 3830 2903 3897 gloriam,
2942 3831 3036 3886 sed
3077 3841 3336 3886 secretum
3378 3848 3482 3887 non
3538 3836 3720 3892 habet.

2168 3925 2223 3971 et
2261 3931 2459 3969 cornua
2499 3917 2724 3970 duorum
2775 3926 3248 3983 testamentorum,
3299 3923 3494 3989 quibus
3545 3937 3722 3978 contra

2170 4004 2417 4058 talsitatis
2462 4002 2707 4072 dogmata
2741 4005 2936 4059 incedit
2980 4016 3236 4061 armatus.
3283 4009 3348 4062 Et
3385 4012 3722 4078 quotiescun-

2165 4107 2269 4161 que
2299 4091 2504 4161 Moyses
2536 4092 2664 4161 legis
2695 4093 2954 4148 velamina
2985 4097 3274 4162 posuisset,
3312 4098 3542 4165 positum
3571 4114 3722 4169 super

2165 4197 2260 4238 cor
2298 4183 2597 4238 ludaeorum
2627 4183 2819 4252 legitur
2847 4203 2859 4239 :
2892 4187 2960 4240 ita
2995 4187 3215 4256 loquens
3239 4229 3254 4251 ,
3285 4191 3411 4260 legis
3441 4207 3541 4244 non
3574 4196 3722 4262 possit

2175 4273 2388 4341 gloriam
2419 4273 2683 4328 sustinere.
2715 4273 2820 4329 Sed
2853 4276 2899 4329 si
2928 4277 3174 4332 conversi
3202 4277 3399 4333 fuerint
3434 4281 3500 4334 ad
3547 4281 3720 4336 Domi-

2177 4375 2322 4425 num,
2356 4361 2619 4416 auferetur
2648 4364 2887 4418 velamen
2930 4367 3220 4423 occidentis
3251 4368 3461 4435 litterae,
3495 4382 3555 4426 ut
3576 4375 3721 4440 spiti-

2169 4449 2325 4503 tualis
2360 4463 2545 4504 sensus
2574 4452 2898 4506 ostendatur.
3457 4461 3462 4468 '

774 4641 1560 4767 EXPL‘ANATIO
1643 4694 1767 4769 IN
1837 4685 2404 4773 TERTIUM
2483 4697 2953 4776 LIB-RUM
3046 4704 3458 4806 MOSIS.

1088 4835 1210 4909 Qui
1235 4837 1529 4898 Hebraice
1572 4841 1804 4901 VAICBA
1839 4888 1855 4916 ,
1911 4844 2116 4906 Greece
2145 4856 2197 4904 et
2229 4845 2446 4906 Latine
2501 4849 2830 4911 [ενιπευς
2879 4851 3138 4913 dicitur.

1107 4971 1298 5025 CAPP.
1340 4971 1472 5026 l-lll.

601 5061 801 5115 l‘marit
827 5071 991 5114 antem
1023 5060 1262 5115 Dominus
1293 5063 1500 5132 Moysen
1525 5104 1539 5128 ,
1571 5075 1614 5117 et
1645 5066 1842 5119 locutus
1870 5077 1970 5129 est,
2001 5075 2056 5120 et

519 5153 739 5219 reliqua.
790 5152 868 5206 Ab
911 5152 1167 5218 aliquibus
1213 5150 1523 5220 interrogari
1567 5156 1736 5218 solet,
1781 5157 1823 5207 si
1871 5154 2058 5222 aliquis

518 5244 648 5297 ordo
677 5244 780 5308 sit,
813 5244 899 5311 qui
946 5242 1086 5295 hunc
1113 5239 1349 5295 ordinem
1383 5243 1706 5296 voluminum
1741 5244 1869 5309 legis
1899 5244 2059 5312 signi-

523 5334 737 5395 ﬁcaret;
770 5330 908 5399 quod
939 5331 1006 5384 ita
1035 5331 1254 5388 solvitur
1282 5345 1296 5382 :
1330 5329 1456 5393 Quia
1489 5331 1706 5385 Genesis
1738 5335 1891 5386 istam
1932 5349 2056 5385 sen-

525 5421 738 5474 tentiam
777 5419 1026 5489 signiﬁcat
1054 5458 1067 5480 ,
1100 5433 1197 5485 qua
1229 5418 1419 5471 dicitur
1449 5435 1462 5470 :
1502 5418 1602 5472 Lex
1645 5420 1848 5474 Domini
1879 5422 2059 5473 imum-

525 5508 688 5566 enlata
715 5519 1006 5559 convertens
1036 5509 1248 5558 animas.
1287 5507 1527 5571 Exodus,
1570 5511 1878 5576 sapientiam
1926 5527 2059 5578 ιιι-τρο

527 5593 939 5658 stausparvulis.
989 5595 1247 5660 Levitieus
1289 5609 1412 5648 vero
1435 5636 1449 5657 ,
1481 5597 1881 5663 demonstrans,
1926 5615 2059 5666 prae-

527 5689 736 5746 uptum
762 5680 961 5736 Domini
1009 5683 1323 5736 illuminans.
1369 5682 1623 5741 Numerus
1663 5702 1823 5752 vero,
1867 5691 2056 5750 iudicia

2096 4981 2142 5039 D
2171 4977 2265 5032 Dei
2291 4995 2403 5034 rere
2419 4983 2721 5050 justiﬁcata.
2767 4985 2889 5040 lla~c
2929 4998 3104 5042 autem
3149 5001 3372 5057 quatuor
3412 4997 3710 5069 volumina,

2162 5078 2382 5135 quatuor
2406 5071 2687 5142 Evangelia
2720 5076 2942 5145 ﬁgurant
2970 5080 3156 5132 eodem
3186 5097 3424 5138 numero.
3463 5089 3712 5148 Deutero~

2165 5158 2395 5211 nomium
2427 5175 2551 5214 vero
2591 5173 2756 5216 totum
2801 5165 3179 5234 Evangelium,
3221 5173 3341 5239 quia
3387 5175 3710 5236 Dentes-ouo-

2165 5247 2324 5301 ntium
2364 5259 2551 5304 novata
2590 5254 2673 5308 lex
2716 5258 3116 5323 interpretatur.
3149 5261 3254 5316 Sed
3287 5265 3567 5324 sciendum
3602 5287 3708 5333 εει.

2165 5338 2425 5402 quomodo
2461 5343 2795 5408 supradictus
2840 5346 2970 5398 ordo
3012 5346 3130 5402 huic
3177 5351 3347 5405 ordini
3381 5357 3705 5416 voluminum

2165 5428 2458 5482 conveniat.
2495 5430 2644 5496 Quod
2703 5434 2771 5506 ita
2833 5435 3112 5493 dicendum
3164 5456 3266 5509 est,
3318 5447 3459 5512 quod
3512 5447 3708 5504 ideirco

2165 5517 2418 5569 sententia
2471 5520 2639 5586 prima
2711 5521 2900 5579 Genesi
2950 5541 3257 5598 eoaptatur,
3309 5536 3432 5607 quia
3485 5534 3708 5592 Genesis

2165 5606 2398 5659 enuntiat
2429 5611 2603 5662 omnia
2635 5611 2793 5666 verbo
2842 5614 2931 5670 Dei
2963 5635 3083 5674 esse
3131 5606 3340 5684 ereata,
3393 5638 3509 5691 qua:
3553 5626 3705 5681 idcir-

2165 5708 2227 5746 co
2280 5695 2358 5750 lex
2402 5707 2502 5753 est.
2559 5699 2612 5753 In
2662 5701 2744 5754 illa
2795 5717 3000 5775 quoque
3064 5712 3361 5764 animarum
3411 5717 3707 5774 conversio.

3779 138 3845 419 1
