3872 6262
168 465 276 522 ³53

923 473 986 527 ΙΝ
1024 474 1570 535 l’ENTATEUCllUM
1607 479 2095 542 COMMENTARII.
2136 521 2182 534 --
2248 489 2622 554 LEVI‘I'ICUS.

172 581 222 634 id
253 592 366 647 est,
400 597 426 633 a
460 582 560 634 vita
591 583 654 636 ad
685 592 906 639 mortem
927 625 952 672 ι
976 596 1033 641 ut
1060 589 1224 642 Adam
1266 591 1613 662 intelligitur;
1660 605 1710 650 et
1742 596 1792 654 Α
1819 595 2014 653 idcirco
2041 600 2086 654 si
2114 603 2287 658 anima
2316 606 2504 664 oderat
2531 624 2757 678 munus;
2803 623 2856 668 et
2898 617 2966 668 ita
3009 618 3219 686 quidem
3261 625 3359 676 alia

170 687 199 724 a
231 661 400 725 m’orte
430 670 494 724 ad
525 673 684 727 vitam
703 718 718 742 ,
750 684 805 729 ut
832 655 963 734 Noe.
993 675 1223 743 Es'odus,
1254 655 1552 752 sapientiam
1582 702 1711 752 prte-

1827 686 1950 740 dicit
1993 688 2185 745 oﬁ'errc
2227 692 2522 762 hominem,
2568 699 2670 753 alia
2715 701 2973 768 animam,
3013 706 3116 760 alia
3155 713 3361 776 pontii~

167 768 309 812 stans
339 762 560 828 parulis
581 800 596 826 ,
627 763 964 832 adimplendo
990 768 1130 834 quod
1159 769 1423 826 Abraham
1445 814 1459 838 ,
1495 773 1636 828 lsaac
1661 787 1717 831 et
1815 790 1932 831 cem
1951 821 1965 844 ,
1992 778 2089 832 alia
2119 796 2470 853 synagogam,
2497 785 2595 838 alia
2625 787 2938 858 principem,
2959 762 3066 847 ralia
3095 762 3358 862 unanima,

166 848 332 903 Jacob
355 891 369 914 ,
400 850 466 905 de
497 858 636 906 terra
677 854 1104 920 repromissionis
1134 857 1271 912 Deus
1301 861 1558 927 promisit.
1589 863 1714 918 0m-

171 951 269 994 nes
297 939 441 993 enim
473 941 524 994 in
556 941 646 996 Dei
680 945 1056 1010 cooperatione
1087 948 1288 1015 parvuli
1331 959 1474 1004 sunt.
1521 951 1714 1006 Leviti-

163 1040 258 1082 cus
283 1037 458 1082 autem
489 1042 807 1097 praeceptum
851 1032 1081 1088 lucidum
1125 1030 1214 1089 illu
1240 1039 1465 1105 ninans,
1511 1042 1712 1096 discer-

163 1118 343 1172 nendo
373 1118 510 1172 inter
540 1121 733 1174 munda
760 1123 1026 1177 animalia.
1057 1124 1318 1181 Numerus
1344 1143 1471 1182 vero
1513 1129 1707 1199 judicia

160 1204 256 1260 Dei
288 1221 412 1260 vera
441 1215 598 1274 sunt,
627 1211 854 1265 maxime
883 1211 933 1264 in
964 1213 1235 1280 proiihetia
1266 1215 1474 1270 Balaam
1492 1257 1508 1282 ,
1536 1219 1587 1271 in
1616 1219 1708 1274 be-

155 1295 542 1350 nedictionibus
582 1298 1162 1368 maledictionibusque.
1206 1302 1316 1358 Una
1347 1315 1518 1358 autem
1547 1321 1705 1360 voca-

154 1382 232 1438 tio
257 1391 380 1438 ante
424 1383 562 1439 hanc
591 1385 876 1451 invenitur,
914 1387 964 1441 id
995 1399 1105 1454 est,
1136 1391 1273 1459 apud
1303 1392 1578 1447 scientiam
1612 1395 1705 1450 Dei

151 1470 210 1526 in
241 1473 358 1543 lege
384 1480 603 1528 naturae.
636 1473 703 1528 Et
731 1475 849 1542 fecit
878 1475 1014 1530 Deus
1052 1478 1305 1533 hominem
1327 1522 1342 1547 ,
1384 1492 1438 1536 et
1479 1483 1701 1554 reliqua.

149 1560 329 1616 Multa:
371 1573 548 1617 autem
595 1573 712 1631 post
753 1564 895 1632 haec,
938 1579 1003 1620 eo
1041 1567 1179 1636 quod
1224 1583 1471 1624 vocamur
1498 1573 1704 1642 de‘lege

147 1658 355 1706 natura:
380 1651 434 1706 in
463 1652 631 1722 legem
673 1653 900 1724 litterae,
940 1670 1045 1711 non
1085 1656 1409 1727 deserendo,
1453 1661 1548 1716 sed
1588 1678 1704 1718 cre-

144 1740 347 1796 scendo
374 1741 426 1795 in
455 1740 660 1811 legibus
685 1760 700 1807 ;
731 1753 784 1796 et
810 1759 840 1797 a
871 1744 1045 1800 littera
1080 1747 1132 1801 in
1163 1762 1355 1803 novum
1376 1789 1393 1815 ,
1417 1748 1607 1807 Venite
1632 1755 1700 1807 ad

144 1845 229 1884 me
255 1845 422 1884 omnes
441 1871 456 1896 ,
486 1839 543 1886 et
571 1831 790 1900 reliqua.
833 1830 1034 1888 Voeavit
1059 1846 1226 1892 autem
1268 1837 1502 1910 Moyses,
1534 1851 1588 1896 et
1615 1859 1700 1898 re-

144 1917 284 1986 liqua
309 1935 323 1972 :
352 1919 403 1973 id
430 1928 545 1986 est,
577 1921 628 1975 in
661 1921 824 1990 ﬁgura
856 1923 1016 1978 totius
1045 1927 1260 1992 mundi,
1288 1929 1378 1996 qui
1409 1945 1438 1983 a
1470 1930 1577 1987 Deo
1607 1950 1699 2000 per
1729 1922 1776 1979 Β

141 2006 301 2084 ﬁdem
329 2022 358 2061 a
385 2008 675 2077 gentilitate
701 2010 766 2064 ad
794 2011 1113 2079 baptismum
1143 2026 1382 2082 vocatur,
1410 2026 1464 2073 et
1487 2021 1553 2074 ad
1586 2038 1696 2089 pm-

141 2080 417 2152 nitentiam
436 2137 450 2160 ,
481 2098 596 2154 sive
623 2101 688 2153 ad
734 2099 891 2155 ﬁdem
921 2101 1232 2171 Trinitatis,
1265 2121 1356 2160 seu
1382 2107 1448 2160 de
1474 2123 1697 2178 corpore

139 2190 211 2243 ad
244 2189 400 2243 vitam
431 2189 660 2243 futuram
690 2210 702 2244 2
735 2192 816 2245 vel
857 2191 907 2245 in
946 2193 1164 2261 judicio,
1211 2206 1288 2262 ut,
1330 2196 1519 2265 Viuite,
1548 2201 1693 2257 bene-

138 2279 299 2343 dicti,
330 2287 384 2332 et
412 2277 630 2346 reliqua.
676 2277 732 2333 In
777 2279 875 2334 hac
914 2282 1142 2338 dictione
1182 2285 1414 2355 dignitas
1455 2303 1694 2358 persona:

135 2366 458 2432 ostenditur,
484 2365 609 2420 dum
640 2360 744 2420 non
777 2369 932 2422 alium
954 2412 969 2437 ,
997 2374 1089 2426 sed
1121 2374 1335 2444 Moysen
1369 2379 1608 2445 vocavit;
1639 2389 1693 2436 et

135 2453 448 2524 indignitas,
477 2455 529 2508 in
561 2458 956 2524 companatione
985 2459 1324 2518 dominantis.
1359 2465 1537 2522 Potest
1565 2485 1692 2539 quo-

133 2557 239 2610 que
278 2542 531 2611 intelligi,
560 2543 612 2597 in
639 2558 704 2599 eo
733 2547 870 2614 quod
910 2548 1064 2614 dicit,
1108 2550 1309 2608 Vocavit
1341 2553 1586 2611 Dominus
1630 2562 1693 2613 de

133 2630 489 2696 tabernaculo,
536 2632 677 2687 Deus
721 2633 876 2690 Pater
915 2652 1105 2695 vocare
1144 2642 1409 2699 Christum
1450 2646 1518 2702 de
1555 2651 1692 2706 caelo

131 2719 198 2772 ad
230 2719 668 2776 incarnationem.
702 2721 796 2777 Cui
828 2740 857 2780 a
901 2727 1008 2782 Deo
1047 2729 1203 2786 Patre
1233 2733 1521 2802 imperatur
1549 2739 1688 2809 loqui

131 2807 255 2861 ﬁliis
279 2808 439 2862 Israel
462 2849 477 2873 ,
506 2810 556 2864 id
584 2822 686 2878 est,
714 2815 956 2870 omnibus
982 2820 1336 2876 credentibus.
1367 2826 1569 2882 Etcum
1600 2807 1688 2884 vo-

129 2898 272 2952 cavit
301 2898 586 2968 Dominus,
615 2913 668 2956 ct
696 2905 894 2974 reliqua
925 2925 936 2958 :
970 2908 1236 2965 Christum
1264 2915 1525 2983 signiﬁcat
1547 2961 1560 2985 ,
1597 2937 1688 2989 po-

129 2987 311 3058 pulum
348 2989 706 3060 apostolorum
753 2993 820 3050 de
865 2994 981 3066 iege
1023 2998 1209 3056 littera:
1257 3014 1530 3062 votantem
1557 3024 1570 3061 :
1598 2987 1685 3064 cui

127 3083 340 3147 dicitur,
390 3080 680 3139 Prwdicare
723 3083 1056 3158 Evangelium
1096 3093 1232 3145 omni
1269 3105 1556 3154 creaturae:
1583 3101 1686 3155 hoc

125 3181 210 3226 est
241 3172 293 3226 in
326 3173 521 3248 populo
551 3175 786 3230 secundo
808 3219 823 3244 ,
859 3188 914 3232 ut
954 3179 1007 3234 in
1040 3182 1207 3238 tribus
1233 3185 1464 3242 millibus
1491 3191 1682 3256 praedi-

125 3261 352 3316 cationis
388 3262 550 3317 Petri.
579 3263 688 3320 Vel.
718 3267 940 3334 populus
982 3271 1276 3339 primitivus
1305 3279 1558 3346 populum
1590 3295 1680 3336 se-

125 3351 359 3407 cundum
389 3362 544 3407 vocat
584 3354 651 3410 de
694 3356 1032 3414 tabernaculo
1052 3401 1069 3426 ,
1099 3363 1151 3418 id
1179 3373 1262 3419 est
1282 3405 1296 3429 ,
1327 3368 1392 3422 de
1423 3368 1683 3444 Ecclesia.
1748 3383 1750 3390 '

123 3443 320 3508 Aliter,
352 3447 710 3516 unusquisque
749 3446 934 3504 doctor
963 3453 1212 3524 Moysen,
1245 3457 1296 3512 id
1325 3467 1440 3523 est,
1471 3475 1678 3517 omnem

122 3533 433 3589 credentem
464 3547 638 3591 vocat.
684 3536 784 3593 Per
829 3540 964 3596 ﬁlios
1007 3559 1217 3614 quoque
1259 3546 1452 3614 Israel,
1495 3564 1681 3607 sensus

125 3623 348 3690 perfecti
375 3637 597 3693 possunt
621 3626 993 3685 demonstrari.
1021 3633 1199 3688 Hostia
1229 3638 1438 3705 praprie
1467 3639 1673 3706 dicitur,

122 3725 245 3778 qua:
295 3722 419 3766 ante
462 3713 694 3767 hostium
739 3716 1061 3774 tabernaculi
1113 3723 1405 3777 occiditur:
1454 3728 1566 3780 sive
1611 3728 1677 3782 de

119 3801 449 3855 ostensione.
480 3801 720 3868 Oblatio,
769 3807 984 3873 quando
1027 3809 1093 3862 de
1133 3813 1412 3878 pecoribus
1459 3813 1677 3869 oﬁ'ertur

120 3890 334 3943 victima
357 3931 372 3955 ,
404 3891 543 3960 quod
585 3894 863 3951 occiditur.
909 3897 1316 3968 llolocaustum,
1349 3904 1398 3958 id
1443 3913 1560 3971 est,
1596 3917 1675 3960 to-

120 3990 234 4033 tum
263 3981 594 4036 combustum
618 4025 632 4048 ,
666 3984 764 4039 hoc
793 3997 874 4040 est
912 3987 1053 4056 quod
1098 3988 1297 4046 ﬁnitur.
1344 3992 1673 4050 Sacriﬁcium

119 4082 297 4124 autem
323 4071 390 4126 de
420 4087 572 4140 pane.
603 4074 851 4132 Libamen
874 4122 887 4144 ,
919 4078 985 4135 de
1011 4081 1230 4149 liquore.
1263 4085 1449 4150 Aliter,
1481 4087 1674 4143 oblatio

119 4161 188 4214 de
233 4160 614 4229 signiﬁcatione
657 4168 1020 4224 sacerdotibus
1064 4185 1094 4224 a
1141 4175 1372 4241 populo:
1423 4178 1669 4245 victima,

119 4251 187 4304 de
234 4251 369 4305 victu
415 4253 751 4309 sacriﬁcium.
802 4257 855 4310 In
903 4261 1146 4316 omnibus
1195 4262 1274 4315 his
1322 4264 1672 4321 oblationibus

118 4338 212 4404 qui
261 4338 313 4392 in
366 4340 638 4405 Levitico,
691 4344 941 4411 spiritalis
984 4364 1170 4405 sensus
1219 4355 1551 4420 quaerendus.
1604 4357 1670 4411 Ut

121 4427 249 4480 alibi
280 4428 510 4482 dicitur:
543 4429 690 4485 Sicut
716 4434 932 4488 verbum
977 4436 1070 4491 Dei
1111 4442 1396 4505 procedens
1438 4444 1490 4496 in
1532 4444 1669 4501 hunc

1813 876 1866 920 et
1895 869 2140 934 ροριιιυιιι
2174 879 2349 931 terrm.
2381 871 2621 931 Christus
2653 890 2825 933 autem
2854 880 2905 934 in
2937 881 3098 938 vitulo
3120 884 3359 940 immola-

1819 955 1973 1010 batur
2003 970 2217 1028 propter
2247 963 2492 1021 virtutem
2521 967 2723 1031 crucis,
2754 968 2865 1038 ipse
2892 971 2944 1026 in
2985 988 3120 1044 agno
3148 989 3312 1044 propt-
3334 996 3358 1033 r

1810 1045 2202 1117 innocentiam,
2250 1053 2363 1121 ipse
2407 1057 2459 1110 in
2499 1058 2669 1113 ariete
2713 1072 2928 1129 propter
2971 1065 3354 1133 principatum,

1810 1134 1922 1202 ipse
1953 1137 2000 1190 in
2033 1139 2179 1193 hirco
2210 1152 2424 1208 propter
2467 1147 2870 1205 similitudinem
2917 1155 3092 1208 carnis
3131 1161 3352 1223 peccati.

1809 1224 1864 1278 In
1895 1235 2100 1283 turture
2127 1239 2182 1284 et
2206 1231 2444 1286 columba
2466 1273 2481 1297 ,
2516 1247 2729 1304 propter
2771 1237 2933 1295 Deum
2963 1250 3018 1296 et
3047 1243 3310 1299 hominem
3339 1265 3352 1307 ;

1807 1316 1860 1370 in
1888 1318 2244 1389 similaginem
2263 1362 2278 1385 ,
2312 1333 2524 1392 propter
2553 1325 2840 1381 Ecclesiam
2861 1373 2876 1396 ,
2911 1346 3030 1401 qua:
3056 1345 3136 1388 est
3163 1349 3354 1405 corpus

1806 1408 1950 1464 illius
1992 1426 2059 1465 ex
2109 1412 2288 1467 multis
2334 1417 2619 1484 membris,
2666 1420 2804 1473 vclut
2847 1436 2912 1476 ex
2959 1425 3137 1480 multis
3179 1430 3357 1496 granis

1806 1498 2084 1554 collectum
2115 1519 2127 1554 :
2161 1516 2255 1571 per
2280 1501 2432 1574 Legis
2462 1517 2514 1560 ct
2545 1507 2808 1578 Evangelii
2839 1512 3029 1568 molam
3057 1518 3353 1572 comminu-

1806 1596 1913 1642 tum
1934 1632 1949 1651 ,
1982 1604 2074 1659 per
2101 1605 2290 1661 aquam
2322 1595 2565 1662 baptismi
2597 1597 2817 1654 tinctum
2838 1641 2855 1668 ,
2885 1602 3188 1660 chrismatis
3232 1609 3352 1663 oleo

1805 1691 2137 1746 perunctum,
2162 1684 2361 1750 Spiritu
2391 1697 2576 1742 sancto
2601 1689 2900 1745 solidatam.
2923 1693 3191 1750 Horaliter
3216 1713 3350 1767 quo-

1799 1782 1903 1837 que
1931 1784 2028 1823 nos
2058 1771 2275 1826 vitulum
2305 1773 2574 1830 oﬁ‘erimus
2603 1775 2713 1832 Deo
2733 1819 2748 1843 ,
2788 1795 2907 1836 cum
2944 1785 3121 1839 carnis
3161 1801 3348 1855 super-

1807 1858 1944 1912 biam
1989 1861 2280 1929 vincimus;
2307 1880 2531 1933 agnum,
2576 1861 2696 1923 cum
2738 1871 3132 1931 irrationabiles
3175 1891 3349 1936 motus

1800 1949 2145 2018 corrigimus;
2197 1954 2444 2022 haedum,
2492 1971 2610 2012 cum
2666 1959 2932 2018 lasciviam
2987 1981 3344 2036 superamus:

1799 2040 2094 2095 columbam
2119 2082 2135 2107 ,
2174 2058 2294 2103 cum
2337 2047 2726 2115 simplicitatem
2758 2055 2951 2108 mentis
2977 2058 3304 2114 custodimus
3330 2079 3344 2124 ;

1799 2136 2090 2194 turturem,
2141 2133 2269 2187 dum
2321 2139 2616 2191 castitatem
2667 2155 2959 2198 servamus.
3014 2145 3124 2202 iloc
3171 2159 3344 2202 autem

1794 2229 1961 2284 genus
1988 2217 2163 2272 avium
2193 2221 2388 2276 dicitur
2418 2239 2576 2278 unum
2607 2236 2660 2281 et
2685 2240 2888 2284 castum
2917 2246 3136 2290 servare
3161 2239 3347 2307 conju-

1792 2307 1955 2373 gium.
1986 2306 2156 2365 Panes
2184 2327 2419 2381 azymos,
2449 2329 2567 2368 cum
2601 2319 2788 2382 nonin
2818 2320 3078 2377 fermento
3108 2306 3341 2393 malitia',

1793 2398 1884 2452 sed
1933 2401 1983 2452 in
2027 2403 2225 2471 azymis
2267 2405 2578 2461 sinceritatis
2621 2420 2675 2463 et
2712 2410 2950 2468 veritatis
2990 2417 3335 2474 ambulamus.

1791 2487 1897 2543 Sed
1923 2493 2059 2559 quod
2086 2494 2294 2557 dicitur,
2325 2494 2491 2550 Ponat
2521 2515 2722 2554 manum
2747 2518 2891 2556 suam
2916 2521 3064 2574 super
3084 2519 3238 2577 caput
3267 2515 3338 2562 vi-

1791 2579 1975 2633 ctimae.
2010 2580 2063 2635 Si
2094 2583 2432 2639 bistorialiter
2462 2586 2893 2658 intelligendum,
2920 2595 3068 2662 quasi
3097 2597 3292 2653 diceret
3320 2640 3335 2664 ,

1791 2665 1883 2720 Ille
1912 2669 2000 2736 qui
2030 2669 2180 2724 aﬁ'ert
2210 2669 2437 2727 hostiam
2478 2675 2542 2728 ad
2579 2677 2913 2746 sacerdotes,
2960 2680 3094 2736 hanc
3135 2692 3332 2741 tenete.

1791 2757 1901 2811 Hoc
1929 2773 2136 2828 quoque
2164 2762 2505 2829 spiritualiter
2535 2765 2930 2836 intelligendum
2960 2787 2975 2836 ;
3024 2774 3164 2841 quod
3204 2790 3338 2846 Opus

1787 2859 1945 2912 super
1971 2848 2336 2904 crudelitatem
2364 2852 2654 2908 divinitatis
2681 2857 2873 2912 Christi
2906 2863 3206 2927 ponendum
3231 2880 3335 2932 est,

1785 2936 1907 3001 quia
1951 2951 2042 3003 per
2069 2949 2226 3006 caput
2266 2939 2452 2994 hostiae
2491 2943 2786 2998 ostenditur
2825 2945 3017 3003 Christi
3058 2950 3333 3010 divinitas.

1787 3026 1954 3080 llomo
1981 3037 2155 3082 autem
2187 3029 2298 3093 ille,
2330 3031 2421 3098 qui
2453 3031 2678 3100 primum
2711 3033 2761 3086 in
2791 3035 3036 3090 omnibus
3063 3042 3238 3108 posuit
3265 3045 3329 3098 ad

1785 3115 2165 3171 immolandum
2197 3117 2424 3172 Domino
2451 3135 2639 3174 munus
2663 3161 2678 3187 ,
2707 3136 2809 3176 non
2836 3123 3124 3195 incongrue
3149 3128 3333 3183 buma-

1787 3220 1907 3258 num
1940 3221 2104 3276 genus
2130 3207 2430 3278 signiﬁcat:
2465 3212 2532 3263 de
2569 3225 2674 3279 quo
2721 3213 2773 3266 in
2804 3213 3087 3286 Evangelia
3116 3218 3326 3284 dicitur,

1785 3293 1954 3349 Homo
1995 3297 2202 3364 quidam
2244 3299 2566 3354 descendebat
2614 3317 2646 3354 α
2671 3299 2956 3359 Ierusalem
2997 3308 3049 3361 in
3075 3308 3278 3364 Jeiiclro
3310 3327 3330 3365 :

1778 3384 1864 3448 qui
1890 3382 2099 3435 vitulum
2118 3383 2284 3450 offert,
2307 3385 2453 3438 illum
2473 3387 2640 3454 utique
2657 3390 2962 3458 saginatum,
2989 3410 3138 3461 quem
3168 3408 3329 3464 pater,

1780 3486 2045 3541 progresso
2069 3473 2203 3538 filio,
2230 3489 2292 3526 ac
2315 3474 2412 3526 sibi
2436 3476 2682 3540 restituto,
2703 3478 2978 3548 jugulaeit.
3010 3481 3179 3537 Homo
3203 3500 3329 3552 ergo

1779 3557 1901 3621 iste,
1929 3560 2176 3627 quoniam
2204 3559 2331 3613 nihil
2364 3560 2673 3617 substantia:
2704 3564 2914 3632 habuit,
2941 3568 3139 3625 invenit
3165 3573 3323 3630 istum

1779 3645 1998 3698 vitulum
2028 3646 2240 3701 cmlitus
2273 3649 2532 3717 missum;
2564 3655 2656 3708 sed
2687 3671 2752 3712 ex
2778 3658 2966 3716 ordine
3006 3663 3327 3730 patriarcha-

1779 3748 1892 3787 rum
1920 3744 1974 3787 et
2005 3738 2366 3803 generationis
2395 3743 2730 3799 successibus
2758 3747 3079 3807 venientem.
3112 3754 3177 3808 Et
3205 3758 3325 3812 ideo

1780 3837 1883 3876 non
1911 3826 2219 3894 simpliciter
2243 3829 2374 3884 dixit
2401 3832 2624 3888 vitulum
2646 3875 2661 3898 ,
2694 3838 2786 3892 sed
2818 3843 2954 3908 quod
3007 3844 3223 3901 vitulum
3258 3866 3322 3904 ex

1776 3911 1947 3967 bubus
1975 3930 1989 3978 ;
2019 3923 2103 3968 est
2129 3927 2309 3972 autem
2339 3923 2604 3977 masculus
2628 3925 2739 3980 sive
2767 3931 2995 3986 mascula
3019 3949 3032 3984 :
3063 3949 3183 3990 vere
3210 3953 3318 3992 nta-

1775 4003 1983 4068 sculus,
2015 4002 2100 4073 qui
2133 4017 2403 4074 peccatum
2428 4051 2443 4076 ,
2473 4012 2610 4081 quod
2642 4013 2849 4072 feminae
2887 4017 3179 4090 fragilitatis
3209 4038 3316 4090 est,

1774 4093 2008 4161 ignorat,
2041 4104 2095 4149 et
2137 4112 2239 4150 non
2269 4098 2450 4154 habuit
2480 4105 2739 4160 maculam
2771 4112 2991 4176 peccati.
3023 4113 3187 4170 Oli'ert
3213 4132 3311 4170 au-

1775 4188 1877 4233 tem
1928 4197 2034 4235 non
2075 4183 2127 4236 in
2168 4187 2532 4255 tabernaculo,
2578 4195 2669 4246 sed
2729 4196 2794 4250 ad
2834 4201 3025 4254 ostium
3067 4204 3310 4258 taberna-

1771 4271 1912 4324 culi:
1956 4273 2094 4340 quod
2143 4285 2288 4328 extra
2336 4289 2539 4340 portam
2583 4297 2765 4351 passus
2811 4296 2931 4354 est;
2974 4291 3056 4344 vel
3098 4295 3216 4360 quia
3260 4297 3308 4348 in

1773 4365 1978 4431 propria
2005 4367 2180 4432 venit,
2213 4379 2266 4422 et
2288 4372 2366 4424 sui
2397 4371 2538 4426 illum
2568 4391 2670 4431 non
2697 4392 3021 4449 receperunt.
3053 4385 3151 4441 Per
3176 4390 3310 4458 ﬁlios

1770 4463 1935 4505 autent
1964 4455 2130 4508 Aaron
2161 4457 2371 4525 oﬂ‘ertur
2395 4466 2603 4532 sanguis
2628 4482 2647 4520 :
2675 4471 2814 4537 quod
2845 4473 2909 4528 de
2935 4478 3084 4531 Anna
3115 4455 3311 4536 etVCai-

119 4517 374 4571 mundum
400 4560 412 4583 ,
442 4521 616 4573 carnis
644 4519 914 4588 tegebatur
940 4536 1214 4614 aspectus,
1241 4539 1294 4582 et
1321 4532 1460 4584 aliud
1492 4532 1542 4585 in
1576 4534 1666 4588 illo
1689 4563 1741 4619 Β
1772 4542 1872 4609 pha
1902 4544 2111 4614 intelligi
2157 4559 2360 4616 potest,
2391 4563 2445 4607 et
2473 4556 2587 4609 aliis
2611 4517 2706 4627 qui
2728 4565 3001 4618 consilium
3035 4567 3297 4639 fecerunt,

119 4607 396 4639 υἶιΙιιΙνιη-ι-
448 4610 588 4639 ηιιωι
618 4612 1014 4639 τιιοηηξη..ιιηο..-
1071 4620 1240 4639 Α---.ξ-
1286 4631 1517 4639 ..Α-,γυνή
1561 4638 1572 4639 γ
1621 4638 1626 4639 ,
1856 4631 1874 4639 -
2076 4635 2088 4639 _
2131 4637 2139 4639 _

118 4607 417 4671 videbatur,
447 4610 592 4664 aliud
618 4603 1035 4681 intelligebatur,
1068 4620 1243 4672 carnis
1283 4631 1523 4686 aspectus
1551 4638 1666 4676 om-

124 4695 284 4746 nibus
313 4706 522 4762 patens,
544 4698 837 4755 divinitatis
860 4714 1031 4759 autem
1054 4707 1250 4775 agnitio
1281 4712 1456 4776 paucis
1486 4712 1668 4765 admo-

120 4782 292 4835 dum:
341 4783 413 4836 ita
456 4798 552 4851 per
596 4786 948 4855 legislatorem
995 4806 1048 4846 et
1092 4796 1394 4862 pr0phetias
1447 4799 1662 4852 verbum

117 4872 214 4926 Dei
250 4873 636 4941 pronuntiatur,
671 4877 858 4932 litterae
887 4882 1124 4938 velamen
1170 4886 1381 4954 tegitur.
1417 4887 1667 4942 lutrinse-

114 4976 214 5015 cus
241 4962 533 5017 occultatur
562 4964 852 5031 spiritualis
880 4983 1099 5034 sensus,
1134 4974 1220 5041 qui
1245 4975 1422 5041 paucis
1451 4979 1666 5032 omnino

116 5051 303 5117 patuit.
347 5054 401 5107 lu
433 5055 650 5111 exordio
688 5066 865 5112 autem
895 5058 1112 5114 Levitici
1137 5101 1154 5126 ,
1184 5080 1441 5119 annorum
1471 5084 1663 5136 genera

117 5141 483 5209 principalium
513 5146 834 5202 oblationum
865 5149 1261 5218 describuntur,
1292 5171 1409 5222 qua:
1441 5157 1664 5213 Domino

114 5225 291 5281 oll'erri
320 5228 574 5297 iubentur
604 5253 616 5286 :
652 5237 876 5304 primum
907 5237 1098 5293 vitulus
1120 5282 1133 5306 ,
1186 5245 1418 5296 secundo
1459 5262 1623 5315 agnus
1645 5288 1661 5314 ,

116 5316 274 5370 tertio
304 5325 476 5370 turtur
504 5331 556 5373 et
584 5324 828 5379 columba
861 5345 872 5377 :
918 5338 1132 5395 quarta,
1167 5331 1336 5381 simila
1379 5347 1660 5401 conspersa

115 5404 252 5456 oleo.
288 5403 509 5470 Reliqua
539 5423 664 5463 vero
695 5413 954 5468 sacriﬁcia
988 5431 1080 5484 pro
1112 5419 1450 5484 qualitatibus
1478 5437 1663 5479 causa-

116 5507 231 5545 rum
260 5495 630 5550 olferebautur.
662 5499 775 5554 Non
806 5510 888 5556 est
914 5513 1085 5558 autem
1118 5506 1371 5572 otiosum,
1408 5496 1660 5579 quod‘di-

114 5587 184 5635 cit
214 5603 226 5636 :
262 5583 424 5638 Homo
464 5601 525 5638 ea:
563 5588 697 5640 vobis
737 5592 780 5643 si
823 5592 1000 5659 σθένει
1040 5611 1264 5658 munus;
1305 5602 1459 5665 quasi
1499 5607 1661 5669 possit

117 5675 311 5743 aliquid
347 5680 483 5734 aliud
514 5679 706 5736 oﬁerre
733 5697 884 5750 quam
921 5689 1097 5752 homo,
1126 5698 1178 5744 et
1211 5689 1386 5758 utique
1417 5697 1657 5753 sutiecis-

119 5774 216 5820 set.
249 5767 300 5822 Si
330 5770 446 5840 quis
473 5785 536 5827 ex
568 5773 713 5827 vobis
744 5773 930 5832 ollctat
958 5795 1185 5846 munus;
1218 5791 1270 5838 ct
1298 5783 1349 5839 in
1379 5786 1482 5842 alio
1512 5789 1650 5860 loco,

1769 4640 1824 4682 ut
1848 4631 2025 4686 Jesum
2057 4635 2178 4689 dolo
2211 4647 2448 4698 tenerent
2474 4650 2526 4694 et
2556 4647 2856 4703 occiderent
2881 4666 2895 4714 ;
2925 4664 2978 4706 et
3003 4631 3308 4721 pronuntia;

1768 4732 1956 4777 verunt
1993 4725 2136 4777 illum
2180 4743 2324 4782 reum
2366 4747 2485 4786 esse
2526 4738 2740 4800 mortis,
2785 4751 2837 4794 et
2876 4743 3049 4812 impiis
3091 4751 3306 4806 vocibus

1766 4813 2072 4882 sanguinem
2093 4816 2290 4883 justum
2318 4820 2638 4880 eﬁ'uderunt.
2663 4828 2962 4888 Eliunditur
2988 4849 3160 4893 autem
3188 4857 3307 4896 αλιι·

1766 4904 1880 4972 guis
1904 4903 2052 4972 juxta
2085 4906 2261 4961 basem
2291 4909 2488 4980 altaris,
2521 4917 2639 4983 quia
2669 4934 2774 4974 non
2827 4923 2965 4991 capit
2997 4931 3304 4998 pr0phetam

1768 4994 1940 5060 perire
1965 5004 2112 5048 extra
2134 4995 2444 5055 Jerusalem.
2472 5001 2719 5074 Ponitqne
2743 5027 2946 5064 manum
2972 4994 3115 5070 suain
3158 5037 3307 5088 super

1765 5093 1916 5149 caput
1943 5083 2117 5146 vituli,
2152 5085 2249 5139 hoc
2280 5099 2391 5153 est,
2428 5104 2637 5160 peccata
2669 5102 2879 5166 generis
2910 5105 3144 5161 humani.
3192 5083 3305 5177 Ipse

1763 5180 1845 5225 est
1872 5172 2011 5232 enim
2041 5186 2198 5243 caput
2232 5178 2478 5234 Ecclesia:
2516 5199 2622 5238 suae
2645 5226 2658 5250 ,
2702 5190 2790 5256 qui
2820 5199 3088 5258 peccatum
3121 5172 3300 5255 mundi

1766 5273 1958 5328 portat.
1987 5263 2236 5332 Sequitur
2266 5284 2278 5318 :
2314 5266 2642 5341 Detractaque
2689 5278 2817 5344 pelle
2843 5280 3036 5346 hostire,
3081 5295 3222 5339 artus
3251 5291 3302 5342 in

1762 5353 1926 5418 frusta
1962 5354 2242 5421 concident,
2286 5365 2340 5409 et
2378 5361 2597 5428 reliqua.
2631 5364 2861 5420 Detrahit
2901 5369 3085 5436 pellem
3120 5374 3298 5442 vituli,

1768 5441 1853 5506 qui
1893 5443 2156 5497 devcrbo
2197 5445 2288 5498 Dci
2313 5449 2571 5504 abstrahit
2609 5453 2844 5508 velamen
2877 5457 3084 5524 litterae,
3141 5475 3194 5519 et
3223 5441 3297 5520 in-

1764 5536 1909 5583 terna
1953 5530 2093 5583 illius
2135 5545 2460 5589 sacramenta
2504 5540 2795 5604 Spiritualia
2843 5545 3055 5613 dividit,
3090 5561 3142 5606 et
3189 5554 3301 5609 haec

1765 5617 1998 5670 membra
2029 5633 2131 5671 non
2163 5621 2214 5674 in
2249 5623 2462 5676 humum
2487 5668 2499 5689 ,
2531 5629 2624 5682 sed
2667 5633 2718 5684 in
2759 5634 2928 5691 altare
2971 5639 3132 5707 ponit,
3183 5648 3298 5713 quia

1763 5704 1990 5772 indignis
2047 5706 2345 5763 hominibus
2403 5728 2507 5767 non
2571 5721 2748 5783 pandit
2796 5704 2982 5779 divina
3026 5704 3295 5800 mysteria,

1760 5792 1854 5848 sed
1889 5794 1988 5850 illis
2017 5798 2104 5862 qui
2133 5810 2253 5855 sunt
2283 5800 2374 5857 Dei
2405 5802 2597 5874 altare,
2632 5819 2698 5879 _et
2739 5810 2792 5865 in
2850 5817 3039 5883 quibus
3079 5792 3292 5889 semper

3257 507 3360 563 ,κ
3426 529 3430 532 .
