3872 6262
487 458 500 464 ”’
551 467 663 523 335

1049 473 1246 527 DED.-E
1288 475 1729 532 VENERABILIS
1771 479 2047 534 UI'EIlUM
2090 479 2263 535 I‘ARS
2301 482 2358 538 Il.
2402 512 2466 524 --
2510 485 2892 543 EXEGETICA
2935 493 3250 551 CENUENA.

3651 507 3736 560 336

567 581 700 651 ignis
729 581 936 636 divinus
963 581 1106 637 ardet
1130 623 1144 645 ,
1171 594 1223 636 et
1252 585 1301 636 in
1331 585 1519 653 quibus
1544 600 1752 654 semper
1777 591 2100 644 consumitur
2126 589 2178 648 Δ
2203 591 2418 646 crificia
2439 611 2596 663 supra
2629 599 2799 654 dictus
2832 603 2990 657 homo
3025 606 3262 661 offertur.
3304 610 3560 676 Quartum
3580 654 3597 680 ,
3633 621 3733 672 sai-

559 685 704 726 ατο.
734 669 958 723 Ietnbra
989 680 1158 724 autem
1187 672 1421 727 dividere
1444 683 1524 729 est
1549 678 1869 742 competenti
1899 679 2101 732 ratione

554 757 876 826 distinguere
906 758 995 824 qui
1038 759 1144 811 sint
1173 759 1438 826 profectus
1459 799 1474 825 ,
1503 762 1584 814 vel
1615 761 1805 817 Christi
1840 764 2098 819 ﬁmbriam

557 848 821 917 tetigisse,
859 849 939 902 vel
971 848 1130 916 pedes
1157 849 1293 903 illius
1335 850 1522 906 lavisse
1561 852 1841 922 lacrymis:
1886 857 2098 923 quando

553 935 612 989 fit
651 937 824 1005 potius
851 944 1007 1004 caput
1038 937 1247 991 unsisse
1268 977 1282 1001 ,
1312 938 1391 991 vel
1430 937 1480 993 in
1523 949 1734 1006 pectore
1765 943 2092 998 recubuisse.

549 1023 647 1091 Qui
690 1024 788 1078 [me
829 1026 1006 1079 dicere
1043 1025 1328 1080 secundum
1358 1027 1646 1095 profectum
1688 1030 2095 1100 uniuscujusque

550 1115 788 1176 noverit,
820 1122 992 1182 potest
1031 1129 1148 1169 esse
1186 1115 1431 1170 sacerdos
1461 1116 1550 1171 ille
1579 1120 1666 1186 qui
1697 1119 1885 1187 pellem
1919 1121 2090 1175 detra-

552 1203 676 1268 bat,
711 1212 762 1258 ct
789 1205 1020 1260 membra
1051 1205 1265 1260 dividat.
1307 1205 1508 1263 Deinde
1537 1207 1690 1277 lignis
1718 1209 1967 1264 adhibitis
1989 1250 2004 1275 ,
2036 1213 2085 1264 in

540 1297 690 1349 altari
731 1294 864 1364 ignis
896 1296 1254 1365 succenditur,
1297 1299 1384 1364 qui
1417 1298 1746 1354 divinitatem
1781 1299 1974 1355 Christi
2014 1302 2087 1356 si-

539 1384 768 1454 gniﬁcat.
801 1385 1085 1440 Desursum
1138 1389 1276 1440 enim
1302 1397 1382 1441 est
1407 1388 1667 1454 divinitas,
1696 1405 1800 1459 quo
1829 1391 1960 1461 ignis
1987 1392 2085 1448 iste

543 1473 771 1528 festinat.
805 1475 964 1528 Ardet
993 1475 1126 1544 ignis
1152 1474 1202 1528 in
1230 1476 1414 1541 altari,
1443 1491 1559 1531 cum
1588 1492 1690 1531 non
1715 1479 1885 1532 solum
1911 1480 1979 1534 de
2005 1480 2083 1533 in-

545 1564 845 1617 carnatinne
869 1562 1088 1628 Christi,
1119 1564 1211 1618 sed
1242 1565 1398 1618 etiam
1430 1566 1494 1620 de
1518 1565 1791 1621 divinitate
1818 1566 1958 1622 illius
1986 1569 2081 1622 ali-

544 1651 666 1719 quid
707 1651 892 1705 doctor
927 1652 1176 1719 disputat.
1223 1653 1386 1723 Ligna
1425 1663 1598 1708 autem
1629 1655 1746 1721 illa,
1775 1670 1932 1722 opera
1963 1671 2080 1724 qttze

536 1743 589 1796 in
615 1741 886 1797 Salvator‘e
911 1751 1056 1811 gesta
1086 1753 1227 1805 sunt.
1252 1744 1546 1813 significant
1571 1763 1583 1796 :
1615 1746 1666 1800 in
1693 1744 1880 1814 quibus
1903 1754 2079 1801 osten-

532 1831 752 1887 debatur
800 1833 991 1886 ardens
1038 1833 1301 1888 divinitas.
1357 1834 1448 1888 Vel
1489 1844 1635 1889 Certe
1681 1835 1816 1904 ligna
1863 1846 2079 1904 possunt

2208 691 2288 730 ma
2319 696 2331 730 :
2361 695 2478 748 qua:
2523 694 2610 738 aut
2659 687 2890 744 Ecclesia
2930 703 3046 754 cst.
3090 710 3210 757 qua
3258 697 3483 753 oliertur
3531 703 3736 758 similam

2199 778 2535 833 conspersam
2559 775 2699 838 oleo,
2727 775 2778 830 id
2801 787 2907 842 est,
2937 781 3095 834 vitam
3123 784 3386 841 charitate
3407 788 3734 856 decoratas;

2201 863 2301 948 aut
2319 857 2524 926 anima,
2560 865 2802 919 animalis
2827 867 3028 924 scilicet
3068 871 3260 938 homo,
3293 876 3379 942 qui
3420 875 3575 944 juxta
3609 884 3736 948 Apo-

2199 943 2392 998 stolum
2424 961 2529 1038 non
2565 952 2788 1038 percipit
2825 971 2944 1023 quae.
2982 969 3107 1012 sunt
3151 962 3376 1030 Spiritus
3426 943 3543 1020 Dei.
3588 943 3736 1038 Cujus

2197 1041 2415 1084 munera
2447 1033 2601 1103 longe
2633 1037 2879 1095 interiora
2923 1057 3078 1108 quam
3125 1062 3341 1102 munera
3393 1051 3627 1108 hominis
3647 1033 3733 1118 ξω

2192 1125 2307 1184 est,
2343 1123 2560 1207 perfecti
2593 1125 2710 1179 viri.
2753 1127 2855 1183 Iste
2882 1132 3022 1186 enim
3055 1149 3157 1187 non
3202 1136 3360 1192 habet
3390 1140 3615 1195 vitulum
3657 1161 3728 1198 ne-

2191 1220 2514 1298 queagnum
2547 1228 2720 1282 neque
2750 1217 2956 1273 hmdum
2978 1259 2993 1284 ,
3025 1238 3178 1290 quem
3209 1215 3418 1294 offerat,
3452 1245 3628 1298 neque
3654 1249 3727 1285 co

2190 1294 2424 1350 lumbam
2452 1315 2468 1360 ;
2499 1300 2592 1354 sed
2625 1311 2824 1358 tantum
2857 1307 3079 1362 similam
3107 1311 3287 1376 offert,
3337 1314 3388 1367 id
3436 1294 3555 1381 est,
3595 1334 3723 1373 com-

2183 1397 2396 1439 munem
2444 1388 2578 1443 hanc
2624 1392 2782 1447 vitam
2814 1413 2826 1446 :
2859 1398 3005 1451 verhi
3049 1402 3249 1468 gratia,
3281 1402 3333 1456 in
3378 1408 3731 1474 agricultura.

2185 1475 2234 1528 in
2266 1481 2559 1546 navigando
2591 1485 2814 1551 positam
2846 1504 2859 1538 :
2889 1488 3044 1543 ollert
3084 1499 3260 1546 tamen
3291 1509 3485 1550 munus
3518 1497 3632 1553 Deo
3661 1506 3728 1551 si-

2192 1563 2332 1617 milia
2363 1567 2483 1621 olco
2513 1580 2746 1624 unctum.
2779 1574 2976 1629 Omnes
3005 1582 3145 1631 enim
3190 1581 3378 1635 anime
3420 1593 3583 1652 egent
3621 1588 3732 1639 oleo

2181 1647 2374 1702 divinae
2425 1655 2824 1710 misericordia).
2875 1659 3018 1714 Thus
3062 1677 3271 1733 quoque
3311 1682 3430 1720 cum
3456 1647 3731 1723 sacriﬁcia

2181 1736 2280 1789 isto
2308 1737 2549 1805 otTertur,
2581 1743 2702 1807 quia
2731 1747 2870 1812 quod
2904 1747 2954 1800 in
2987 1755 3179 1805 nostris
3231 1755 3438 1808 actibus
3468 1756 3729 1812 infirmum

2183 1829 2562 1894 conspicimus,
2591 1833 2898 1889 assiduitate
2921 1839 3175 1894 orationis
3204 1842 3592 1909 implorandum
3617 1862 3728 1903 est:

539 1922 836 1989 passionem
863 1920 1190 1988 signiﬁcare:
1222 1936 1387 1991 usque
1409 1923 1472 1975 ad
1500 1923 1693 1991 lignum
1720 1903 1871 1977 enim
1886 1925 2057 1978 Christ

2185 1919 2241 1964 ut
2269 1927 2386 1967 cum
2431 1916 2682 1985 prophett
2723 1920 2962 1975 dicamus
2989 1941 3002 1974 :
3040 1903 3303 1996 Dirigatur
3328 1933 3494 1984 oratio
3523 1950 3633 1986 mea
3661 1939 3728 1988 si-

537 2014 714 2080 passio
753 2013 864 2065 fuit.
911 2011 1006 2066 Ubi
1036 2023 1208 2066 autem
1240 2026 1529 2080 suspensus
1567 2021 1650 2067 est
1689 2015 1738 2066 in
1775 2014 1944 2082 ligno,
1987 2014 2069 2068 di-

530 2102 798 2170 spensatio
820 2102 991 2155 carnis
1022 2101 1164 2154 finita
1191 2111 1291 2156 est.
1325 2101 1432 2154 lloc
1461 2101 1822 2156 holocaustum
1848 2117 2071 2172 namque

531 2190 706 2245 carnis
738 2190 876 2244 illius
913 2205 1002 2258 per
1032 2189 1226 2259 lignum
1256 2192 1430 2243 erucis
1471 2190 1795 2244 immolatum
1820 2230 1834 2253 ,
1878 2191 2069 2245 divinis

528 2283 752 2336 humana
782 2282 1018 2337 sociavit.
1066 2281 1266 2336 Interea
1287 2321 1301 2344 ,
1333 2296 1396 2336 ne
1425 2281 1796 2351 cupiditatibus
1824 2284 2068 2353 dilui'ju-

527 2371 610 2423 bet
641 2387 655 2424 :
687 2371 970 2437 signilical,
1002 2384 1092 2436 per
1117 2369 1258 2438 quod
1285 2371 1333 2423 in
1362 2381 1601 2426 terranca
1624 2414 1638 2439 ,
1670 2374 1770 2428 hoc
1798 2383 1909 2440 est,
1941 2389 2066 2429 con-

524 2460 736 2514 scientia
769 2475 783 2522 ;
825 2469 877 2513 et
918 2458 1104 2526 pedes,
1148 2460 1246 2512 hoc
1283 2469 1365 2514 est
1393 2475 1580 2516 sensus
1610 2450 1916 2531 purgantur.
1958 2465 2064 2517 Mo-

526 2548 702 2603 raliter
746 2562 955 2618 quoque
999 2558 1052 2601 ttt
1095 2563 1254 2617 supra
1302 2549 1567 2615 diximus.
1603 2553 1858 2606 habemus
1884 2564 1938 2607 et
1969 2568 2065 2607 nos

519 2637 769 2700 vitulum,
818 2646 872 2692 et
915 2638 1121 2706 quidem
1167 2640 1446 2705 superbum
1475 2681 1488 2703 ,
1537 2655 1690 2708 quem
1736 2640 2059 2695 offeramus:

517 2739 729 2780 carnem
756 2725 959 2779 scilicet
990 2735 1220 2780 nostram
1243 2766 1257 2790 ,
1280 2741 1434 2795 quam
1461 2728 1505 2781 si
1531 2743 1718 2782 munus
1741 2729 1849 2784 Deo
1874 2729 2062 2784 offerre

521 2815 787 2880 volumus,
817 2815 1137 2869 adducamus
1177 2816 1242 2869 ad
1292 2817 1482 2870 ostium
1517 2817 1873 2883 tabernaculi,
1900 2829 1952 2874 ut
1981 2819 2057 2873 di~

517 2905 692 2960 vinum
720 2906 986 2974 suscipere
1016 2904 1180 2972 possit
1208 2906 1466 2960 auditum.
1506 2906 1760 2961 Masculus
1786 2909 1879 2974 sit,
1911 2909 2056 2964 femi-

516 3009 637 3048 nam
683 2993 916 3058 neseiat,
959 2993 1090 3047 nihil
1133 2993 1256 3048 disse
1279 2993 1456 3065 lutum
1485 3005 1575 3050 aut
1619 2996 1779 3052 molle
1805 2999 2052 3066 requirat.

512 3083 644 3151 Quid
668 3091 766 3147 est,
794 3081 1005 3150 Impune
1030 3098 1234 3136 manum
1262 3091 1400 3136 tuam
1425 3101 1574 3152 super
1597 3086 1846 3140 hostiam?
1869 3085 1921 3140 Id
1950 3096 2050 3150 est,

516 3177 726 3242 impone
755 3172 830 3227 illi
861 3173 1199 3228 continentiae
1245 3175 1446 3229 frenum
1471 3214 1487 3240 ,
1531 3182 1586 3229 et
1625 3189 1839 3249 manum
1881 3175 2046 3229 disci-

515 3263 670 3328 plinm
701 3277 764 3316 ne
794 3261 998 3315 auferas
1028 3261 1094 3314 ab
1123 3275 1184 3315 ea
1210 3279 1222 3312 :
1256 3262 1392 3315 sicut
1420 3262 1508 3316 ille
1537 3262 1818 3331 imposuit,
1849 3261 1934 3329 qui
1965 3262 2050 3314 dio

510 3356 574 3407 cit
605 3394 618 3417 ,
655 3354 855 3405 Macero
891 3367 1071 3417 corpus
1099 3365 1280 3404 meum.
1313 3348 1378 3404 Et
1407 3351 1610 3405 immota
1649 3367 1760 3405 eam
1801 3351 2049 3418 Domino,

510 3444 609 3495 hoc
638 3450 751 3506 est,
786 3438 1038 3494 mortifica
1071 3437 1300 3492 membra
1331 3446 1415 3490 tua
1434 3477 1449 3502 ,
1478 3453 1593 3507 qua:
1618 3447 1742 3494 sunt
1767 3453 1924 3508 super
1951 3449 2052 3492 ter-

509 3548 639 3585 ratu.
676 3529 802 3583 Filii
848 3531 1013 3583 Aaron
1053 3527 1271 3595 o/fcrtmt
1312 3529 1628 3596 sanguinem.
1669 3527 1926 3582 Sacerdos
1971 3529 2048 3581 vel

511 3620 605 3672 lilii
635 3619 773 3671 illius
805 3625 1188 3684 nuncupantur.
1222 3615 1331 3670 Soli
1361 3616 1500 3670 enim
1535 3624 1690 3679 sunt,
1720 3616 1807 3685 qui
1853 3616 2046 3679 intelli-

510 3718 638 3778 gunt
665 3706 962 3760 Dominum.
993 3706 1090 3759 Per
1116 3705 1258 3770 ipsos
1280 3720 1404 3759 vero
1433 3706 1594 3760 debes
1626 3707 1814 3760 offerre
1840 3707 2049 3773 sangui-

509 3811 663 3861 nvm,
714 3802 771 3848 ut
817 3792 1140 3846 rationaliter
1177 3792 1412 3845 carnales
1457 3795 1681 3860 castiges
1725 3794 2040 3847 voluntates.

508 3884 642 3938 Sunt
683 3883 819 3936 enim
873 3879 951 3947 .ιυί
998 3877 1251 3941 oﬂ'urunt,
1296 3877 1387 3930 sed
1429 3893 1530 3930 non
1564 3893 1655 3946 per
1683 3880 2040 3945 sacerdotem,

513 3986 616 4027 non
646 3973 785 4026 enim
829 3969 1001 4022 sciunt
1030 3985 1044 4033 ;
1078 3982 1244 4035 neque
1273 3967 1555 4020 secundum
1586 3968 1771 4035 legem.
1806 3970 2041 4022 Secunda

515 4059 688 4114 hostia
719 4071 914 4124 agnus,
944 4056 1033 4124 qui
1067 4063 1119 4107 ct
1147 4055 1290 4121 ipse,
1321 4055 1453 4108 sicut
1481 4070 1635 4122 supra
1675 4055 1936 4121 diximus,
1969 4059 2044 4109 si-

508 4146 720 4217 gniﬁcat
744 4144 1007 4200 Christum
1026 4181 1039 4204 ,
1063 4152 1276 4211 propter
1304 4142 1652 4196 innocentiam
1679 4163 1688 4196 :
1716 4145 1828 4212 Ipse
1856 4161 2038 4212 agnus,

504 4236 590 4305 qui
625 4235 758 4288 tollit
807 4239 1015 4301 peccata
1047 4231 1244 4284 mundi.
1280 4231 1392 4300 Ipse
1423 4242 1472 4284 et
1505 4232 1716 4298 ha‘dus,
1749 4235 1869 4300 quia
1905 4235 2041 4288 illius

508 4334 676 4380 morte
726 4321 964 4376 diabolus
993 4329 1176 4373 auctor
1207 4321 1403 4386 peccati
1434 4322 1731 4387 agnoscitur
1756 4332 1806 4374 et
1835 4324 2038 4391 jugula-

506 4424 611 4464 tur.
645 4411 947 4463 lmmolatur
973 4418 1146 4462 autem
1175 4423 1336 4474 agnus
1377 4411 1438 4460 ad
1483 4411 1615 4461 latus
1655 4411 1864 4473 altaris,
1901 4413 2037 4478 quod

2173 2011 2258 2067 cut
2285 2004 2545 2058 incensum
2572 2008 2624 2060 in
2653 2021 2921 2075 conspectu
2953 2023 3060 2068 tuo.
3093 2013 3190 2068 Per
3217 2016 3487 2073 ciibanum
3519 2032 3693 2076 autem
3713 2066 3726 2086 .

2176 2093 2526 2148 tentationum
2577 2098 2821 2164 pondus:
2870 2115 2964 2167 per
3025 2103 3383 2172 sartaginem,
3426 2115 3725 2164 constantia

2169 2179 2330 2234 animi
2363 2192 2417 2235 et
2447 2183 2608 2238 robur
2637 2187 2829 2242 mentis
2856 2205 2869 2251 ;
2921 2205 3014 2255 per
3059 2194 3364 2249 craticulam
3386 2237 3402 2260 ,
3453 2202 3720 2269 multiplex

2176 2267 2503 2338 impugnatiu
2534 2287 2636 2326 non
2670 2274 2960 2343 incongrue
2988 2279 3329 2346 significatur.
3357 2283 3414 2338 In
3443 2267 3724 2343 variis—an-

2176 2365 2283 2411 tem
2313 2359 2664 2415 oblationibus
2691 2375 2910 2432 escepto
2938 2369 3198 2422 sacrificio
3231 2386 3326 2438 pro
3358 2385 3585 2440 peccato
3622 2379 3718 2430 ali-

2165 2446 2357 2513 quibus
2401 2451 2641 2515 partibus
2687 2452 3002 2518 immolatis,
3048 2471 3208 2525 super
3250 2459 3449 2528 altare,
3501 2466 3717 2534 reliqua:

2164 2534 2505 2590 sacerdotum
2554 2537 2735 2592 usibus
2780 2540 3118 2608 deputantur,
3149 2555 3236 2598 aut
3266 2562 3383 2615 qua:
3413 2553 3628 2620 proprie
3654 2553 3715 2604 ad

2166 2622 2442 2678 Dominum
2472 2628 2766 2694 pertinent,
2799 2630 3108 2699 implentes:
3140 2644 3198 2688 ut
3219 2636 3477 2703 jejunium
3499 2679 3518 2703 ,
3549 2642 3715 2696 conti-

2166 2703 2364 2777 nentia,
2389 2726 2477 2766 aut
2505 2730 2623 2782 quae
2653 2716 2884 2772 habenda
2911 2729 3033 2774 sunt
3060 2721 3110 2774 in
3142 2726 3407 2790 proximos
3437 2729 3715 2796 perficien-

2164 2807 2262 2865 tes,
2294 2811 2350 2880 ut
2376 2811 2459 2855 est
2486 2804 2875 2875 eleemosynam
2897 2848 2912 2872 ,
2943 2809 3301 2868 discordantes
3327 2817 3609 2883 pacificare
3627 2863 3642 2883 ,
3668 2834 3715 2874 et

2161 2888 2376 2956 reliqua.
2411 2890 2561 2955 Quod
2593 2894 2696 2948 mel
2729 2895 2779 2947 in
2811 2895 2902 2950 Dei
2931 2898 3240 2952 sacrificium
3273 2916 3376 2956 non
3407 2903 3710 2967 oﬂ'erretor,

2159 2976 2420 3043 significat
2449 2979 2578 3033 nihil
2609 2982 2972 3050 voluptuosum
2992 3025 3006 3049 ,
3037 2986 3160 3039 nihil
3187 3001 3349 3043 suave
3374 2990 3534 3058 hujus
3561 3010 3711 3046 ιιιιιιεο

2155 3063 2208 3116 di
2255 3066 2494 3132 placere;
2539 3069 2629 3123 sed
2669 3069 2860 3125 habeat
2904 3072 3099 3138 aliquid
3139 3076 3400 3132 mordacis
3442 3082 3706 3142 veritatis,

2159 3152 2296 3204 unde
2347 3162 2399 3206 et
2456 3155 2654 3208 Pascha
2687 3172 2804 3211 cum
2833 3161 3180 3215 amaritudine
3210 3165 3585 3222 manducatur.
3621 3173 3705 3224 Sal

2155 3249 2327 3295 autem
2362 3243 2410 3294 in
2445 3244 2703 3300 universis
2745 3249 3016 3301 sacrificiis
3059 3251 3349 3307 admiscere
3374 3255 3616 3324 jubetur,
3653 3272 3707 3310 ut

2152 3330 2325 3382 omnia
2367 3347 2483 3398 qua:
2513 3333 2562 3386 in
2596 3333 2793 3390 honore
2821 3334 3014 3390 Christi
3045 3338 3353 3394 ollerimus:
3385 3344 3460 3396 sal
3484 3347 3704 3399 rationis

2154 3416 2441 3480 habeamus
2469 3421 2832 3478 discretiones.
2866 3424 3133 3480 l‘rimitiva
3168 3435 3365 3482 tantum
3401 3430 3700 3486 fermentati

2163 3508 2313 3573 panis
2338 3517 2390 3561 et
2416 3510 2584 3563 mellis
2611 3511 2902 3574 ofl‘erimus,
2932 3528 3089 3580 super
3113 3517 3264 3569 altari
3297 3532 3402 3572 non
3436 3521 3699 3587 ponimus.

2155 3595 2278 3661 quia
2310 3596 2361 3649 in
2394 3597 2693 3663 primordiis
2721 3599 2840 3653 fidei
2881 3602 3184 3669 itnperfeCIa
3215 3617 3372 3671 opera
3421 3606 3697 3670 habemus.

2145 3681 2291 3749 juxta
2325 3686 2631 3758 apostolum
2665 3707 2676 3739 :
2710 3687 2816 3742 Lac
2844 3698 3014 3757 potum
3042 3692 3345 3760 accipimus,
3382 3711 3480 3747 non
3511 3713 3696 3750 escam.

2147 3771 2278 3826 Cum
2308 3782 2483 3830 autem
2510 3773 2671 3831 fuerit
2698 3787 3049 3845 opportunum
3072 3822 3086 3845 ,
3119 3789 3171 3833 ut
3199 3795 3416 3834 munera
3443 3784 3696 3850 perfecta.

2149 3863 2196 3916 id
2227 3875 2309 3919 est
2330 3905 2345 3931 ,
2376 3880 2536 3935 opera
2563 3867 2702 3922 bona
2732 3869 2783 3921 in
2811 3871 2977 3923 altare
3005 3870 3180 3922 cordis
3209 3871 3569 3940 imponamus,
3605 3876 3701 3926 ina-

2148 3953 2377 4020 perfecta
2409 3971 2631 4024 quicque
2673 3958 2983 4011 omittimus.
3033 3958 3250 4023 PrOptcr
3301 3958 3410 4014 haec
3457 3965 3702 4032 sequitur

2146 4043 2452 4110 mandatum
2504 4045 2569 4097 de
2616 4047 2890 4111 primitiis,
2945 4062 3040 4115 per
3085 4062 3200 4115 qua“:
3230 4049 3524 4116 significat,
3559 4057 3696 4121 quod

2147 4132 2460 4200 principium
2511 4148 2727 4201 operum
2761 4143 3060 4188 nostrorum
3091 4135 3341 4190 debemus
3372 4137 3479 4190 Deo
3507 4153 3700 4194 conse-

2147 4235 2301 4275 crare
2322 4261 2336 4285 ,
2371 4222 2473 4290 igni
2501 4222 2662 4275 divini
2694 4223 2890 4275 amoris
2921 4222 3269 4276 illuminatum
3294 4266 3307 4288 ,
3339 4235 3393 4279 et
3418 4227 3698 4282 discretio-

2141 4309 2226 4360 nis
2252 4308 2373 4362 boui
2404 4318 2457 4362 et
2508 4308 2629 4361 mali
2674 4309 2839 4372 facta,
2871 4324 2986 4362 cum
3016 4312 3305 4377 spoliantes
3333 4323 3569 4369 veterem
3601 4317 3700 4368 io-

2150 4395 2371 4457 minem,
2406 4395 2682 4447 induemur
2730 4409 2940 4448 novum.
2994 4397 3199 4451 Cretera
3249 4414 3365 4466 qua:
3395 4415 3699 4470 sequuntur

505 4497 713 4565 respicit
758 4495 821 4547 ad
874 4494 1228 4562 Aquilonem:
1280 4494 1342 4546 ad
1395 4496 1492 4547 hoc
1539 4497 1678 4549 enim
1727 4512 1908 4564 passus
1957 4509 2035 4549 est

2164 4481 2213 4532 Ie
2243 4480 2583 4548 qualitatibus
2614 4483 2938 4536 oblationum
2961 4523 2977 4547 ,
3009 4499 3070 4536 ex
3104 4487 3522 4553 pratcedentihus
3575 4507 3698 4557 pns-

503 4582 776 4649 Christus,
824 4591 879 4634 ut
906 4581 1178 4649 Aquilonis
1210 4582 1494 4650 principem
1525 4585 1872 4636 subverteret.
1911 4586 2038 4636 Dili-

505 4675 654 4741 picns
683 4671 823 4724 enim
858 4684 976 4724 vasa
1010 4669 1176 4733 fortis,
1199 4670 1339 4736 prius
1365 4670 1594 4740 alligavit
1626 4674 1807 4724 fortem
1827 4711 1842 4734 ,
1878 4681 1930 4723 ct
1960 4688 2040 4724 te-

505 4763 662 4827 liqua.
696 4763 821 4826 Qum
851 4770 1142 4828 sequuntur
1171 4759 1236 4812 de
1266 4773 1399 4827 agno
1423 4801 1436 4824 ,
1469 4761 1604 4813 sicut
1644 4761 1708 4813 de
1748 4761 1908 4812 vitulo
1949 4776 2038 4814 cx-

507 4851 799 4917 planantur.
835 4847 1069 4901 Tertium
1101 4847 1410 4902 sacrificium
1456 4857 1567 4911 est,
1617 4859 1784 4901 turtur
1830 4851 1907 4902 vel
1953 4865 2041 4900 co—

508 4937 703 4988 lntnba.
735 4937 930 4987 Turtur
963 4945 1134 5002 potest
1164 4934 1458 5001 signiﬁcare
1491 4935 1862 4987 humanitatem
1891 4936 2037 4986 Chr}-

508 5028 609 5089 sti,
655 5024 936 5077 Salomone
984 5025 1231 5076 dicente:
1281 5023 1515 5076 I‘ulcltrie
1557 5032 1677 5076 sunt
1715 5038 1861 5089 gena:
1905 5032 2038 5079 tum,

503 5119 639 5171 sicut
672 5115 912 5167 tnrtttris.
944 5114 1194 5164 Columba
1221 5156 1233 5178 ,
1280 5114 1528 5180 Spiritum
1571 5123 1805 5166 sanctum
1848 5110 2040 5176 signifi-

501 5218 602 5261 cat.
635 5205 759 5256 Cum
791 5201 972 5254 videris
1002 5200 1166 5258 enim,
1212 5200 1403 5268 inquit,
1447 5201 1695 5263 Spiritum
1739 5201 2037 5249 dcst‘emlcn-

504 5307 596 5346 tem
619 5337 631 5357 ,
659 5292 797 5359 quasi
825 5288 1124 5340 columbam.
1155 5285 1226 5337 Ac
1257 5301 1346 5349 per
1373 5291 1469 5337 ltoc
1498 5289 1867 5338 humanitatem
1892 5287 2034 5338 Chii.

505 5385 565 5435 sti
597 5381 788 5446 Spiritu
821 5389 1001 5430 sancto
1030 5376 1283 5428 sociatam
1318 5374 1469 5426 oll'crt
1501 5376 1655 5424 homo
1683 5391 1692 5423 :
1728 5373 1774 5423 id
1806 5383 1886 5424 est
1907 5414 1920 5435 ,
1953 5383 2041 5423 aut

506 5482 663 5532 genus
716 5468 1031 5528 humanum,
1088 5473 1144 5514 ut
1191 5476 1345 5528 supra
1398 5461 1656 5524 diximus,
1716 5462 1852 5527 quod
1900 5474 2039 5526 smpe

507 5556 768 5620 Scriptura
817 5553 911 5603 sub
959 5553 1171 5604 nomine
1221 5549 1445 5601 hominis
1494 5559 1892 5601 commemorat.
1942 5551 2040 5598 Aut

506 5639 860 5707 unusquisque
916 5642 1075 5692 homo
1131 5639 1456 5691 rationaliter
1507 5640 1722 5698 vivens,
1769 5647 1856 5689 aut
1898 5650 2039 5689 ecrte

506 5729 654 5783 Iesus
681 5727 919 5779 Christus
942 5768 953 5790 ,
976 5727 1072 5796 qui
1103 5727 1328 5792 seipsum
1359 5728 1566 5781 obtulit.
1616 5729 1666 5778 lu
1700 5728 1808 5779 Itmc
1846 5724 1924 5776 via
1955 5739 2037 5775 sa-

2146 4579 2270 4623 sunt
2315 4571 2604 4638 cognosci;
2656 4572 2746 4625 sed
2796 4572 2895 4624 hoc
2943 4586 3100 4625 I‘IOsse
3141 4573 3427 4636 debemus,
3457 4579 3601 4641 quod
3635 4582 3693 4631 iu

2143 4663 2499 4719 oblationibus
2545 4665 2877 4730 pacificorum
2925 4679 3028 4716 non
3073 4667 3241 4716 solum
3291 4666 3508 4720 masculi
3541 4683 3693 4720 assu-

2143 4763 2377 4819 tnuntur,
2409 4754 2499 4806 sed
2530 4763 2580 4805 et
2611 4753 2816 4804 femina:
2847 4769 2857 4802 :
2890 4753 3010 4818 quia
3055 4767 3174 4804 cum
3225 4767 3321 4821 pax
3369 4755 3420 4807 in
3468 4754 3696 4808 homine

2141 4842 2241 4903 sit,
2272 4840 2359 4905 qui
2392 4840 2735 4892 existentibus
2765 4838 2918 4891 bellis
2947 4839 3186 4892 vitiorum
3206 4880 3220 4904 ,
3250 4857 3350 4894 non
3377 4841 3548 4894 solum
3581 4843 3697 4896 fur-

2144 4927 2272 4977 liora
2300 4939 2454 4988 Opera
2475 4964 2488 4986 ,
2522 4925 2612 4976 sed
2655 4926 2942 4978 infirmiora
2975 4941 3197 4994 quasque
3229 4928 3448 4980 multum
3479 4929 3697 4982 valent.

2146 5013 2378 5064 Fortinra
2431 5023 2604 5065 autem
2649 5029 2804 5080 opera
2853 5027 3006 5079 sunt,
3055 5016 3304 5078 castitas.
3348 5025 3699 5084 contemptus

2140 5102 2369 5153 omnium
2424 5101 2762 5166 facultatum,
2817 5103 3148 5157 inimicorum
3199 5102 3528 5164 dilectio,et
3558 5110 3699 5159 reli-

2140 5206 2257 5258 qua.
2309 5191 2558 5244 Inferiora
2605 5203 2819 5254 autem,
2850 5192 3176 5244 continentia
3217 5191 3268 5244 in
3311 5190 3694 5252 matr-interiit).

2139 5285 2526 5352 eleemosynam
2571 5284 2634 5336 de
2699 5283 3032 5336 facultatibus
3069 5281 3196 5336 dare
3217 5325 3231 5348 ,
3261 5283 3488 5338 inimicis
3521 5286 3701 5340 hem“

2140 5373 2322 5427 facere.

2733 5460 2952 5515 CAPUT
2990 5461 3076 5515 IV.

2211 5549 2454 5616 Sequitur
2503 5550 2803 5601 mandatum
2836 5550 2900 5600 de
2929 5550 3100 5602 anima
3120 5593 3134 5612 ,
3162 5564 3278 5616 qua:
3306 5562 3401 5615 per
3429 5550 3695 5616 ignora“.

2140 5637 2173 5688 ti
2193 5655 2256 5689 un
2290 5647 2485 5704 pet-cat.
2516 5639 2683 5701 Quam
2728 5638 2940 5704 pulchre
2969 5646 3116 5688 vocat
3143 5637 3397 5698 animam,
3429 5651 3536 5688 non
3567 5644 3701 5706 Spi-

2139 5729 2322 5788 ritum,
2375 5742 2528 5794 quem
2581 5739 2793 5792 peccare
2845 5739 2946 5779 non
2993 5724 3215 5780 scribit?
3267 5723 3489 5775 Fructus
3531 5731 3702 5783 enim
