3872 6262
199 281 304 337 557

981 283 1044 338 IN
1085 283 1633 341 PENTATEUCHUM
1674 241 2154 341 COMM‘ENTAllll.
2195 316 2261 327 —
2301 285 2672 343 LEVITICL‘S.

3296 293 3394 346 358

199 390 463 457 spiritus,
489 393 747 458 charitas,
779 394 1060 461 gaudium;
1088 395 1178 448 sed
1211 410 1274 449 ne
1302 395 1564 449 hominem
1593 396 1747 457 dicit,
1777 397 1830 456 Δ
1856 397 1908 452 Si
1939 404 2112 450 autem
2159 400 2232 452 sal
2286 397 2592 452 infatuatutn
2645 398 2831 462 fuerit,
2881 400 2943 452 ad
2990 399 3207 453 nihilum
3256 401 3390 454 valet

199 479 258 530 in
289 495 394 547 quo
440 481 613 550 imago
647 483 734 536 Dei
767 483 956 546 intrat,
991 484 1235 537 veniente
1266 493 1477 548 peccato
1506 500 1750 538 corrum-

198 570 367 636 pitur,
399 585 498 638 qua
544 583 827 626 renovatur
877 588 968 640 per
1015 575 1326 640 baptismum
1377 575 1426 628 in
1466 575 1751 643 agnitione.

199 661 494 730 Sequitur:
547 663 800 718 Sacerdos
848 665 936 733 qui
980 675 1159 720 unctus
1208 675 1311 730 est,
1365 668 1407 720 si
1455 667 1751 734 peccaverit.

197 750 386 806 Tertio
415 752 465 805 in
497 752 594 806 hoc
637 762 685 807 et
733 755 1088 809 miScricordia
1137 756 1288 810 simul
1339 757 1656 820 ostenditur,
1686 757 1754 810 de

198 839 323 906 ipso
369 842 456 907 qui
505 842 752 895 sacerdos
794 852 904 905 est,
949 853 1000 897 et
1055 853 1242 898 unctus
1273 859 1373 898 non
1402 853 1482 899 est
1509 845 1757 898 immunis

195 942 229 980 a
273 929 507 994 delicto;
557 929 649 984 sed
696 937 871 985 tamen
901 947 995 999 pro
1042 947 1138 986 suo
1181 942 1395 1002 peccato
1439 934 1754 987 sacriﬁcium

195 1016 418 1086 iubetur
443 1018 660 1088 offerre,
694 1035 789 1089 per
816 1023 951 1090 quod
984 1022 1073 1077 Dei
1109 1025 1160 1077 in
1189 1039 1247 1079 se
1273 1025 1604 1078 clementiam
1636 1039 1754 1093 prn-

203 1109 320 1164 bet.
356 1107 568 1170 Duobus
618 1114 791 1167 modis
840 1115 1028 1168 vitulus
1079 1115 1406 1179 immolatur;
1457 1116 1617 1169 semel
1663 1128 1757 1184 pro

199 1216 468 1268 munere,
519 1203 682 1258 semel
727 1217 823 1272 pro
868 1214 1104 1273 peccato.
1151 1205 1254 1258 Sed
1303 1206 1389 1272 qui
1419 1206 1635 1260 olIertur
1661 1220 1755 1275 pro

198 1307 456 1358 munere,
490 1295 652 1348 semel
682 1309 776 1364 pro
808 1304 1060 1362 peccato;
1092 1305 1144 1350 et
1173 1296 1264 1350 ille
1295 1297 1381 1361 qui
1414 1296 1632 1350 offertur
1659 1312 1756 1366 pro

198 1396 462 1448 munere,
511 1398 670 1450 super
716 1383 1004 1438 bolocausti
1045 1383 1210 1438 altare
1254 1388 1622 1437 consumitur:
1664 1385 1753 1452 qui

200 1484 337 1524 vero
366 1485 460 1538 pro
490 1479 705 1538 peccato
732 1480 878 1526 extra
907 1480 1080 1527 castra
1105 1487 1223 1527 cum
1250 1472 1396 1526 corio
1423 1479 1477 1527 et
1504 1472 1554 1526 in
1584 1482 1752 1526 terra-

205 1557 326 1615 neis
353 1566 405 1612 et
439 1558 562 1612 timo
591 1560 642 1613 in
674 1560 789 1614 loco
817 1562 1015 1615 mu‘ndo
1052 1563 1268 1629 jubetur
1307 1563 1486 1629 exuri,
1516 1561 1753 1630 adipibus

203 1648 340 1701 solis
385 1649 434 1701 in
483 1649 634 1703 altari
663 1651 871 1704 oblatis.
905 1652 1034 1706 Vide
1065 1667 1129 1705 ne
1156 1652 1304 1707 fortis
1335 1653 1523 1718 Jesus,
1555 1653 1638 1722 qui
1666 1669 1754 1723 per

193 1736 500 1804 sanguinem
528 1753 673 1790 suum
702 1738 962 1805 paci/iret,
999 1739 1146 1806 juxta
1178 1710 1529 1807 Apostolum,
1558 1710 1676 1811 qua;
1697 1745 1750 1798 in
1782 1710 1830 1770 Β

193 1835 263 1876 te:
277 1825 349 1877 ris
377 1834 524 1889 sunt,
555 1833 601 1877 et
629 1841 739 1893 qua:
766 1827 817 1878 in
845 1827 982 1880 catis
1010 1836 1145 1880 sunt.
1177 1827 1294 1896 Ipse
1325 1829 1463 1883 enim
1505 1840 1587 1884 est
1611 1831 1754 1885 vitu-

195 1914 284 1967 lus
318 1915 405 1981 qui
435 1914 487 1966 in
520 1915 696 1980 cmlis,
731 1930 836 1969 non
869 1929 964 1984 pro
991 1928 1234 1986 peccato,
1270 1919 1360 1973 sed
1394 1933 1488 1988 pro
1530 1935 1750 1975 munere

195 2001 411 2053 oblatus
439 2010 541 2054 est.
573 2000 628 2055 ln
659 2004 812 2057 terris
841 2013 1015 2059 autem
1037 2045 1052 2070 ,
1086 2005 1172 2059 ubi
1203 2007 1268 2060 ab
1297 2007 1462 2061 Adam
1494 2022 1657 2078 usque
1684 2011 1748 2063 ad

199 2090 418 2158 Moysen
474 2105 617 2146 mors
663 2092 930 2160 regnavit,
977 2094 1187 2148 oblatus
1229 2096 1300 2148 sit
1342 2111 1436 2162 pro
1486 2108 1742 2164 peccato:

202 2177 308 2230 hoc
337 2186 416 2230 est
449 2192 636 2245 passus
667 2189 782 2243 est,
815 2191 963 2234 extra
993 2192 1165 2236 castra
1195 2184 1395 2238 scilicet
1422 2194 1747 2256 angelorum.

203 2267 284 2320 De
328 2268 516 2337 quibus
557 2269 722 2325 Jacob
766 2271 926 2336 dicit,
953 2272 1132 2327 Castra
1159 2274 1253 2328 Dei
1282 2287 1396 2329 sunt
1423 2277 1547 2332 hazc.
1593 2280 1750 2333 Extra

207 2355 301 2408 illa
347 2370 475 2427 ergo
521 2371 693 2414 castra
739 2363 911 2415 omnis
956 2363 1101 2418 locus
1144 2373 1414 2432 terrenus,
1448 2368 1498 2421 in
1525 2383 1629 2438 quo
1657 2384 1752 2424 nos

202 2444 540 2514 habitamus,
587 2461 641 2504 et
689 2451 740 2504 in
788 2467 889 2520 qua
938 2468 1096 2508 carne
1143 2454 1379 2511 Christus
1424 2471 1606 2525 passus
1647 2471 1749 2515 est.

199 2535 358 2599 Quod
403 2551 528 2589 vero
570 2538 792 2603 dicitur,
818 2541 948 2604 Quia
975 2545 1203 2594 exuritur
1241 2559 1352 2596 cum
1382 2553 1596 2599 stercore
1624 2556 1670 2600 et
1697 2549 1750 2602 in

201 2626 466 2690 terraneis,
485 2626 737 2694 significat
761 2630 880 2696 quia
907 2630 970 2682 ad
991 2633 1436 2698 comparationem
1458 2635 1748 2688 caelestium

200 2728 488 2780 corporum
519 2730 712 2783 corpus
742 2717 876 2770 istud
910 2719 1193 2772 humanum
1221 2728 1423 2774 stercus
1458 2724 1748 2790 ﬁguraliter

198 2812 552 2870 nuncupatur.
605 2805 738 2872 Quid
781 2807 918 2860 enim
968 2807 1108 2861 aliud
1160 2809 1314 2863 fimus
1360 2809 1446 2864 ille
1491 2814 1741 2867 stercoris

199 2893 462 2970 significat
518 2910 674 2963 quam
736 2898 1043 2969 martyrium
1100 2911 1358 2970 susceptae
1411 2903 1748 2961 humanitatis

201 2968 550 3038 oswndiiurf
590 2986 713 3040 llaec
765 2968 1003 3056 quamvis
1043 2968 1288 3046 audacter
1330 2991 1561 3048 discussa
1605 2996 1744 3062 sint,

200 3072 377 3140 potest
410 3082 584 3128 tamen
627 3091 689 3129 ex
732 3075 812 3129 his
845 3077 1106 3144 justorum
1147 3082 1332 3134 nutriri
1372 3083 1601 3138 auditus.
1648 3086 1747 3140 Ea-

198 3166 324 3216 dem
355 3173 529 3217 autem
557 3175 608 3217 ct
631 3165 696 3219 de
724 3166 812 3218 illo
839 3167 998 3220 vitulo
1029 3183 1211 3224 omnes
1239 3171 1403 3226 turba:
1431 3173 1746 3241 accipienda:

177 3262 345 3322 dsunt.
377 3253 508 3307 Cum
536 3253 602 3310 de
630 3255 923 3310 sacerdotis
952 3268 1166 3325 peccato
1208 3259 1415 3326 dicitur,
1457 3278 1560 3318 non
1592 3266 1746 3332 poni-

199 3350 288 3394 tur
318 3343 454 3410 quod
487 3343 726 3411 ignoret,
757 3345 877 3410 quia
906 3345 1155 3400 sacerdos
1181 3347 1269 3402 ille
1295 3347 1559 3404 Christum
1585 3351 1746 3420 signi-

197 3429 352 3493 ficat,
387 3429 440 3482 in
471 3446 626 3497 quem
658 3431 800 3484 nulla
833 3433 1126 3501 ignorantia
1157 3435 1313 3488 cadit.
1348 3437 1445 3502 Qui
1476 3453 1593 3491 cum
1626 3454 1746 3506 pec-

194 3528 372 3571 eatum
408 3534 510 3573 non
552 3517 710 3584 fecit,
747 3530 1018 3588 peccatum
1050 3537 1146 3590 pro
1176 3524 1325 3578 nobis
1354 3525 1516 3580 factus
1543 3535 1663 3592 est;
1695 3537 1748 3582 et

200 3609 316 3676 ipsa
363 3619 576 3679 peccata
627 3620 838 3674 nostra,
889 3619 944 3664 et
984 3626 1079 3679 pro
1124 3614 1212 3668 illo
1259 3625 1474 3682 peccato
1502 3619 1640 3687 quod
1679 3634 1744 3674 ex

199 3698 356 3752 nobis
383 3699 612 3768 suscepit
639 3707 691 3754 et
715 3700 973 3768 portavit,
1006 3702 1225 3758 vitulum
1248 3745 1262 3772 ,
1297 3705 1395 3760 hoc
1421 3714 1505 3762 est
1533 3722 1744 3764 carnem

194 3789 627 3853 immaculatam,
672 3789 892 3845 obtulit:
936 3802 989 3846 et
1032 3793 1108 3846 sic
1147 3793 1258 3861 ipse
1297 3805 1378 3850 est
1415 3798 1662 3852 sacerdos
1691 3808 1746 3852 et

194 3879 390 3934 hostia.
436 3879 586 3945 Quod
632 3889 805 3934 autem
850 3882 1110 3950 sequitur,
1157 3883 1513 3952 Derelinqucre
1554 3887 1746 3954 faciens

195 3962 475 4038 populum,
508 3969 585 4044 sic
615 3968 680 4024 de
705 3968 918 4023 Christo
951 3971 1275 4040 intelligitur,
1306 3975 1426 4041 quia
1457 3976 1591 4028 sicut
1628 3991 1745 4030 cre-

195 4059 443 4112 dentibus
473 4059 628 4112 vitam
653 4100 667 4122 ,
712 4059 783 4111 ita
828 4074 929 4111 non
972 4059 1309 4114 credentibus
1349 4071 1574 4117 mortem
1614 4078 1742 4118 con-

194 4146 317 4204 fert.
349 4145 548 4200 Positus
577 4155 648 4200 est
675 4148 834 4207 enim,
860 4149 1060 4214 inquit,
1089 4152 1138 4202 in
1181 4152 1382 4204 ruinam
1419 4162 1464 4205 et
1502 4153 1551 4206 in
1579 4169 1746 4207 resur-

193 4239 462 4291 rectionem
490 4240 781 4293 multa-rum.
815 4239 1069 4309 POpulum
1115 4242 1254 4296 enim
1299 4259 1400 4299 non
1442 4247 1747 4302 credentem

1858 487 2031 549 ultra,
2067 490 2163 542 nisi
2206 499 2261 543 ut
2303 490 2608 559 projiciatur
2649 490 2828 557 foras,
2869 501 2923 546 et
2963 493 3187 562 reliqua.
3230 494 3404 548 liabet.

1856 591 1982 644 ergo
2029 580 2126 632 iste
2182 579 2402 632 hostiam
2445 594 2634 634 suam:
2683 578 2972 648 Sequitur:
3017 579 3076 634 Si
3120 584 3390 645 peccaverit

1855 664 2023 714 anima
2055 680 2156 717 una
2198 682 2259 719 ex
2303 668 2488 735 papula
2534 678 2696 722 terrai.
2745 669 2846 721 Cur
2885 667 3058 734 addit,
3094 669 3174 722 Ea:
3212 670 3398 738 papula

1857 762 2030 816 terrm,
2072 754 2171 806 nisi
2217 757 2336 822 quia
2377 771 2440 809 ex
2472 756 2557 809 illa
2588 757 2757 810 anima
2789 772 2904 826 qua:
2935 767 3115 826 peccat
3145 772 3248 811 non
3282 773 3398 825 per-

1857 839 2020 894 tinet?
2049 841 2115 895 de
2142 841 2332 909 quibus
2360 843 2566 907 dicitur,
2599 844 2791 898 Nostra
2817 846 3122 898 conversatio
3170 845 3251 898 itu
3264 845 3399 898 caelis

1854 939 1945 982 est.
1988 930 2064 984 Tu
2095 946 2300 1000 quoque
2329 933 2372 986 si
2404 933 2548 986 venis
2593 935 2656 986 ad
2706 935 2925 1002 gratiam
2957 936 3232 1004 baptismi,
3263 936 3398 989 vitu-

1856 1015 1960 1069 lum
1990 1017 2220 1072 obtulisti
2249 1037 2259 1072 :
2291 1020 2428 1087 quod
2479 1021 2528 1074 in
2579 1030 2798 1076 mortem
2845 1024 3038 1076 Christi
3087 1023 3397 1092 baptizaris.

1855 1118 1972 1158 cum
2004 1105 2070 1157 ad
2102 1109 2410 1175 martyrium
2445 1108 2647 1162 hircum
2679 1109 2948 1174 obtulisti,
2979 1112 3097 1179 quia
3128 1120 3397 1164 auctorem

1855 1197 2050 1263 peccati
2081 1196 2346 1250 diabolum
2371 1199 2635 1267 jugulasti.
2666 1197 2795 1254 Cum
2827 1201 3213 1272 eleemosynam
3245 1201 3393 1264 facis,

1854 1297 1908 1343 et
1930 1285 2176 1344 affectum
2202 1291 2572 1346 misericordia:
2593 1307 2714 1362 erga
2739 1293 3032 1361 indigentes
3062 1293 3395 1360 dcpenderis,

1851 1379 2016 1432 altare
2044 1393 2250 1433 sacrum
2281 1378 2446 1433 haedis
2475 1379 2751 1449 pinguibus
2797 1380 3082 1434 honorasu.
3133 1382 3188 1435 Si
3219 1372 3393 1437 autem

1853 1481 1915 1520 ex
1969 1468 2127 1522 corde
2181 1469 2442 1522 dimiseris
2493 1477 2762 1537 peccatum
2812 1469 2953 1522 fratri
3013 1479 3131 1534 tuo,
3188 1479 3239 1524 et
3293 1471 3395 1524 ira-

1851 1556 2056 1611 cundiae
2093 1556 2333 1626 deposito
2385 1566 2622 1623 tumore,
2667 1559 2846 1612 mitem
2891 1559 3120 1611 animum
3168 1560 3300 1612 intra
3345 1569 3396 1612 te

1851 1643 2074 1712 colligis,
2104 1643 2385 1699 inunolasti
2418 1653 2468 1699 te
2496 1646 2714 1700 arietem
2745 1645 2826 1699 vel
2855 1660 3043 1714 agnum
3075 1643 3197 1699 fide.
3232 1645 3392 1699 Porro

1855 1735 1930 1790 sic
1968 1735 2019 1788 in
2067 1736 2258 1790 divinis
2301 1736 2614 1791 lectionibus
2653 1737 2937 1792 instructus
2981 1736 3303 1802 meditando,
3343 1745 3397 1791 et

1854 1823 2094 1878 columba
2125 1825 2177 1877 in
2219 1825 2334 1893 lege
2380 1825 2618 1890 Domini,
2663 1827 2812 1896 cujus
2857 1843 3096 1881 mormur
3138 1829 3391 1895 gemitum

1855 1915 2021 1985 magis
2050 1930 2205 1984 quam
2235 1923 2449 1969 cantum
2477 1926 2629 1970 sonat
2655 1934 2669 1981 ;
2703 1927 2749 1971 et
2778 1918 2844 1970 ab
2869 1932 3050 1971 errore
3073 1919 3396 1972 converteris

1857 2009 2171 2069 peccatore,
2223 2013 2278 2058 et
2323 2003 2387 2057 ad
2440 2005 2822 2072 simplicitatem
2876 2006 3019 2057 illum
3069 2006 3396 2058 revocaveris

1855 2095 2158 2160 columbas;
2208 2104 2365 2163 atque
2415 2095 2729 2149 adhaerendo
2776 2095 2973 2149 sanctis
3020 2096 3204 2149 feceris
3253 2095 3393 2147 illum

1853 2181 2159 2236 societatem
2192 2184 2405 2238 turturis
2433 2183 2660 2247 imitari,
2697 2194 2950 2239 turturem
2978 2194 3065 2238 aut
3094 2185 3390 2238 Columbam

1857 2269 1966 2324 Deo
2008 2271 2262 2324 obtulisti.
2311 2270 2367 2326 Si
2412 2281 2584 2325 autem
2631 2273 2980 2348 abundaverit
3020 2275 3069 2326 in
3110 2273 3267 2326 corde
3308 2281 3396 2326 tuo

1855 2360 2124 2423 Charitas,
2162 2362 2234 2414 ita
2287 2370 2346 2415 ut
2396 2361 2579 2428 diligas
2618 2363 2910 2429 proximum
2960 2371 3104 2415 tuum
3145 2363 3280 2415 sicut
3321 2373 3395 2415 te-

1856 2448 2046 2514 ipsum,
2081 2462 2240 2515 panes
2267 2449 2424 2502 simul
2453 2464 2515 2503 ac
2557 2463 2671 2515 eos,
2708 2449 2760 2502 in
2791 2450 3062 2504 charitatis
3101 2451 3219 2503 oleo
3272 2451 3395 2502 sub-

1853 2549 2020 2603 actos,
2044 2539 2159 2592 sine
2191 2539 2297 2592 ullo
2324 2538 2583 2593 fermento
2615 2541 2827 2595 malitia:
2854 2540 3110 2594 obtulisti.
3132 2541 3185 2595 Si
3217 2551 3390 2594 autem

1854 2641 2068 2682 carnem
2099 2637 2239 2682 tuam
2269 2629 2640 2692 maceraveris,
2671 2639 2722 2682 et
2746 2628 2961 2697 jejuniis
2989 2643 3050 2682 ae
3084 2628 3244 2681 multa
3275 2628 3394 2681 abs-

1855 2717 2074 2770 tinentia
2104 2719 2309 2774 aridum
2357 2717 2564 2787 feceris,
2599 2719 2914 2773 sacriﬁcium
2954 2732 2984 2771 a
3025 2719 3288 2788 sartagine
3342 2727 3391 2772 et

1853 2806 2100 2861 craticula
2132 2806 2394 2864 obtulisti.

2473 2893 2695 2952 CAPUT
2725 2897 2783 2950 V.

1919 2983 2162 3052 Sequitur
2199 2981 2298 3040 :St'
2344 2986 2611 3055 peccaverit
2664 2984 2852 3049 anima,
2885 2994 2927 3036 et
2969 2985 3184 3042 audierit
3228 3001 3390 3038 vocem

1845 3076 2090 3145 juranlis,
2144 3082 2195 3128 et
2224 3073 2442 3142 reliqua.
2477 3074 2807 3142 Manifestum
2854 3073 3170 3142 estquidem
3200 3089 3390 3129 secun-

1850 3165 1974 3218 dum
2008 3165 2278 3218 historiam
2307 3167 2445 3234 quod
2475 3179 2801 3232 nequaquam
2823 3165 3075 3218 debemus
3099 3165 3145 3217 in
3178 3166 3390 3218 alterius

1851 3264 2066 3325 peccato
2117 3255 2354 3323 polluere
2406 3256 2750 3309 conscientias
2782 3263 3026 3317 nostras;
3072 3268 3173 3307 non
3216 3256 3409 3308 solum-

1851 3345 2047 3412 pariter
2067 3344 2289 3413 agendo,
2319 3345 2412 3399 sed
2439 3345 2595 3399 etiam
2623 3361 2736 3414 quin
2758 3345 2937 3399 illit-ite
2966 3357 3107 3413 gesta
3127 3355 3268 3406 sunt.
3287 3361 3390 3400 non

1849 3432 2135 3504 reticendo.
2165 3433 2477 3502 Spiritaliter
2495 3443 2668 3488 autem
2711 3435 2795 3487 iila
2822 3437 2991 3488 anima
3020 3450 3136 3504 qua:
3179 3435 3388 3504 legitur,

1845 3498 2042 3574 iuravit
2085 3498 2350 3587 Dom—inus,
2376 3533 2421 3574 et
2453 3538 2549 3575 non
2576 3523 2823 3590 paenitebit
2864 3498 3051 3585 illum;
3075 3531 3127 3574 tu
3151 3539 3202 3576 es
3228 3537 3392 3576 sacer-

1847 3610 1938 3663 dos
1978 3613 2028 3662 in
2067 3620 2337 3675 (sternunt,
2388 3613 2660 3664 secundum
2709 3613 2934 3664 ordinent
2997 3611 3394 3664 Melchisedech:

1846 3698 1986 3751 audit
2015 3713 2197 3753 vocem
2239 3699 2487 3766 jurantis,
2516 3707 2571 3752 ut
2597 3699 2788 3752 faciunt
2824 3698 3010 3752 scriba:
3039 3707 3089 3752 et
3118 3698 3387 3752 Pharismi.

1851 3787 1973 3857 llzec
1999 3802 2208 3858 semper
2256 3786 2586 3852 meditantes,
2639 3788 2729 3842 sed
2778 3797 2947 3842 tamen
2981 3798 3211 3842 tacentes
3257 3804 3388 3841 nun-

1848 3875 1979 3928 tiare
2026 3877 2090 3929 ad
2123 3875 2367 3944 populum
2397 3877 2595 3940 nolunt,
2643 3890 2738 3931 nec
2773 3876 2965 3931 Christi
3015 3876 3274 3931 fateantur
3298 3878 3387 3929 ad.

1844 3976 2079 4021 ventum.
2128 3969 2401 4036 Sequitur:
2443 3969 2624 4020 Anima
2673 3985 2783 4036 qua!
2821 3971 3031 4038 tetigerit
3059 3971 3251 4037 aliquid
3296 3971 3383 4022 im-

1842 4057 2106 4121 mundam,
2135 4065 2188 4110 et
2215 4055 2432 4123 reliqua.
2469 4055 2597 4112 Vide
2625 4072 2779 4125 quam
2811 4058 3183 4113 inconveniens
3203 4060 3270 4112 sit
3299 4060 3388 4113 Ju-

1802 4150 1816 4165 '
1844 4147 2076 4201 (imorum
2105 4144 2472 4215 intelligentia,
2494 4159 2612 4214 quae
2637 4146 2747 4200 haec
2765 4147 2910 4213 juxta
2940 4145 3166 4203 litteram
3189 4158 3379 4203 servat.

1846 4235 1977 4304 Quid
2009 4237 2148 4289 enim
2176 4234 2517 4289 immunditia:
2565 4237 2826 4289 contrahit
2853 4239 2939 4304 qui
2966 4239 3239 4306 contigerit
3270 4243 3384 4292 aui-

202 4339 424 4393 peccare
474 4326 625 4390 fecit,
672 4329 794 4382 dum
844 4329 893 4382 in
944 4343 1103 4384 came
1147 4333 1315 4398 ροιυῑι
1357 4339 1410 4387 ει
1452 4335 1640 4389 occidi,
1685 4335 1737 4391 Si
1765 4347 1819 4406 υ
1847 4326 1947 4380 mal
1998 4333 2261 4378 mortuum
2299 4332 2389 4378 aut
2425 4338 2615 4391 corpus
2658 4323 2816 4377 animi
2845 4323 3111 4379 defuncti?
3156 4327 3288 4392 Quid
3340 4331 3382 4380 si

200 4413 340 4465 enim
373 4413 424 4464 in
453 4428 614 4468 carne
643 4430 746 4470 non
779 4417 1046 4483 venisset,
1077 4419 1292 4487 sanguis
1335 4419 1476 4474 illius
1514 4437 1620 4476 non
1651 4439 1739 4477 ve-

195 4503 377 4556 nisset.
431 4502 492 4557 Si
535 4504 701 4569 enim,
751 4507 950 4574 inquit,
993 4525 1095 4562 non
1142 4511 1414 4578 venissem,
1455 4519 1501 4565 et
1545 4513 1741 4569 locutus

197 4607 298 4644 non
330 4593 537 4660 fuissem
569 4593 703 4656 illis,
746 4605 1003 4663 peccatum
1045 4616 1145 4653 non
1184 4601 1439 4655 haberent.
1479 4601 1741 4659 Moraliter

196 4695 406 4749 quoque
444 4681 691 4735 sacerdos
733 4683 830 4738 iste
865 4674 1384 4752 significat'sensum
1433 4694 1646 4762 pietatis
1687 4704 1740 4748 et

197 4769 498 4836 religionis,
528 4771 614 4838 qui
662 4771 713 4824 in
762 4771 911 4826 nobis
955 4787 1050 4841 pro
1079 4777 1434 4844 orationibus,
1466 4797 1596 4850 quas
1629 4783 1738 4837 Deo

200 4867 324 4918 pore
371 4858 665 4922 fundimus,
695 4859 838 4913 velut
879 4863 1103 4928 quodam
1147 4869 1445 4924 sacerdotio
1488 4871 1733 4942 fungitur.

199 4939 292 4995 llic
319 4941 364 4994 si
402 4943 578 5009 aliquo
627 4948 934 5017 deliquerit,
987 4949 1286 5005 universum
1327 4957 1413 5022 qui
1463 4939 1603 5010 intra
1643 4973 1738 5013 nos

196 5042 270 5083 esu
326 5032 579 5087 bonorum
637 5046 844 5091 actuum
901 5038 1147 5106 populum
1204 5054 1422 5108 peccare
1477 5045 1621 5100 facit.
1679 5047 1734 5104 Si

203 5122 340 5175 enim
374 5121 548 5181 lumen
579 5126 718 5192 quod
750 5129 803 5181 in
837 5138 889 5183 te
915 5140 997 5184 est
1024 5129 1256 5184 tenebras
1295 5141 1456 5197 sunt,
1497 5134 1620 5203 ipsa!
1662 5145 1736 5190 te-

207 5210 378 5262 Izel-m
408 5212 664 5276 quantae?
695 5213 872 5270 Potest
903 5218 1116 5286 intelligi
1158 5219 1330 5272 omnis
1374 5223 1520 5276 turba
1541 5264 1555 5287 ,
1599 5224 1736 5279 idem

203 5305 292 5365 qui
322 5312 475 5362 supra
503 5297 674 5352 dictus
700 5311 783 5358 est
813 5307 1038 5378 populus
1067 5308 1335 5361 virtutum.
1369 5308 1618 5379 Princeps
1646 5329 1739 5367 au-

206 5395 306 5441 teni
334 5389 435 5441 vim
468 5387 686 5443 rationis
711 5405 830 5458 qua:
859 5396 992 5449 intra
1023 5412 1117 5451 nos
1145 5407 1225 5452 est
1254 5397 1543 5469 significat,
1589 5406 1736 5470 quasi

203 5469 314 5540 ipse
365 5483 560 5547 peccet,
613 5485 666 5531 et
700 5479 916 5533 stultum
960 5485 1151 5552 aliquid
1196 5501 1426 5553 agamus.
1478 5469 1733 5546 Pertime-

211 5561 456 5618 scendum
480 5577 556 5619 est
587 5565 736 5619 nobis
764 5571 900 5636 quod
926 5571 1134 5639 dicimr,
1177 5567 1270 5628 Vos
1301 5577 1416 5630 estis
1446 5579 1522 5630 sal
1562 5571 1724 5635 terra'.

1844 4420 2133 4490 prophetae,
2158 4418 2200 4470 si
2225 4417 2558 4484 patriarchae,
2580 4416 2702 4484 quid
2729 4426 2900 4469 autem
2931 4417 2973 4468 si
3006 4417 3172 4470 Elisaai
3203 4432 3390 4483 corpus

1843 4514 2102 4561 mortuum
2131 4502 2449 4556 suscitatur?
2489 4504 2770 4570 Apostolus
2793 4511 2964 4557 autem
2993 4504 3138 4570 dicit,
3194 4505 3385 4557 Bonum

1842 4611 1912 4656 cst
1933 4598 2120 4652 homini
2143 4600 2402 4652 mulierem
2424 4614 2524 4652 non
2553 4608 2771 4667 tangere.
2793 4598 2887 4652 Hic
2915 4607 3062 4651 actus
3089 4599 3390 4652 immundus

1842 4683 2030 4745 θεὲ.δὶ
2047 4690 2156 4756 quis
2175 4692 2314 4748 enim
2358 4689 2536 4742 viderit
2561 4691 2817 4744 mulierem
2844 4693 2910 4743 ad
2940 4691 3384 4760 concupiscendam

1840 4780 2004 4843 illam,
2040 4779 2153 4847 jam
2200 4776 2468 4830 moechatus
2514 4787 2584 4830 est
2611 4780 2750 4831 illam
2797 4780 2848 4831 in
2876 4781 3025 4833 corde
3045 4797 3154 4836 suo.
3198 4782 3387 4849 Tetigit

1840 4881 1968 4935 ergo
1997 4880 2088 4920 cor
2137 4863 2276 4918 illius
2321 4865 2501 4939 vitjum
2532 4867 3006 4934 concupiscentia,
3037 4879 3088 4923 et
3119 4857 3380 4923 immunda

1840 4966 1921 5010 est
1963 4954 2137 5008 anima
2184 4952 2343 5007 illius.
2398 4954 2496 5020 Qui
2527 4957 2667 5011 enim
2695 4959 2855 5026 tangit
2899 4960 3130 5028 aliquam,
3156 4975 3263 5014 rem
3291 4977 3382 5029 per

1839 5045 2072 5101 mulieris
2099 5045 2598 5113 concupiscentiam,
2634 5047 2716 5101 vel
2745 5048 2966 5116 alicujus
2990 5056 2993 5058 ’
3013 5051 3246 5114 pecuniae
3285 5066 3383 5104 eu-

1838 5135 2130 5206 piditatem,
2180 5134 2336 5190 debet
2383 5136 2518 5191 scire
2545 5136 2808 5204 quomodo
2834 5139 3148 5193 sacr'ilicium
3172 5141 3373 5204 offerat,

1837 5226 2119 5282 secundum
2165 5225 2252 5279 illa
2295 5240 2414 5293 qua:
2442 5226 2866 5288 memoravimus,
2886 5236 2937 5281 et
2967 5230 3214 5282 mundum
3245 5231 3379 5284 effici

1839 5317 2021 5386 possit.
2079 5312 2421 5368 Morticiuium
2478 5303 2701 5368 liomiuis
2733 5315 2912 5382 tangit,
2947 5318 3031 5382 qui
3073 5315 3123 5368 iu
3157 5321 3382 5383 peccatis

1841 5405 1950 5458 suis
1978 5413 2238 5456 mortuum
2285 5401 2650 5478 sequitur-Lvel
2676 5402 2925 5456 imitatur.
2958 5403 3054 5467 Qui
3085 5419 3208 5458 vero
3253 5408 3378 5460 sim-

1844 5493 2080 5562 pliciorcs
2106 5506 2342 5562 quosque
2363 5501 2566 5546 mtatem
2593 5493 2654 5547 ad
2678 5507 2823 5547 suam
2854 5492 3240 5562 simplicitatem
3283 5498 3374 5550 ad-

1841 5583 1988 5647 dunt,
2018 5590 2349 5648 peccatorum
2379 5581 2559 5636 sordes
2592 5590 2807 5652 tangunt
2833 5581 2919 5636 illo
2949 5591 3083 5636 tactu
3115 5599 3214 5646 quo
3243 5585 3370 5636 dici~
