3872 6262
463 221 564 276 530

955 212 1156 269 Βεθιε
1195 209 1643 267 VENERABILIS
1680 163 2038 308 obstinavit,

2151 202 2174 256 5
2212 201 2274 256 ll.
2317 231 2383 242 —
2425 197 2809 256 EXEGETICA
2845 197 3155 255 GENUINA.

3575 197 3700 253 319

463 345 583 391 mus
609 329 936 387 morticinum
972 325 1164 380 animal
1185 324 1513 392 contingunt.
1558 319 1634 374 De
1663 318 1745 372 his
1774 313 2006 370 animali.
2037 345 2047 370 4

2151 331 2356 386 laudata
2387 331 2482 384 Dei
2504 329 2912 398 tranSgrediens,
2941 328 3228 396 Scriptura:
3255 328 3398 381 dicta
3448 329 3698 384 derelin—

467 424 566 481 bus
609 421 824 477 dicitur:
859 418 1105 471 Homines
1143 415 1380 480 selrabis,
1437 411 1664 466 Domine.
1721 409 1820 473 Qui
1846 415 2010 460 autem

462 519 804 587 ferramentum
825 509 1106 580 protntent,
1123 504 1202 559 vel
1235 503 1368 557 bene
1389 499 1510 571 quid
1533 499 1721 561 facere,
1752 496 1831 549 vt-l
1854 495 2009 558 male,

468 605 880 672 o/Teramagnam
910 598 1021 658 Dei,
1053 606 1106 652 et
1131 596 1351 664 reliqua.
1381 594 1738 648 Juramentum
1779 590 2014 657 proferre

475 703 556 750 est
593 707 718 746 v0to
769 705 864 744 nos
896 688 1089 755 divinae
1116 685 1382 739 servitutis
1407 681 1632 752 alligari.
1663 680 1794 733 Cum
1840 687 2012 731 autem

477 783 608 834 bona
664 793 825 846 opera
881 777 1251 845 promittimus,
1286 775 1419 830 bene
1470 787 1564 825 nos
1594 770 1764 823 facere
1790 769 2014 835 sponde-

473 885 622 932 mus;
653 867 795 922 verbi
824 866 1010 935 gratia,
1040 880 1157 917 cum
1188 866 1361 919 cibum
1393 871 1641 931 putnmve
1665 858 2016 928 indigentibus

471 961 681 1024 damus,
710 958 789 1013 vel
817 972 936 1011 cum
986 955 1052 1010 de
1075 955 1248 1024 iniqua
1280 953 1623 1023 oppressione
1650 950 1875 1020 aliquem
1918 947 2020 1002 eri-

480 1049 662 1116 pimus.
688 1047 815 1102 Cum
856 1059 986 1099 vero
1012 1043 1382 1098 abstinentiam
1426 1039 1818 1105 cruciatumque
1847 1035 2022 1091 carnis

476 1149 668 1192 nostra:
693 1137 931 1191 novimus
957 1132 1098 1187 male
1118 1147 1232 1196 nos,
1263 1131 1411 1184 nobis
1440 1129 1631 1191 facere,
1681 1128 1744 1180 ad
1789 1141 2023 1195 praesens

475 1227 817 1296 spondcmus.
860 1225 961 1278 Aut
987 1230 1128 1277 certe
1155 1222 1272 1290 quia
1303 1234 1426 1274 caro
1455 1227 1508 1273 ct
1536 1218 1748 1288 spiritus
1777 1230 2025 1270 aversan-

477 1320 561 1371 tu'l-
585 1316 832 1378 invicem,
876 1314 1071 1368 eisdem
1103 1311 1349 1381 operibus
1394 1310 1602 1380 spiritui
1644 1308 2020 1373 henefacimus,

475 1407 664 1478 quibus
693 1406 839 1461 carni
870 1410 1006 1461 male
1034 1405 1208 1460 facere
1231 1405 1489 1458 videmus.
1520 1403 1695 1455 Virtus
1750 1400 1924 1453 carnis
1971 1402 2022 1453 in

478 1496 778 1550 infirmitate
822 1494 1107 1564 perlicitur.
1142 1493 1251 1561 Ego
1293 1495 1442 1556 cnim,
1497 1490 1684 1555 inquit,
1714 1489 1939 1540 occidam
1983 1497 2029 1539 et

476 1588 734 1654 riviﬁcabo
761 1601 779 1638 :
808 1586 999 1640 occidit
1048 1599 1282 1647 carnem,
1313 1592 1375 1660 ut
1413 1581 1595 1650 spiritu
1619 1578 1922 1632 vivificaret.
1958 1578 2029 1628 De

479 1692 580 1746 qua
609 1675 845 1745 quamvis
875 1673 1137 1743 perfectus
1178 1673 1246 1725 sit
1266 1670 1508 1739 quisque,
1541 1668 1710 1721 nullus
1743 1675 1916 1719 tamen
1958 1665 2025 1716 ita

483 1765 731 1817 immunis
757 1777 784 1815 a
814 1762 1026 1826 delicto,
1049 1771 1101 1814 ut
1127 1759 1259 1813 intra
1288 1761 1397 1827 ipsa
1428 1767 1544 1812 vota
1571 1771 1672 1810 non
1698 1762 1897 1823 peccet.
1943 1753 2033 1806 Uf-

484 1853 608 1909 ferri
637 1867 822 1922 agnam
855 1868 881 1905 a
904 1849 1169 1921 gregibus,
1197 1849 1308 1903 sive
1337 1862 1569 1917 capram,
1590 1844 1907 1914 prtecipitur,
1931 1842 2034 1896 sci-

482 1946 605 1999 licet
643 1953 694 1995 ut
728 1957 821 2011 per
847 1943 1068 1995 activam
1097 1949 1151 1994 et
1176 1938 1469 2007 simplicem
1498 1938 1677 1999 vitam,
1721 1943 1809 1987 aut
1833 1947 1925 2000 per
1949 1945 2036 1984 ca-

489 2036 634 2102 prain
667 2048 783 2102 qua:
837 2046 978 2099 stepe
1007 2031 1059 2084 in
1091 2029 1306 2082 summis
1335 2036 1540 2096 pastum
1567 2025 1772 2094 quterit,
1803 2032 2036 2077 contem-

491 2123 734 2191 plativam
767 2121 874 2175 Deo
904 2118 1199 2182 offerimus,
1230 2125 1282 2172 et
1311 2117 1446 2171 bene
1500 2130 1632 2186 agna
1679 2115 1745 2168 de
1795 2113 2039 2181 gregibus

490 2212 668 2267 oll’erti
691 2209 927 2280 iubetur,
975 2207 1098 2279 quia
1127 2206 1301 2261 activa
1324 2207 1427 2260 vita
1455 2205 1759 2265 multorum,
1806 2209 2042 2254 eontem-

490 2301 682 2371 plativa
729 2305 1015 2370 paucorum
1063 2307 1173 2353 est:
1220 2295 1314 2350 sed
1343 2309 1460 2348 cum
1509 2293 1675 2346 virtus
1698 2298 1876 2343 nostra
1917 2287 2044 2342 offe-

492 2394 654 2448 renda
696 2392 956 2446 interdum
999 2404 1102 2444 non
1148 2388 1360 2454 sufficit,
1388 2386 1520 2441 duos
1549 2385 1715 2454 pullos
1766 2383 2046 2438 columba-

493 2497 632 2544 rum,
663 2479 746 2535 vel
775 2495 869 2550 par
920 2486 1175 2534 turturum
1219 2478 1408 2534 offerre
1446 2476 1720 2538 debemus,
1771 2488 1864 2541 per
1912 2487 2046 2541 quos

497 2572 617 2639 quia
639 2578 850 2624 cantum
880 2569 1105 2639 gemitus
1130 2568 1340 2624 habent.
1371 2567 1569 2636 Duplex
1604 2565 1828 2634 gemitus
1874 2563 2043 2632 poeni-

500 2664 676 2717 tentia:
724 2661 1025 2730 designatur
1068 2675 1163 2730 pro
1192 2675 1255 2715 eo
1283 2659 1420 2728 quod
1471 2667 1616 2713 recte
1668 2671 1770 2711 non
1801 2656 2041 2719 fecimus,

502 2767 596 2808 nec
628 2767 786 2822 prava
815 2752 1018 2821 operati
1048 2767 1257 2817 sumus;
1299 2751 1436 2806 unde
1463 2765 1620 2805 unum
1653 2757 1907 2802 turturem
1953 2759 2047 2814 pro

498 2854 716 2914 peccato
741 2845 1033 2910 oﬂ'erimus,
1082 2844 1201 2910 quia
1230 2857 1322 2910 pro
1361 2842 1510 2910 culpa
1559 2841 1807 2907 gemitum
1836 2838 2044 2901 damus,

2112 423 2242 491 quit.
2270 423 2368 489 Qui
2407 421 2623 476 arietem
2654 419 3020 475 holocaustum
3059 419 3234 483 offert,
3272 418 3489 473 duobus
3536 421 3700 474 sieiis

2111 523 2366 579 emptum,
2396 509 2660 564 Christum
2693 509 2796 564 fide
2822 516 2875 562 et
2901 521 3060 576 opere
3083 507 3397 577 quesitum;
3432 522 3532 574 pro
3548 520 3700 560 una—

2113 589 2316 672 quaque
2336 602 2475 657 enim
2504 601 2675 653 anima
2706 599 2947 653 Christus
2966 612 3152 667 passus
3179 607 3277 651 est.
3303 596 3462 663 Quod
3498 608 3694 649 autem

2113 694 2369 768 sequitur,
2397 690 2636 756 Quintam
2659 699 2848 758 partem
2871 690 3039 757 addit,
3067 688 3154 742 alii
3182 688 3502 756 simpliciter
3528 689 3700 741 intel-

2118 783 2283 852 ligunt
2332 782 2470 852 quod
2519 782 2768 835 damnum
2815 780 3121 845 restituens,
3173 782 3408 848 quintam
3475 788 3692 843 partem

2117 872 2319 936 damni,
2347 872 2483 941 quod
2511 871 2775 934 intulerat,
2808 870 3003 925 addere
3024 869 3206 925 debet:
3233 880 3288 924 ut
3311 870 3356 924 si
3379 871 3504 938 quis
3530 869 3697 937 quin-

2119 977 2220 1029 que
2241 976 2482 1015 nummos
2509 961 2742 1025 abstulit,
2771 975 2861 1014 ses
2885 960 3096 1022 reddat;
3117 975 3210 1014 nec
3240 967 3415 1014 tamen
3445 960 3564 1013 haec
3589 973 3699 1027 pro

2122 1051 2270 1103 furtis
2291 1049 2625 1117 intelligenda
2655 1058 2795 1116 sunt,
2818 1049 2912 1104 sed
2942 1065 3034 1115 pro
3065 1051 3146 1103 his
3171 1047 3258 1116 qui
3301 1063 3432 1104 suos
3467 1063 3594 1101 usus
3618 1050 3696 1102 de

2123 1140 2454 1194 sanctificatis
2478 1139 2696 1208 quisque
2724 1139 2959 1191 assumit.
3005 1137 3102 1191 Alii
3140 1147 3314 1191 autem
3346 1137 3562 1190 cautius
3583 1137 3694 1188 dis-

2123 1229 2561 1296 cutientes,juxta
2587 1228 2722 1295 quod
2753 1228 2804 1280 in
2833 1225 3020 1280 Graeco
3039 1235 3207 1289 sonat,
3245 1227 3324 1278 sic
3353 1226 3698 1293 intelligunt,

2126 1331 2181 1374 ut
2209 1321 2252 1373 si
2283 1320 2395 1388 quis
2447 1320 2628 1372 decem
2671 1324 2947 1384 argenteos
2997 1314 3280 1376 subtrahit,
3341 1315 3441 1368 hos
3473 1313 3696 1382 quidem

2126 1409 2331 1472 reddat,
2380 1419 2435 1461 et
2490 1409 2621 1461 alios
2674 1406 2856 1462 decem
2890 1407 3152 1460 restituat.
3179 1405 3430 1472 Quintam
3464 1414 3698 1474 partem,

2131 1499 2227 1552 hoc
2255 1508 2357 1562 est,
2381 1498 2581 1550 duobus
2602 1496 2862 1564 argenteis
2890 1495 3104 1550 additis.
3152 1494 3307 1548 Juxta
3349 1505 3538 1547 autem
3579 1508 3702 1547 san-

2130 1586 2312 1642 ctuarii
2341 1581 2543 1655 pondus
2569 1588 2704 1639 aries
2733 1585 3140 1653 comparandus,
3160 1584 3258 1639 hoc
3277 1585 3490 1652 est,jux
3502 1595 3551 1637 ta
3575 1599 3703 1638 sen-

2135 1693 2249 1730 sum
2291 1677 2575 1743 Striptura:
2601 1675 2842 1729 Christus
2870 1674 3203 1743 quatrendus.
3241 1674 3295 1728 Si
3327 1675 3451 1743 quis
3482 1673 3707 1726 sibimet

2139 1765 2564 1836 transgrediendo
2590 1773 2847 1833 praecepta
2896 1764 2987 1818 Dei
3035 1763 3233 1828 nocuit,
3277 1763 3440 1817 debet
3469 1763 3706 1828 redinte-

2137 1873 2288 1926 grare
2311 1855 2446 1924 quod
2475 1853 2728 1924 neglexit,
2753 1863 2806 1909 et
2827 1869 2927 1907 non
2967 1854 3136 1907 soluzn
3165 1853 3577 1921 sibiiprolicere,
3609 1853 3701 1906 sed

2139 1954 2191 1997 ut
2218 1945 2334 1998 aliis
2362 1944 2620 2013 proficiat.
2657 1942 2920 1996 Laborare
2949 1942 3194 2010 ampiius,
3225 1940 3429 1995 addens
3459 1941 3703 2007 quintam

2140 2044 2366 2104 partem,
2416 2034 2798 2102 plenitudinem
2830 2035 3078 2087 sensuum
3108 2032 3399 2084 carnalium
3445 2038 3707 2096 coaptaus

2142 2123 2521 2190 spiritualibus.
2545 2122 2823 2188 Quinarius
2844 2121 2984 2175 enim
3017 2114 3268 2174 numerus
3295 2133 3443 2188 stupe
3469 2119 3538 2172 ad
3555 2117 3708 2186 quin-

2144 2227 2244 2282 que
2271 2226 2460 2268 sensus
2491 2213 2735 2281 pertinet,
2767 2220 2857 2263 ant
2881 2217 3026 2264 certe
3063 2210 3297 2278 quintam
3341 2218 3576 2276 partem,
3613 2210 3710 2261 hoc

2142 2312 2227 2357 est
2253 2302 2524 2356 scientiam
2545 2301 2732 2356 divina:
2762 2300 2888 2368 legis
2909 2300 3109 2354 actibus
3131 2300 3282 2353 bonis
3303 2298 3520 2366 jungat,
3551 2313 3708 2366 quam

2146 2389 2391 2443 videlicet
2417 2390 2580 2456 legem
2605 2387 2873 2454 quinarius
2900 2402 3147 2440 numerus
3178 2395 3396 2456 propter
3428 2386 3709 2439 Pentateu-

2145 2481 2300 2533 chnm
2329 2479 2487 2549 Moysi
2510 2477 2793 2548 significat.

2759 2608 2979 2663 CAPUT
3005 2608 3088 2661 Vl.

2216 2741 2463 2810 Sequitur
2480 2743 2777 2796 mandatum
2797 2743 2857 2794 de
2871 2743 3038 2794 anima
3049 2755 3164 2810 qua
3183 2741 3468 2811 depositum
3484 2742 3709 2810 proximi

2149 2842 2316 2900 negat,
2368 2839 2422 2884 et
2471 2830 2689 2895 reliqua.
2744 2829 3060 2892 Recordare,
3102 2828 3346 2896 quodque
3385 2829 3567 2880 anima
3609 2843 3714 2880 non

504 2937 570 2988 ile
596 2935 763 2988 altero
803 2933 1161 2987 holocaustum
1185 2932 1423 2999 facimus.
1470 2932 1841 2984 llolocaustum
1871 2936 2045 2982 autem

2156 2916 2380 2971 hominis
2401 2915 2709 2970 vocabulum
2733 2925 2984 2969 meretur.
3008 2915 3064 2968 ln
3094 2915 3175 2967 his
3196 2928 3326 2968 sane
3346 2915 3601 2982 capitulis
3625 2915 3715 2982 qui

2348 3021 2425 3026 η-
2456 3015 2576 3026 ----.
2603 3004 2836 3026 ..ρ--.-μετ
2859 3005 3183 3026 ε--...--.....---
3225 3018 3282 3026 -_
3314 3005 3485 3026 κη---
3544 3005 3688 3026 ο,ε-ε

507 3034 672 3077 totum
726 3023 1054 3078 eomhusmm
1103 3022 1346 3086 dicimus,
1382 3035 1474 3088 pro
1523 3036 1586 3074 co
1613 3020 1912 3088 quod'bona
1959 3031 2051 3072 ne-

440 3167 452 3178 ,
504 3114 827 3183 giexerimus
876 3113 1103 3182 operari,
1154 3114 1493 3168 succedentes
1543 3112 1893 3178 nosmetipsos
1949 3109 2052 3178 igni

507 3204 703 3258 doloris
725 3204 986 3258 ardemus.
1013 3203 1308 3257 Hostiarum
1334 3202 1739 3256 diversitateset
1774 3198 2057 3254 sacriﬁcio-

515 3309 625 3346 rum
679 3293 808 3346 ritus
847 3294 979 3346 ultra
1023 3292 1161 3345 vires
1186 3300 1392 3345 nostras
1417 3299 1518 3355 est,
1543 3304 1661 3342 cum
1703 3304 1730 3340 a
1772 3287 2058 3356 majoribus

515 3382 670 3434 multa
695 3379 1038 3445 prmtcrmissa
1063 3387 1214 3432 sunt:
1259 3389 1313 3432 et
1342 3393 1444 3432 non
1471 3379 1782 3440 sufficimus,
1811 3377 2056 3446 quoniam

515 3468 637 3521 tecti
660 3477 870 3521 manent
917 3482 1011 3535 per
1055 3467 1253 3534 singula
1297 3481 1579 3532 exponere,
1609 3469 1841 3533 exceptis
1882 3466 2058 3534 paucis

515 3556 772 3625 capitulis,
796 3569 911 3624 qua
939 3555 1086 3609 facile
1115 3555 1265 3607 nobis
1293 3569 1570 3607 occurrere
1599 3563 1896 3620 potuerunt.
1936 3556 2060 3605 0m-

517 3648 597 3701 nis
640 3647 852 3715 quidem
883 3659 1014 3712 pene
1032 3645 1197 3698 hostia
1231 3643 1385 3698 habet
1409 3643 1587 3696 formae
1618 3642 1811 3710 aliquid
1841 3642 2058 3704 Christi,

516 3739 568 3791 in
592 3730 758 3805 ipsum
782 3735 920 3788 enim
943 3733 1115 3787 omnis
1143 3733 1309 3786 hostia
1351 3728 1751 3800 rceapitulatur;
1773 3744 1889 3782 cum
1920 3729 2059 3782 enim

515 3827 603 3880 ille
623 3825 827 3879 oblatus
855 3833 956 3888 est,
987 3838 1168 3879 omnes
1199 3821 1299 3876 illae
1330 3822 1512 3876 hostiae
1540 3828 1829 3875 cessarunt.
1859 3818 2062 3871 Vitulus

512 3931 658 3985 ergo,
684 3915 822 3969 sicut
845 3928 998 3982 supra
1026 3913 1276 3975 diximus,
1301 3912 1414 3966 sive
1451 3925 1546 3980 pro
1577 3924 1815 3973 munere,
1841 3924 1931 3963 seu
1967 3921 2062 3978 pro

516 4012 730 4070 peccato
777 4000 1015 4055 Christus
1054 3999 1268 4066 intelligi
1319 4008 1509 4069 potest.
1546 3999 1737 4068 Adipes
1765 4013 1892 4054 vero
1931 4012 2061 4065 ope-

519 4092 715 4162 rientes
746 4090 1012 4155 interiora,
1037 4099 1208 4158 potest
1234 4100 1412 4144 sancta
1443 4091 1614 4144 anima
1657 4091 1792 4144 illius
1821 4089 2059 4157 intelligi,

519 4194 635 4249 quae
663 4178 932 4241 interiora,
960 4178 1058 4231 hoc
1079 4187 1158 4232 est
1185 4179 1384 4232 occulta
1412 4177 1696 4231 divinitatis
1725 4179 1885 4243 illius,
1917 4179 1997 4231 vel
2032 4191 2062 4231 a

2156 3010 2428 3076 incapaces
2453 3015 2580 3061 sunt
2603 3004 2837 3076 mysterii
2858 3005 3184 3059 instruontur
3221 3018 3283 3058 ex
3313 3005 3510 3059 littera.
3544 3005 3714 3072 Spiri-

2157 3097 2367 3148 tnaliter
2391 3103 2562 3149 autem
2587 3093 2810 3163 proximi
2835 3092 3152 3160 depositum,
3173 3086 3281 3147 hoc.
3293 3103 3395 3158 est,
3420 3096 3658 3149 animam
3689 3111 3715 3146 a

2156 3184 2265 3238 Deo
2295 3184 2639 3252 suscepimus,
2672 3183 2723 3235 in
2741 3197 2838 3250 qua
2863 3182 3140 3249 imaginem
3166 3197 3311 3236 suam
3336 3185 3632 3251 impressit.
3663 3184 3716 3238 Si

2156 3286 2329 3327 autem
2363 3273 2662 3328 misericors
2681 3273 2768 3337 sit,
2788 3271 2923 3327 sicut
2945 3284 3092 3341 pater
3123 3284 3242 3328 tuus
3275 3273 3510 3328 coelestia
3543 3276 3715 3344 perfe-

2157 3377 2273 3419 ctus
2297 3374 2396 3430 est,
2428 3363 2648 3419 servasti
2678 3363 2895 3433 proximi
2920 3364 3218 3434 depositum
3243 3365 3472 3433 qualiter
3493 3380 3717 3436 accepe-

2158 3471 2264 3508 ras.
2301 3456 2365 3510 Et
2392 3457 2436 3510 si
2465 3469 2526 3510 ea
2561 3469 2677 3524 qua:
2722 3454 2811 3510 ille
2832 3468 2924 3523 per
2948 3465 3184 3508 naturam
3217 3455 3372 3509 habet
3403 3465 3456 3508 tn
3503 3470 3600 3525 pro
3629 3466 3717 3510 tuo

2160 3546 2319 3598 modo
2353 3545 2598 3609 imitaris,
2637 3544 2778 3598 salva
2808 3553 2890 3599 est
2919 3543 3087 3613 imago
3116 3543 3208 3598 Dei
3239 3544 3289 3598 in
3326 3553 3408 3608 te;
3443 3544 3492 3598 si
3538 3556 3716 3599 autem

2161 3650 2257 3703 pro
2287 3633 2625 3688 misericorde
2647 3633 2898 3699 crudelis,
2922 3648 3017 3702 pro
3039 3635 3124 3700 pio
3153 3633 3345 3702 impius
3382 3635 3480 3698 sia.
3521 3635 3714 3688 bonum

2160 3724 2453 3792 depositum
2483 3723 2705 3779 Domino
2733 3721 3024 3791 abnegasti.
3067 3721 3170 3776 Sed
3209 3731 3264 3776 et
3290 3722 3544 3789 Spiritum
3593 3737 3715 3776 san-

2161 3826 2305 3869 etum
2335 3813 2634 3882 depositum
2688 3812 2882 3866 bonum
2921 3812 3240 3879 accepimus,
3281 3811 3370 3880 qui
3401 3812 3633 3878 quandiu
3663 3813 3714 3865 in

2164 3903 2315 3958 nobis
2337 3905 2423 3970 sit,
2449 3917 2551 3956 non
2584 3915 2876 3968 peccamus.
2908 3899 2963 3955 Si
2982 3913 3157 3954 autem
3191 3902 3347 3954 rebus
3399 3899 3711 3964 habitamus,

2165 3995 2264 4050 hoc
2288 4005 2388 4060 est,
2416 4003 2504 4048 aut
2524 3994 2677 4057 ratio,
2705 4002 2793 4048 aut
2813 3992 2934 4047 aliis
2961 3991 3115 4046 donis
3137 3994 3187 4046 in
3214 3993 3301 4048 his
3327 4009 3446 4063 qua:
3467 3994 3578 4047 vult
3617 3995 3715 4048 Do-

2163 4089 2354 4154 minus,
2388 4087 2486 4141 hoc
2523 4095 2605 4142 est
2628 4085 2871 4155 ahjurare
2898 4085 3216 4154 depositum.
3248 4085 3399 4154 Quod
3428 4098 3600 4142 autem
3634 4086 3714 4140 di-

2163 4180 2255 4246 cit,
2275 4179 2335 4235 Si
2353 4178 2651 4232 calumniam
2676 4177 2863 4246 fecerit,
2893 4185 2981 4230 aut
3011 4193 3127 4234 rem
3166 4178 3415 4245 perditam
3459 4178 3713 4238 interierit.

519 4270 843 4339 parentibus,
874 4269 972 4322 hoc
997 4276 1077 4322 est
1104 4269 1328 4322 humana
1376 4278 1556 4322 natura
1593 4268 1888 4332 adhaerens,
1917 4267 2063 4336 quasi
2090 4301 2146 4363 Β
2168 4269 2218 4323 id
2244 4279 2345 4334 est,
2369 4268 2597 4323 ostendit
2627 4267 2764 4336 quod
2803 4265 3118 4321 calumniam
3154 4266 3261 4321 Deo
3317 4268 3556 4332 facimus,
3598 4281 3711 4322 eam

523 4360 692 4416 media
738 4371 886 4429 porta
936 4360 1071 4415 inter
1100 4373 1335 4429 carnem,
1391 4370 1442 4413 et
1478 4360 1668 4415 divinis
1708 4361 1912 4429 ignibus
1951 4361 2066 4415 illu-

518 4448 728 4502 stranda
757 4447 1222 4517 conservandaque
1238 4447 1303 4502 ad
1322 4448 1536 4502 caelum.
1560 4447 1866 4501 Ramnnculi
1891 4457 2068 4502 autem

521 4539 727 4607 ignibus
752 4537 949 4604 traditi,
971 4538 1229 4606 significat
1252 4539 1424 4592 nullos
1453 4539 1504 4597 in
1530 4539 1739 4592 Christo
1762 4552 1880 4592 esse
1901 4539 2070 4607 genti-

523 4628 646 4676 lium
666 4627 885 4692 partium
904 4624 1095 4683 motus.
1112 4627 1165 4682 lu
1184 4628 1510 4698 septemplici
1535 4643 1772 4697 persona:
1793 4629 2066 4696 sanguine,

521 4716 744 4783 Spiritus
772 4718 940 4770 sancti
985 4716 1307 4786 septiformis
1355 4721 1519 4788 gratia
1575 4719 1898 4785 designatur.
1933 4720 2073 4783 Qua-

523 4817 642 4859 tuor
690 4817 884 4858 cornua
923 4804 1126 4870 altaris,
1155 4814 1380 4874 quatuor
1422 4808 1699 4876 Evangelia
1731 4809 1926 4862 Christi
1956 4823 2074 4875 pas-

524 4895 727 4952 sionem
748 4891 1027 4948 referentia
1050 4893 1303 4947 indicant.
1329 4895 1385 4948 In
1410 4895 1589 4964 iecore
1616 4907 1787 4950 autem
1805 4896 2076 4968 jugulatur

527 4985 623 5037 ira.
685 4985 738 5037 In
794 4982 993 5052 piscina
1019 4982 1212 5050 jecoris
1241 4985 1509 5038 concitans
1531 4985 1720 5038 furoris
1759 4971 2073 5041 ostenditur.

532 5073 804 5140 Reliquum
831 5072 1041 5142 sanguis
1071 5071 1136 5125 ad
1168 5073 1344 5127 basem
1389 5072 1568 5127 altaris
1595 5073 1734 5127 illam
1762 5076 1981 5143 gratiam
2007 5074 2079 5128 si-

527 5161 759 5230 gniticat,
779 5163 1041 5229 quomodo
1064 5163 1235 5217 omnis
1262 5163 1420 5219 Israel
1449 5164 1643 5229 salvus,
1669 5179 1786 5219 cum
1811 5163 2081 5221 intraverit

533 5249 802 5314 plenitudo
825 5253 1076 5320 gentium,
1123 5253 1186 5305 ad
1216 5239 1391 5308 hashm
1423 5253 1602 5308 altaris
1635 5255 1852 5324 positus,
1905 5256 1984 5310 vel
2025 5267 2082 5313 ut

535 5347 763 5393 extrema
799 5343 1070 5404 vocatione
1097 5343 1344 5399 Ecclesia:
1371 5345 1664 5412 passionem
1693 5346 1886 5401 Christi
1917 5349 2083 5402 susci-

538 5425 658 5493 piet.
691 5426 790 5490 Qui
833 5436 998 5481 autem
1046 5447 1134 5497 por
1179 5427 1479 5490 errorem'in
1516 5433 1594 5485 his
1621 5450 1734 5502 quae
1767 5436 2081 5502 sanctiﬁcata

538 5525 648 5570 sunt
675 5521 862 5584 peccat,
889 5517 1092 5570 arietem
1116 5519 1310 5585 offerat.
1347 5521 1531 5574 Pcccat
1553 5523 1600 5575 in
1632 5524 2079 5597 sanctificata,,qni

2169 4377 2264 4429 pro
2313 4360 2470 4414 malis
2515 4360 2718 4413 actibus
2747 4357 2940 4411 nostris
2979 4370 3170 4411 nomen
3200 4357 3338 4410 illius
3375 4358 3428 4412 in
3474 4359 3715 4426 gentibus

2169 4451 2574 4519 blasphematur.
2623 4447 2752 4500 Rem
2780 4445 3034 4514 perditam
3081 4446 3380 4501 invenimus
3405 4462 3526 4502 cum
3576 4448 3715 4502 testi-

2169 4542 2343 4594 monia
2379 4541 2444 4593 ab
2475 4537 2734 4591 haereticis
2756 4545 3000 4604 corrupta
3031 4537 3293 4597 audimus.
3324 4551 3444 4606 qua
3469 4529 3716 4591 debentes

2172 4630 2444 4686 restituere
2472 4629 2742 4684 catholica
2772 4628 2912 4696 fidei,
2937 4630 3002 4684 ad
3049 4617 3336 4697 peifeetnm
3363 4644 3577 4684 sensum
3601 4630 3714 4698 jnn.

2173 4731 2343 4791 gatur.
2378 4721 2432 4774 ln
2459 4719 2814 4786 superioribus
2840 4731 3013 4773 antem
3055 4719 3303 4780 diximus,
3331 4718 3456 4785 quid
3493 4717 3566 4772 sit
3590 4719 3715 4773 arie-

2176 4819 2278 4862 tcm
2305 4806 2500 4862 εισι-πὶ.
2532 4809 2633 4864 Sed
2659 4809 2741 4862 hic
2774 4823 2912 4862 nunc
2949 4808 3137 4861 dicitur
3158 4807 3402 4874 pretittm,
3442 4823 3540 4862 nec
3566 4809 3716 4864 siclus

2175 4896 2493 4954 noluinatur.
2525 4899 2744 4955 Interest
2765 4899 2924 4962 enim,
2957 4897 3247 4965 peecarein
3271 4908 3469 4954 sancta.
3498 4909 3555 4954 et
3578 4911 3714 4955 extra

2174 4999 2379 5043 sancta:
2397 4989 2542 5058 juxta
2569 4989 2702 5057 quod
2737 4985 2961 5041 inlibris
2982 4983 3180 5052 Regum
3206 4984 3417 5051 dicitur,
3450 4988 3512 5045 Si
3550 5007 3718 5059 pecto-

2176 5081 2296 5133 verit
2319 5080 2428 5148 quis
2470 5079 2522 5131 in
2569 5077 2840 5139 hominem,
2880 5073 3074 5143 rogabit
3113 5077 3346 5131 sacerdos
3384 5095 3480 5145 pro
3514 5079 3646 5142 illo;
3678 5081 3718 5132 si

2178 5170 2448 5238 peccaverit
2491 5170 2603 5233 quia
2649 5169 2703 5220 in
2742 5166 2921 5228 Deum,
2964 5163 3074 5230 quis
3116 5168 3310 5238 rogabit
3354 5185 3447 5236 pro
3479 5170 3611 5222 illo?
3633 5169 3718 5224 Se-

2180 5258 2352 5327 quitur
2399 5259 2699 5311 mandatum
2736 5256 2802 5309 de
2851 5255 2981 5323 lege.
3015 5254 3380 5311 Ilolocaustum
3428 5262 3582 5310 modo
3623 5273 3718 5311 cre-

2180 5365 2316 5401 mare
2352 5347 2508 5410 debet,
2537 5356 2584 5400 et
2614 5344 2854 5398 induatur
2902 5345 3152 5409 sacerdos,
3199 5355 3246 5400 et
3272 5347 3406 5416 ignis
3434 5361 3630 5414 semper
3645 5362 3717 5396 or-

2180 5442 2314 5494 dcat.
2339 5440 2404 5494 El.
2431 5442 2472 5492 si
2500 5449 2550 5490 tu
2582 5440 2660 5490 vis
2685 5449 2802 5490 esse
2826 5436 3073 5491 sacerdos
3102 5436 3192 5490 Dei
3225 5437 3360 5504 (agis
3383 5435 3528 5489 enim
3559 5438 3720 5505 regale

2183 5523 2557 5598 sacerdmiunt)
2616 5543 2682 5582 ne
2737 5527 2946 5582 recedat
2999 5527 3131 5596 ignis
3163 5526 3228 5580 de
3258 5523 3408 5579 uitari
3438 5535 3550 5588 tuo,
3577 5542 3717 5595 quem
