3872 6262
112 331 223 386 ‘Nl

904 315 964 370 iN
1005 308 1554 368 l‘LNl'A'lEUCllUM
1594 301 2082 360 COMMENTARII.
2123 334 2193 345 —
2232 304 2603 362 LEVl'l'lCIJS.

3235 309 3334 364 διὰ

124 446 238 500 vult
274 443 408 496 Deus
433 437 640 492 ardere.
673 433 808 504 lguis
853 431 1031 500 utique
1069 429 1190 484 ﬁdei
1220 429 1271 482 in
1326 425 1474 480 altari
1506 423 1679 478 cordis
1707 421 1758 478 Α
1784 419 2024 486 Sequitur
2053 421 2350 474 mandatum
2383 420 2445 474 de
2471 421 2577 490 lege
2608 420 2784 474 hostia?
2811 438 2902 491 pro
2929 433 3147 489 peccato,
3181 433 3232 477 et
3262 439 3336 477 rc-

127 537 325 597 alatur,
355 529 604 584 induatur
631 522 880 579 sacerdos
907 522 1107 583 tunica,
1159 517 1479 586 exspoliatus
1508 515 1685 583 pristi-

126 622 213 676 nis
244 618 475 673 vestibus
503 621 734 668 assumat
783 618 980 664 vestem
1015 607 1320 674 nuptialem,
1367 612 1421 658 et
1445 602 1688 657 induatur

128 713 346 774 tunicis,
403 718 456 762 et
505 704 838 760 feminalibus
888 700 1166 763 vestiatur,
1200 708 1256 752 ut
1302 697 1560 750 luxuriam
1606 709 1686 747 re-

124 802 372 869 stringat.
401 797 479 852 De
527 794 864 850 feminalibus
912 791 1019 859 jam
1049 788 1180 842 satis
1209 787 1402 841 dictum
1447 795 1548 840 est.
1581 784 1688 838 Iloc

124 903 262 942 sane
286 888 423 941 scire
471 883 724 938 debemus
753 878 892 949 quod
919 875 1164 930 sacerdos
1195 873 1314 927 aliis
1362 872 1688 927 vestimentis

125 979 384 1040 induitur,
413 973 537 1027 dum
565 980 647 1026 est
676 972 726 1023 in
757 966 1130 1022 sacriﬁciorum
1187 961 1515 1024 ministerio;
1573 961 1690 1015 aliis

123 1081 280 1132 vero,
335 1078 452 1119 cum
505 1060 743 1132 procedit
771 1059 835 1112 ad
878 1045 1326 1126 populumzquod
1359 1053 1552 1106 Paulus
1606 1067 1690 1105 sa-

128 1158 283 1225 piens
309 1151 556 1210 sacerdos
584 1149 704 1205 fecit
733 1149 784 1202 in
812 1156 950 1202 coatu
981 1146 1353 1214 perfectorem,
1381 1143 1523 1196 velut
1554 1142 1687 1194 intra

125 1256 345 1301 sanctos
400 1243 619 1312 positus,
673 1239 864 1294 stolam
911 1251 1129 1291 summa
1158 1234 1408 1288 doctrina:
1455 1231 1688 1296 indutus,

125 1337 348 1392 dicens:
383 1331 699 1404 Sapientiam
740 1329 990 1397 loquimur
1009 1328 1136 1379 inter
1170 1327 1438 1394 perfectos,
1493 1322 1691 1390 sapien-

126 1427 258 1480 tiam
285 1429 452 1474 autem
479 1436 580 1474 non
617 1419 766 1488 hujus
791 1416 996 1478 mundi,
1036 1423 1087 1468 et
1113 1413 1335 1481 reliqua.
1365 1412 1432 1465 Et
1452 1425 1569 1464 cum
1604 1424 1692 1461 va-

127 1512 209 1565 dit
232 1511 298 1564 ad
328 1510 448 1564 illos
491 1509 582 1578 qui
606 1520 884 1574 mcapaces
913 1515 1054 1565 sunt,
1080 1511 1246 1554 mutat
1271 1500 1480 1563 stolam,
1532 1507 1580 1552 et
1613 1499 1694 1550 iu-

129 1603 329 1656 feriora
352 1600 529 1664 docet,
560 1598 778 1653 dicens:
813 1594 917 1647 Lac
933 1593 1067 1648 vobis
1098 1601 1270 1660 potum
1301 1591 1436 1656 dedi,
1489 1605 1590 1646 non
1618 1605 1693 1642 es-

127 1707 264 1744 cam.
305 1691 409 1745 Sed
440 1697 495 1743 et
520 1687 761 1741 Christus
790 1685 955 1738 turbis
988 1685 1037 1736 in
1067 1680 1330 1750 parabolis
1355 1679 1683 1746 loquebatur,

1787 510 1945 576 liqua.
1982 509 2266 565 Sciendum
2309 511 2449 579 quod
2480 510 2578 562 alia
2607 510 2850 563 mandata
2879 511 3068 566 dantur
3097 513 3216 565 ﬁliis
3265 515 3337 566 ls-

1786 598 1914 663 rael,
1946 600 2044 652 alia
2077 600 2202 653 ﬁliis
2227 598 2427 665 Aaron,
2458 599 2558 651 alia
2587 598 2748 666 Moysi
2776 607 2830 653 et
2858 599 3052 664 Aaron,
3087 603 3186 654 alia
3237 603 3337 656 soli

1787 687 1970 755 Moysi,
2018 689 2086 741 ita
2119 698 2174 741 ut
2202 704 2299 742 nec
2327 689 2439 756 ipse
2486 689 2659 742 Aaron
2691 691 2949 758 particeps
2980 690 3066 744 ﬁat
3107 692 3336 744 mandati

1787 780 1965 842 illius;
2023 789 2078 831 ut
2131 787 2214 831 est
2242 779 2391 843 illud,
2424 777 2568 833 Sicut
2597 780 2829 849 pra’cepit
2860 779 3096 833 Dominus
3136 779 3332 849 Moysi:

1789 881 1901 934 qu;e
1926 867 2098 920 omnia
2123 867 2406 928 discutere,
2439 881 2538 921 nec
2564 877 2753 921 nostrre
2780 869 3069 937 parvitatis,
3100 885 3195 924 nec
3213 885 3336 937 cou-

1790 956 1930 1009 venit
1975 956 2094 1009 huic
2145 953 2638 1023 explanatiunculs.
2688 934 2971 1010 Sciendum
3012 966 3091 1010 est
3139 934 3335 1021 tanien,

1789 1054 2040 1113 quantum
2071 1045 2188 1114 quis
2216 1043 2471 1113 proﬁciat,
2496 1051 2696 1098 tantum
2723 1047 2932 1113 accipit.
2964 1046 3075 1100 Non
3104 1045 3154 1100 in
3182 1051 3340 1100 mutis

1790 1138 2102 1193 animalibus
2121 1152 2359 1208 qurerere
2383 1137 2520 1205 quod
2544 1138 2732 1193 otferre
2753 1138 2966 1203 debeas,
2989 1142 3120 1194 intra
3153 1150 3338 1195 temet-

1792 1228 1959 1295 ipsum
1997 1228 2228 1296 require.
2274 1229 2337 1282 Et
2365 1243 2549 1298 greges
2578 1231 2752 1294 bourn,
2781 1240 2830 1284 et
2860 1245 3042 1298 greges
3067 1232 3242 1284 Ot'itlllt
3289 1243 3341 1285 et

1791 1331 2089 1384 caprarum,
2117 1317 2167 1371 in
2196 1318 2388 1386 quibus
2410 1319 2670 1374 benedicti
2695 1329 2850 1388 atque
2872 1321 3192 1387 multiplicati
3220 1331 3340 1373 sunt

1794 1408 2120 1473 patriarclim,
2153 1408 2288 1460 intra
2321 1415 2373 1461 te
2401 1417 2612 1463 aeterna:
2640 1418 2761 1462 sunt
2806 1424 2957 1464 aves:
3009 1425 3104 1463 nec
3141 1411 3344 1464 mireris

1794 1498 1892 1550 hcc
1909 1497 2316 1565 quodammodo,
2345 1499 2506 1552 etiam
2535 1500 2698 1552 solem
2728 1507 2782 1552 et
2828 1500 3002 1554 lunam
3036 1500 3213 1553 habes.
3245 1500 3343 1554 Ca-

1796 1587 1954 1654 pitula
1985 1588 2078 1640 ista
2105 1587 2156 1640 in
2189 1585 2451 1654 prioribus
2480 1586 2615 1641 bene
2645 1588 2918 1656 explanata
2949 1598 3089 1644 sunt.
3127 1590 3232 1643 lloc
3265 1601 3340 1642 ta-

1796 1691 1914 1730 men
1944 1676 2078 1730 scire
2104 1675 2357 1731 debemus
2385 1677 2523 1744 quod
2545 1692 2730 1746 magna
2761 1679 3053 1747 benignitas
3078 1679 3168 1733 Dei
3191 1695 3339 1734 com-

129 1778 395 1846 apostolis
447 1784 623 1830 autem
653 1783 896 1842 tanquam
928 1744 1322 1840 perfectioribus
1353 1744 1687 1838 profundiora
1721 1744 1763 1802 Β
1797 1764 2094 1830 inundatur,
2124 1779 2242 1819 cum
2268 1764 2336 1818 ibi
2369 1744 2730 1818 holocaustum
2761 1744 2998 1832 offertur,
3018 1775 3074 1820 ut
3097 1767 3345 1836 intelligat

130 1866 428 1919 asserebat.
461 1863 609 1930 Quod
640 1871 814 1915 autem
846 1877 948 1915 non
973 1859 1390 1922 fermentabitur,
1432 1858 1536 1925 jam
1567 1857 1694 1910 satis

131 1955 334 2008 dictum
363 1960 444 2005 est
472 1951 610 2020 quod
641 1948 954 2005 sacriﬁcium
1005 1949 1094 2002 Dei
1129 1949 1440 2001 fermentum
1483 1946 1693 2000 malitia:

134 2060 242 2097 non
273 2043 461 2098 debeat
493 2043 705 2097 habere.
734 2042 1007 2108 Quomodo
1035 2051 1207 2094 autem
1237 2040 1450 2095 masculi
1493 2048 1692 2092 tantum

132 2133 444 2197 comedunt,
490 2140 543 2186 ct
574 2131 782 2185 femina:
817 2145 918 2182 non
967 2128 1283 2183 comedunt?
1312 2128 1446 2182 Nulli
1480 2127 1692 2181 dubium

132 2234 240 2289 est,
265 2225 384 2294 quia
411 2237 597 2277 carnes
624 2232 831 2276 sanctas
853 2220 1008 2275 debet
1033 2220 1210 2285 cdere,
1247 2220 1330 2288 qui
1363 2219 1509 2287 juxta
1558 2221 1696 2284 Apo-

144 2313 342 2365 stolum
389 2314 550 2380 factus
591 2322 663 2366 est
699 2313 799 2373 t'ir,
830 2313 921 2365 illa
956 2327 1066 2379 quer
1103 2312 1299 2379 parvuli
1336 2320 1447 2364 sunt
1473 2309 1692 2376 deponit.

137 2401 283 2457 Talis
325 2410 499 2456 autem
544 2403 624 2455 vir
661 2415 848 2455 carnes
885 2413 1095 2456 sanctas
1147 2400 1431 2465 comedat,
1483 2415 1584 2452 non
1642 2398 1694 2452 in

137 2505 453 2558 quocunque
481 2489 616 2552 loco,
647 2489 738 2543 sed
762 2491 812 2542 in
839 2489 954 2542 loco
976 2503 1178 2542 sancto.
1212 2488 1266 2541 In
1292 2487 1523 2541 Ecclesia
1555 2486 1693 2539 cnim

138 2593 328 2632 carnes
354 2573 566 2645 sanctm‘,
599 2579 698 2632 hoc
725 2589 805 2632 est
831 2593 955 2633 caro
983 2579 1197 2639 Christi,
1215 2593 1369 2647 quam
1400 2578 1697 2632 omncsillm

137 2668 527 2736 signiﬁcabant,
557 2667 877 2736 accipiendm
902 2676 1043 2720 sunt.
1074 2667 1301 2719 Audiant
1331 2665 1580 2729 bmrctici,
1610 2665 1696 2730 qui

137 2764 289 2808 cstra
319 2755 606 2809 Ecclesiam
639 2764 962 2827 prmsumunt
983 2755 1219 2820 accipere
1248 2753 1438 2807 Christi
1461 2768 1691 2806 carnem.

135 2844 292 2914 Quod
345 2844 555 2909 dicitur,
605 2844 780 2896 Omnis
813 2844 894 2910 qui
923 2842 1135 2912 tetigerit
1165 2841 1255 2893 illa
1283 2839 1693 2906 sancti/imbitur,

137 2933 291 3001 juxta
324 2931 552 2985 litteram
585 2930 633 2984 id
662 2943 765 2984 non
795 2929 1042 2984 convenit
1070 2929 1346 2982 sacriﬁciis
1375 2927 1695 2981 Judtcorum.

1795 1870 1852 1910 se
1875 1856 1958 1922 qui
1991 1857 2241 1922 peccavit,
2275 1855 2318 1909 si
2351 1855 2672 1924 pmnituerit,
2695 1856 3100 1910 etcontribulati
3131 1859 3346 1924 spiritus

1797 1945 2022 1998 hostiam
2049 1946 2271 2013 jugulat,
2321 1954 2464 2000 stare
2492 1945 2542 1998 in
2575 1945 2692 1999 loco
2720 1955 2923 2010 sancto,
2951 1955 3002 1999 et
3046 1947 3347 2000 sociaribis

1793 2032 1878 2099 qui
1903 2034 2161 2099 pertinent
2189 2034 2251 2086 ad
2278 2033 2575 2087 Dominum.
2611 2034 2758 2100 Quod
2799 2034 2881 2088 hic
2905 2035 3066 2098 addit,
3103 2036 3342 2090 Sanctum

1793 2130 2078 2173 sanctorum
2127 2125 2219 2174 erit
2250 2161 2265 2184 ,
2319 2123 2631 2192 signiﬁcavit
2687 2124 2804 2191 quia
2863 2123 2948 2176 illa
2986 2139 3076 2192 pro
3121 2125 3347 2192 peccatis

1794 2209 1967 2263 oblata
1997 2218 2239 2262 sanctum
2267 2223 2567 2266 sanctorum
2609 2213 2908 2282 unigenitus
2935 2223 3013 2266 cst
3045 2214 3203 2267 Filius
3235 2214 3346 2268 hci.

1795 2300 1940 2364 Quod
1969 2299 2114 2364 dicit,
2144 2299 2390 2354 Sacerdos
2411 2303 2497 2370 qui
2527 2301 2674 2367 o/fert
2703 2303 2846 2356 aliud
2897 2305 3138 2367 comedet,
3172 2315 3350 2360 osten-

1795 2389 1876 2444 dit
1918 2390 2039 2455 quia
2089 2390 2165 2444 sic
2193 2391 2477 2459 Apostolus
2508 2390 2634 2445 dicit
2661 2391 2726 2445 de
2754 2391 2960 2446 Christo
3007 2393 3096 2462 qui
3119 2394 3346 2461 seipsum

1796 2477 2001 2540 obtulit,
2034 2477 2145 2544 ipse
2165 2477 2412 2532 sacerdos
2438 2489 2489 2532 et
2517 2477 2629 2546 ipse
2659 2481 2728 2532 sit
2753 2481 2946 2543 hostia,
2981 2490 3032 2535 et
3080 2481 3190 2548 ipse
3219 2497 3351 2548 pee-

1796 2575 1908 2619 cata
1936 2573 2112 2618 nostra
2138 2567 2364 2620 comedit
2391 2575 2444 2621 et
2470 2570 2816 2636 consumpsit,
2861 2570 2950 2638 qui
2991 2580 3072 2623 est
3104 2569 3350 2624 sacerdos

1796 2657 2080 2710 secundum
2109 2655 2347 2710 ordinem
2379 2656 2786 2712 Melchisedech.
2816 2657 3154 2725 Consequens
3176 2668 3344 2713 autem

1798 2755 1852 2798 ut
1881 2754 1933 2798 et
1961 2745 2066 2798 veri
2095 2747 2384 2799 sacerdotis
2407 2747 2631 2802 ministri
2663 2732 2914 2802 Ecclesia:
2933 2749 3232 2804 sacerdotes
3257 2765 3348 2804 Co-

1799 2834 2010 2888 medant
2031 2842 2246 2900 peccata
2274 2833 2469 2900 pepuli,
2489 2834 2880 2902 utaccipientes
2912 2846 3121 2904 peccata
3155 2837 3348 2908 populi,

1801 2924 2030 2978 tribuant
2061 2923 2162 2977 illis
2191 2923 2555 2979 remissionem
2587 2933 2916 2992 peccatorum
2936 2927 2987 2978 in
3006 2927 3122 2979 loco
3143 2936 3345 2990 sancto,

137 3022 201 3076 Si
226 3021 365 3074 enim
397 3019 641 3089 profanus
667 3028 753 3073 aut
796 3019 1052 3087 parricida
1083 3033 1268 3072 carnes
1308 3017 1548 3070 sacriﬁcii
1582 3017 1697 3070 teti-
1730 3055 1774 3114 Ο
1804 3013 1855 3066 iu
1883 3013 2125 3084 ecclesia,
2152 3013 2203 3067 in
2244 3027 2344 3082 qua
2373 3021 2582 3080 peccata
2614 3013 2970 3068 remittuntur.
3004 3015 3080 3068 Ex
3121 3015 3200 3067 his
3231 3032 3374 3083 qum,

140 3110 331 3177 gisset,
377 3120 478 3162 non
512 3107 628 3162 ideo
657 3106 1012 3161 sanctiﬁcatus
1054 3105 1154 3159 dici
1185 3106 1369 3172 potuit.
1399 3105 1494 3171 Qui
1527 3113 1697 3158 autem

144 3196 316 3267 tetigit
335 3196 626 3261 Christum,
658 3198 791 3250 sicut
813 3197 899 3250 illa
929 3213 1045 3264 qua:
1074 3197 1166 3248 fuit
1199 3196 1250 3249 in
1293 3195 1548 3265 profluvio
1576 3209 1700 3249 san-

145 3285 344 3354 guinis,
371 3284 620 3339 continuo
647 3283 1016 3338 sanctiﬁcatur.
1053 3283 1288 3336 Vidimus
1333 3283 1475 3337 enim
1519 3296 1704 3338 omnes

145 3383 334 3442 gentes
363 3373 558 3428 Christi
576 3387 766 3440 corpus
789 3373 840 3424 in
868 3372 1127 3439 baptismo
1148 3369 1480 3440 accipientes,
1507 3371 1700 3426 sancti-

150 3465 334 3516 licatas
360 3477 497 3515 esse.
531 3460 593 3513 1η
615 3462 799 3512 atrium
820 3460 1146 3511 tabernaculi.
1181 3459 1275 3513 llic
1305 3459 1416 3513 lteri
1453 3458 1702 3513 mandau-

149 3562 257 3612 tur,
283 3549 401 3614 quia
434 3548 666 3600 Ecclesia
701 3561 930 3610 prxnsens
963 3548 1153 3598 atrium
1181 3555 1264 3600 est
1314 3545 1515 3600 fatum.
1563 3548 1703 3599 Bene

148 3648 329 3692 autem
361 3638 588 3691 similam
639 3636 762 3690 dicit
792 3649 1132 3703 conspersam
1160 3636 1300 3696 oleo,
1354 3636 1471 3704 quia
1501 3635 1700 3688 miseri-

146 3730 381 3785 cordiam
425 3728 548 3782 fecit
598 3727 648 3781 in
705 3740 982 3795 pauperes,
1018 3725 1126 3779 Deo
1171 3725 1359 3779 infudit
1394 3723 1701 3778 sacriﬁcium

150 3821 371 3876 tlbrisd.
428 3817 772 3874 Ministerium
828 3826 1001 3870 autem
1060 3814 1199 3882 quod
1228 3816 1278 3867 iu
1309 3822 1513 3868 sanctos
1537 3814 1706 3870 defert

152 3910 374 3964 turturis
423 3910 732 3962 suavitatem
785 3905 1033 3958 ostendit.
1084 3904 1354 3972 Reliquam
1385 3909 1580 3968 partem
1635 3904 1706 3958 εἰς

153 4001 295 4052 milre
319 3997 550 4052 comedit
578 3999 752 4051 Aaron
785 4005 836 4050 et
863 3995 952 4048 ﬁlii
1000 3995 1136 4062 ejus.
1177 3994 1436 4062 Quidquid
1469 3994 1531 4048 dc
1557 3997 1706 4061 ιεςίτῑ-

153 4087 380 4140 tualibus
427 4086 659 4154 martyrii
704 4085 1008 4150 excesserit,
1039 4100 1251 4139 sensum
1304 4094 1445 4138 tuum
1499 4099 1703 4141 reserva

153 4174 416 4228 sacerdon
439 4171 666 4226 auctori.
694 4172 815 4224 llaec
845 4173 954 4239 ipse
981 4173 1276 4235 manducet,
1311 4171 1702 4238 ipse‘discstiat.

153 4265 404 4333 Sequitur
433 4263 732 4316 mandatum
763 4265 824 4314 de
853 4263 1183 4316 oblationibus
1209 4264 1376 4316 Aaron
1411 4273 1456 4317 et
1488 4265 1705 4332 ﬁliorum

1805 3105 2113 3168 offeruntur,
2170 3101 2270 3157 alia
2326 3103 2689 3158 sacerdotibus
2718 3104 3073 3159 conceduntur
3110 3105 3174 3158 ad
3205 3121 3351 3160 ruan-

1804 3191 2120 3256 ducandum,
2153 3192 2250 3246 alia
2284 3191 2389 3246 Deo
2410 3192 2671 3246 donantur
2698 3193 2747 3246 in
2779 3194 3019 3260 pabulum
3050 3197 3350 3263 ignis.Con-

1805 3280 2008 3335 ceditur
2027 3281 2166 3335 enim
2193 3279 2344 3334 nobis
2373 3295 2434 3333 ex
2467 3289 2647 3334 sancta
2673 3281 2937 3347 Scriptura
2976 3285 3211 3349 qumdam
3249 3299 3352 3351 ap-

1807 3367 2152 3434 prebendere,
2182 3367 2418 3435 qumdam
2452 3367 2674 3422 Domino
2715 3370 3028 3422 reservanda
3066 3381 3203 3429 sunt,
3238 3387 3351 3436 qur

1805 3457 1938 3509 ultra
1969 3471 2068 3509 ιιοτι
2092 3465 2236 3521 ειιηι,
2267 3458 2402 3511 sicut
2438 3456 2655 3512 offertur
2693 3473 2788 3526 pro
2819 3469 3047 3527 peccatu,
3081 3463 3146 3513 ita
3177 3473 3222 3512 ει
3259 3477 3352 3527 pro

1803 3549 2011 3602 delicto.
2046 3547 2370 3618 Frequenter
2424 3549 2476 3602 in
2505 3549 2789 3618 Scripturis
2836 3562 3102 3618 peccatum
3137 3567 3228 3618 pro
3263 3552 3353 3606 de-

1805 3637 1947 3702 licto,
1972 3647 2024 3692 et
2051 3638 2300 3692 delictum
2332 3653 2426 3707 pro
2457 3649 2669 3708 peccato
2697 3641 2923 3707 ponitur.
2957 3639 3049 3693 llic
3095 3641 3250 3693 nolui'
3281 3652 3354 3693 ta-

1807 3742 1926 3781 men
1949 3729 2228 3783 ostendere
2255 3730 2479 3798 aliquam
2509 3728 2858 3783 differentiam
2891 3728 2940 3781 in
2973 3730 3054 3793 iis,
3087 3730 3136 3782 in
3167 3714 3352 3799 quibus

1805 3816 2059 3871 sacriﬁcia
2100 3817 2312 3882 divisit;
2367 3828 2418 3872 et
2461 3818 2670 3886 quidam
2722 3826 2907 3886 putant
2935 3818 3181 3872 delictum
3208 3834 3352 3873 coru-

1808 3907 2023 3960 missum
2052 3921 2169 3960 esse
2199 3905 2365 3960 levius
2395 3921 2550 3974 quam
2580 3915 2871 3974 peccatum,
2903 3923 3020 3959 nam
3065 3907 3189 3960 dicit
3209 3909 3352 3961 Seri.

1809 4007 1956 4062 plura
1991 3997 2127 4064 quod
2156 3994 2226 4050 sit
2265 4005 2533 4064 peccatum
2563 3997 2628 4049 ad
2662 4006 2905 4061 mortem,
2937 3998 3002 4048 de
3033 3997 3226 4048 delicio
3252 4013 3351 4048 non

1805 4086 1948 4138 dicit.
1983 4087 2085 4138 Aut
2110 4093 2253 4139 certe
2277 4085 2526 4138 delictum
2555 4093 2658 4148 est,
2689 4099 2806 4138 cum
2858 4100 2960 4137 non
2994 4084 3206 4136 facimus
3235 4099 3350 4149 qua:

1807 4176 1977 4229 facere
2005 4174 2276 4228 debemus.
2312 4173 2585 4228 Peccatum
2618 4187 2767 4240 vero,
2815 4188 2933 4228 cum
2982 4177 3353 4228 committimus

1808 4263 1890 4317 illa
1921 4278 2038 4333 qua:
2067 4263 2394 4318 committere
2425 4278 2528 4317 non
2557 4263 2826 4318 debemus.
2857 4263 3049 4318 Eadem
3074 4273 3245 4316 autem
3272 4281 3353 4316 ra-

155 4355 316 4415 illius,
348 4360 401 4403 et
427 4351 652 4419 reliqua.
684 4349 738 4402 lu
768 4349 973 4402 caeteris
994 4351 1263 4404 sacriﬁciis
1301 4353 1543 4406 sacerdos
1590 4354 1704 4408 ofﬁ-
1729 4389 1782 4450 Β
1811 4357 1952 4409 tione
1990 4355 2344 4423 accipiendum
2393 4363 2473 4409 est
2497 4353 2564 4408 de
2592 4355 2849 4408 sacriﬁcio
2895 4369 2988 4421 pro
3019 4368 3248 4421 peccato.
3296 4357 3352 4409 Si

156 4445 296 4495 cium
329 4441 527 4510 prtcbet
577 4441 790 4509 populo,
849 4441 898 4494 in
930 4440 1029 4493 hoc
1058 4442 1304 4495 mandato
1353 4458 1467 4510 qua!
1497 4448 1703 4515 propria

157 4539 282 4583 sunt
326 4537 491 4582 curat.
547 4528 766 4582 Jubetur
809 4529 897 4583 illc
936 4545 997 4583 ex
1026 4529 1111 4584 die
1151 4544 1250 4598 qua
1295 4527 1450 4584 fuerit
1482 4542 1703 4602 unctus,

158 4634 370 4688 semper
409 4627 461 4671 et
491 4618 540 4670 in
573 4628 877 4684 perpetuum
927 4618 1116 4673 offerre
1144 4620 1512 4690 similagincm.
1572 4622 1704 4677 Istud

157 4710 471 4764 sacriﬁcium
535 4708 821 4760 Sacerdotis
865 4709 1100 4763 fortassis
1148 4711 1256 4776 ipsa
1313 4712 1390 4765 lex
1441 4721 1562 4774 est.
1619 4729 1710 4782 pcr

161 4803 375 4871 Moysen
405 4802 545 4854 data.
577 4801 740 4865 Quam
769 4799 934 4867 legem
961 4801 1010 4852 in
1042 4801 1170 4854 duas
1197 4802 1352 4855 dividi
1385 4805 1634 4874 pra-cipit,
1659 4807 1705 4859 id

159 4901 242 4942 est
285 4891 510 4944 litteram
540 4899 591 4944 et
621 4889 898 4957 spiritum;
924 4896 977 4941 et
1004 4890 1227 4942 mediam
1257 4902 1477 4958 partem,
1531 4895 1578 4948 id
1606 4905 1705 4962 est,

162 4977 351 5034 litteras
377 4981 554 5035 oderri
593 4979 763 5048 jubet.
815 4977 987 5042 Mane,
1048 4975 1097 5030 id
1126 4987 1204 5031 est
1229 4981 1394 5045 primo
1421 4982 1545 5050 tegis
1573 4993 1706 5038 tctu—

164 5083 312 5132 pore,
344 5085 448 5136 quo
476 5071 578 5126 illis
599 5072 650 5126 in
680 5071 879 5126 vicibus
906 5068 1188 5124 secundum
1207 5069 1428 5125 litteram
1457 5075 1578 5129 dats
1608 5085 1706 5131 est.

163 5155 305 5208 Nova
338 5156 422 5210 lex
451 5173 642 5214 novum
671 5159 888 5228 protulit
913 5158 1075 5211 diem.
1121 5157 1397 5214 Dimidium
1430 5178 1554 5218 vero
1574 5167 1714 5222 illius

160 5244 336 5299 olierri
354 5243 514 5312 jussit
539 5248 590 5300 in
625 5262 918 5315 vesperum.
969 5245 1020 5297 In
1052 5259 1266 5312 vespera
1297 5249 1458 5314 enim,
1512 5252 1563 5305 in
1595 5267 1716 5320 pos-

162 5337 354 5392 teriora
396 5346 629 5404 tempora
673 5325 894 5392 oﬂ'crtur
922 5337 1072 5392 nobis
1100 5337 1385 5404 spiritualis
1411 5354 1596 5396 sensus
1641 5344 1715 5398 le-

161 5428 261 5496 gis,
291 5426 500 5481 Christo
521 5425 847 5482 adveniente.
902 5430 945 5483 Α
987 5428 1267 5496 sartagine,
1315 5429 1450 5498 quod
1509 5431 1714 5487 destru-

164 5529 305 5572 ctum
333 5516 458 5571 velit
482 5528 598 5570 esse
614 5515 964 5595 sacerdotem,
991 5525 1046 5572 et
1065 5515 1337 5571 torridam.
1369 5516 1584 5571 [Eterna
1616 5536 1711 5574 au-

165 5615 266 5660 tem
299 5607 378 5661 lex
404 5604 592 5660 dicitur
607 5602 893 5659 secundum
913 5605 1052 5660 illam
1072 5612 1268 5672 partem
1291 5618 1389 5672 qua
1407 5606 1707 5674 Spiritualis.

1807 4455 1978 4498 autem
2026 4444 2202 4499 oblata
2226 4444 2376 4499 fuerit
2405 4444 2699 4498 crassitudo
2727 4457 2842 4512 qua)
2871 4445 3037 4513 operit
3081 4445 3373 4508 interimam

1805 4541 1857 4585 et
1884 4547 2040 4586 omne
2070 4533 2205 4599 quod
2251 4543 2328 4585 cst
2375 4532 2441 4585 de
2469 4531 2683 4586 renibus
2705 4531 2911 4599 pingue,
2962 4540 3083 4584 tunc
3110 4541 3355 4599 purgatur

1806 4620 1947 4672 Omni
1978 4622 2104 4673 vitio
2136 4620 2436 4683 libidinum,
2461 4619 2693 4673 obtulisti
2716 4620 3027 4673 sacriﬁcium
3059 4621 3107 4670 in
3139 4620 3351 4673 odorem

1805 4714 2097 4765 suavitatis.
2132 4712 2288 4765 Pellis
2315 4722 2390 4764 est
2428 4710 2537 4763 haec
2559 4711 2659 4762 vita
2689 4710 3380 4800 exterioratquctribuatis»

1806 4803 1928 4856 dum
1961 4818 2061 4856 non
2086 4801 2322 4865 offertur,
2348 4801 2597 4852 interiora
2624 4800 2841 4867 recepit.
2870 4799 3098 4853 Terrena
3127 4800 3357 4867 quidem:

1806 4893 1918 4945 sine
1945 4891 2134 4959 quibus
2166 4891 2379 4943 Omnino
2430 4889 2607 4953 homo,
2641 4889 2761 4957 quia
2785 4888 2961 4955 jussit,
3009 4878 3356 4959 sanctus/lion

1807 4987 1981 5050 potest
2004 4994 2142 5043 esse,
2196 4977 2260 5031 ad
2287 4978 2636 5033 ministerium
2665 4979 2754 5032 Dei
2791 4980 3071 5047 pertinent.
3109 4964 3356 5033 Clibantis

1809 5078 1983 5124 autem
2014 5083 2107 5121 cor
2140 5068 2367 5122 hominis
2395 5063 2614 5135 intelligi
2643 5077 2836 5136 potest,
2865 5067 3004 5134 juxta
3035 5066 3177 5128 illud,
3206 5065 3353 5120 Inca-

1811 5160 2007 5214 luerunt
2032 5161 2158 5211 sicut
2185 5161 2412 5213 cLbanus
2434 5160 2586 5211 corda
2609 5175 2798 5212 eorum.
2827 5157 2880 5210 Si
2905 5163 3075 5207 autent
3113 5171 3212 5208 non
3243 5158 3352 5210 dia.

1816 5249 1966 5301 holus
1995 5249 2113 5315 igne
2140 5249 2514 5311 vitiorum,sed
2539 5249 2776 5301 Christus
2808 5248 2922 5312 igne
2947 5244 3167 5309 Spiritus
3189 5247 3354 5302 sancti

1812 5337 1969 5389 corda
1992 5343 2168 5388 nostra
2194 5334 2615 5389 inflammarerit.
2666 5335 2830 5387 Panes
2877 5334 3166 5386 divinarum
3211 5336 3347 5390 Scri-

1815 5438 2081 5495 pturarum
2108 5427 2242 5480 cocti
2271 5426 2334 5480 ad
2363 5428 2672 5481 sacriﬁcium
2705 5426 2754 5479 itt
2784 5425 3010 5491 clibano,
3033 5427 3124 5479 tria
3152 5443 3356 5496 quoque

1814 5527 2018 5572 suntex
2048 5515 2235 5585 quibus
2262 5513 2389 5569 dicit
2414 5515 2699 5570 sacriﬁcia:
2749 5531 2814 5568 ex
2848 5517 3070 5581 clibano,
3099 5531 3161 5570 ex
3195 5519 3356 5571 sai-ta-

1815 5611 1955 5678 giae,
1985 5622 2046 5664 ex
2071 5605 2338 5663 craticula.
2365 5607 2611 5661 Clibanus
2651 5607 2795 5670 juxta
2827 5623 2970 5662 suam
3003 5608 3218 5661 formam
3263 5619 3354 5670 pm
