3872 6262
483 393 586 449 563

969 393 1165 450 ιῖΕυιΕ
1209 395 1646 454 VENBRABILIS
1684 397 1962 456 OPERUM
2007 401 2013 454 l

2118 401 2185 460 ιε
2226 403 2286 457 Il.
2332 431 2400 446 -—
2439 405 2821 466 EXEGETICA
2865 409 3183 470 GENUINA.

3587 420 3681 475 3M

485 513 582 556 test
617 503 948 571 profundiora
972 506 1021 557 in
1055 504 1340 572 Scripturis
1361 506 1679 574 signiﬁcare,
1696 518 1746 562 et
1765 508 2032 563 inenarra-
2059 485 2356 582 A'reliqua.
2387 515 2442 569 ln
2487 517 2788 586 supradicto
2817 519 2937 575 loco
2967 522 3212 588 diximus,
3254 539 3378 580 cum
3409 529 3482 582 de
3522 529 3684 588 vitulo

485 596 666 647 l:iliora
684 611 698 659 ;
719 605 928 663 sartago
952 610 1075 649 vero
1100 596 1183 648 illa
1207 612 1322 664 qua:
1344 599 1387 651 si
1411 597 1714 666 frequenter
1734 609 2027 667 versentur,

483 689 729 756 explicari
784 699 1032 756 possunt;
1077 689 1326 742 craticula
1378 698 1551 742 autem
1586 690 1670 744 illa
1720 706 1834 757 quas
1861 692 2028 760 palam

480 788 600 830 sunt
643 787 697 832 et
725 780 836 831 sine
864 780 972 832 ullo
1003 781 1250 847 tegmine.
1278 778 1490 846 Triplex
1519 794 1741 846 namque
1798 788 1876 833 est
1901 779 2032 833 divi-

481 883 660 920 narum
690 867 773 923 SOI
790 868 1074 935 ipturarum
1098 867 1459 936 intelligentia:
1486 867 1756 933 historica,
1780 873 2023 938 mystica,

484 960 712 1014 moralis.

1072 1048 1291 1103 CAPUT
1333 1050 1437 1103 \‘II.

552 1135 800 1204 Sequitur
830 1138 1133 1193 mandatum
1157 1141 1217 1192 de
1237 1140 1495 1206 sacriﬁciis
1520 1139 1868 1206 paciﬁrorum,
1892 1141 2026 1208 quod

481 1226 692 1291 o/i'ertur
735 1228 980 1283 Domino.
1029 1229 1354 1286 Sacriﬁcium
1413 1229 1750 1297 paciﬁcorum
1800 1230 1851 1284 in
1895 1231 2026 1287 duas

481 1330 654 1384 partes
690 1320 910 1376 divisit:
937 1337 1094 1374 unam
1145 1335 1242 1389 pro
1269 1322 1558 1388 gratiarum
1607 1322 1815 1378 actione
1857 1325 2020 1390 ponit,

478 1409 695 1463 alteram
727 1426 820 1478 pro
853 1412 1015 1476 vitio;
1049 1423 1329 1482 utrumque
1357 1422 1532 1468 tamen
1561 1413 1758 1468 oblatio
1779 1415 2024 1482 paciﬁco-

477 1513 590 1550 rum
622 1508 722 1564 est,
756 1516 917 1568 panes
968 1512 1140 1556 autem
1171 1501 1468 1558 fermentati
1497 1518 1630 1571 quos
1678 1505 1896 1558 omnino
1933 1505 2023 1559 ab-

470 1585 598 1656 jecit
626 1588 675 1642 in
704 1591 981 1657 sacriﬁcio,
1015 1607 1151 1647 nunc
1178 1593 1427 1660 jubentur
1457 1594 1671 1660 apponi.
1705 1593 1808 1648 Sed
1849 1595 2022 1648 scien-

475 1673 596 1728 dum
622 1688 700 1730 est
727 1680 863 1745 quod
888 1679 973 1732 bic
996 1694 1098 1733 non
1121 1679 1186 1733 ad
1213 1679 1547 1742 sacriﬁcium,
1578 1682 1668 1735 sed
1691 1682 1754 1734 ad
1777 1683 2018 1737 sacrilicii

476 1766 780 1832 mysterium
840 1778 1206 1834 oliponuntur;
1263 1771 1340 1822 sic
1393 1770 1532 1822 enim
1581 1769 1774 1823 dicitur
1809 1787 1823 1822 :
1853 1770 2018 1824 Panes

474 1863 682 1916 quoque
724 1851 1066 1906 fermentatos
1091 1867 1209 1907 cum
1244 1854 1412 1908 hostia
1453 1857 1736 1924 gratiarum
1763 1873 1778 1921 ;
1809 1872 1913 1912 non
1941 1858 2016 1912 di-

473 1936 544 1989 cit
573 1937 709 2004 quod
749 1938 855 1993 sint
887 1940 1056 1994 hostia
1098 1940 1197 2009 ipsi
1232 1956 1414 2009 panes,
1445 1943 1534 1997 sed
1565 1958 1682 1998 cum
1715 1944 1905 2000 hostia.
1938 1946 2015 2001 Ex

475 2027 660 2093 quibus
690 2043 826 2084 unus
871 2044 974 2084 non
1027 2045 1122 2096 pro
1161 2031 1420 2086 sacriﬁcio
1441 2073 1458 2099 ,
1491 2034 1583 2088 sed
1617 2049 1711 2102 pro
1741 2036 2017 2104 primitivis

470 2115 690 2169 olfertur
729 2115 970 2172 Domino.
1019 2118 1359 2174 Fermenlum
1392 2122 1684 2175 doctrinam
1733 2124 2013 2193 significat,

467 2204 617 2270 juxta
640 2206 792 2272 illud,
822 2207 1001 2262 Cavete
1029 2209 1061 2261 'a
1079 2211 1325 2276 fermento
1358 2209 1752 2265 Pharisazorum.
1782 2213 2015 2268 Humana

468 2304 643 2346 autem
673 2295 932 2361 doctrina,
985 2297 1083 2352 hoc
1112 2307 1214 2365 est,
1245 2309 1335 2353 aut
1371 2303 1732 2371 grammatica,
1779 2314 1867 2358 aut
1888 2306 2016 2361 'rhe-

475 2381 656 2447 torica,
689 2391 776 2436 aut
816 2383 1111 2448 dialectica,
1140 2401 1208 2441 ex
1241 2388 1432 2455 quibus
1461 2390 1528 2444 in.
1555 2390 1635 2444 his
1663 2407 1777 2460 qua:
1810 2392 1876 2447 de
1906 2392 2014 2455 Deo

471 2470 740 2524 sentienda
769 2481 910 2536 sunt,
944 2473 1070 2527 nihil
1099 2475 1486 2540 accipiendum.
1520 2477 1706 2532 Sermo
1735 2492 1860 2534 vero
1888 2481 2013 2533 luci-

473 2558 570 2613 dus
588 2569 641 2614 et
668 2561 1023 2630 eloquentior,
1051 2572 1105 2617 et
1133 2565 1385 2632 splendor
1408 2567 1471 2618 ad
1501 2565 1844 2621 ministerium
1867 2571 2010 2624 verbi

476 2647 566 2700 Dei
596 2648 844 2704 decenter
868 2652 1179 2705 admittitur.
1214 2653 1322 2708 IIoc
1350 2655 1658 2709 fermentum
1689 2655 1742 2710 in
1776 2658 2010 2713 ministe-

472 2735 603 2788 litim
647 2738 790 2791 verbi
841 2738 932 2793 Dei
959 2740 1146 2810 accipit
1183 2741 1393 2807 Paulus,
1426 2758 1541 2798 cum
1582 2747 1745 2799 dixit:
1771 2746 2010 2800 Corrum-

469 2828 773 2894 punt.bonos
815 2847 974 2886 mores
1015 2834 1266 2901 colloquia
1294 2837 1449 2888 mala.
1480 2837 1802 2892 Testimonia
1834 2855 1950 2909 qua:
1977 2856 2006 2893 a

471 2918 793 2989 philosophis
825 2923 1096 2991 usurpavit
1121 2942 1132 2974 :
1160 2925 1246 2993 qui
1273 2938 1330 2978 se
1370 2934 1543 2979 autem
1578 2936 1753 2981 tantus
1782 2943 1844 2982 ac
1891 2929 2009 2982 talis

471 3008 826 3078 pacilicorum,
857 3024 908 3066 et
939 3030 1031 3081 pro
1059 3017 1341 3083 gratiarum
1365 3017 1574 3071 actione
1603 3018 1681 3072 vel
1709 3032 1894 3086 Sponte
1919 3029 2008 3076 aut

468 3113 585 3158 voto
613 3115 788 3174 potest
837 3109 1050 3173 oﬁerre,
1105 3110 1202 3163 nisi
1237 3110 1323 3164 ille
1369 3111 1454 3178 qui
1504 3111 1763 3165 universis
1803 3114 2008 3168 actibus

467 3192 576 3246 suis
599 3194 719 3248 iacit
744 3205 800 3250 ut
831 3196 1070 3250 laudetur
1102 3197 1257 3260 Deus,
1282 3199 1431 3265 cujus
1455 3213 1614 3266 Opera
1638 3202 1813 3255 vident
1839 3203 2007 3254 homi-

467 3297 580 3346 nes,
613 3293 665 3336 et
706 3285 1039 3352 magniﬁcam
1070 3286 1277 3340 Patrem
1309 3288 1398 3354 qui
1443 3287 1492 3340 in
1521 3288 1668 3341 caelis
1695 3299 1792 3342 est.
1826 3290 1898 3343 De
1926 3305 2007 3343 sa-

466 3369 666 3447 criﬁcio
717 3373 930 3427 salutari
983 3374 1193 3439 dicitur,
1253 3375 1377 3428 Non
1431 3378 1705 3430 remanebit
1748 3395 1804 3431 eo
1854 3395 2010 3447 usque

465 3446 648 3521 mane,-
675 3461 810 3514 sicut
836 3462 903 3515 de
945 3463 1202 3516 smriticio
1231 3463 1449 3516 Pascha:
1486 3463 1680 3516 dictum
1712 3475 1812 3527 est,
1843 3481 2008 3518 recor-

466 3551 606 3602 darc.
641 3551 713 3604 De
755 3553 1018 3606 sacriﬁcio
1052 3568 1196 3618 vero,
1230 3554 1367 3620 quod
1401 3563 1522 3606 voto
1569 3557 1645 3608 vel
1699 3567 1886 3624 sponte
1930 3558 2007 3625 ﬁt,

467 3639 648 3693 dilatio
675 3643 1010 3696 concreditur
1041 3661 1052 3694 ;
1081 3642 1245 3710 Usque
1290 3645 1338 3695 in
1371 3645 1588 3697 alterum
1616 3646 1767 3701 diem.
1811 3649 1870 3703 Si
1890 3649 2009 3716 quid

465 3740 625 3785 autem
661 3733 898 3785 remansit
948 3733 996 3784 in
1028 3733 1157 3785 diem
1204 3734 1424 3797 tertium,
1447 3735 1552 3803 igni
1576 3737 1874 3790 tradendum
1915 3741 2006 3800 sit,-

464 3836 620 3885 quam
659 3821 1000 3876 differentiam
1053 3823 1127 3876 sic
1177 3823 1488 3886 vidi-bimus,
1521 3833 1576 3876 ut
1619 3839 1751 3877 unus
1781 3826 1890 3879 dies
1921 3837 2009 3880 aut

468 3918 672 3976 tcmpus
717 3919 805 3962 aut
836 3925 1069 3978 praesens
1106 3912 1195 3978 sit,
1247 3911 1298 3965 in
1341 3928 1445 3979 quo
1494 3920 1657 3965 totum
1700 3914 2006 3980 mysterium

468 3999 729 4065 passionis
759 3996 949 4053 Christi
982 4001 1130 4054 nobis
1170 4003 1534 4069 accipiendum
1565 3997 1665 4068 est,
1703 4021 1797 4060 nec
1836 4021 2008 4061 reser-

465 4087 691 4141 vandum
721 4097 802 4143 est
840 4090 891 4143 in
924 4090 1173 4144 futurum.
1209 4097 1309 4146 Aut
1349 4103 1496 4149 certe
1527 4110 1660 4149 unus
1688 4097 1799 4149 dies
1825 4082 2004 4150 sancta

465 4176 734 4244 Scriptura
768 4178 1073 4250 intelligitur
1101 4184 1433 4250 generaliter.
1471 4185 1583 4238 Duo
1613 4185 1727 4239 dies
1757 4186 1918 4239 Vetus
1955 4195 2006 4240 et

467 4262 668 4317 Nomm
698 4266 1130 4333 Testamentum;
1165 4269 1216 4322 in
1248 4271 1436 4338 quibus
1465 4286 1651 4325 carnes
1689 4283 1880 4326 sancte
1910 4275 2006 4327 imi

469 4356 675 4419 molari,
711 4354 807 4408 hoc
835 4366 914 4410 est
960 4359 1264 4426 mysterium
1303 4362 1475 4413 crucis
1503 4361 1696 4413 Christi
1728 4361 1917 4426 inquiri
1946 4377 2008 4416 ac

2130 600 2543 673 disputabamus,
2596 608 2781 675 adipes
2834 609 3065 664 animam
3115 612 3310 668 Christi
3361 615 3679 683 signiﬁcare.

2127 688 2243 745 Non
2291 693 2576 762 incongrue
2607 704 2781 750 autem
2822 695 2875 750 in
2926 699 3171 765 prasenti
3203 699 3319 755 loco
3347 701 3532 772 adipes
3572 710 3680 760 ani-

2129 797 2268 836 mam
2319 784 2458 837 illam
2506 784 2824 853 signiﬁcant,
2874 800 2969 856 pro
3024 802 3126 856 qua
3165 788 3408 845 Christus
3451 795 3678 851 animam

2127 883 2274 924 suam
2306 872 2499 940 posuit,
2544 871 2594 926 id
2627 883 2711 928 est
2757 873 3071 942 Ecclesium,
3102 890 3217 944 quae
3247 892 3372 933 vere
3415 882 3593 934 anima
3620 883 3679 936 il-

2129 962 2231 1014 lius
2247 971 2345 1015 est.
2378 962 2576 1030 Adipes
2603 971 2779 1016 autent
2812 963 2920 1017 edit
2949 963 3035 1031 qui
3065 979 3224 1017 unum
3253 963 3321 1019 de
3354 967 3560 1032 pusillis
3589 969 3678 1036 qui

2127 1051 2176 1103 in
2206 1048 2473 1104 Christum
2504 1051 2750 1116 credunt,
2779 1051 3123 1106 scandalizat.
3151 1051 3376 1122 Sanguis
3398 1070 3530 1110 vero
3559 1072 3678 1124 pro-

2124 1138 2330 1192 hibetur
2375 1139 2477 1192 bibi
2517 1139 2666 1207 juxta
2711 1139 3042 1206 superiorem
3090 1154 3325 1207 sensum,
3357 1142 3677 1200 Israeliticus

2123 1229 2343 1295 populus
2372 1235 2545 1294 potest
2574 1226 2819 1296 intelligi.
2849 1227 2960 1283 Non
2988 1229 3129 1283 enim
3165 1245 3231 1284 ex
3259 1230 3386 1296 ﬁde,
3415 1248 3589 1302 neque
3613 1248 3675 1290 ex

2121 1315 2309 1382 spiritu
2352 1316 2598 1383 Abrahm,
2629 1317 2968 1372 sed'tantum
3021 1334 3086 1373 ex
3126 1321 3382 1390 sanguine
3410 1324 3554 1378 illius
3583 1324 3677 1380 de.

2121 1402 2398 1458 scendunt.
2444 1403 2614 1470 Quem
2651 1403 2802 1474 juxta
2843 1405 3152 1474 Aposwlnm
3190 1424 3291 1464 non
3322 1409 3675 1476 vnltoffendi,

2119 1505 2235 1545 cum
2262 1492 2390 1545 dicit
2415 1509 2426 1545 :
2455 1492 2596 1546 Dicis
2618 1507 2744 1563 ergo
2774 1495 2926 1549 fracti
2958 1504 3083 1549 sunt
3121 1497 3278 1560 rami,
3319 1507 3377 1551 ut
3405 1511 3506 1567 ego
3531 1499 3674 1552 inse-

2119 1594 2204 1633 rar
2227 1581 2383 1646 bene,
2406 1589 2459 1634 et
2480 1582 2707 1649 reliqua.
2739 1581 2957 1651 Adipem
2984 1598 3102 1635 vero
3133 1583 3394 1637 cadaveris
3425 1586 3676 1639 marticini

2117 1680 2204 1723 aut
2233 1670 2391 1725 bestia
2417 1671 2719 1740 prtegustati
2746 1671 2798 1723 in
2820 1685 2941 1724 usus
2971 1671 3138 1725 varios
3165 1673 3394 1726 concedit
3421 1689 3522 1726 non
3548 1688 3673 1738 esse,

2118 1769 2173 1814 et
2201 1759 2420 1832 reliqua.
2442 1760 2577 1815 Sunt
2598 1759 2740 1814 enim
2767 1761 2927 1814 multa
2950 1761 3267 1827 testimonia,
3293 1777 3415 1832 qua:
3434 1773 3524 1817 aut
3550 1777 3675 1832 gen-

2047 1827 2093 1884 B
2125 1827 2268 1905 tibus
2285 1827 2516 1914 inventa,
2548 1850 2900 1920 spiritualiter
2940 1853 3133 1907 mortui
3159 1827 3325 1908 sunt;
3345 1853 3452 1908 Deo
3497 1827 3672 1909 autem

2117 1939 2183 1990 ab
2214 1937 2294 1992 his
2321 1951 2453 2010 quos
2481 1939 2615 1992 mala
2662 1939 2827 1993 bestia
2878 1938 3160 2006 interfecit,
3204 1949 3586 2011 competenter,
3619 1953 3674 1996 et

2117 2029 2160 2082 si
2195 2041 2298 2082 non
2321 2029 2386 2082 ad
2417 2028 2805 2094 auctoritatem,
2833 2039 2887 2086 et
2917 2031 2981 2085 ad
3007 2032 3284 2088 utilitatem
3313 2035 3630 2103 suscipimus
3655 2053 3668 2087 :

2118 2117 2205 2184 qui
2238 2117 2418 2185 adipes
2447 2117 2658 2187 quidem
2690 2117 2797 2172 dici
2827 2128 3068 2187 possunt,
3098 2121 3219 2187 quia
3263 2137 3359 2189 pro
3389 2125 3670 2178 suo-modo

2116 2207 2310 2272 opinati
2335 2215 2476 2260 sunt.
2500 2205 2648 2271 Quod
2676 2216 2850 2262 autem
2873 2207 3022 2270 dicit,
3044 2208 3248 2262 Tenebit
3275 2225 3429 2263 manu
3467 2214 3672 2281 adipem

2117 2291 2312 2359 Itastite,
2343 2293 2603 2362 significat
2632 2294 2770 2362 quod
2799 2308 2957 2363 opera
2988 2304 3111 2350 sunt
3137 2310 3252 2364 quae
3293 2299 3670 2354 commendant

2117 2384 2341 2447 hostiam
2392 2393 2623 2438 nostram
2666 2383 2796 2437 Deo.
2839 2382 3058 2453 Reliqua
3090 2386 3140 2439 in
3184 2388 3549 2456 superioribus
3573 2403 3668 2444 ex-

2116 2472 2319 2540 planata
2364 2480 2505 2526 sunt.
2537 2471 2684 2538 Quod
2723 2473 2883 2525 dicit:
2919 2472 3048 2528 Haec
3075 2484 3147 2528 est
3187 2477 3360 2530 unctio
3407 2479 3575 2532 Aaron
3617 2490 3665 2533 et

2116 2562 2340 2628 ﬁliorum
2365 2560 2526 2627 illius,
2559 2575 2661 2614 non
2711 2561 2984 2630 subjunxit
3012 2577 3128 2631 quae
3168 2574 3306 2620 esset
3336 2567 3538 2632 unctio,
3570 2569 3670 2624 hoc

2117 2649 2256 2705 enim
2282 2651 2332 2704 in
2361 2652 2707 2718 sequentibus
2733 2651 2877 2716 facit,
2909 2653 3000 2706 sed
3031 2663 3206 2722 potest
3233 2655 3456 2727 intelligi
3487 2658 3555 2713 de
3576 2674 3668 2728 pe-

2113 2743 2349 2796 ctusculo
2373 2741 2709 2806 elevationis,
2734 2751 2784 2796 et
2811 2743 3028 2798 brachio
3051 2747 3414 2815 separationis,
3437 2751 3667 2806 maxime

2111 2846 2232 2886 cum
2284 2832 2382 2886 sub
2428 2843 2758 2888 sacramento
2804 2835 3096 2903 spiritualis
3149 2838 3416 2892 unctionis
3466 2840 3664 2895 inserta

2111 2931 2255 2975 sunt.
2289 2919 2514 2990 Denique
2552 2925 2660 2976 lucc
2686 2923 2767 2976 lea:
2793 2922 3100 2989 holocausti,
3132 2934 3179 2979 et
3206 2928 3470 2994 sacriﬁcii,
3497 2940 3550 2983 et
3577 2943 3662 2984 re-

2111 3007 2271 3078 liqua.
2303 3009 2563 3078 Repetitio
2599 3019 2681 3065 est
2711 3012 3119 3079 praecedentium
3145 3017 3515 3086 capitulorum.

2648 3103 2839 3161 CAPP.
2871 3104 2976 3158 VIII
2994 3145 3008 3169 ,
3028 3106 3118 3159 IX.

2180 3191 2326 3258 Quod
2355 3201 2526 3246 autem
2571 3193 2718 3260 dicit,
2749 3193 2895 3248 Tolle
2938 3195 3111 3250 Aaron
3156 3197 3319 3260 illius,
3354 3206 3408 3251 et
3434 3198 3657 3267 reliqua.

2106 3279 2233 3346 Qua:
2264 3291 2552 3350 sequuntur
2578 3297 2708 3349 pene
2738 3283 2787 3336 in
2812 3285 3228 3350 prmcedentihus
3249 3288 3486 3354 exposita
3513 3297 3658 3350 sunt,

2107 3384 2223 3424 cum
2252 3371 2317 3425 de
2348 3372 2680 3426 vestimentis
2711 3372 2882 3426 Aaron
2911 3387 3088 3427 sermo
3118 3373 3235 3428 fuit.
3264 3375 3554 3428 Videndum
3580 3385 3661 3436 est

2110 3470 2283 3516 tamen
2313 3464 2447 3529 quod
2495 3462 2696 3530 Moyses
2738 3463 2956 3528 primum
2994 3464 3148 3530 lavat,
3175 3479 3220 3518 et
3263 3474 3434 3532 postea
3472 3466 3658 3519 induit.

2110 3551 2270 3605 Lavet
2311 3561 2363 3604 et
2411 3561 2463 3604 te
2514 3549 2737 3619 Moyses,
2792 3551 2889 3604 hoc
2936 3560 3039 3615 est,
3091 3554 3194 3607 lex.
3252 3552 3456 3606 Habent
3517 3555 3656 3607 enim

2109 3639 2318 3706 Moysen
2358 3649 2404 3694 et
2445 3640 2738 3709 praphetas,
2783 3643 2996 3694 audiant
3036 3642 3197 3704 illos..
3222 3643 3284 3696 Et
3330 3652 3454 3697 tunc
3486 3644 3660 3697 induis

2110 3728 2289 3782 Jesum
2325 3729 2616 3792 Christum,
2663 3740 2713 3783 et
2744 3729 2965 3784 habebis
2991 3743 3190 3786 vestem
3221 3731 3528 3798 nuptialem.
3563 3732 3656 3786 Sa-

2107 3817 2350 3870 cerdotes
2381 3828 2553 3872 autem
2583 3827 2706 3872 sunt
2733 3832 2917 3873 omnes
2943 3821 3029 3888 qui
3053 3834 3201 3874 saera
3232 3822 3369 3874 dona
3399 3821 3654 3884 offerunt,

2108 3907 2294 3974 quibus
2321 3908 2512 3960 dicitur
2536 3923 2549 3958 :
2585 3907 2687 3960 Vos
2709 3911 2825 3960 estis
2851 3924 3006 3975 genus
3030 3910 3260 3973 electum,
3288 3912 3459 3978 regale
3485 3925 3652 3962 sacer-

2107 3995 2314 4046 dotium.
2343 3992 2669 4063 Congregavit
2696 4002 2864 4047 autem
2896 3994 3095 4063 Moyses
3126 3998 3389 4066 populum.
3416 3997 3654 4067 Requiri-

2111 4067 2198 4137 tur
2227 4083 2368 4137 enim
2402 4084 2452 4135 in
2498 4085 2789 4138 ordinando
2827 4086 3104 4141 sacerdote
3136 4094 3409 4156 praisentia
3458 4093 3654 4160 populi,

2108 4186 2164 4228 ut
2196 4174 2474 4228 multorum
2526 4177 2826 4229 testimonio
2873 4177 3064 4244 prmsul
3105 4179 3348 4248 eligatur.
3377 4179 3432 4233 In
3473 4172 3652 4238 Exodo

2109 4277 2282 4317 autem
2328 4273 2448 4317 «ειο
2489 4265 2694 4330 Species
2723 4265 3067 4332 designantur
3111 4277 3164 4322 et
3195 4268 3653 4325 vestimentorum.

2111 4352 2203 4404 Hic
2240 4361 2436 4416 septem
2486 4360 2682 4403 tantum
2732 4363 3094 4407 numerantur.
3137 4352 3428 4406 Feminalia
3476 4367 3650 4411 autem

466 4445 712 4515 distingui
742 4446 918 4499 debet.
953 4446 1158 4500 Nullam
1181 4448 1334 4500 aliam
1365 4448 1428 4501 ad
1462 4450 1824 4529 auctoritatem
1856 4465 2005 4504 assa-

2118 4444 2600 4511 przetermittuntur.
2646 4443 2736 4497 llis
2779 4453 2953 4498 autem
2996 4444 3288 4497 castitatem
3319 4443 3660 4520 fIlXIllIuS'SI-

469 4550 706 4602 mantus,
763 4537 861 4590 nisi
915 4535 1143 4589 divinam
1199 4535 1542 4603 Scripturam.
1605 4537 1704 4591 Sed
1757 4541 2007 4608 quidquid

469 4635 743 4694 utrumque
771 4626 1160 4680 Tesmmentum
1191 4643 1292 4679 non
1322 4627 1604 4692 discernat,
1634 4629 1861 4696 Spiritus
1883 4648 2007 4684 san-

472 4716 538 4766 cti
584 4716 691 4782 igni
743 4715 1118 4768 reservandum
1171 4725 1269 4769 est.
1304 4717 1580 4782 Triplicem
1629 4718 2007 4774 immunditiam

472 4803 615 4866 punit
641 4818 652 4852 :
680 4802 810 4867 Una,
843 4819 902 4855 ne
942 4817 1121 4855 carnes
1152 4813 1339 4856 sancta'
1383 4804 1444 4854 ab
1485 4803 1660 4872 aliqua
1690 4807 2029 4860 immunditia-

472 4901 779 4959 tangantur;
807 4892 926 4955 alia,
965 4894 1040 4946 Ne
1068 4893 1111 4945 is
1137 4894 1221 4960 qui
1250 4893 1350 4946 edit
1394 4893 1685 4947 immundus
1715 4897 1810 4958 sit;
1840 4899 2009 4962 tertia,

478 4980 555 5034 Ne
576 4982 617 5032 is
647 4983 734 5047 qui
777 4982 988 5033 comedit
1035 4991 1080 5034 et
1124 4984 1337 5034 mundus
1380 4991 1451 5035 est
1497 4985 1748 5052 contingat
1791 4985 2013 5052 aliquant

471 5068 862 5122 immunditiam.
906 5066 1099 5120 Carnes
1147 5080 1375 5132 sanctas,
1422 5069 1469 5122 id
1517 5078 1620 5132 est,
1652 5071 1806 5122 verba
1838 5071 2012 5122 divina

474 5161 635 5225 tangit
663 5157 827 5224 aliqua
872 5155 1216 5218 immunditia,
1251 5171 1366 5208 cum
1416 5156 1562 5209 malas
1606 5158 1833 5211 hazreses
1873 5172 2014 5210 sana:

478 5246 725 5299 doctrinm
766 5246 1144 5297 immiscentur.
1184 5244 1281 5308 Qui
1309 5254 1474 5296 autem
1497 5246 1712 5297 comedit
1742 5246 1882 5297 debet
1912 5263 2016 5298 esse

477 5336 711 5386 mundus.
751 5333 860 5385 Non
890 5335 1031 5385 enim
1065 5343 1143 5385 est
1174 5332 1388 5398 pulchra
1442 5332 1552 5384 laus
1584 5334 1669 5386 Dei
1698 5335 1747 5386 in
1777 5347 1870 5387 ore
1896 5347 2018 5399 pec-

477 5422 685 5474 catoris.
744 5419 872 5473 Cum
914 5431 1085 5474 autem
1119 5421 1271 5474 luerit
1321 5420 1571 5484 mundus,
1617 5430 1781 5474 restat
1827 5429 1883 5474 ut
1914 5438 2013 5474 non

477 5520 656 5576 tangat
684 5511 1086 5574 immunditiam,
1123 5519 1177 5563 ut
1212 5524 1314 5562 non
1349 5509 1649 5577 inquinetur
1678 5510 1866 5563 alienis
1897 5522 2019 5576 pec-

478 5602 626 5654 catis.
660 5599 855 5651 Doindc
881 5616 992 5665 qua:
1021 5601 1232 5651 Domino
1264 5600 1610 5662 immolantur,
1641 5599 1689 5652 id
1720 5608 1800 5653 est
1839 5599 2018 5663 adipes

483 5689 656 5752 boum,
686 5695 735 5740 ct
765 5687 954 5752 ovium,
989 5696 1041 5737 ct
1071 5702 1368 5754 caprarum,
1418 5688 1715 5740 manducari
1764 5696 1921 5751 velut,
1964 5696 2015 5740 et

2112 4531 2381 4602 gniﬁcare,
2411 4547 2474 4586 eo
2499 4533 2635 4601 quod
2684 4533 2925 4602 genitalia
2971 4530 3367 4600 constringunt.
3414 4533 3661 4589 Fortasse

2111 4635 2283 4676 autem
2313 4624 2428 4678 ideo
2457 4623 2814 4692 praetermissa
2845 4627 2988 4686 sunt,
3017 4619 3140 4687 quia
3173 4621 3223 4673 iu
3270 4621 3376 4675 illis
3400 4624 3658 4678 sacerdo-

2118 4714 2256 4768 tibus
2289 4715 2382 4768 has
2414 4724 2591 4781 partes
2621 4727 2724 4766 non
2755 4725 2966 4778 semper
2993 4711 3123 4764 dicit
3166 4726 3282 4766 esse
3323 4713 3659 4768 constrictas.

2111 4803 2184 4856 Ne
2215 4803 2426 4870 quando
2449 4802 2590 4853 enim
2633 4799 2700 4853 de
2730 4789 2993 4868 potestate
3021 4802 3259 4870 generis,
3305 4810 3361 4856 et
3407 4813 3662 4855 successu

2111 4890 2312 4943 sobolis
2355 4888 2581 4943 habeant
2611 4888 3010 4955 indulgentiam.
3045 4889 3297 4944 Ecclesia
3328 4903 3538 4957 quoque
3578 4902 3662 4944 sa-

2112 4977 2353 5031 cerdotes
2386 4977 2666 5045 aliquando
2693 4977 2882 5031 debent
2906 4975 3182 5032 infundere
3208 4976 3370 5031 divini
3395 4977 3541 5030 verbi
3573 4992 3660 5032 se-

2116 5080 2257 5130 men,
2289 5075 2344 5117 ut
2373 5076 2576 5119 mentes
2602 5065 2893 5119 auditorum
2927 5065 3185 5119 instruant
3213 5081 3227 5127 ;
3259 5063 3552 5133 aliquando
3579 5076 3659 5121 ιτα

2117 5168 2257 5217 cere,
2281 5168 2345 5206 ne
2374 5153 2682 5221 margaritas
2706 5162 2827 5207 ante
2859 5168 3043 5221 porcos
3071 5154 3323 5221 mittant;
3351 5166 3402 5208 et
3428 5154 3659 5211 habeant

2118 5254 2320 5312 tempus
2343 5245 2609 5312 loquendi,
2638 5255 2692 5298 et
2717 5255 2919 5311 tempus
2949 5244 3172 5299 tacendi.

2712 5331 2931 5385 CAPUT
2983 5330 3046 5384 X.

2189 5420 2310 5472 Filii
2357 5431 2518 5472 autem
2572 5423 2760 5484 Aaron,
2807 5420 2890 5486 qui
2932 5419 3245 5485 impatientes
3293 5425 3447 5478 altari
3495 5425 3662 5494 igneus

2117 5511 2358 5574 alienum,
2400 5511 2504 5579 igni
2530 5511 2697 5562 divino
2741 5510 2898 5562 exusti
2943 5520 3075 5564 sunt.
3112 5513 3234 5567 Illos
3259 5515 3535 5584 signiﬁcat,
3567 5516 3654 5582 qui

2118 5609 2414 5667 contempta
2449 5600 2622 5652 divina
2654 5599 2887 5651 doetrina
2919 5614 3190 5665 perversas
3211 5601 3479 5656 doctrinas
3499 5617 3649 5670 appe-

2124 5698 2254 5751 tunt,
2313 5688 2498 5756 quibus
2542 5687 2768 5766 dicitur“:
2795 5688 3058 5758 .lhjccistis
3099 5693 3389 5743 mandatum
3437 5691 3550 5754 Dei,
3593 5705 3646 5746 ut
