3872 6262
187 365 292 422 545

928 362 992 419 ΙΝ
1031 360 1577 420 PENTATEUCIIUH
1615 357 2100 416 COMMENTARII.
2139 386 2208 403 -ι-
2247 362 2624 422 LEVITICUS.

3281 368 3386 425 δίο

182 479 509 534 traditionem
555 484 766 532 restram
803 476 1055 532 statuatis.
1104 475 1270 532 Aliter
1297 489 1506 545 quoque
1549 474 1722 541 ignem
1755 473 1800 528 A
1828 485 2068 539 corvum,
2110 474 2404 543 voluptates
2449 476 2647 545 nigras.
2699 475 2799 529 Per
2826 490 3088 543 ussuros,
3120 478 3376 545 intempe-

185 569 420 624 alienum
450 566 677 630 incendi,
709 567 796 634 qui
828 567 879 620 in
921 568 1154 638 sacrario
1181 565 1354 620 cordis
1383 565 1468 619 sui
1510 562 1730 630 alicujus

183 659 630 728 concupiscentia
650 657 822 726 ignem
845 659 1193 720 succendens,
1224 665 1276 710 et
1297 656 1456 710 audet
1483 654 1726 707 altarium

189 751 282 806 Dei
323 749 594 813 accedere,
638 746 777 816 quod
824 760 926 800 non
973 747 1180 814 recipit,
1231 745 1329 799 nisi
1363 745 1504 798 illum
1530 743 1727 812 ignem,

186 841 253 894 de
281 856 386 910 quo
415 838 624 902 dicitur,
660 835 836 907 Ignem
879 837 990 889 veni
1029 838 1220 889 mittere
1246 837 1298 889 in
1331 845 1539 889 terram.
1570 832 1730 886 Extra

186 940 356 985 castra
383 929 597 1001 projecti
632 936 769 982 sunt.
808 926 961 980 Tales
989 926 1126 980 enim
1171 926 1305 979 inter
1333 934 1544 979 sanctos
1573 923 1730 976 meri-

185 1021 255 1074 tis
283 1019 605 1074 excellentes
626 1033 730 1070 non
761 1025 1106 1085 reputantur;
1139 1014 1274 1082 quod
1299 1023 1472 1068 autem
1493 1013 1688 1067 dicitur
1714 1030 1728 1065 :

184 1108 368 1178 Capita
389 1115 550 1160 vestra
577 1106 729 1159 notite
767 1105 998 1171 induere,
1031 1112 1084 1158 et
1111 1103 1339 1172 reliqua,
1378 1103 1428 1156 in
1460 1103 1728 1170 sequenti-

184 1197 286 1252 bus
313 1195 590 1251 dicendum
620 1203 722 1248 est.
767 1194 911 1258 Quod
951 1202 1124 1247 autem
1156 1193 1517 1247 sacerdotibus
1549 1193 1732 1260 pracci-

182 1289 283 1358 pit,
307 1284 376 1340 Ut
407 1285 577 1337 sinum
608 1293 652 1336 et
681 1283 888 1336 siceram
917 1298 1015 1336 non
1053 1283 1238 1346 bibant,
1263 1282 1489 1335 maxime
1515 1297 1632 1335 cum
1665 1279 1728 1332 ad

184 1376 292 1430 vini
338 1373 690 1428 ministerium
719 1369 995 1425 accedunt.
1042 1369 1105 1422 Et
1143 1369 1427 1422 secundum
1460 1367 1731 1423 historiam

185 1465 434 1518 convenit
485 1462 799 1526 observare,
861 1473 978 1512 cum
1025 1457 1307 1526 Apostolus
1345 1457 1526 1510 dicat:
1564 1456 1733 1509 Nolite

183 1553 425 1607 inebriari
454 1551 589 1616 uino,
620 1551 671 1602 in
697 1565 798 1619 quo
826 1557 897 1601 est
927 1548 1165 1612 luxuria;
1189 1556 1241 1602 et
1272 1546 1639 1614 Spiritualiter,
1667 1560 1732 1598 ne

183 1646 319 1698 forte
340 1651 622 1712 graventur
647 1639 806 1694 corda
828 1646 999 1693 vestra
1031 1639 1082 1692 in
1105 1638 1339 1706 crapula,
1373 1645 1426 1691 et
1451 1636 1729 1698 ebrietate,

180 1742 234 1786 et
258 1733 401 1786 curis
431 1732 585 1799 hujus
613 1729 813 1784 mundi.
841 1729 1043 1783 Caetera
1074 1744 1190 1798 qua:
1215 1737 1508 1797 sequuntur
1535 1727 1600 1781 de
1629 1742 1734 1795 pe-

1833 563 2076 617 rantiam.
2110 565 2208 618 Per
2246 581 2492 634 cygnum,
2547 565 2781 621 cervices
2823 566 2911 619 alti
2956 568 3238 635 superbiae.
3271 569 3374 622 f’er

1830 662 2099 715 noctuam,
2142 653 2396 722 lucifugas
2435 655 2731 708 varietates.
2767 654 2866 710 Per
2901 655 3000 708 alia
3047 656 3128 708 his
3180 656 3371 709 similis

1825 742 2038 797 diversa
2073 742 2194 796 vitia
2225 744 2502 812 vituperat.

2418 831 2640 886 CAPUT
2665 830 2777 885 XII.

1895 915 2142 985 Sequitur
2175 919 2476 973 mandatum
2508 921 2573 975 de
2599 920 2924 974 immunditia
2956 929 3155 989 partus,
3184 923 3233 976 in
3260 937 3368 992 quo

1827 1023 1929 1062 non
1960 1009 2126 1062 otiose
2149 1007 2345 1062 dictum
2388 1018 2490 1075 est,
2517 1009 2664 1074 Quod
2693 1011 2874 1063 mulier
2891 1026 3004 1080 qua.-
3029 1023 3263 1080 concepto
3290 1030 3373 1067 se-
3471 997 3473 1000 i

1827 1098 1961 1150 mine
1988 1097 2119 1165 parit
2149 1098 2452 1162 masculum,
2499 1098 2763 1152 immunda
2805 1099 3031 1166 dicitur;
3055 1117 3176 1170 quia
3205 1104 3269 1156 ad
3295 1104 3375 1157 di-

1828 1188 2167 1241 stinctionem
2201 1188 2342 1243 illius
2369 1189 2557 1242 dicitur
2583 1204 2703 1259 quae
2734 1205 2836 1244 non
2866 1206 2930 1245 ex
2954 1193 3157 1247 semine
3183 1208 3375 1248 conce-

1829 1278 1904 1344 pit
1939 1275 2126 1330 Filium
2149 1276 2326 1332 Jesum
2354 1279 2639 1332 Christum.
2673 1279 2817 1334 Hanc
2855 1294 2959 1333 non
3007 1289 3223 1348 gravant
3251 1281 3383 1350 legis

1828 1379 2016 1428 onera;
2071 1380 2132 1417 ac
2160 1379 2251 1435 per
2288 1367 2387 1420 hoc
2427 1382 2530 1420 non
2558 1375 2641 1422 est
2686 1369 3032 1436 sapefluum,
3061 1367 3154 1422 sed
3199 1371 3381 1439 mysti-

1831 1472 1974 1522 cum,
2003 1459 2141 1526 quod
2174 1459 2266 1525 ait,
2300 1458 2552 1526 Concepto
2577 1462 2784 1513 semine.
2821 1463 2968 1528 Quod
2999 1471 3174 1515 autem
3205 1466 3244 1515 si
3284 1480 3381 1517 intl-

1829 1547 2022 1601 sculum
2071 1549 2283 1616 peperit,
2331 1562 2517 1616 septem
2555 1551 2730 1604 diebus
2760 1553 3019 1605 immunda
3072 1555 3187 1619 erit,
3218 1564 3266 1608 et
3299 1570 3381 1607 se-

1830 1637 1988 1705 ptimo
2017 1638 2098 1689 die
2128 1636 2499 1705 puriﬁcabitur,
2549 1641 2649 1694 hoc
2693 1641 2953 1711 significat
2982 1643 3119 1710 quod
3150 1645 3382 1710 quandiu

1830 1739 2012 1780 sumus
2038 1731 2088 1779 in
2122 1727 2222 1782 boe
2252 1737 2506 1796 tempore.
2531 1731 2669 1800 quod
2691 1741 2892 1801 septem
2919 1733 3104 1788 diebus
3130 1735 3376 1797 volvitur,

180 1821 442 1887 etnsculo,
485 1829 538 1872 et
586 1819 824 1882 brachio,
877 1826 930 1872 et
971 1817 1233 1872 sacrificio
1276 1832 1370 1885 pro
1411 1826 1646 1885 peccato,
1677 1827 1730 1871 ct
1764 1793 1806 1852 Β
1833 1817 1896 1872 ad
1938 1817 2190 1886 liquidum
2221 1820 2332 1886 puri
2364 1834 2482 1875 esse
2514 1837 2616 1876 non
2659 1837 2958 1890 possumus,
3000 1826 3168 1881 donec
3196 1836 3379 1879 octava

182 1909 326 1977 quod
376 1906 679 1961 sacerdotes
726 1909 824 1960 hoc
849 1906 1040 1960 debent
1083 1906 1241 1960 edere
1282 1906 1333 1958 in
1379 1905 1495 1960 loco
1522 1916 1724 1974 sancto,

179 1996 400 2066 sparsim
432 1995 706 2064 explanata
729 2004 868 2048 sum.

779 2082 1001 2138 CAPUT
1054 2083 1138 2136 χι.

249 2175 402 2230 Nunc
428 2175 496 2230 de
525 2189 589 2231 eo
616 2175 753 2241 quod
799 2176 879 2230 lex
913 2175 1153 2242 quaedam
1183 2176 1429 2229 animalia
1467 2174 1533 2228 ad
1578 2190 1724 2230 esum

181 2265 334 2334 quasi
366 2265 635 2318 innnunda
667 2279 769 2318 non
809 2265 1093 2329 concessit,
1125 2269 1362 2334 quaedam
1402 2266 1537 2319 inter
1561 2266 1726 2330 diem,

179 2353 465 2409 videndum
485 2365 588 2409 εει.
619 2351 730 2407 Non
756 2355 893 2406 enim
920 2352 986 2408 de
1011 2354 1323 2408 animalibus
1345 2368 1471 2408 cura
1497 2364 1578 2408 est
1600 2355 1726 2408 Deo.

182 2443 287 2499 Per
317 2444 429 2498 hazc
461 2444 616 2512 igitur
664 2458 839 2499 mores
871 2445 1153 2512 pinguntur
1192 2445 1424 2508 humani,
1455 2430 1508 2499 et
1543 2445 1730 2509 quibus

179 2536 278 2601 ipsi
302 2542 426 2588 sunt
451 2533 630 2588 mundi
654 2546 705 2589 et
733 2535 1008 2588 immundi.
1039 2535 1267 2603 Denique
1289 2535 1466 2588 mundi
1495 2522 1614 2588 sunt
1638 2535 1724 2602 qui

180 2626 478 2690 ruminant,
508 2627 600 2693 qui
631 2626 679 2678 in
711 2639 804 2681 ore
831 2640 1040 2692 semper
1068 2634 1277 2693 portant
1305 2626 1499 2688 cibum,
1533 2640 1730 2693 przece-

181 2721 269 2780 pta
301 2712 500 2766 divina.
542 2713 798 2780 Ungulam
847 2711 1073 2776 findunt,
1115 2730 1202 2781 qm
1234 2715 1343 2767 duo
1394 2707 1727 2768 Testamenta

182 2802 398 2863 habent,
443 2801 669 2854 litteram
700 2815 728 2852 a
777 2802 965 2868 spiritu
996 2800 1256 2855 dividunt.
1290 2802 1523 2870 Denique
1567 2805 1729 2856 rutni-

181 2899 310 2943 nant
351 2889 562 2958 quidem
591 2889 758 2943 Judaei
809 2890 966 2944 verba
998 2889 1148 2958 legis,
1188 2890 1281 2944 sed
1332 2891 1574 2958 ungulam
1624 2906 1726 2945 non

180 2981 408 3047 findunt,
461 2995 564 3034 non
613 2979 889 3040 credentes
932 2980 1036 3033 duo
1084 2979 1440 3044 Testamenta,
1487 2995 1584 3034 nec
1625 2980 1728 3034 Pa-

1838 1905 2044 1959 venerit
2072 1906 2206 1970 dies,
2236 1907 2374 1974 quod
2406 1917 2486 1962 est
2527 1910 2692 1964 futuri-
2717 1912 2894 1965 smeuli
2923 1923 3149 1980 tempus,
3197 1915 3246 1967 in
3276 1929 3382 1983 quo

1839 1994 2142 2050 circumcidi
2183 1996 2398 2066 jubetur
2442 2001 2728 2055 masculus.
2758 2000 2904 2054 Tunc
2944 2002 3107 2066 enim,
3152 2012 3206 2056 ut
3243 2004 3382 2056 dixi-

1832 2100 1967 2152 mus,
1999 2087 2067 2140 ab
2106 2087 2353 2141 omnibus
2383 2088 2660 2156 snperfluis
2690 2090 2772 2145 vel
2799 2090 3023 2156 actibus,
3056 2092 3136 2145 vel
3177 2093 3375 2155 verbis,

1831 2173 1916 2226 vel
1950 2175 2355 2244 cogitationibus
2387 2175 2517 2230 bene
2545 2177 2967 2242 emundabimnr,
2997 2194 3114 2232 cum
3143 2181 3209 2232 sit
3241 2179 3380 2234 Deus

1828 2265 2002 2316 omnia
2051 2267 2100 2316 in
2143 2266 2417 2329 omnibus;
2453 2267 2502 2319 in
2557 2282 2662 2335 quo
2709 2270 2868 2322 etiam
2917 2268 3144 2323 efficitur
3177 2271 3370 2322 munda

1835 2361 2023 2418 mater,
2063 2368 2178 2422 quae
2208 2357 2389 2423 genuit
2420 2360 2732 2411 masculum.
2765 2359 2998 2432 ,f’urgata
3046 2374 3269 2428 namque
3297 2360 3380 2412 in-

1833 2451 1934 2508 tus,
1969 2459 2176 2497 carnem
2206 2454 2260 2498 et
2283 2447 2737 2501 ‘rcsurrectionem
2769 2449 3041 2514 suscipiet,
3080 2448 3123 2501 is
3154 2449 3239 2516 qni
3269 2464 3379 2502 ma-

1831 2534 2040 2586 sculum
2088 2546 2140 2587 et
2189 2535 2408 2588 viriliter
2436 2536 2560 2604 egit,
2607 2536 2740 2589 nihil
2774 2538 2824 2589 in
2875 2552 2933 2592 se
2965 2537 3244 2592 femineum
3289 2549 3380 2592 aut

1829 2624 1986 2676 molle
2036 2622 2254 2676 habens.
2289 2623 2467 2693 Neque
2513 2625 2655 2680 enim
2697 2628 2895 2692 molles,
2944 2628 3132 2696 inquit,
3165 2645 3374 2698 regnum

1831 2711 1927 2766 Dei
1954 2713 2233 2766 intrabunt.
2262 2714 2360 2778 Qui
2389 2729 2517 2767 vero
2547 2716 2798 2769 remissus
2827 2727 2880 2769 et
2911 2716 3240 2786 effeminatus
3263 2735 3380 2784 pcr-

1827 2810 2005 2854 manet
2035 2801 2085 2854 in
2132 2802 2335 2856 actibus
2372 2804 2504 2868 suis,
2543 2804 2642 2857 iste
2681 2818 2852 2871 neque
2895 2804 2946 2856 in
2980 2806 3221 2870 pra-senti
3255 2806 3380 2857 heb-

1829 2888 2076 2954 domada,
2109 2905 2280 2959 neque
2307 2891 2358 2944 in
2384 2891 2555 2945 futura
2603 2893 2958 2947 tnundabilur.
2990 2893 3070 2946 Ab
3094 2895 3377 2947 immundi-

1830 2977 1902 3030 tia
1934 2991 2036 3031 non
2068 2981 2404 3032 remittuntur
2437 2981 2511 3033 illi
2562 2991 2800 3048 peccata,
2845 2995 3014 3048 neque
3045 2984 3095 3035 in
3147 2981 3244 3037 hoc
3281 2997 3377 3037 sa:-

178 3077 336 3133 trem,
384 3083 482 3124 nec
527 3069 736 3134 Filium,
768 3077 819 3124 et
859 3069 976 3123 ideo
1005 3069 1261 3122 immundi
1301 3080 1443 3124 sunt.
1488 3071 1725 3126 llzeretict
1757 3098 1803 3162 ο
1833 3065 1976 3132 culo,
2011 3079 2181 3132 neque
2211 3066 2260 3118 in
2291 3065 2484 3119 futuro.
2518 3067 2664 3132 Quod
2694 3076 2865 3120 autem
2889 3070 3163 3136 sequitur:

178 3167 354 3213 autem
383 3162 629 3229 ungulam
662 3160 890 3226 findunt,
919 3160 1023 3216 duo
1060 3160 1396 3215 Testamenta
1432 3163 1727 3230 recipiunt;

184 3252 278 3306 sed
310 3255 430 3322 quia
461 3253 761 3308 doctrinam
793 3255 1031 3308 veritatis
1074 3254 1126 3306 in
1175 3267 1271 3307 ore
1303 3267 1403 3308 non
1436 3256 1731 3318 nominant,

183 3345 443 3406 immundi
473 3353 617 3398 sunt.
647 3345 769 3399 llaec
811 3359 929 3399 cum
972 3343 1038 3398 de
1069 3343 1382 3408 hominibus,
1415 3360 1518 3399 non
1549 3345 1617 3401 de
1645 3361 1734 3415 pe-

180 3440 394 3495 coribus
423 3434 824 3504 intelligendum
848 3435 938 3500 sit,
979 3442 1032 3487 et
1056 3434 1336 3488 videndum
1368 3445 1451 3489 est
1473 3437 1733 3502 quomodo

181 3527 409 3582 mundos
431 3525 671 3580 homines
693 3523 1092 3586 manducamus,
1127 3525 1426 3578 immundos
1450 3535 1622 3577 autem
1646 3539 1731 3577 re-

182 3616 435 3670 futamus.
467 3611 652 3667 Omnis
679 3620 856 3664 autem
885 3611 1041 3663 homo
1064 3619 1154 3663 aut
1177 3626 1240 3664 ex
1273 3612 1618 3678 responsione
1643 3619 1732 3662 aut

186 3722 252 3762 ex
299 3701 745 3759 sermocinatione
783 3700 875 3756 dat
905 3701 1157 3770 proximis
1188 3701 1279 3754 tibi
1327 3713 1566 3771 gustum;
1598 3710 1650 3754 et
1687 3699 1730 3753 si

185 3794 355 3850 bonus
383 3794 454 3846 sit
483 3792 528 3845 is
566 3791 633 3845 de
681 3805 785 3858 quo
814 3800 1022 3859 gustum
1065 3791 1325 3857 capimus,
1375 3791 1626 3844 mundum
1657 3789 1730 3844 ci-

181 3883 308 3938 bum
337 3882 616 3937 sumimus.
645 3879 700 3935 Si
728 3888 902 3934 autem
936 3879 1236 3933 immundus
1272 3880 1344 3933 sit
1379 3895 1444 3934 ac
1473 3894 1732 3948 perversa:

179 3971 398 4036 mentis,
431 3968 755 4024 immundum
779 3968 1036 4023 sumimus
1060 3971 1256 4033 cibum,
1280 3984 1341 4023 ac
1368 3985 1460 4037 per
1485 3970 1582 4022 hoc
1613 3983 1732 4038 pro-

180 4059 358 4111 ximus
396 4059 626 4112 efficitur
655 4060 806 4113 nobis
839 4059 1081 4112 omnibus
1124 4060 1348 4112 mundus
1378 4061 1457 4114 vel
1498 4058 1735 4113 immun-

178 4148 298 4201 dus.
347 4147 420 4200 De
460 4147 540 4199 his
567 4147 685 4214 'qnm
729 4149 781 4201 in
827 4148 979 4217 aquis
1027 4149 1329 4218 gignuntur,
1383 4149 1630 4217 pinnulas
1677 4159 1731 4203 et

182 4249 483 4304 squammas
513 4235 756 4288 habentia
795 4237 1162 4292 comeduntur.
1201 4239 1263 4292 Hi
1293 4239 1462 4307 pisces
1488 4240 1576 4307 qui
1615 4239 1730 4308 pin-

183 4325 337 4378 nulas
365 4334 418 4378 et
446 4337 748 4393 squammas
777 4323 972 4378 habent
1019 4329 1314 4382 ascendunt
1356 4330 1730 4397 adfsuperiora

1908 3155 2136 3227 Triginta
2160 3155 2318 3210 tribus
2345 3157 2517 3211 diebus
2544 3158 2761 3229 manebit
2790 3159 2840 3209 in
2869 3158 3118 3227 sanguine
3146 3159 3385 3227 puriﬁca-

1835 3250 2004 3304 tionis.
2057 3250 2166 3303 lloc
2209 3262 2415 3316 tempus
2458 3250 2755 3318 significare
2801 3260 2972 3316 potest
3018 3251 3156 3319 quod
3193 3251 3246 3304 in
3289 3250 3389 3304 hoc

1835 3339 2032 3393 mundo
2059 3339 2300 3392 mandata
2331 3340 2464 3406 legis
2506 3349 2558 3392 et
2601 3340 2720 3391 fidei
2750 3348 3137 3392 sacramentum
3165 3342 3385 3406 implere

1831 3439 1884 3484 et
1913 3429 2106 3482 habere
2136 3427 2522 3481 contendimus.
2563 3427 2801 3496 Triginta
2839 3429 2978 3481 enim
3028 3438 3082 3481 et
3111 3426 3230 3493 tris,
3263 3443 3380 3482 mo-

1831 3516 1993 3569 nades
2024 3525 2130 3569 tres
2157 3524 2214 3568 et
2249 3514 2474 3569 decades
2505 3524 2614 3568 tres
2651 3524 2788 3577 sunt,
2825 3515 2963 3584 quod
2992 3517 3055 3569 ad
3086 3516 3241 3571 fidem
3269 3517 3385 3571 Tri-

1830 3604 2012 3658 nitatis
2041 3615 2094 3658 et
2135 3604 2302 3673 legem
2349 3607 2595 3673 pertinet.
2637 3605 2839 3660 Tandiu
2866 3607 3008 3660 enim
3053 3606 3105 3660 in
3140 3608 3384 3676 purifica-

1832 3691 1974 3746 tione
2002 3707 2298 3759 manentus,
2333 3694 2384 3748 id
2413 3703 2519 3760 est,
2550 3704 2606 3749 ut
2630 3696 2744 3763 puri
2771 3695 3118 3750 inveniamur.
3147 3697 3381 3749 Labora-

1832 3796 1950 3835 mus
1980 3783 2118 3836 enim
2149 3782 2379 3850 quandiu
2409 3783 2463 3836 in
2487 3784 2584 3836 bac
2608 3782 2716 3836 vita
2741 3784 3100 3837 subsistimus.
3123 3783 3222 3838 Per
3250 3784 3383 3837 hanc

1836 3871 1977 3925 enim
2013 3871 2064 3924 in
2097 3872 2198 3924 fide
2217 3884 2266 3925 et
2295 3872 2544 3939 Operibus
2568 3873 2617 3925 in
2650 3865 2894 3940 praesenti
2921 3875 3020 3925 vita
3049 3883 3103 3927 et
3132 3873 3182 3927 in
3217 3873 3388 3926 futura

1831 3960 1936 4012 vita
1991 3958 2245 4026 purificati
2297 3959 2648 4021 inveniemur,
2690 3961 2898 4026 quando
2943 3961 3146 4016 devicta
3195 3969 3388 4025 morte,

1832 4049 1938 4100 erit
1963 4049 2096 4099 Deus
2123 4047 2297 4100 omnia
2330 4047 2381 4097 in
2408 4048 2672 4102 omnibus.
2701 4049 2848 4102 Tune
2875 4059 3056 4102 sancta
3085 4059 3382 4116 tangemus,

1830 4147 1882 4191 et
1912 4137 1961 4187 in
1992 4132 2347 4187 sanctuarium
2398 4134 2774 4202 ingrediemur,
2822 4151 2940 4189 eum
2991 4136 3197 4190 venerit
3243 4137 3385 4205 quod

1834 4225 2121 4295 perfectum
2166 4230 2286 4286 est;
2320 4232 2371 4276 et
2427 4238 2532 4276 non
2568 4238 2662 4291 per
2691 4225 2984 4294 speculum,
3035 4225 3127 4279 sed
3159 4223 3292 4280 facie
3322 4226 3388 4279 ad

1835 4314 2019 4368 faciem
2051 4324 2277 4377 superna
2315 4312 2810 4380 eontemplabintur.
2854 4314 2928 4368 De
2957 4314 3181 4368 muliere
3209 4321 3385 4366 autem

178 4427 454 4481 aquarum,
492 4428 588 4482 per
606 4426 738 4481 quos
767 4412 1126 4480 significantur
1155 4417 1242 4481 qui
1275 4417 1488 4480 spiritus
1519 4418 1729 4471 liberta-

1836 4415 1952 4471 qute
1983 4399 2225 4451 feminam
2260 4399 2394 4465 parit
2440 4414 2596 4468 supra
2644 4401 2840 4454 dictum
2887 4409 2994 4466 est,
3021 4400 3286 4469 quomodo
3335 4401 3386 4453 in

181 4511 285 4556 tem
308 4512 570 4569 quaerunt.
593 4502 658 4556 Et
686 4503 923 4572 quamvis
956 4501 1200 4557 fluctibus
1229 4504 1386 4573 hujus
1423 4506 1598 4558 mundi
1628 4505 1732 4560 cir-

183 4591 500 4647 cumdantur
526 4600 581 4646 et
604 4604 912 4661 gravantur,
943 4594 1006 4648 ad
1032 4609 1256 4662 superna
1289 4595 1524 4648 nituntur
1548 4609 1730 4648 assur-

181 4697 330 4750 gere.
360 4682 658 4749 Squammae
687 4684 826 4736 enim
852 4687 1162 4753 gravitatem
1195 4700 1397 4739 morum
1427 4695 1478 4739 et
1509 4687 1732 4742 firmita-

183 4782 290 4828 tem
351 4773 810 4828 conversationum
875 4777 1195 4843 significant.
1262 4778 1480 4832 Pinnula
1557 4789 1732 4834 autem

187 4875 378 4918 sensus
427 4876 652 4931 superna
704 4861 996 4930 cogitantes
1028 4867 1156 4932 :qui
1202 4878 1374 4921 autem
1435 4868 1549 4922 sine
1603 4869 1732 4936 ipsis

187 4961 332 5018 sunt,
375 4953 425 5006 bi
451 4963 574 5006 sunt
597 4953 684 5022 qui
710 4952 853 5007 le\es
883 4967 1058 5006 mores
1082 4965 1135 5008 et
1155 4955 1487 5010 elietninatos
1516 4958 1732 5026 habent,

185 5038 253 5093 de
281 5043 628 5110 supernisque
669 5057 772 5095 non
813 5042 1063 5109 cogitant.
1095 5041 1226 5095 Cum
1266 5056 1437 5100 autem
1476 5048 1732 5101 camelum

187 5131 448 5196 probibct,
471 5135 629 5186 vitam
671 5134 945 5188 informem
983 5134 1218 5190 damnat.
1251 5139 1377 5191 Cum
1419 5155 1591 5205 suem,
1620 5157 1732 5196 cm-

186 5234 367 5275 uosam
413 5231 466 5290 et
509 5221 703 5277 luteam
735 5225 891 5277 vitam
923 5223 1280 5290 reprehendit.
1326 5229 1456 5282 Cum
1504 5231 1734 5299 leporem

187 5311 415 5374 accusat,
442 5308 764 5366 deformatos
805 5315 859 5366 in
899 5312 1121 5367 feminas
1164 5313 1303 5366 viros
1331 5316 1568 5372 damnat.
1601 5319 1731 5375 Cum

192 5400 462 5462 lacertam,
511 5398 766 5454 incertam
823 5406 1128 5459 varietatem
1178 5403 1298 5457 vita:
1346 5406 1580 5464 denotat.
1635 5411 1728 5466 Per

189 5489 488 5553 mustelam,
537 5488 753 5542 furtum.
800 5492 899 5548 l’er
946 5495 1268 5557 stcllionetn,
1305 5500 1535 5553 maculas
1579 5518 1732 5556 men-

190 5579 316 5633 tium
371 5586 693 5632 exsecratur.
751 5580 848 5633 Per
895 5585 1226 5652 accipitrem,
1274 5593 1326 5637 et
1383 5587 1623 5653 tnilvum,
1681 5603 1733 5645 et

191 5661 438 5727 aquilam,
481 5670 717 5731 raptores
747 5662 876 5715 odit.
911 5665 1008 5720 l’er
1032 5665 1306 5728 vulture’m,
1341 5670 1591 5735 prwdam.
1629 5673 1723 5728 l‘er

1835 4497 1933 4548 hoc
1963 4499 2194 4554 tempore
2222 4497 2274 4542 et
2302 4503 2404 4542 non
2451 4489 2502 4542 in
2524 4487 2698 4543 futuro
2725 4489 3079 4557 purgabimur.

2407 4597 2631 4650 CAPUT
2671 4595 2809 4650 XIII.

1900 4685 2148 4754 Sequitur
2175 4699 2351 4738 sermo
2378 4683 2444 4736 de
2473 4685 2622 4751 plaga
2664 4681 2847 4751 lepraa,
2878 4685 3029 4751 cujus
3057 4685 3266 4753 species
3293 4701 3385 4741 sex

1832 4777 2181 4844 sunttprima
2214 4775 2264 4826 in
2308 4780 2428 4826 cute
2478 4781 2531 4826 et
2575 4773 2626 4826 in
2671 4787 2833 4828 carne
2863 4774 3019 4838 viva;
3065 4776 3296 4828 secunda
3333 4777 3384 4827 iu

1838 4876 1945 4920 tota
1974 4879 2133 4918 carne
2164 4861 2302 4924 viva,
2335 4874 2365 4911 a
2394 4863 2567 4929 capite
2589 4862 2653 4916 ad
2678 4863 2840 4930 pedes
2869 4864 3207 4928 discurrens;
3237 4865 3387 4918 tertia

1835 4959 1885 5011 in
1919 4956 2033 5008 loco
2081 4950 2272 5004 ulceris
2314 4952 2518 5017 sanati;
2569 4963 2751 5021 quarta
2808 4953 2859 5006 in
2896 4955 3012 5008 loco
3054 4955 3342 5008 exustionis
3369 4967 3388 5006 :

1834 5045 2011 5112 quinta
2043 5038 2091 5091 in
2132 5037 2309 5107 capite
2341 5039 2422 5093 vel
2453 5041 2507 5094 in
2553 5040 2756 5105 barba;
2789 5044 2937 5096 sefta
2968 5043 3018 5096 in
3053 5040 3274 5109 calvitio
3304 5040 3387 5092 vel

1837 5132 2194 5187 recalvitioae.
2243 5128 2408 5196 Lepra
2451 5132 2688 5186 doctrina
2709 5133 2841 5187 falsa
2882 5131 3164 5186 est:unde
3195 5131 3388 5194 leprosi

1841 5239 1947 5277 non
1974 5217 2238 5274 immerito
2265 5219 2499 5274 haeretici
2531 5222 2914 5290 intelliguntur,
2953 5234 3018 5273 eo
3047 5220 3184 5287 quod
3216 5219 3389 5273 Eccle-

1833 5314 1924 5366 sia:
1958 5310 2236 5379 puritatem
2281 5310 2438 5362 variis
2468 5311 2738 5364 erroribus
2766 5309 3048 5363 maculant.
3079 5308 3299 5377 Lepram
3326 5311 3378 5365 in

1835 5411 1949 5456 cute
1975 5407 2154 5469 gerunt
2185 5400 2273 5466 qui
2297 5402 2566 5454 exteriora
2593 5409 2646 5454 et
2682 5400 2912 5452 carnalia
2940 5401 3165 5453 suadere
3195 5414 3366 5455 eonan

1836 5505 1921 5549 tur
1946 5510 1958 5546 :
1985 5498 2041 5544 ut
2066 5500 2189 5544 sunt
2210 5488 2547 5558 Cirinthiani,
2567 5491 2666 5560 _qui
2694 5494 3132 5547 resurrectionem
3164 5492 3388 5548 futuram

1837 5589 1887 5639 in
1927 5582 2104 5638 carnis
2133 5582 2404 5637 voluntate
2433 5583 2774 5637 existimant:
2807 5593 2859 5635 ut
2886 5593 3009 5637 sunt
3052 5583 3386 5649 Luciferiani,

1854 5673 1941 5745 qui
1968 5670 2192 5726 anitnam
2222 5669 2286 5726 de
2308 5673 2479 5728 carnis
2509 5672 2798 5726 substantia
2833 5686 3166 5742 propagatznn
3190 5675 3382 5729 dicunt.
