3872 6262
478 335 575 396 ³47

975 329 1174 384 usus
1214 321 1652 381 vensuamus
1690 317 1963 383 Ol-‘l-Jltliil
2004 315 2176 370 mus
2217 315 2277 367 ιι.
2304 345 2372 356 -
2409 316 2786 372 ΕΧΕΟΕΤΠᾺ
2829 318 3141 374 cauum.
3210 391 3212 393 b

3569 324 3671 377 34.8

478 451 532 501 In
564 456 672 500 toto
711 454 934 511 corpore
980 440 1175 504 leprattt
1219 442 1394 503 portat
1441 431 1529 498 qui
1577 430 1732 482 variis
1762 425 2010 492 doctrinis
2043 427 2087 480 Λ
2120 431 2266 490 νιιιιι,
2310 433 2361 477 et
2388 426 2604 480 viriliter
2629 438 2785 496 agere
2814 443 2918 482 non
2945 430 3171 483 student.
3205 430 3369 496 chra
3406 441 3574 485 autem
3615 450 3666 484 υ.

489 536 850 589 lurrcticorum
893 529 1122 590 deditus,
1152 538 1360 577 omnem
1393 522 1552 574 vitam
1592 532 1738 571 suam
1769 515 2014 569 maculat;

485 625 544 675 In
576 624 684 675 loco
711 619 886 673 ulceris
909 616 1074 670 sanati
1101 615 1296 679 lepram
1326 610 1489 661 habet.
1530 607 1655 660 Post
1694 605 2017 673 agnitionem

481 725 532 764 ct
564 698 874 764 medicinam
897 706 1111 758 invocat
1132 697 1342 766 aliquod
1369 696 1617 750 indicium
1643 694 1833 773 prioris
1860 705 2012 747 erro-

477 802 570 861 ris,
601 798 740 851 velut
776 795 922 849 canis
951 803 1193 847 reversus
1227 788 1293 841 ad
1327 786 1579 840 vomitum
1605 799 1779 838 suum.
1811 780 1876 838 In
1908 782 2017 835 loco

474 890 685 944 nationis
725 887 855 956 ignis
885 885 1075 950 tepram
1115 879 1361 932 sustinent
1411 874 1702 938 llanichtei,
1747 873 1832 940 qui
1879 871 2017 924 inani

475 975 805 1031 abstinentia:
831 970 1068 1024 cruciatu
1093 979 1313 1034 corpora
1341 965 1676 1026 exhauriunt,
1702 970 1754 1015 et
1777 975 1868 1029 per
1894 958 2017 1012 infl-

480 1068 751 1120 delitatem
799 1061 922 1116 inde
959 1075 1061 1114 non
1107 1056 1510 1120 immunditiam,
1552 1057 1643 1109 sed
1697 1054 1895 1122 lepram
1943 1052 2020 1122 gi-

481 1163 667 1223 gnunt.
702 1153 773 1206 De
819 1151 1006 1204 talibus
1048 1148 1177 1203 dicit
1221 1146 1542 1215 Apostolus:
1569 1143 2015 1198 Prohibentesntt-

479 1247 607 1306 bcre,
633 1252 679 1296 ct
709 1242 1006 1294 abstinentes
1031 1255 1083 1293 se
1102 1255 1134 1291 ι
1151 1239 1272 1291 cibis
1295 1253 1420 1305 quos
1442 1236 1578 1289 Deus
1599 1236 1779 1288 creavit
1807 1233 1873 1286 ad
1901 1249 2016 1299 per-

476 1331 780 1397 cipiendum.
812 1327 878 1381 In
918 1328 1077 1395 capite
1101 1327 1292 1394 lcpram
1336 1325 1530 1394 bajuiat
1575 1323 1664 1391 qui
1691 1322 2022 1390 blasphemat

480 1416 832 1481 Diviuitatem,
863 1415 948 1469 vel
995 1414 1046 1467 in
1077 1412 1369 1474 Christum,
1398 1411 1486 1478 qui
1529 1423 1610 1464 εει
1656 1418 1811 1477 caput
1839 1408 2018 1462 Eccleo

483 1508 596 1568 sise,
626 1513 842 1572 peccat:
872 1512 931 1556 ut
958 1511 1078 1566 sunt
1107 1500 1284 1555 Ariani
1316 1499 1396 1554 vel
1430 1497 1723 1564 Manichsei,
1767 1497 1846 1551 vel
1875 1506 2020 1551 certe

474 1595 659 1652 Judaei.
692 1595 758 1648 In
806 1595 956 1647 barba
989 1593 1179 1661 lepram
1218 1595 1488 1646 ostendunt
1522 1590 1609 1657 qui
1641 1589 1706 1643 de
1748 1587 2016 1655 apostolis,

477 1685 674 1738 sanctis
702 1681 1154 1750 praedicatoribus,
1183 1694 1432 1749 perversa
1477 1676 1733 1738 sentiunt,
1775 1684 1933 1742 atque
1959 1673 2024 1726 il-

2119 515 2354 578 s.'aminc,
2386 525 2559 583 potest
2582 517 2706 570 vitia
2729 517 2917 572 animae
2944 519 3258 585 significare,
3282 534 3402 587 quae
3427 535 3525 588 per
3544 536 3663 574 cor-

2118 617 2214 670 pus
2244 612 2386 657 starc
2433 615 2486 659 et
2513 608 2689 675 vigere
2725 606 2869 661 facit.
2903 607 3066 674 Lepra
3095 608 3147 660 in
3185 609 3514 678 subtegmine,
3541 622 3665 676 pec-

2117 699 2232 743 cata
2261 705 2378 759 qua:
2407 705 2499 759 per
2521 708 2710 761 corpus
2739 695 3160 750 committuntur.
3193 695 3245 746 In
3273 711 3496 762 corpore
3520 697 3666 750 enim

2117 779 2285 832 anima
2315 780 2579 849 subsistit,
2602 783 2762 837 veluti
2793 791 2997 836 stamen
3031 784 3082 836 in
3126 785 3474 851 subtegmine.
3504 784 3670 838 Pellis

2117 878 2198 924 est
2227 872 2327 925 vita
2356 873 2610 939 exterior,
2641 880 2696 927 et
2719 875 3051 927 conversatio
3093 874 3319 927 carnalis
3349 874 3667 937 hominum;

2118 961 2258 1014 unde
2286 970 2340 1015 et
2368 971 2640 1028 peccatum
2672 961 2838 1016 Adam
2874 972 2926 1017 et
2953 963 3130 1017 uxoris
3159 963 3300 1016 illius
3329 963 3433 1016 illis
3461 963 3672 1016 tunicas

2121 1051 2366 1119 pelliceas
2387 1051 2576 1105 fecisse
2605 1050 2816 1106 dicitur.
2841 1051 3004 1122 Lepra
3030 1061 3198 1105 autem
3225 1052 3276 1104 in
3298 1052 3448 1119 pelle,
3472 1052 3671 1104 malum

2118 1139 2417 1208 exemplum
2447 1150 2526 1193 est
2547 1139 2598 1193 in
2620 1140 3028 1195 conversatione
3056 1139 3214 1208 hujus
3240 1140 3381 1203 vitro,
3405 1155 3500 1207 per
3528 1139 3673 1203 quod

2120 1228 2312 1282 indocti
2345 1230 2395 1282 in
2425 1242 2660 1283 errorem
2691 1229 3026 1282 inducuntur.
3051 1227 3217 1295 Lepra
3245 1244 3356 1282 rere
3379 1229 3430 1279 in
3463 1228 3673 1292 parie'i-

2119 1317 2208 1370 bus
2241 1318 2420 1371 domus
2446 1332 2664 1386 pravam
2709 1317 2999 1372 doctrinam
3032 1319 3083 1371 in
3121 1316 3529 1384 cogitationibus
3562 1314 3675 1366 hac-

2122 1406 2406 1460 reticorum
2435 1405 2717 1475 significat,
2747 1405 2813 1459 de
2854 1420 2954 1471 qua
2997 1404 3247 1473 propheta
3293 1405 3460 1458 dicit:
3487 1403 3532 1456 ο
3572 1408 3675 1458 diei

2123 1492 2404 1546 Ecclesium
2451 1493 2860 1562 malignantium.
2924 1491 3122 1545 Omnes
3213 1493 3418 1560 species
3466 1500 3674 1560 septem

2123 1583 2310 1637 diebus
2360 1587 2699 1650 separantur,
2743 1582 2862 1650 quia
2904 1581 3074 1635 nullus
3123 1591 3396 1650 purgatur,
3448 1583 3550 1635 nisi
3585 1597 3675 1649 per

2126 1670 2347 1738 gratiam
2381 1669 2702 1736 septiformis
2726 1670 2960 1737 Spiritus.
2996 1669 3254 1723 Sacerdos
3284 1685 3410 1724 vero
3445 1670 3674 1736 ingredi-

476 1773 555 1826 los
603 1747 863 1840 quidlibet
903 1769 1087 1821 falsum
1137 1747 1451 1836 przedicasse
1495 1765 1821 1832 confingunt.
1875 1763 2024 1816 Sicut
2055 1747 2102 1808 Β
2131 1767 2215 1811 tur
2241 1757 2305 1809 ad
2331 1756 2768 1811 considerandam
2801 1757 3000 1826 lepram
3042 1764 3188 1836 extra
3219 1766 3416 1820 castra.
3445 1762 3567 1826 quia
3601 1760 3675 1813 le-

477 1859 615 1912 enim
649 1858 808 1911 barba
838 1863 1201 1910 ornamentum
1231 1855 1361 1916 viro,
1390 1853 1460 1906 ita
1503 1850 1726 1918 apostoli
1754 1858 1809 1905 et
1837 1850 2022 1904 docto-

477 1961 562 2000 res
593 1951 845 2015 prasstant
870 1942 1077 2012 corpori
1104 1941 1320 1996 Christi.
1352 1940 1417 1993 In
1449 1939 1648 1993 calvitio
1669 1948 1756 1993 aut
1784 1939 1838 1993 in
1864 1939 2022 1993 recal-

481 2037 665 2088 ritione
687 2033 876 2100 lepram
907 2041 1215 2098 monstrant,
1243 2029 1332 2100 qui
1363 2039 1634 2098 postquam
1663 2028 1926 2099 superflua
1959 2042 2023 2084 ac

489 2132 691 2175 mortua
723 2120 981 2175 desideria
1025 2119 1353 2187 abiecerunt,
1384 2120 1573 2172 iterum
1604 2119 1833 2188 peccatis
1858 2118 2022 2186 majo-

483 2212 628 2265 ribus
654 2212 1006 2276 involvuntur,
1037 2220 1090 2264 et
1112 2223 1358 2278 perversa
1386 2207 1622 2262 doctrina
1646 2209 2018 2276 depravantur.

485 2299 636 2365 Quod
670 2299 876 2353 colores
904 2299 1167 2365 leprarum
1199 2297 1411 2366 adjecit,
1444 2297 1637 2350 formas
1663 2297 1834 2373 varias
1857 2295 2024 2349 hrcre-

481 2388 615 2441 sium
641 2387 890 2442 ostendit.
941 2387 1138 2442 Pallida
1168 2387 1306 2442 enim
1350 2395 1433 2441 est
1476 2385 1695 2440 hzeresis
1741 2400 1836 2453 per
1862 2383 2022 2438 falsos

480 2479 704 2540 fratres;
737 2477 1022 2531 rubicunda
1051 2487 1129 2531 est
1160 2491 1254 2545 per
1297 2477 1624 2544 martyrium,
1672 2475 1809 2540 quod
1841 2489 2024 2541 quam-

457 2567 562 2645 .vis
592 2566 988 2629 infructuosum,
1023 2574 1198 2619 tamen
1222 2564 1483 2628 subeunt;
1513 2565 1648 2629 alba,
1676 2577 1769 2631 per
1789 2562 2022 2616 colorem

485 2657 628 2710 falsa:
650 2655 904 2723 justitiaz;
949 2654 1125 2720 livida,
1156 2669 1248 2722 per
1277 2655 1514 2720 qntedam
1560 2653 1758 2707 inutilia
1785 2652 2021 2721 jejunio;

482 2746 649 2813 nigra,
685 2759 928 2813 perversa
957 2745 1227 2808 doctrina;
1259 2743 1504 2804 obscura,
1537 2758 1629 2810 per
1657 2745 1903 2811 mysteria
1931 2756 2020 2794 er-

480 2850 680 2888 r-vrum.
714 2835 806 2888 Est
831 2843 1008 2889 autem
1037 2835 1180 2904 lepra
1211 2850 1328 2904 qua:
1356 2835 1729 2900 sacrificiorum
1762 2835 1862 2887 ritu
1901 2849 2022 2900 pur-

478 2932 650 2988 gatur,
685 2924 734 2975 id
782 2933 882 2988 est,
916 2917 1080 2979 eoi-de
1124 2924 1351 2977 contrito
1379 2935 1432 2978 et
1473 2923 1767 2976 humiliato.
1809 2922 2048 2988 Sacri/ir

480 3013 611 3062 cium
645 3013 805 3074 enim,
846 3012 1031 3085 inquit,
1065 3011 1169 3064 Deo
1210 3014 1413 3080 spiritus
1463 3012 1846 3064 contribulatus.
1895 3012 2020 3075 Qut:

481 3103 621 3174 jussu
647 3100 938 3165 sacerdotis,
988 3102 1036 3155 id
1091 3109 1191 3167 est,
1221 3116 1315 3171 per
1356 3101 1651 3157 doctrinam
1682 3101 1904 3173 alicujus
1933 3116 2020 3158 ca-

481 3191 658 3248 tholici
689 3194 818 3258 viri;
845 3195 932 3260 qui
961 3203 1144 3263 septem
1191 3194 1384 3246 dierum
1427 3195 1801 3263 purgationem,
1835 3193 1882 3246 id
1921 3203 2022 3261 est,

486 3301 576 3352 per
623 3284 942 3355 agnitionem
992 3283 1312 3354 septiformis
1355 3283 1579 3349 Spiritus
1625 3283 1790 3336 sancti
1831 3291 2038 3336 :cxtra.

483 3383 662 3426 sancta
687 3381 987 3427 sanctorum
1017 3373 1301 3436 consortia,
1330 3385 1382 3424 ut
1412 3380 1663 3442 purgatus
1688 3380 1864 3440 postea
1888 3372 2021 3424 intra

482 3471 716 3516 sanctam
749 3462 1040 3516 Ecclesiam
1069 3463 1376 3530 excipiatur.
1422 3463 1534 3528 Est,
1565 3476 1719 3531 quam
1765 3476 1900 3531 aqua
1931 3476 2024 3529 per

484 3551 799 3617 baptismum
827 3550 1062 3603 mundat.
1089 3550 1264 3604 Genus
1286 3561 1460 3605 autem
1491 3551 1672 3618 leprie,
1696 3551 1834 3619 quod
1866 3565 2022 3603 mun-

483 3638 598 3693 dari
627 3652 728 3693 non
758 3645 952 3707 potest,
981 3638 1194 3691 omnino
1223 3638 1430 3691 illorum
1459 3648 1561 3702 est,
1590 3640 1678 3705 qui
1704 3639 1884 3692 dicunt
1909 3652 2023 3706 pte-

484 3730 711 3782 nitentes
739 3727 950 3782 veniam
984 3727 1236 3794 consequi
1267 3739 1368 3779 non
1408 3740 1584 3794 posse,
1612 3727 1806 3792 autqui
1839 3726 2022 3778 nolunt

480 3816 547 3871 ab
574 3829 753 3870 errore
783 3812 1041 3869 converti.
1080 3812 1228 3880 Quod
1281 3823 1452 3868 autem
1490 3811 1699 3876 dicitur,
1745 3810 1811 3865 Ut
1841 3812 2023 3878 leprosi

483 3914 720 3958 exeuntes
747 3906 810 3958 de
846 3906 1022 3958 castris
1047 3903 1170 3972 foris
1196 3903 1419 3967 sedeant,
1463 3904 1618 3956 donec
1661 3903 1927 3956 mandetur
1952 3906 2023 3956 le—

481 4009 577 4058 pra
607 3995 830 4059 illorum,
879 3993 1140 4062 signiﬁcat
1186 3993 1459 4048 haereticos
1504 3992 1688 4061 projici
1716 3992 1913 4047 debere
1957 3993 2023 4048 ab

487 4084 735 4148 Ecclesia,
765 4085 933 4138 donec
964 4085 1230 4154 proprium
1273 4098 1503 4139 errorem
1536 4084 1894 4151 depulsantes,
1933 4098 2020 4138 re-

484 4173 754 4224 vertantur
802 4173 865 4224 ad
897 4172 1197 4226 Dominum.
1252 4171 1324 4226 Dc
1353 4174 1496 4226 sectis
1535 4174 1775 4237 vectibus,
1821 4172 1871 4227 id
1918 4182 2019 4240 est,

483 4256 728 4310 omnibus
753 4260 969 4313 secretis
1013 4261 1323 4314 manifestis.
1357 4260 1515 4313 Nudo
1543 4263 1724 4328 capite,
1756 4271 1810 4313 ut
1838 4277 1867 4314 a
1896 4276 2024 4314 cun-

485 4345 586 4398 ctis
615 4345 773 4397 animi
808 4345 944 4399 illius
971 4346 1210 4400 videatur
1253 4348 1555 4400 denudatio.
1608 4349 1707 4400 Ore
1733 4350 1925 4411 clauso,
1958 4363 2022 4401 ne

486 4438 702 4493 citerius
757 4438 910 4507 impia
963 4438 1167 4492 doceat.
1210 4438 1359 4503 Quod
1406 4448 1581 4492 autem
1626 4439 1772 4506 lepra
1807 4438 2017 4504 dicitur,

484 4529 622 4598 quod
653 4529 901 4583 humilior
929 4543 1088 4582 carne
1118 4528 1350 4596 reliqua;
1390 4528 1508 4596 quis
1549 4543 1651 4581 non
1682 4529 1853 4582 videat
1879 4527 2022 4596 quod

486 4632 641 4683 prava
677 4618 914 4674 doctrina
945 4618 1212 4672 humiliata
1241 4632 1302 4672 ac
1330 4619 1574 4686 despecta
1619 4619 1732 4672 sit?
1763 4619 2026 4687 Leprosus

486 4705 808 4759 immundum
833 4721 891 4761 se
917 4705 1242 4775 pronuntiet,
1275 4715 1331 4759 ut
1360 4721 1452 4774 per
1472 4706 1860 4762 confessionem
1885 4707 2027 4761 sani-

489 4802 648 4846 tatem
693 4785 948 4862 accipiatL
977 4797 1096 4850 Hzec
1143 4807 1316 4850 autem
1345 4813 1459 4865 quze
1508 4798 1574 4851 de
1619 4799 1761 4866 lepra
1809 4799 2025 4866 scripta,

490 4885 648 4940 breve
685 4891 808 4937 sunt
834 4899 847 4932 :
872 4884 922 4937 in
951 4888 1066 4939 aliis
1105 4896 1274 4941 autem
1299 4887 1491 4941 habent
1534 4890 1810 4958 imaginem
1838 4889 2025 4942 verita-

489 4977 574 5029 tis.
609 4975 774 5041 Lepra
793 4983 959 5026 autem
979 4976 1029 5026 in
1051 4984 1179 5029 veste
1200 4979 1351 5042 tinea,
1375 4978 1769 5044 perversitatem
1801 4993 2023 5041 morum,

491 5066 579 5130 qui
621 5065 837 5118 multum
868 5063 1032 5117 amari
1076 5074 1222 5128 sunt,
1273 5077 1327 5120 et
1370 5081 1464 5134 per
1492 5069 1767 5136 quemdam
1799 5068 2026 5120 colorem

489 5153 699 5217 inaliticc
729 5154 843 5220 plus
873 5167 1026 5222 quam
1057 5163 1264 5221 oportet
1305 5156 1522 5208 stcviant
1568 5155 1929 5224 peccantibus,
1961 5155 2025 5208 ad

493 5241 913 5305 deSperationem
945 5242 1060 5311 plus
1081 5255 1235 5310 quam
1259 5241 1321 5294 ad
1348 5244 1625 5297 sanitatem
1653 5252 2025 5313 provocantes,

492 5336 544 5378 et
570 5337 749 5380 contra
780 5328 1096 5395 Apostolum
1127 5344 1286 5384 onera
1322 5330 1542 5386 inviCom
1592 5347 1693 5385 non
1729 5333 2025 5398 iam-tantes.

495 5417 657 5485 ιιι-,ινα
678 5435 791 5471 vero
817 5421 867 5474 in
893 5421 1022 5474 veste
1061 5422 1228 5488 lanea,
1259 5422 1376 5476 illos
1416 5422 1674 5492 significat
1698 5424 1784 5492 qui
1818 5431 2030 5491 propter

477 5504 846 5571 adulationem
876 5506 1243 5573 delinquentes
1267 5511 1530 5578 corrigere
1561 5510 1759 5572 nolunt,
1793 5510 1885 5563 sed
1921 5517 2030 5563 tua-

491 5583 858 5645 lcfacientihus
893 5593 1252 5659 consentiunt;
1282 5594 1551 5651 aut’ccrtc
1577 5597 1660 5666 qui
1701 5599 1925 5652 molliter
1955 5597 2024 5649 vi-

2124 1859 2310 1915 prosus
2336 1846 2387 1899 in
2417 1854 2586 1899 castra
2629 1861 2731 1899 non
2769 1846 2948 1899 intrat.
2993 1846 3190 1915 Dignus
3231 1862 3457 1916 namque
3485 1850 3675 1906 doctor

2121 1937 2323 1989 cunctis
2363 1936 2735 2004 compassione
2775 1936 3045 2003 proximus
3091 1944 3194 1997 est.
3228 1945 3285 1990 ut
3325 1937 3425 1991 fuit
3453 1939 3538 1994 ille
3589 1944 3676 2010 qui

2121 2026 2366 2083 dicebat:
2398 2026 2644 2082 Omnibus
2665 2028 2828 2096 [actus
2855 2043 2966 2078 sum
2995 2022 3184 2079 oinnia.
3627 2035 3653 2044 "

2705 2113 2927 2169 CAPUT
2957 2113 3092 2168 XIV.

2192 2204 2441 2273 Sequitur
2464 2219 2640 2260 sermo
2659 2202 2723 2256 de
2741 2200 3002 2255 sacrificio
3025 2201 3236 2269 leprosi,
3266 2205 3356 2270 qui
3377 2205 3676 2269 mandatur,

2121 2293 2201 2346 cui
2232 2295 2533 2361 praecipitur
2564 2301 2617 2344 ut
2643 2290 2829 2343 olferat
2856 2291 2986 2343 duos
3014 2303 3253 2358 passeres
3282 2309 3295 2344 :
3330 2308 3674 2362 unumquem-

2121 2395 2223 2447 que
2242 2379 2504 2434 hominem
2527 2380 2842 2449 signiﬁcant,
2864 2390 3259 2434 convertentem
3275 2396 3303 2433 a
3324 2387 3580 2448 peccatis:
3599 2387 3674 2436 cui

2123 2469 2422 2536 prtecipitur
2457 2486 2468 2521 :
2507 2469 2830 2537 Transmigra
2857 2469 2907 2520 in
2931 2477 3147 2521 montem
3169 2472 3293 2522 sicut
3324 2488 3522 2538 passer.
3550 2477 3674 2537 Quia

2124 2571 2216 2624 per
2245 2557 2380 2611 duos
2427 2571 2668 2624 passeres
2709 2556 3034 2625 significatur
3074 2557 3367 2613 substantia
3409 2562 3584 2615 carnis
3629 2573 3674 2613 et

2122 2643 2329 2709 animat,
2363 2645 2549 2713 quibus
2576 2644 2717 2698 vesci
2749 2645 2946 2698 licitum
2975 2655 3076 2710 est,
3104 2644 3239 2700 sicut
3271 2647 3430 2702 Petro
3451 2649 3673 2703 dicitur:

2125 2732 2250 2800 Quor
2279 2732 2411 2788 Deus
2440 2735 2739 2802 puriﬁcavit,
2768 2744 2822 2787 tu
2849 2737 3132 2789 communia
3157 2752 3218 2789 ne
3260 2738 3470 2792 dixeris.
3512 2738 3674 2791 Pascit

2119 2825 2257 2878 cnim
2287 2835 2497 2880 sanctos
2525 2826 2772 2880 doctores
2799 2827 3206 2895 quodammodo,
3237 2836 3293 2882 et
3313 2829 3556 2903 angelos,
3588 2831 3672 2895 qui

2119 2917 2378 2970 convertit
2429 2931 2488 2972 se
2538 2933 2564 2970 a
2597 2917 2866 2987 peccatis;
2913 2933 3135 2986 quorum
3187 2935 3323 2974 unus
3380 2923 3673 2974 immolatur

2120 3018 2279 3070 super
2307 3019 2465 3083 aquas
2493 3007 2660 3070 vivas,
2708 3006 2842 3060 alius
2871 3021 3118 3075 aspersus
3146 3011 3406 3076 sanguine
3459 3012 3674 3063 alterius

2047 3074 2096 3140 ο
2125 3079 2400 3148 dimittitur
2421 3091 2470 3148 in
2493 3108 2696 3165 agrum,
2724 3095 2916 3166 quique
2937 3074 3092 3153 debet
3123 3074 3494 3152 tradi—Satanae
3527 3098 3575 3149 in
3601 3100 3674 3147 in-

2126 3187 2334 3239 teritum
2364 3184 2557 3246 carnis,
2606 3194 2662 3237 ut
2692 3186 2908 3252 spiritus
2958 3188 3134 3241 salvus
3162 3187 3272 3242 fiat.
3302 3188 3380 3241 Ad
3403 3191 3512 3243 hoc
3539 3187 3671 3244 enim

2121 3274 2510 3343 quodammodo
2537 3287 2661 3326 caro
2689 3275 2933 3338 moritur,
2963 3285 3020 3328 ut
3042 3276 3123 3330 vel
3152 3277 3267 3328 viva
3294 3279 3465 3330 anima
3493 3277 3673 3332 fortius

2123 3362 2173 3415 in
2197 3377 2378 3429 agrum
2403 3361 2722 3430 evangelica:
2745 3362 3036 3430 disciplina:
3057 3367 3249 3428 arolet,
3275 3374 3328 3418 et
3357 3365 3672 3419 tricesimum

2121 3461 2173 3506 et
2194 3454 2599 3520 sexagesimum,
2644 3461 2736 3506 aut
2758 3453 2799 3506 si
2825 3454 2901 3509 sic
2927 3453 3183 3521 proﬁciat,
3207 3456 3552 3510 centesimum
3576 3457 3673 3508 fru-

2121 3551 2262 3597 ctum
2312 3544 2507 3598 habere
2534 3543 2726 3613 possit.
2780 3544 2841 3598 Et
2870 3559 3031 3614 super
3081 3559 3244 3614 aquas
3272 3546 3417 3599 vivas
3438 3549 3557 3600 talis
3585 3547 3672 3598 im-

2120 3634 2350 3688 molatur
2394 3635 2587 3702 hostia,
2635 3643 2692 3688 ut
2743 3649 2841 3689 nec
2868 3635 2934 3689 ad
2976 3636 3270 3698 dexteram,
3319 3652 3418 3691 nec
3462 3637 3527 3690 ad
3555 3639 3671 3690 sini-

2119 3733 2279 3777 stram
2309 3724 2598 3790 declinans,
2626 3725 2942 3794 evangelicae
2969 3725 3262 3794 disciplina:
3291 3726 3547 3794 regimina
3567 3741 3670 3780 ser-

2121 3822 2226 3878 vet,
2259 3828 2372 3881 qua:
2411 3828 2542 3883 aqua
2571 3814 2804 3878 dicitur;
2853 3830 3010 3884 quam
3059 3814 3146 3882 qui
3183 3816 3347 3878 .hihit,
3400 3816 3455 3868 iit
3493 3817 3540 3869 ia
3586 3816 3670 3869 illo

2122 3902 2238 3956 fons
2263 3919 2411 3972 aqua:
2438 3904 2671 3958 salientis
2700 3904 2751 3958 in
2780 3904 2935 3956 vitam
2964 3913 3230 3957 sternam.
3258 3904 3322 3956 In
3352 3921 3472 3958 vase
3513 3915 3670 3958 utens

2122 3996 2289 4064 fictili,
2331 3995 2381 4048 in
2412 3994 2810 4050 conversatione
2841 3994 3088 4056 humana,
3122 3994 3173 4048 in
3215 4009 3314 4062 qua
3342 3995 3468 4048 dum
3499 4011 3668 4049 sumus

2123 4083 2436 4138 laboramus.
2454 4083 2868 4152 Adjungiturque
2881 4083 3063 4147 etiam,
3077 4082 3270 4150 lignum
3286 4085 3457 4135 cedrin
3467 4101 3568 4136 una.
3588 4085 3668 4137 lm-

2125 4174 2374 4245 possibile
2399 4188 2622 4242 namque
2643 4183 2724 4226 est
2743 4173 2857 4226 siue
2878 4172 3018 4238 ligno
3047 4171 3220 4250 crucis
3252 4175 3450 4240 peccati
3481 4173 3666 4242 Iepram

2125 4279 2277 4331 posse
2331 4262 2545 4317 auferri.
2599 4262 2698 4316 Per
2747 4275 2959 4316 coccum
3023 4271 3195 4317 autem
3251 4263 3666 4333 sanguisChristi

2126 4351 2464 4418 significatur,
2496 4350 2585 4416 qui
2614 4351 2680 4402 de
2720 4349 2858 4402 illius
2879 4349 3044 4404 latere
3069 4350 3337 4420 proﬂuxit.
3385 4351 3667 4421 Ilyssopum

2128 4447 2299 4493 autem
2333 4437 2517 4492 medici
2549 4437 2722 4491 ferunt
2750 4438 2884 4506 quod
2913 4449 3095 4507 purgat
3117 4440 3304 4493 noxios
3336 4438 3582 4494 humores
3608 4440 3668 4493 de

2125 4531 2422 4597 pectoribus
2447 4529 2746 4593 hominum;
2777 4529 2853 4584 sic
2867 4544 2960 4596 per
2982 4529 3367 4584 confessionem
3390 4541 3667 4600 purgantur

2125 4630 2333 4687 peccata
2347 4619 2708 4688 pmuitcutium
2719 4659 2734 4674 .
2750 4619 2873 4674 Haec
2884 4628 3055 4674 autem
3067 4619 3131 4672 ad
3149 4619 3331 4674 salutis
3345 4630 3538 4673 nostra:
3552 4621 3666 4673 sub-

2126 4709 2313 4764 sidium
2339 4712 2632 4765 necessario
2662 4711 3036 4777 suscipiuntur.
3068 4710 3193 4764 Cum
3223 4718 3389 4764 autem
3417 4711 3666 4762 restimcn‘

2127 4807 2232 4851 tum
2253 4801 2448 4862 laverit,
2481 4809 2528 4853 et
2566 4815 2736 4852 omnes
2776 4799 2906 4868 pilos
2926 4800 3151 4868 corporis
3180 4798 3379 4861 ruerit,
3399 4809 3667 4850 turicatu-

2127 4889 2272 4940 datus
2286 4889 2558 4958 ingreditur
2571 4898 2754 4941 castra.
2769 4889 2899 4941 Cum
2918 4889 3056 4941 enim
3076 4902 3168 4955 per
3179 4887 3441 4939 lavacrum
3463 4887 3663 4951 pristina

2131 4988 2335 5045 peccata
2381 4978 2800 5046 deposuerimus,
2848 4992 2964 5045 quae
3008 4974 3201 5030 veteris
3257 4975 3483 5029 hominis
3524 4977 3667 5032 indu-

2129 5075 2301 5119 menta
2326 5077 2464 5130 sunt,
2495 5075 2548 5121 et
2586 5068 2860 5120 universos
2887 5065 3019 5131 pilos
3046 5062 3416 5130 abjecerimus,
3448 5063 3549 5119 hoc
3569 5075 3662 5129 est,

2128 5155 2375 5224 quidquid
2425 5157 2474 5209 in
2503 5155 2655 5209 nobis
2683 5152 3006 5222 superﬂuum
3035 5151 3236 5216 oritur,
3267 5161 3391 5206 tunc
3420 5153 3472 5207 in
3500 5162 3665 5209 castra

2131 5243 2224 5297 Dei
2268 5235 2604 5311 ingredimur.
2662 5242 2897 5310 Denique
2941 5248 3154 5294 sanctus
3195 5241 3281 5308 qui
3329 5242 3458 5294 nihil
3497 5243 3666 5310 operis

2129 5333 2316 5385 mortui
2347 5331 2523 5396 habet,
2553 5345 2762 5386 omnem
2785 5330 2947 5399 pilum
2973 5327 3133 5382 debet
3161 5344 3390 5384 servare.
3426 5332 3488 5384 Et
3509 5346 3666 5398 quan-

2129 5420 2213 5474 diu
2242 5420 2514 5486 superfluis
2540 5423 2619 5475 vel
2641 5421 2816 5482 dictis,
2856 5418 2936 5472 vel
2968 5416 3136 5479 factis,
3167 5419 3245 5472 vel
3273 5419 3665 5488 cogitationibus

2131 5522 2233 5561 non
2286 5509 2548 5575 polluitur,
2599 5509 2788 5562 ferrum
2818 5521 2920 5559 non
2961 5508 3198 5562 ascendit
3226 5518 3382 5577 caput
3409 5508 3570 5560 illius.
3597 5507 3665 5560 De

2133 5597 2245 5664 ip.~o
2276 5585 2495 5665 namque
2535 5598 2699 5651 dicit:
2757 5595 2818 5648 Et
2866 5594 3040 5664 folium
3069 5595 3342 5650 illius'non
3379 5594 3584 5656 detinet,
3623 5604 3664 5648 et
