3872 6262
154 277 260 336 359

892 278 955 335 IN
1001 277 1549 337 I‘ENTATEUCIIUM
1591 280 2085 338 COMMENTARII.
2128 311 2191 322 --
2233 283 2601 344 LEVITICUS.

3269 301 3371 360 550

153 389 333 482 omnia
346 383 827 482 quacunque-faciet
870 387 1476 482 prosperabunturLQuid
1508 396 1602 482 stt-
1615 404 1706 441 au-
1736 391 1786 449 Α
1811 403 1976 460 agnus
2001 403 2158 482 quem
2188 391 2342 446 oﬁert
2370 395 2457 462 qui
2490 409 2686 464 pauper
2713 407 2816 465 est,
2845 401 2925 456 vel
2955 404 3088 461 duos
3118 415 3370 482 turture”
3422 408 3423 411 η

154 489 261 531 tem
294 474 491 543 Septies
531 474 785 527 hominem
830 475 1050 544 aspergi,
1104 487 1244 542 saepe
1292 475 1540 528 diximus.
1571 475 1713 531 Sane

152 581 260 620 non
288 574 368 620 est
393 563 641 628 otiosum,
675 577 845 632 neque
871 562 1070 631 absque
1110 567 1382 633 mysterio,
1412 566 1548 633 quod
1578 566 1710 620 diei-

153 664 240 708 tttr
269 645 532 707 :Vllaneat
557 661 703 706 extra
732 652 1110 704 tabernaculum
1138 669 1285 705 suum
1309 664 1496 724 septem
1515 654 1712 706 diebus.

153 743 221 796 Et
248 758 442 796 omnem
475 741 630 809 pilum
659 741 836 810 capitis
879 741 977 803 sui,
1008 751 1052 794 et
1089 741 1238 795 etiam
1282 743 1462 808 barbte,
1493 745 1714 808 superci-

154 839 437 905 liorumque
465 851 668 889 suorum
690 835 830 889 debet
851 835 1047 888 radere.
1071 835 1146 888 Ac
1175 835 1219 888 si
1249 837 1498 890 voluisset
1518 837 1710 900 dicere,

153 927 293 992 quod
319 926 444 980 illud
470 926 627 980 etiam
653 924 882 977 nondum
908 923 1192 987 sultlce'ret,
1219 925 1356 992 quod
1379 925 1520 993 prius
1544 925 1672 978 dixit
1698 944 1710 977 :

158 1017 345 1069 omnes
371 1015 500 1083 pilos
529 1014 753 1080 corporis
801 1014 968 1067 radat.
1000 1014 1131 1067 Cum
1151 1014 1290 1068 enim
1321 1015 1526 1079 castris,
1554 1016 1602 1068 id
1633 1024 1720 1071 est

156 1106 412 1161 Ecclesire
442 1104 628 1173 aliquis
669 1103 928 1173 jungitur,
981 1117 1081 1156 non
1110 1104 1285 1157 statim
1336 1105 1496 1157 intrat
1527 1105 1579 1156 iu
1622 1105 1715 1157 do-

153 1213 302 1251 mum
332 1211 502 1261 suam,
535 1195 636 1249 hoc
660 1203 762 1257 est,
806 1195 1055 1247 virtutum
1102 1194 1338 1259 domum,
1366 1195 1431 1247 de
1460 1208 1558 1262 qua
1589 1194 1717 1248 dici-

155 1295 280 1341 tur:
316 1285 457 1340 Tolle
481 1283 743 1354 grabatum
788 1291 950 1346 tuum,
999 1292 1045 1336 et
1087 1285 1210 1337 vade
1248 1286 1298 1336 in
1326 1284 1532 1336 domum
1557 1294 1712 1336 tuam.

153 1375 326 1429 Sanus
338 1372 478 1428 enim
506 1372 672 1426 lactus
695 1385 773 1436 es,
800 1370 917 1423 vide
940 1369 1157 1424 neultra
1179 1370 1334 1438 capiti
1361 1371 1564 1438 culpam
1588 1384 1716 1422 con-

156 1462 361 1517 trahas.
392 1461 672 1515 Peccatum
700 1469 872 1513 autem
903 1459 1087 1528 capitis
1115 1469 1194 1514 est
1235 1460 1387 1513 aliter
1414 1475 1566 1528 quam
1592 1459 1719 1513 lidcs

153 1563 301 1608 recta
354 1552 509 1606 habet
537 1550 735 1618 aliquid
786 1550 1005 1604 sentire.
1039 1549 1090 1602 In
1121 1549 1342 1603 barbam
1397 1565 1525 1603 vero
1557 1549 1719 1603 virilis

1815 489 1903 534 aut
1928 481 2050 548 pulli
2080 481 2358 550 columbas,
2391 499 2530 552 srepe
2555 486 2750 542 dictum
2781 502 2881 546 est.

2416 574 2634 631 CAPUT
2662 577 2772 632 XV.

1884 657 2002 712 Post
2019 660 2129 714 ltrcc
2145 673 2314 716 autem
2332 665 2546 721 dicitur:
2566 669 2664 734 Qui
2677 673 2873 740 [luxum
2885 677 3144 744 sanguinis
3160 681 3370 747 patitur,

1839 750 2124 804 immundus
2141 764 2229 806 est.
2251 755 2348 809 l’er
2365 772 2521 825 quem
2543 762 2862 828 signiﬁcatur
2879 765 2965 818 ille
2982 769 3066 834 qui
3086 771 3249 824 nescit
3262 788 3374 826 mo-

1815 836 1935 927 dum
1953 839 2123 892 verbis
2141 842 2431 911 imponere,
2449 848 2541 901 sed
2563 865 2653 916 per
2677 853 3057 922 multiloquium
3079 873 3178 911 non
3200 871 3374 927 potest

1815 923 2042 993 cﬁugere
2068 939 2354 994 peccatum.
2382 932 2572 989 Semen
2598 939 2734 992 enim
2761 942 2952 995 bonum
2980 953 3061 998 est
3081 923 3254 999 seruio
3279 948 3376 1002 do-

1817 1015 1999 1068 ctrinas
2026 1020 2360 1087 evangelicm,
2387 1038 2500 1087 qua:
2525 1027 2574 1077 in
2597 1030 2757 1083 corde
2786 1033 3132 1098 audientium,
3155 1038 3294 1091 velut
3315 1039 3371 1094 in

1817 1111 1954 1156 terra
1988 1106 2120 1159 bona
2163 1112 2373 1165 crescit.
2402 1113 2460 1164 Et
2487 1128 2518 1167 e
2558 1120 2822 1171 contrario
2864 1135 3044 1175 semen
3077 1125 3266 1178 malum
3294 1136 3374 1180 est

1817 1205 1972 1260 prava
1989 1195 2244 1265 dOt‘ll'lnil,
2265 1206 2814 1269 quamsuperseminat
2841 1209 3079 1263 inimicus
3097 1211 3273 1267 homo.
3292 1214 3382 1268 Vir

1817 1295 1988 1336 autem
2031 1287 2120 1352 qui
2172 1288 2368 1342 ﬁuxuut
2399 1294 2668 1362 sanguinis
2710 1300 2901 1362 patitur
2924 1299 3229 1355 immundus
3271 1312 3374 1368 est,

1819 1376 1934 1442 quia
1979 1390 2075 1429 nec
2103 1392 2375 1446 personas,
2421 1398 2517 1437 nec
2547 1393 2754 1454 tempus
2798 1390 3120 1454 considerat,
3169 1402 3222 1445 et
3274 1410 3376 1447 non

1820 1465 2127 1520 recordatur
2158 1478 2365 1536 tempus
2412 1472 2682 1542 loquendi,
2725 1486 2779 1531 et
2807 1488 3010 1547 tempus
3054 1483 3279 1546 tacendi,
3325 1493 3382 1538 et

1818 1562 2058 1606 sanetum
2089 1570 2190 1608 non
2221 1556 2446 1612 dandum
2475 1573 2592 1615 esse
2634 1565 2872 1629 canibus,
2915 1584 3011 1621 nec
3045 1570 3176 1622 bona
3206 1571 3379 1624 mala-

155 1654 285 1698 astas
313 1642 518 1709 culpam
562 1639 869 1709 deposuiese
899 1652 914 1693 :
944 1640 993 1692 in
1030 1639 1321 1706 superciliis
1368 1640 1716 1707 arrOgantiam
1739 1675 1789 1728 -_
1820 1656 1921 1710 quc
1944 1642 2230 1712 distinguit,
2265 1648 2443 1716 utique
2474 1650 2798 1707 immundum
2843 1665 2944 1709 est.
2976 1657 3124 1712 Unde
3153 1669 3206 1713 et
3239 1665 3374 1728 Apo-

153 1733 380 1802 depone.
420 1730 524 1784 Sed
555 1739 610 1784 et
657 1729 964 1783 vestimenta
996 1743 1204 1795 quoque
1231 1732 1417 1782 lterum
1468 1731 1719 1784 mundare
1755 1723 1797 1781 Β
1821 1733 1987 1786 stolas
2013 1735 2084 1787 ait
2112 1752 2124 1787 :
2156 1735 2406 1791 Doctrinis
2434 1741 2585 1793 variis
2611 1753 2658 1795 et
2683 1747 2955 1814 peregrinis
2984 1748 3137 1800 nolite
3173 1723 3372 1802 abduci.

155 1819 557 1889 prmcipiuntur,
591 1826 644 1871 et
682 1831 893 1885 corpus,
923 1831 1043 1868 cum
1097 1825 1248 1869 antea
1280 1816 1350 1868 sit
1390 1825 1549 1869 totum
1582 1833 1596 1880 ;
1625 1817 1716 1869 scd

155 1908 272 1962 haec
325 1907 452 1960 ﬁant
500 1907 634 1958 intra
687 1913 881 1958 castra.
913 1902 1174 1972 Quidquid
1230 1902 1368 1957 enim
1402 1913 1520 1970 pt-st
1549 1904 1717 1970 bapti-

154 2011 330 2052 smum
361 2004 430 2058 et.
443 1994 600 2049 ﬁdem
632 2006 814 2062 puram
844 1993 896 2045 in
919 1993 1069 2046 nobis
1096 1993 1280 2058 oritur,
1310 2006 1527 2047 necesse
1555 2002 1636 2045 est
1663 2001 1720 2044 ut

156 2107 254 2161 per
275 2089 636 2161 pceuitentiam
663 2097 716 2142 et
745 2085 992 2154 perlecta:
1023 2088 1148 2140 vita:
1182 2083 1412 2139 studium
1443 2084 1719 2138 abscinda-

158 2197 300 2247 mus,
323 2195 427 2236 non
454 2188 629 2234 tamen
653 2175 800 2232 extra
824 2175 1113 2230 Ecclesiam
1141 2191 1155 2241 ;
1178 2183 1230 2229 et
1257 2175 1308 2229 in
1338 2175 1477 2227 hunc
1504 2172 1717 2226 modum

157 2279 337 2334 omnia
367 2277 479 2331 hate
509 2274 655 2337 ﬁant,
704 2272 798 2327 sed
828 2272 966 2325 intra
990 2279 1184 2325 castra.
1237 2269 1361 2323 Post
1403 2270 1516 2323 hate
1545 2278 1721 2321 autem

158 2369 335 2422 omnia
358 2366 584 2421 dicitur:
615 2362 714 2425 Qui
753 2361 1046 2426 mandatur,
1097 2359 1275 2426 o/ferat
1312 2375 1404 2428 pro
1439 2373 1490 2411 se
1509 2359 1635 2410 duos
1664 2375 1723 2409 a-

159 2474 286 2529 gnos
313 2455 681 2520 immaculatos,
710 2459 756 2504 et
778 2466 915 2504 ovem
938 2450 1247 2513 anniculam,
1280 2458 1330 2500 et
1361 2448 1579 2517 reliqua.
1611 2447 1723 2501 Pri-

161 2529 284 2600 iuus
316 2558 503 2614 agnus,
535 2543 623 2610 qui
672 2554 772 2610 pro
796 2539 987 2595 delicto
1029 2538 1263 2603 oﬂ'ertur,
1309 2537 1603 2605 signiﬁcare
1632 2551 1725 2603 po-

163 2644 269 2687 test
304 2634 471 2701 ipsam
526 2629 797 2688 virtutem,
826 2640 980 2694 quam
1020 2625 1303 2690 assumpsit
1334 2626 1376 2676 is
1400 2624 1624 2692 quierat
1672 2621 1722 2673 in

164 2726 419 2794 peccatis,
452 2736 605 2792 quam
636 2720 806 2790 potuit
851 2718 1107 2788 repellere
1149 2732 1176 2769 a
1207 2731 1263 2770 se
1284 2717 1468 2768 allecto
1503 2713 1718 2780 peccati.

165 2814 440 2872 Secundus
480 2826 645 2882 agnus
698 2809 957 2879 signiﬁcat
1011 2807 1152 2860 illam
1207 2813 1566 2872 recuperatam
1621 2800 1723 2852 vir-

163 2917 355 2969 tutem,
425 2918 518 2973 per
570 2917 751 2972 quam,
810 2901 1034 2970 ahjectis
1084 2897 1330 2952 omnibus
1397 2894 1565 2950 vitiis,
1591 2891 1724 2945 inte-

1820 1822 1929 1875 Sed
1973 1828 2302 1878 conversatio
2336 1826 2493 1892 illius,
2539 1828 2589 1882 in
2633 1846 2731 1899 qua
2762 1835 2909 1899 quasi
2951 1834 3001 1886 iu
3059 1835 3246 1888 lectulo
3274 1845 3381 1888 tor-

1820 1911 2006 1978 pescit,
2037 1912 2303 1967 immunda
2334 1925 2434 1969 est.
2479 1919 2544 1971 Et
2584 1920 2821 1987 quisquis
2849 1903 3088 1975 doctrina
3139 1925 3274 1976 illius
3302 1935 3378 1978 ta-

1817 2010 1931 2052 ctus
1959 2000 2132 2067 fuerit,
2177 2011 2232 2055 ut
2273 2017 2405 2071 aqua
2443 2005 2562 2059 vita:
2604 2007 2857 2062 doctrinae
2905 2011 3106 2065 lavetur
3154 2015 3376 2081 indiget.

1818 2088 1886 2142 Et
1915 2106 2069 2161 usque
2102 2095 2167 2144 ad
2193 2107 2468 2162 vesperum,
2503 2095 2554 2148 id
2583 2106 2682 2160 est,
2732 2113 2896 2166 usque
2947 2102 3010 2152 ad
3044 2103 3195 2154 linem
3228 2117 3373 2156 vana:

1819 2178 2072 2234 doctrina:
2101 2181 2186 2236 vel
2217 2198 2389 2249 prava:
2410 2185 2708 2251 voluntatis,
2737 2204 2887 2253 quam
2929 2192 3115 2242 suasit.
3148 2189 3266 2243 Non
3297 2208 3376 2244 rc-

1819 2271 2074 2335 cipiettdus
2128 2273 2190 2325 sit
2219 2275 2312 2336 vir,
2360 2275 2424 2328 de
2455 2293 2554 2345 quo
2583 2279 2838 2346 egreditur
2877 2297 3042 2332 semen
3075 2281 3269 2348 cordis,
3319 2293 3371 2334 et

1821 2361 2022 2428 reliqua
2053 2377 2066 2412 :
2103 2362 2200 2416 hoc
2226 2373 2326 2428 est,
2355 2366 2440 2432 qui
2468 2380 2584 2419 cum
2613 2369 2803 2420 carnali
2828 2369 3249 2437 concupiseeutia
3278 2386 3370 2424 ve—

1823 2451 1894 2503 lut
1915 2466 2033 2504 cum
2079 2450 2268 2509 femina
2319 2457 2640 2510 conveniens
2668 2458 2895 2520 molitur,
2928 2459 3082 2512 docet
3107 2468 3161 2512 ut
3188 2443 3250 2511 ad
3279 2461 3379 2513 lu:-

1824 2545 1990 2597 titiam
2021 2556 2267 2613 provocet
2295 2549 2458 2615 magis
2481 2565 2637 2618 quam
2666 2551 2730 2602 ad
2763 2553 3053 2618 planctum,
3095 2567 3212 2606 cum
3235 2555 3376 2605 scri-

1823 2648 1968 2704 ptum
1999 2638 2066 2690 sit
2099 2655 2110 2688 :
2157 2637 2241 2689 Va!
2291 2639 2423 2691 vobis
2463 2643 2548 2708 qui
2576 2643 2766 2694 ridetis.
2804 2645 2865 2694 Et
2914 2645 3098 2697 iterum
3138 2662 3150 2697 :
3185 2643 3380 2712 Popule

1823 2741 1983 2790 meus,
2007 2726 2089 2791 qui
2115 2726 2308 2778 beatum
2336 2739 2381 2780 te
2409 2729 2600 2795 dicunt,
2628 2733 2722 2796 ipsi
2764 2743 2809 2784 te
2841 2734 3113 2800 decipiunt.
3149 2733 3377 2786 Immun-

1824 2811 1919 2864 dus
1948 2812 2039 2864 erit
2081 2830 2234 2877 mque
2277 2815 2343 2866 ad
2387 2832 2657 2883 uesperum.
2692 2818 2891 2885 \‘esper
2921 2823 3116 2872 etenim
3154 2823 3270 2874 ﬁnis
3299 2832 3381 2875 est

1823 2902 1947 2964 diei,
1976 2910 2029 2955 et
2071 2903 2273 2956 initium
2314 2906 2483 2958 noctis
2515 2946 2530 2968 ,
2561 2907 2640 2959 sic
2685 2917 2737 2959 ct
2767 2907 3073 2974 paenitentia
3129 2909 3244 2962 linis
3298 2919 3378 2962 est

164 3013 316 3067 grum
347 3010 405 3050 se
437 2993 644 3049 obtulit.
690 2992 813 3046 Ovis
853 3003 1025 3043 autem
1056 3004 1171 3056 qna:
1220 2994 1335 3052 post
1361 2998 1549 3085 tignum
1577 2997 1723 3034 3850'
1748 3031 1793 3092 ϐ
1828 3005 1975 3045 vana:
2005 2993 2220 3054 laetitiae,
2254 3004 2302 3047 et
2336 2994 2647 3062 principium
2682 2996 2905 3051 tristitiae
2933 2998 3192 3052 Sululatis.
3240 2998 3383 3050 Beati

171 3086 335 3137 mitur
382 3081 646 3151 signiﬁcat
708 3079 1077 3133 fecunditatem
1132 3076 1266 3128 illius
1309 3075 1394 3142 qui
1449 3083 1721 3140 postquam

164 3187 455 3227 Conversus
482 3180 563 3225 est
591 3186 618 3222 a
646 3179 882 3236 peccato,
907 3175 1066 3219 totum
1091 3181 1146 3218 se
1175 3166 1356 3219 υιιῑιειίι
1377 3165 1479 3216 Deo
1496 3170 1549 3215 et
1567 3162 1727 3213 bono-

166 3278 285 3316 rum
322 3275 538 3330 opcrutn
593 3259 843 3313 fluctibus
870 3261 1050 3309 utitur.
1108 3257 1170 3307 lit
1207 3257 1324 3323 quia
1358 3264 1461 3307 tres
1488 3264 1608 3304 sunt
1638 3252 1729 3303 lio-

165 3353 282 3405 stis:
307 3366 322 3403 :
350 3349 540 3417 prima,
583 3361 685 3417 qua
717 3356 925 3414 peccata
970 3345 1243 3397 solvuntur
1273 3359 1287 3405 ;
1342 3340 1592 3402 secunda,
1628 3354 1726 3406 qua

167 3440 350 3492 anima
373 3437 439 3491 ad
471 3437 745 3490 Dominum
791 3434 1113 3485 convertitur
1142 3447 1156 3493 ;
1203 3433 1374 3492 tertia,
1407 3443 1505 3495 qua
1554 3430 1729 3480 fecun-

168 3527 392 3578 ditatem
420 3535 706 3577 conversus
757 3517 1008 3579 ostendit,
1059 3519 1254 3569 idcirco
1299 3517 1566 3583 sulijungit
1621 3521 1728 3566 tres

171 3629 448 3672 snernuras
476 3611 804 3679 Sitttilaginis,
852 3619 904 3661 ut
961 3608 1312 3675 intelligamus
1341 3605 1731 3673 puriﬁcationes

171 3710 289 3765 ﬁeri
333 3723 438 3762 non
485 3719 640 3775 posse
685 3705 801 3757 sine
842 3701 1100 3772 mysterio
1153 3696 1444 3751 Trinitatis.
1495 3693 1728 3749 Similam

171 3799 353 3861 habet,
415 3794 555 3850 unde
596 3791 788 3846 habeat
834 3788 1082 3844 mundum
1115 3801 1324 3856 panem,
1374 3793 1428 3839 et
1474 3784 1585 3866 haec
1613 3784 1733 3837 oleo

171 3887 561 3956 conspargitur.
614 3882 720 3940 Sed
749 3883 926 3937 oleum
975 3881 1114 3933 illius
1157 3877 1246 3947 qui
1279 3865 1636 3945 puriﬁcabitur
1679 3876 1730 3926 in

173 3977 308 4030 duos
335 3989 461 4030 usus
503 3972 714 4036 dividit,
764 3978 823 4024 ut
867 3968 1019 4037 panis
1046 3968 1183 4020 illius
1222 3965 1424 4033 pinguis
1453 3966 1730 4024 elliciatur,

174 4079 271 4133 pro
299 4064 657 4119 misericordia
685 4071 736 4117 et
763 4059 984 4115 scientia
1028 4057 1115 4109 lux
1145 4055 1302 4121 capiti
1333 4052 1474 4105 illius
1503 4067 1594 4120 per
1622 4067 1729 4104 ma-

175 4166 277 4206 nus
315 4150 606 4206 sacerdotis
652 4149 904 4216 imponat.
947 4144 1248 4201 Sacerdotis
1272 4153 1446 4197 autem
1475 4152 1556 4196 est
1585 4141 1731 4194 illum

179 4250 432 4303 statuere,
463 4246 520 4290 ut
546 4235 749 4289 stabilis
775 4238 863 4299 sit,
895 4244 954 4289 ut
981 4249 1083 4289 non
1114 4241 1386 4287 moveatur
1432 4233 1572 4286 omni
1617 4246 1734 4286 ven-

1831 3084 1914 3150 (ιιιὶ
1942 3083 2109 3150 legunt
2141 3099 2292 3146 nunc,
2329 3085 2565 3152 quoniam
2592 3086 2692 3152 ipsi
2721 3089 3128 3141 consolabuntur.
3178 3088 3380 3150 Mulier,

1828 3189 1958 3238 qum,
1984 3173 2238 3235 redeunte,
2281 3183 2335 3226 et
2359 3174 2576 3241 reliqua.
2609 3173 2708 3228 Per
2737 3176 2979 3229 muieres
3014 3178 3153 3230 enim
3185 3177 3384 3229 effemi-

1831 3271 1978 3311 natus
2005 3261 2226 3329 quisque
2275 3263 2618 3326 signiﬁcatur,
2645 3266 2730 3329 qui
2764 3264 2889 3314 nihil
2933 3265 2979 3315 in
3012 3278 3068 3315 se
3100 3266 3245 3317 virile
3292 3265 3382 3316 ha-

1833 3353 1953 3411 liet;
2009 3360 2062 3402 et
2115 3357 2407 3400 rcvertente
2454 3349 2699 3402 desiderii
2761 3360 3013 3416 tempore,
3071 3353 3374 3419 sanguinein

1830 3436 1962 3496 ﬁuit,
1999 3435 2100 3484 hoc.
2130 3444 2234 3495 est,
2259 3435 2302 3486 si
2348 3435 2471 3502 quid
2499 3437 2750 3488 naturalis
2792 3438 2909 3490 honi
2943 3439 3140 3502 habuit,
3171 3455 3262 3506 per
3292 3456 3381 3492 nc-

1827 3521 2124 3589 gligcutiain
2171 3522 2365 3574 amittit
2396 3539 2409 3586 ;
2436 3534 2492 3578 et
2542 3533 2744 3592 septem
2797 3526 2980 3580 diebus
3008 3537 3298 3594 separatur,
3329 3536 3385 3582 ut

1829 3622 2108 3679 cognoscat
2163 3628 2220 3667 se
2270 3623 2471 3682 septem
2545 3615 2822 3670 daemoniis
2895 3631 3013 3670 esse
3066 3617 3376 3684 subjectum.

1833 3700 2018 3754 Mulier
2043 3713 2208 3754 autem
2233 3718 2344 3766 qua:
2367 3717 2468 3756 non
2505 3711 2724 3772 tempore
2759 3706 3063 3768 menstruali,
3096 3708 3181 3757 sed
3193 3706 3385 3774 jugiter

1832 3794 2123 3862 sanguinem
2170 3795 2307 3860 fluit,
2339 3794 2439 3847 hoc
2491 3804 2570 3848 est
2601 3796 2686 3862 qui
2718 3795 2860 3847 nullo
2886 3794 3040 3848 modo
3065 3795 3200 3846 intus
3231 3809 3385 3860 repu-

1833 3893 1977 3950 gnat,
2008 3893 2058 3936 et
2091 3898 2287 3937 vacuus
2321 3883 2461 3950 jacet
2504 3883 2570 3936 ab
2609 3886 2751 3936 omni
2790 3884 2951 3948 bono,
2983 3893 3037 3938 et
3085 3885 3129 3935 si
3159 3869 3384 3936 ‘steterit

1832 3971 2047 4036 sanguis
2076 3982 2274 4034 septem
2304 3970 2489 4022 diebus
2541 3972 2846 4033 numeratis,
2895 3971 3025 4022 utin
3067 3979 3249 4022 octavo
3294 3971 3378 4022 die

1831 4066 2071 4122 suscepta
2093 4058 2449 4123 septemplicis
2470 4057 2694 4125 Spiritus
2717 4056 2884 4121 gratia
2908 4067 3172 4126 purgatus,
3195 4059 3279 4127 qui
3297 4073 3384 4110 sa-

1835 4155 1985 4199 natus
2013 4145 2184 4208 luerit,
2219 4145 2525 4214 reperiatur.

2358 4237 2551 4293 (ᾺΡΡ.
2579 4237 2836 4292 XVI-XX.

181 4341 234 4384 to
264 4330 539 4384 doctrinae.
571 4325 916 4394 Desanguine
952 4334 1125 4377 autem
1153 4334 1206 4378 et
1229 4326 1345 4378 oleo
1382 4324 1629 4376 auricula:
1659 4325 1730 4375 in-
1763 4360 1812 4420 ο
1907 4326 2026 4381 Post
2054 4328 2157 4381 Ιειῐτ
2204 4330 2490 4397 pt‘tt‘t'ipitttr
2545 4339 2598 4382 ut
2652 4345 2752 4381 non
2807 4330 2857 4381 in
2883 4329 3018 4380 omni
3062 4330 3184 4379 tiara
3236 4328 3381 4379 intret

181 4420 448 4480 tundatur.
482 4427 539 4471 ut
570 4430 732 4485 purus
761 4415 830 4468 sit
859 4413 1068 4467 auditus
1095 4431 1110 4477 ;
1158 4423 1212 4467 et
1257 4428 1462 4473 manus.
1493 4425 1549 4466 ut
1579 4431 1728 4467 nutu-

180 4510 304 4563 dum
331 4510 401 4561 sit
440 4521 574 4576 opus
604 4522 619 4570 ;
651 4516 703 4560 et
732 4503 912 4574 pedes,
955 4511 1014 4556 ut
1036 4503 1098 4556 ad
1145 4517 1276 4567 opus
1303 4503 1495 4556 bonum
1528 4511 1728 4556 tantum

183 4601 496 4668 dirigantur.
525 4597 646 4650 l-lrec
666 4595 842 4648 omnia
882 4594 946 4646 ad
975 4593 1244 4646 dexteram
1274 4602 1416 4655 sunt,
1447 4600 1564 4645 cum
1599 4595 1648 4645 in
1674 4608 1732 4646 se

186 4691 314 4744 nihil
355 4687 625 4742 sinistrum
665 4684 856 4738 habere
905 4681 1291 4749 permittuntur.
1338 4682 1596 4736 Sacerdos
1641 4697 1734 4734 an.

187 4793 291 4837 tem
340 4781 512 4837 oleum
568 4775 764 4846 septies
792 4783 971 4828 contra
998 4774 1269 4826 Dominum
1302 4776 1517 4841 Spargit,
1561 4785 1616 4826 ιιι
1646 4788 1732 4827 su-

188 4872 450 4938 perillum
469 4870 555 4938 qui
574 4876 824 4940 purgatur
848 4863 1202 4934 septiformem
1225 4864 1478 4932 Spiritum
1503 4866 1730 4927 invocet,

187 4968 245 5010 ut
273 4973 454 5024 preces
486 4960 704 5012 Domino
744 4955 966 5011 fundens
995 4994 1010 5019 ,
1041 4963 1090 5007 et
1119 4954 1293 5006 dicat:
1324 4954 1520 5020 Spiritu
1550 4955 1729 5020 princi-

187 5045 550 5113 palicon/irma
587 5063 685 5115 me,
719 5045 949 5099 Domine.
984 5043 1074 5097 Vel
1127 5052 1270 5096 certe
1299 5044 1540 5098 excussio
1589 5046 1733 5113 digiti

193 5133 404 5200 Ireptiett,
449 5138 690 5190 excussio
716 5135 1092 5189 damoniorum
1121 5140 1222 5195 est,
1242 5147 1360 5200 qua:
1382 5131 1529 5200 juxta
1562 5133 1732 5187 Evan-

197 5220 389 5288 gelimn
415 5220 483 5274 de
512 5221 723 5278 homine
744 5223 1005 5291 expellere
1028 5222 1166 5276 Deus
1191 5219 1465 5297 manifeste
1502 5223 1738 5276 declara-

201 5305 600 5362 utr.Dominium
629 5321 808 5366 autem
826 5312 1050 5381 Spiritus
1081 5311 1252 5365 sancti
1305 5326 1395 5378 per
1422 5313 1522 5365 olei
1555 5313 1738 5382 imagi-

199 5412 311 5451 scm
339 5397 661 5466 designatur,
690 5408 751 5453 ut
777 5417 880 5456 non
909 5403 1080 5456 solum
1109 5382 1474 5457 remissionem
1498 5406 1736 5457 omnium

196 5499 521 5556 peccatorum
542 5492 794 5559 consequi
821 5495 984 5560 possit
1011 5495 1054 5548 is
1083 5496 1170 5560 qui
1196 5501 1463 5563 porgitur,
1494 5495 1584 5549 sed
1616 5495 1737 5565 Spi-

124 5589 130 5595 ‘
197 5580 297 5634 ritu
321 5589 500 5635 sancto
549 5577 753 5650 impleri
800 5591 1074 5638 mereatur.
1108 5581 1239 5654 Quid
1284 5594 1452 5638 autem
1484 5584 1740 5654 signiﬁcat

1834 4420 2001 4471 Aaron
2048 4420 2405 4481 sanctuarium,
2436 4420 2571 4488 quod
2601 4431 2671 4472 est
2697 4421 2828 4472 intra
2851 4421 3032 4483 velum,
3074 4428 3127 4470 et
3158 4419 3375 4484 reliqua.

1831 4508 1930 4561 Per
1961 4509 2058 4562 hoc
2088 4509 2320 4577 quotidie
2373 4509 2700 4570 instruimur,
2733 4518 2792 4560 ut
2817 4510 3043 4560 sciamus
3071 4521 3186 4559 cum
3213 4507 3378 4572 quali-

1832 4598 1926 4650 bus
1951 4599 2293 4660 vestimentis,
2326 4598 2404 4650 vel
2427 4613 2529 4664 quo
2575 4605 2808 4663 tempore
2832 4596 2896 4648 ad
2924 4596 3085 4648 altare
3109 4595 3196 4648 Dei
3229 4609 3375 4648 accc-

1832 4691 2032 4742 damus.
2059 4691 2204 4754 Quod
2223 4698 2392 4740 autem
2419 4702 2520 4740 non
2555 4687 2604 4739 in
2631 4687 2771 4740 onmi
2802 4686 2928 4739 liora
2959 4687 3244 4754 spiritu-alis
3273 4689 3378 4738 Aa-

1834 4795 1925 4832 ron
1951 4788 2003 4832 et
2051 4787 2196 4830 vetus
2226 4777 2471 4830 sacerdos
2497 4776 2756 4839 Christus,
2805 4776 2896 4829 sed
2944 4776 3108 4829 semel
3137 4775 3188 4826 iu
3238 4788 3374 4826 anno

1834 4871 1951 4923 vitae
1995 4883 2123 4931 sum,
2163 4868 2228 4922 de
2279 4883 2381 4936 quo
2441 4868 2672 4922 dicitur:
2706 4867 2894 4921 Vocate
2940 4868 3071 4920 diem
3119 4874 3376 4931 acceptum

1836 4958 2071 5010 Domino.
2099 4957 2373 5020 Quomodo
2402 4965 2576 5010 autem
2621 4956 2733 5024 ipse
2773 4956 2843 5009 sit
2881 4955 3145 5014 sacerdos,
3172 4961 3222 5004 et
3265 4954 3376 5016 ipse

1839 5049 1888 5101 in
1919 5046 2082 5099 vitulo
2121 5045 2467 5114 signiﬁcatur,
2513 5053 2566 5098 et
2593 5046 2643 5098 in
2688 5044 2871 5107 ariete,
2903 5057 3004 5095 nou
3053 5048 3133 5090 est
3162 5037 3377 5090 difﬁcile

1837 5136 2144 5204 intelligere.
2170 5133 2366 5187 Tunica
2400 5144 2574 5188 autem
2607 5134 2738 5187 linea
2785 5144 2998 5184 carnem
3047 5127 3185 5179 illius
3214 5127 3376 5194 signi-

1840 5226 1961 5279 ﬁcat
1990 5243 2002 5276 :
2034 5240 2149 5291 qua:
2178 5235 2354 5278 sancta
2378 5225 2584 5286 dicitur,
2613 5222 2734 5288 quia
2761 5229 2940 5274 sancta
2965 5233 3087 5271 caro
3109 5219 3244 5270 illius
3271 5234 3377 5272 non

1839 5317 1933 5370 viri
1960 5317 2181 5380 semine,
2204 5318 2294 5370 sed
2322 5332 2350 5368 a
2374 5315 2559 5382 spiritu
2599 5321 2782 5365 sancto
2805 5317 3054 5377 concepta
3093 5309 3178 5362 sit.
3215 5309 3386 5363 Femi-

1838 5404 1997 5470 nalia,
2047 5406 2222 5459 carnis
2249 5403 2387 5470 illius
2427 5402 2720 5456 castitatem
2751 5397 3064 5467 signiﬁcant,
3109 5413 3382 5468 perquam

1840 5509 1936 5550 nec
1958 5493 2157 5548 lihidiui
2187 5507 2284 5546 nec
2313 5491 2659 5560 procreationi
2692 5488 2918 5544 ﬁliorum
2965 5503 3089 5542 caro
3111 5487 3247 5540 illius
3287 5503 3382 5554 pa-

1843 5584 1955 5640 tuit.
1988 5584 2128 5639 Zona
2159 5584 2293 5638 linea
2336 5582 2574 5639 eamdem
2604 5576 2896 5637 castitatem
2925 5577 3062 5635 illius
3099 5575 3374 5646 signiﬁcat,
