3898 6260
426 412 431 415 .
494 370 589 426 331

985 365 1183 420 ωειλ-Ε
1224 363 1667 420 \‘ENERADILIS
1706 357 1982 416 OPERUM
2025 352 2198 434 PADS
2244 359 2303 412 Il.
2351 389 2413 399 —
2455 357 2836 414 EXEGETICA
2879 355 3199 412 CENUINA.

3605 361 3700 414 3."?

508 489 559 539 in
590 483 738 553 cujus
781 477 994 534 renibus
1023 478 1164 531 nulla
1205 476 1299 530 fuit
1345 475 1522 529 libido.
1569 472 1793 534 Cidaris,
1839 476 2054 523 ornatus
2081 469 2128 524 Δ
2157 469 2278 533 quid
2309 481 2389 524 est
2414 472 2617 525 hircum
2649 470 2701 524 in
2729 477 2926 523 sortem
2951 469 3150 521 Domini
3178 471 3406 532 venisse,
3435 475 3539 524 nisi
3570 475 3702 540 quod

501 572 687 640 capitis
736 578 856 630 est;
906 576 958 620 et
995 566 1114 619 ideo
1155 565 1557 618 resurrectionis
1605 561 1822 629 gloriam
1863 561 2050 630 signat,

501 673 596 724 per
626 670 780 724 quam
825 653 1044 707 donavit
1085 652 1220 705 Deus
1248 651 1318 704 illi
1352 665 1562 713 nomen,
1614 649 1751 718 quod
1782 657 1862 703 est
1897 665 2055 717 super

501 761 655 798 omne
689 759 901 804 nomen,
934 754 988 794 ut
1014 743 1064 793 in
1087 741 1281 792 nomine
1311 742 1417 804 eius
1463 753 1605 790 omne
1634 754 1761 805 genu
1804 741 2055 802 ﬂectatur,

501 833 794 895 corlsstium,
823 829 1126 882 terrestrium
1151 838 1198 880 et
1233 829 1564 894 infernarum.
1601 825 1664 877 Et
1700 827 1859 877 omnis
1881 828 2056 895 lingua

502 921 816 987 conﬁteatur,
840 922 958 988 quia
983 919 1224 971 Dominus
1241 917 1384 971 Iesus
1406 919 1456 969 in
1480 919 1640 986 gloria
1661 927 1730 970 est
1757 918 1846 970 Dei
1867 918 2054 982 Patris,

503 1017 558 1061 et
585 1009 802 1076 reliqua.
840 1007 1112 1073 Quomodo
1140 1018 1311 1060 autem
1335 1006 1446 1059 lucc
1471 1007 1742 1058 moraliter
1771 1007 2061 1060 sacerdoti-

508 1098 602 1150 hus
641 1097 975 1157 cooveniant,
1023 1111 1177 1162 supra
1209 1096 1401 1147 dictum
1434 1103 1534 1148 est.
1567 1095 1836 1159 Quomodo
1883 1105 2058 1150 autem

509 1189 647 1239 lotus
690 1186 801 1236 h-.ec
837 1185 1072 1252 suscipit,
1133 1198 1234 1236 non
1279 1183 1490 1236 dubium
1545 1192 1646 1245 est,
1699 1184 1818 1251 quia
1866 1183 2059 1236 nullam

513 1275 766 1326 maculam
801 1274 996 1326 habens
1043 1271 1280 1325 Christus
1324 1271 1586 1324 lavacrum
1634 1286 1735 1323 non
1783 1272 2060 1335 recusavit,

512 1378 607 1430 pro
627 1377 704 1428 se,
735 1370 787 1414 et
816 1377 909 1426 pro
935 1363 1092 1415 domo
1121 1377 1214 1415 sua
1247 1362 1414 1413 oravit
1441 1375 1559 1413 cum
1602 1360 1729 1412 dicit
1761 1378 1772 1411 :
1807 1360 1981 1421 Pater,
2011 1361 2064 1413 in

513 1468 688 1503 manus
717 1460 826 1502 tuas
854 1447 1150 1502 commendo
1177 1451 1410 1518 spiritum
1453 1464 1636 1512 meum,
1686 1448 1766 1500 vel
1797 1463 1914 1500 cum
1946 1463 2066 1502 ora-

517 1539 592 1591 vit
610 1538 773 1591 semel
805 1545 857 1590 et
887 1539 1058 1591 tertio.
1094 1539 1192 1590 Pro
1220 1537 1377 1590 domo
1416 1552 1588 1590 autem
1615 1551 1704 1590 sua
1729 1537 1916 1601 oravit,
1944 1551 2062 1590 cum

516 1625 683 1677 dicit:
719 1623 870 1676 Pater
906 1634 1096 1690 sancte,
1140 1641 1279 1676 serva
1329 1641 1411 1676 eos
1457 1626 1507 1676 in
1551 1625 1750 1677 nomine
1788 1637 1891 1689 tuo,
1942 1641 2065 1692 quos

515 1715 693 1766 dedisti
723 1715 864 1768 mihi.
907 1715 1053 1769 Nunc
1104 1714 1384 1768 videndum
1413 1723 1493 1768 est
1537 1714 1605 1768 de
1655 1714 1856 1767 duobus
1907 1714 2064 1766 hircis

514 1819 671 1870 super
707 1818 838 1869 quos
858 1817 972 1856 sors
1006 1803 1243 1865 mittitur,
1279 1817 1378 1856 una
1432 1801 1674 1869 Domino,
1725 1811 1777 1855 et
1798 1802 1959 1856 altera
1987 1816 2070 1855 ca-
2104 1780 2149 1838 Β
2175 1809 2279 1860 dixi

521 1907 627 1958 prae
657 1891 917 1944 missario.
965 1891 1020 1946 Si
1064 1900 1204 1944 esset
1233 1898 1444 1944 sanctus
1471 1891 1642 1943 omnis
1695 1892 1913 1958 populus
1959 1891 2068 1956 Dei,

520 1997 621 2034 non
645 1991 820 2035 essent
843 1983 959 2035 dure
987 1991 1157 2036 sortes
1191 1996 1349 2050 super
1380 1982 1562 2046 hircis,
1610 1982 1700 2036 scd
1730 1997 1843 2036 sors
1871 1997 1995 2048 una,
2020 1993 2074 2036 et

523 2071 689 2122 hostia
719 2085 838 2124 una.
867 2071 994 2123 Dum
1023 2079 1194 2124 autem
1227 2071 1376 2124 multi
1396 2079 1520 2125 sunt
1542 2071 1735 2136 vocati,
1769 2071 1918 2139 pauci
1949 2084 2074 2123 vero

518 2158 697 2221 electi,
749 2173 872 2224 pars
912 2158 1118 2220 hostim,
1158 2173 1276 2227 qua:
1306 2174 1334 2210 a
1367 2159 1557 2227 populo
1578 2158 1817 2225 offertur,
1853 2159 2074 2212 Domino

522 2247 843 2308 immolatur,
895 2259 1015 2314 pars
1045 2246 1205 2299 altera
1252 2246 1497 2315 abjiritur
1531 2265 1543 2300 :
1599 2247 1723 2302 Sors
1746 2258 1909 2302 tamen
1939 2249 2073 2300 cadit

520 2350 671 2401 super
694 2343 976 2400 utrumque,
1021 2345 1076 2388 ut
1107 2336 1293 2389 merito
1319 2350 1415 2389 suo
1441 2337 1817 2406 unusquisque,
1870 2339 1951 2390 vel
1991 2352 2073 2392 re-

520 2423 745 2490 cipiatur
783 2423 858 2476 vel
885 2423 1206 2491 projiciatur.
1237 2425 1422 2478 llireus
1460 2440 1585 2480 vero
1614 2434 1715 2486 est,
1738 2425 1826 2493 qui
1855 2426 2074 2478 dimitti-

523 2518 607 2563 tur
627 2519 680 2563 et
708 2511 794 2578 qui
821 2510 1086 2579 recipitur.
1118 2513 1302 2565 Omnes
1322 2515 1451 2564 enim
1478 2522 1820 2581 peccaverunt,
1849 2524 1895 2566 et
1933 2525 2074 2582 egent

523 2598 686 2666 gloria
719 2599 828 2651 Del.
869 2601 966 2664 Qui
997 2611 1161 2651 autem
1206 2603 1258 2652 in
1287 2612 1470 2652 sortem
1504 2601 1597 2654 Dei
1621 2605 1766 2666 venit,
1806 2605 2069 2665 occiditur,

524 2689 641 2751 quia
672 2697 873 2756 propter
894 2688 1036 2739 illum
1067 2689 1427 2755 mortiﬁcamur
1461 2692 1596 2744 omni
1625 2692 1704 2744 die
1732 2707 1751 2746 :
1779 2701 1850 2757 et,
1883 2691 2072 2746 Mortui

524 2792 712 2837 sumus,
738 2787 782 2826 et
831 2777 930 2829 vita
961 2786 1133 2831 nostra
1161 2780 1452 2832 abscondita
1483 2792 1573 2834 est.
1611 2783 1708 2846 Qui
1735 2798 1846 2835 vero
1879 2783 1928 2834 in
1961 2799 2070 2836 ere-

525 2882 659 2918 munt
697 2869 923 2930 mittitur,
955 2868 1230 2932 fundantur
1249 2884 1398 2934 super
1427 2870 1568 2920 illum
1591 2879 1848 2937 preces,ut
1870 2878 2072 2937 peccata

527 2957 696 3022 pepuli
724 2957 848 3022 [erat
878 2956 929 3006 in
950 2957 1292 3020 solitudinem,
1321 2958 1438 3026 quia
1469 2971 1626 3026 super
1661 2971 1958 3027 peccatores
1983 2975 2073 3014 ve-

528 3047 605 3100 nit
632 3046 802 3100 omnis
827 3048 1039 3115 sanguis
1062 3048 1254 3115 justus,
1301 3057 1352 3101 et
1404 3049 1622 3118 reliqua.
1671 3050 1891 3118 Semper
1930 3053 2068 3105 enim

527 3133 670 3202 impii
699 3143 987 3202 operantur
1026 3136 1371 3201 iniquitatem.
1411 3139 1554 3191 Sicut
1583 3148 1634 3191 et
1674 3140 1775 3194 illis
1803 3141 1888 3208 qui
1914 3140 2042 3209 justi

529 3221 649 3272 tiam
676 3220 904 3280 habent,
949 3221 1158 3274 additur
1198 3223 1298 3275 illis
1337 3224 1508 3276 adhuc
1535 3237 1868 3293 augmentum
1904 3229 2073 3294 perfe-

527 3308 734 3363 ctionis.
783 3311 882 3373 Qui
912 3312 1078 3376 enim,
1109 3313 1305 3381 inquit,
1339 3315 1514 3378 habet,
1547 3316 1746 3368 dabitur
1774 3317 1886 3382 illi;
1925 3319 1992 3371 ita
2023 3330 2073 3373 et

527 3399 614 3468 qui
642 3391 796 3455 habet
828 3412 1059 3469 peccata,
1085 3405 1371 3458 reddentur
1395 3406 1440 3460 ei
1474 3417 1684 3475 peccata
1717 3417 1984 3474 parentum
2021 3411 2072 3460 in

529 3488 735 3540 tertiam
763 3497 816 3542 et
845 3500 1081 3556 quartam
1112 3494 1501 3559 generationem
1523 3534 1538 3558 ,
1567 3493 1710 3562 justo
1744 3495 1939 3564 judicio
1982 3496 2072 3550 Dei

529 3575 817 3642 justissime
841 3579 1016 3629 omnia
1041 3577 1344 3644 judicuntis.
1380 3581 1432 3632 lu
1464 3583 1796 3638 solitudinem
1828 3585 2071 3649 mittitur,

529 3664 652 3730 quia
699 3661 843 3730 impii
887 3664 985 3717 soli
1026 3664 1098 3717 illi
1148 3677 1304 3728 sunt,
1346 3669 1431 3735 qui
1475 3658 1836 3726 deserti‘sunt
1872 3687 1900 3726 a
1943 3674 2072 3740 Deo,

527 3754 720 3806 deserti
758 3753 824 3806 ah
854 3754 996 3806 omni
1028 3755 1182 3807 bono.
1218 3755 1282 3810 Et
1321 3757 1542 3812 fortasse
1580 3759 1677 3814 ista
1714 3762 1944 3816 solitudo
1970 3771 2071 3830 est,

528 3856 644 3907 ipsa:
665 3840 714 3893 in
742 3840 1020 3909 Evangelio
1045 3843 1284 3899 tenebras
1307 3846 1614 3912 exteriores,
1634 3851 1714 3903 vel
1757 3850 1890 3918 ignis
1922 3861 2077 3906 mter-

531 3942 652 3993 uus,
681 3928 892 3982 dicitur.
927 3930 1001 3983 De
1027 3932 1189 3986 ariete
1219 3943 1391 3988 autem
1427 3937 1514 4004 qui
1543 3951 1659 3990 cum
1697 3939 1853 3993 hircis
1879 3942 2075 4008 accipi-

534 4031 638 4086 tur,
669 4031 885 4089 possunt
914 4023 1091 4076 sentiri
1124 4024 1206 4077 illa
1237 4041 1352 4092 qua:
1381 4026 1445 4080 de
1475 4029 1637 4084 ariete
1665 4032 1904 4098 superius
1935 4031 2073 4085 dicta

531 4117 688 4174 sunt;
718 4109 800 4164 vel
826 4109 893 4165 de
917 4110 1036 4164 lesu
1064 4121 1117 4165 et
1147 4112 1370 4168 Barraba
1401 4115 1511 4169 hrec
1539 4116 1640 4170 dici
1672 4128 1906 4184 possunt,
1934 4120 2072 4188 quod

531 4195 664 4250 alter
695 4198 747 4250 in
775 4207 918 4252 sorte
947 4199 1070 4254 Jesu
1099 4199 1302 4256 Domini
1334 4205 1547 4258 veniens
1571 4206 1772 4258 occisus
1799 4218 1904 4271 est;
1942 4208 2075 4260 alter

533 4284 860 4348 maledictus,
890 4286 940 4337 iu
977 4287 1238 4341 desertum
1271 4290 1568 4344 Judu'orum
1611 4295 1830 4359 missus,
1865 4305 2070 4362 peccata

2159 559 2378 626 populus
2407 561 2729 613 credentium
2769 566 3040 612 consortes
3077 567 3127 611 et
3167 559 3478 615 coheredes
3515 560 3704 616 Christi

2157 656 2299 710 sunt,
2320 647 2470 716 cujus
2495 647 2708 714 sanguis
2728 660 2845 698 cum
2869 645 3119 712 sanguine
3142 645 3286 699 vituli
3307 649 3704 712 commiscetur,

2159 746 2233 800 ut,
2264 747 2535 791 consortes
2565 736 2819 805 passionis
2845 735 3038 789 Christi
3061 737 3253 798 eﬂ'ecti,
3280 738 3568 806 participes
3597 739 3704 806 glo-

2158 825 2250 877 ria:
2278 825 2436 892 ipsius
2462 824 2788 878 efﬁciamur?
2815 824 3116 878 Judmorum
3143 835 3316 878 autem
3349 827 3601 893 populus,
3623 829 3707 896 qui

2160 912 2212 966 in
2243 913 2504 968 Christum
2544 913 2761 968 credere
2793 913 3009 980 nolunt,
3050 924 3258 981 peccata
3296 928 3459 983 super
3497 926 3706 984 peccata

2159 1006 2454 1068 cumulans,
2494 1007 2546 1060 in
2577 1005 2747 1060 locum
2781 1006 3046 1058 desertum
3072 1017 3101 1057 a
3132 1005 3239 1060 Deo
3278 1008 3517 1061 recessit.
3564 1008 3710 1071 Quod

2159 1104 2333 1148 contra
2366 1096 2620 1148 Orientem
2653 1095 2881 1163 spargit,
2920 1093 3177 1162 significat
3212 1095 3349 1161 quod
3392 1094 3461 1148 ab
3497 1095 3710 1150 Oriente

2163 1184 2458 1252 pr0pitiatio
2485 1183 2644 1236 venit.
2688 1181 2812 1236 lude
2851 1183 2989 1235 enim
3037 1189 3118 1236 est
3160 1181 3239 1234 vir
3275 1183 3357 1235 cui
3399 1197 3595 1236 nomen
3634 1191 3711 1235 est

2162 1273 2338 1328 Ortus.
2379 1273 2527 1340 Quod
2554 1285 2728 1326 autem
2757 1271 2988 1326 dicitur:
3031 1271 3151 1325 Non
3188 1273 3250 1325 sit
3289 1271 3437 1324 homo
3462 1271 3515 1322 in
3545 1273 3711 1323 taber-

2165 1367 2366 1428 naculo,
2407 1378 2519 1414 eum
2558 1361 2868 1432 ingrediatur
2905 1361 3165 1430 pontifex;
3192 1361 3279 1427 qui
3309 1359 3448 1413 enim
3491 1359 3715 1425 potuerit

2163 1452 2310 1518 sequi
2339 1451 2626 1516 Christum,
2659 1459 2713 1506 et
2750 1450 2960 1504 excelsa
2998 1448 3250 1502 caelorum
3290 1461 3407 1500 cum
3456 1447 3548 1500 illo
3590 1461 3714 1500 con-

2163 1539 2438 1604 scendere,
2475 1540 2582 1609 jam
2623 1555 2726 1592 non
2755 1538 2858 1591 erit
2896 1539 3072 1591 homo.
3119 1537 3281 1591 Erunt
3319 1537 3485 1599 enim,
3529 1536 3714 1604 inquit,

2165 1631 2300 1683 sicut
2325 1629 2492 1696 angeli
2535 1627 2587 1680 in
2617 1627 2773 1691 ctelo,
2803 1625 2885 1680 vel
2917 1627 2969 1679 ln
2998 1639 3156 1680 carne
3184 1626 3383 1693 positus
3425 1626 3584 1678 homo
3614 1641 3715 1678 non

2171 1717 2292 1780 erit,
2319 1717 2439 1784 quia
2468 1715 2798 1770 conversatio
2825 1714 2962 1768 illius
2989 1715 3040 1767 in
3067 1714 3203 1768 coelo
3231 1722 3331 1767 est.
3369 1712 3499 1783 Ego,
3532 1712 3716 1780 inquit,

2314 1822 2334 1861 :
2379 1805 2467 1859 Dii
2509 1807 2627 1859 estis
2665 1817 2714 1860 et
2757 1806 2853 1873 ﬁlii
2891 1806 3076 1859 excelsi
3113 1821 3302 1859 omnes.
3346 1805 3418 1859 De
3453 1804 3718 1859 thurihulo

2171 1905 2344 1950 autem
2373 1904 2427 1950 et
2451 1896 2657 1950 cmteris
2682 1909 2798 1963 qua:
2826 1894 2912 1948 hic
2941 1905 3239 1960 narrantur,
3267 1895 3317 1948 in
3344 1881 3460 1947 aliis
3489 1895 3618 1948 locis
3643 1897 3715 1947 di-

2170 1990 2437 2050 sputatum
2464 1991 2563 2034 est.
2595 1981 2692 2045 Qui
2721 1989 2888 2034 autem
2909 1981 3143 2035 occiderit
3173 1978 3309 2035 ovem
3335 1993 3423 2034 aut
3453 1984 3646 2046 boreas,
3675 1993 3719 2034 et

2173 2084 2270 2120 non
2295 2067 2526 2121 obtulerit
2545 2068 2612 2118 ad
2637 2068 2815 2118 ostium
2842 2065 3167 2136 takeruaculi,
3192 2078 3415 2120 recusent
3439 2068 3715 2135 sanguinis.

2172 2157 2353 2212 Omnis
2380 2157 2519 2211 enim
2552 2156 2758 2209 victima
2787 2169 3003 2223 Operum
3034 2164 3358 2212 nostrorum,
3390 2154 3433 2207 si
3463 2169 3569 2207 non
3598 2169 3717 2208 cou-

2173 2248 2370 2300 feratur
2395 2246 2461 2299 ad
2491 2237 2856 2298 auctoritatem
2883 2257 2934 2297 et
2968 2244 3215 2298 virtutem
3248 2244 3524 2310 Ecclesiae,
3556 2246 3717 2300 inanis

2171 2345 2284 2400 est;
2314 2345 2498 2389 etnon
2525 2335 2600 2387 so'
2631 2351 2637 2369 ι
2680 2350 2690 2362 κ
2735 2347 2836 2386 non
2866 2332 3109 2400 adjuvat,
3150 2333 3243 2388 sed
3285 2335 3508 2388 multum
3553 2349 3718 2390 nocet.

2171 2425 2372 2477 Cretera
2394 2437 2509 2490 qua:
2533 2430 2820 2490 sequuntur
2845 2421 3310 2488 prmtermittimus,
3339 2423 3461 2490 quia
3488 2425 3718 2492 qumdarn

2171 2528 2235 2568 ex
2259 2513 2387 2580 ipsis
2413 2511 2652 2579 superius
2674 2510 2934 2578 disputata
2932 2521 3099 2582 gum,
3123 2511 3361 2580 quaedam
3388 2529 3600 2582 quoque
3624 2519 3734 2568 nott'

2174 2603 2390 2656 multum
2417 2612 2534 2656 sunt
2556 2601 2794 2656 obscura.
2818 2571 3065 2668 Quaedam
3087 2611 3260 2658 autem
3287 2571 3419 2658 sunt.
3436 2571 3718 2658 secundum

2175 2694 2398 2747 litteram
2427 2706 2563 2747 nunc
2589 2692 2924 2746 reservanda.

2750 2780 2971 2836 CAPUT
3009 2781 3147 2836 XXI.

2243 2869 2531 2922 Sacerdotis
2558 2881 2722 2922 autem
2751 2868 2880 2936 lilia,
2907 2868 2952 2920 si
2980 2869 3281 2936 deprehensa
3310 2868 3464 2936 fuerit
3495 2869 3548 2921 in
3574 2869 3715 2920 adul-

2173 2958 2314 3018 terio,
2347 2959 2562 3024 ﬂammis
2590 2968 2840 3010 exuretur.
2875 2956 3056 3009 Omnis
3084 2955 3412 3009 Christianus
3451 2957 3715 3020 sacerdos,

2180 3049 2327 3116 Cujus
2352 3047 2593 3115 cogitatio
2621 3061 2773 3114 quam
2805 3044 2918 3112 ipse
2947 3046 2999 3096 in
3028 3059 3086 3098 se
3113 3046 3324 3112 genuit,
3356 3045 3399 3097 si
3444 3046 3495 3099 iu
3530 3044 3715 3098 aliena-

2179 3138 2319 3193 tione
2363 3153 2391 3192 a
2435 3139 2539 3191 Deo
2577 3133 3015 3204 deprehendatur,
3057 3132 3262 3186 ﬂamma
3303 3135 3717 3202 compunctionis

2173 3229 2316 3283 esuri
2366 3227 2551 3294 debet,
2599 3235 2654 3300 ut
2690 3224 2923 3279 adultera
2964 3237 3082 3278 esse
3124 3222 3365 3277 desistat.
3413 3222 3715 3291 Prmeipitur

2174 3321 2313 3373 enim
2355 3317 2524 3380 nobis,
2565 3305 2682 3370 cum
2713 3315 3118 3383 plantaverimus
3159 3313 3291 3380 ligna
3323 3313 3598 3380 pomifera,
3627 3319 3715 3362 ar-

2177 3406 2400 3458 feramus
2443 3406 2702 3472 praecipua
2749 3404 2955 3455 illorum
3000 3420 3011 3452 :
3057 3402 3419 3468 praecipuaque
3463 3401 3716 3468 lignorum

2175 3492 2481 3558 auferimus,
2521 3506 2640 3544 cum
2670 3490 2736 3544 de
2771 3490 2881 3556 ipsa
2925 3488 3277 3556 inquinationc
3308 3489 3610 3544 infirmitate
3633 3506 3717 3545 sa-

2175 3591 2353 3648 scepta
2401 3579 2678 3648 primordia
2721 3592 2935 3646 operum
2982 3585 3274 3630 nostrorum
3321 3592 3423 3631 non
3465 3581 3716 3648 approba-

2176 3684 2322 3732 nms;
2368 3669 2452 3735 qui
2496 3681 2614 3721 cum
2662 3665 2832 3719 adhuc
2873 3664 3152 3734 primordia
3201 3668 3454 3719 honorum
3507 3681 3718 3734 operam

2177 3755 2475 3817 laudantur,
2513 3753 2778 3822 indignum
2802 3762 2918 3815 est,
2947 3753 3015 3805 ita
3045 3753 3213 3806 adhuc
3239 3753 3471 3806 animum
3500 3768 3716 3820 cperan-

2179 3843 2246 3895 tis
2277 3851 2474 3904 pascat.
2499 3843 2695 3906 Quarto
2722 3854 2857 3892 anno
2879 3840 3048 3891 omnis
3069 3840 3267 3892 fructus
3293 3839 3719 3892 illorum‘sancti-

2179 3932 2450 3998 licabitur;
2495 3941 2616 3984 tunc
2643 3929 2782 3985 enim
2815 3927 3174 3981 lucarnatione
3203 3943 3361 3995 opera
3393 3939 3570 3984 nostra
3599 3945 3717 3985 sat:-

2177 4023 2485 4089 ctiticantur,
2533 4037 2650 4077 cum
2694 4020 2992 4076 Mediatoris
3030 4019 3425 4085 humanitatem,
3472 4035 3588 4087 qua
3625 4037 3718 4089 per

2177 4125 2400 4182 quatuor
2457 4109 2735 4179 Evangelia
2789 4109 3092 4169 nuntiatur,
3153 4105 3384 4173 perfecte
3435 4107 3713 4162 aedituus.

2179 4204 2372 4268 Quinto
2418 4213 2554 4250 anno
2593 4195 2789 4248 fructus
2832 4192 3173 4256 comedimus,
3222 4206 3340 4245 cum
3379 4193 3719 4262 spiritualiter

2183 4291 2349 4356 legem
2374 4285 2733 4348 observantes,
2759 4278 3046 4348 perfectum
3073 4293 3204 4348 opus
3225 4279 3343 4335 ﬁdei
3368 4282 3714 4350 adjungimus.

535 4373 708 4441 populi
761 4383 994 4440 portans,
1038 4377 1313 4431 clamantis
1352 4379 1622 4448 Cruci/ige.
1667 4382 1832 4436 llomo
1876 4392 2071 4446 autem,
2102 4404 2150 4461 ι)
2182 4376 2429 4444 Sequitur
2459 4371 2759 4426 mandatum
2779 4369 2852 4461 de
2889 4369 3163 4461 sacerdote
3201 4383 3412 4437 magno,
3454 4370 3591 4424 inter
3617 4371 3716 4424 fra-

533 4464 620 4529 qui
651 4461 850 4516 hircum
881 4464 1029 4516 duxit
1055 4463 1250 4520 Pilatus
1276 4481 1392 4520 esse
1417 4477 1609 4536 potest,
1640 4471 1790 4537 cujus
1815 4473 2074 4526 sententia

533 4552 776 4606 dimissus
804 4562 904 4619 est,
943 4555 1028 4621 qui
1072 4553 1206 4608 [Otus
1233 4554 1442 4609 dicitur.
1483 4557 1695 4624 Accepta
1731 4569 1894 4612 autem
1923 4577 2074 4630 aqua,

533 4643 652 4696 lavit
680 4660 853 4697 manus
880 4651 994 4697 suas
1023 4662 1190 4698 coram
1220 4649 1355 4699 omni
1380 4649 1568 4716 populo
1597 4649 1762 4702 dicens
1785 4665 1802 4702 :
1829 4648 2075 4703 lnnocens

533 4753 622 4804 ego
651 4751 757 4786 sunt
788 4754 818 4788 a
845 4738 1084 4804 sanguine
1105 4739 1230 4804 justi
1261 4739 1430 4807 hujus.
1461 4738 1692 4806 Denique
1720 4741 1872 4792 Jesus
1901 4743 2076 4794 hircus
2115 4756 2119 4762 '

533 4827 633 4877 dici
663 4832 866 4891 potest,
898 4837 952 4876 ut
977 4836 1029 4877 ‘et
1060 4837 1326 4892 peccatum
1357 4827 1493 4879 Deus
1514 4864 1529 4890 ,
1558 4843 1620 4878 eo
1649 4828 1784 4894 quod
1815 4829 1979 4880 hostia
2009 4828 2078 4880 sit

537 4932 628 4982 pro
659 4924 903 4982 peccato;
933 4927 985 4967 et
1015 4918 1265 4970 Barrabas
1291 4917 1468 4970 hircus
1497 4925 1596 4977 est.
1628 4917 1714 4986 qui
1744 4919 1808 4970 ad
1838 4919 2080 4972 sinistros

538 5007 808 5071 ponendus
837 5012 935 5055 est.
968 5004 1132 5057 Homo
1159 5017 1386 5071 paratus,
1417 5007 1506 5073 qui
1536 5007 1735 5059 hircum
1763 5007 1813 5060 in
1841 5022 2073 5061 eremnm

535 5095 698 5158 ducit,
729 5093 996 5146 Christum
1025 5092 1302 5162 significat,
1333 5096 1415 5146 cui
1444 5109 1598 5147 omne
1619 5093 1867 5160 judicium
1897 5097 2074 5148 datum

537 5196 636 5243 εει,
663 5193 716 5234 ut
736 5197 862 5235 oves
889 5199 916 5233 a
938 5183 1158 5246 dextris,
1185 5182 1363 5234 ha‘dos
1383 5190 1553 5234 autem
1585 5199 1611 5234 a
1643 5186 1867 5237 sinistris
1896 5193 2073 5252 ponat,

538 5271 689 5340 cujus
726 5279 846 5322 sunt
873 5272 1180 5324 vestimenta
1219 5271 1426 5324 sordida
1451 5311 1465 5335 ,
1503 5273 1569 5324 de
1608 5288 1709 5337 quo
1747 5275 1978 5329 dicitur:
2013 5275 2076 5327 Et

541 5370 641 5422 ridi
659 5365 832 5420 Iesum
852 5368 1155 5417 sacerdotem
1174 5379 1426 5432 magnum,
1451 5364 1679 5415 indutum
1698 5375 1825 5417 veste
1852 5367 2074 5430 sordida,

540 5462 622 5524 qui
660 5473 854 5523 vespera
891 5455 1063 5506 mundi
1101 5455 1215 5505 luvit
1253 5454 1303 5504 in
1341 5455 1452 5505 rino
1489 5454 1746 5524 sanguinis
1783 5459 1862 5509 sui
1899 5460 2078 5511 stolam

542 5562 680 5598 suam
703 5583 716 5606 ,
750 5553 794 5595 et
824 5551 984 5611 {actus
1012 5555 1080 5596 est
1110 5545 1343 5595 mundus.
1379 5544 1490 5595 Alio
1519 5560 1721 5613 quoque
1749 5561 1942 5610 sensu,
1973 5549 2078 5602 duo

544 5637 667 5688 hirci
695 5633 826 5686 duos
853 5638 1064 5700 populos
1095 5637 1339 5705 significa:
1366 5644 1401 5700 t,
1437 5638 1650 5689 formam
1680 5649 1934 5704 gerent-'5.
1962 5639 2062 5692 Sed

2179 4476 2283 4520 tres
2326 4479 2472 4527 suas,
2513 4475 2667 4529 super
2709 4460 2856 4527 cujus
2893 4466 3052 4527 caput
3077 4457 3296 4513 elfusum
3327 4468 3406 4512 est
3444 4461 3636 4527 oleum,
3664 4473 3734 4516 et.

2177 4553 2391 4620 reliqua.
2425 4553 2682 4604 Sacerdos
2709 4563 2926 4616 magnus
2955 4547 3092 4599 inter
3117 4546 3303 4599 fratres
3331 4561 3456 4602 suos
3481 4547 3714 4604 Christus

2175 4651 2287 4706 est,
2317 4648 2398 4694 cui
2424 4638 2612 4693 dicitur
2641 4655 2653 4690 :
2683 4637 2759 4689 Tu
2798 4652 2849 4688 es
2886 4635 3117 4696 sacerdos
3144 4635 3195 4687 in
3223 4643 3488 4692 teternum.
3517 4639 3716 4708 Quique

2176 4743 2452 4798 resurgens
2476 4727 2600 4780 dicit
2631 4742 2643 4776 :
2687 4723 2822 4775 Vade
2849 4721 2916 4774 ad
2959 4725 3140 4786 fratres
3180 4739 3332 4780 meos.
3375 4725 3546 4795 Super
3571 4724 3717 4793 cujus

2173 4828 2329 4883 caput
2357 4816 2575 4871 ell'usum
2606 4820 2688 4866 est
2720 4811 2892 4864 oleum
2924 4813 3180 4867 unctionis
3198 4853 3214 4881 ,
3258 4813 3324 4867 de
3351 4829 3456 4882 quo
3479 4813 3668 4867 dicitur
3697 4831 3710 4866 :

2181 4907 2337 4961 Unxit
2382 4916 2427 4960 te
2455 4905 2609 4968 Deus,
2645 4899 2774 4954 Deus
2803 4912 2937 4956 tuus.
2969 4891 3131 4971 Caput
3159 4918 3307 4955 suum
3335 4918 3433 4953 nou
3463 4901 3713 4968 discos»

2175 5001 2285 5052 riet.
2331 4999 2499 5065 Caput
2535 4992 2724 5047 Cluisti
2771 4993 2923 5045 Deus.
2970 4991 3135 5044 Deum
3175 5000 3352 5043 autem
3393 4999 3549 5043 nemo
3590 4991 3716 5044 vidit

2179 5101 2426 5155 unquam,
2455 5082 2551 5136 nisi
2583 5080 2886 5147 Unigcnitus
2918 5077 3056 5130 (ilius
3080 5076 3214 5142 ejus.
3239 5074 3354 5128 Noli
3382 5089 3509 5144 ergo
3534 5076 3587 5129 in
3615 5086 3716 5132 ter-

2177 5176 2249 5230 ris
2277 5186 2512 5242 qua-rere
2560 5170 2700 5238 quod
2727 5181 2883 5235 super
2907 5173 3066 5231 caput
3091 5161 3377 5216 sacerdotis
3403 5163 3712 5230 infunditur,

2176 5267 2323 5333 cujus
2351 5269 2668 5316 consecratas
2697 5266 2818 5310 sunt
2841 5266 3027 5309 manus
3046 5290 3061 5314 ,
3093 5249 3214 5304 dum
3246 5250 3362 5304 illas
3389 5252 3440 5305 in
3472 5254 3710 5330 passione

2177 5356 2402 5416 Ostendit
2426 5369 2517 5421 per
2538 5350 2884 5419 expiationem
2917 5342 3075 5398 totius
3102 5340 3299 5396 mundi.
3329 5341 3450 5398 Sive
3473 5341 3724 5424 Christus.

2177 5451 2508 5502 consecratus
2543 5452 2725 5494 manus
2754 5437 2940 5499 habet,
2970 5432 3092 5500 quia
3125 5442 3395 5501 peccatum
3425 5447 3530 5488 on
3557 5431 3712 5493 fecit;

2178 5539 2314 5610 quod
2343 5551 2445 5590 non
2475 5532 2720 5589 convenit
2743 5527 2894 5585 alicui
2928 5526 3216 5590 hominum,
3242 5522 3483 5594 quamvis
3505 5522 3574 5574 sit
3599 5514 3713 5573 san-

2179 5644 2311 5687 ctus.
2345 5630 2450 5686 Nisi
2481 5628 2554 5682 illi
2585 5625 2888 5682 vestimenta
2921 5636 3022 5675 non
3048 5620 3270 5684 scindit,
3301 5616 3418 5686 quia
3449 5629 3552 5669 non
3583 5612 3714 5681 pati-
