3898 6260
205 388 317 442 335

203 600 329 655 qua:
368 579 669 637 inhicrendo
695 578 851 631 vestis
890 586 1011 631 est:
1052 577 1200 644 cujus
1241 576 1402 643 iigura
1443 574 1538 627 l‘uit
1579 573 1750 627 tunica

205 672 300 725 illa
320 670 445 725 Jesu
475 666 825 729 inconsutilis,
853 679 967 733 qua:
994 665 1044 717 in
1074 665 1316 732 passione
1343 677 1445 716 non
1476 662 1753 716 scinditur.

210 757 279 811 Et
305 759 372 811 ad
392 771 538 810 omne
558 764 807 807 mortuum
832 768 929 805 non
949 751 1274 820 regredietur,
1300 749 1400 802 hoc
1423 760 1524 812 est,
1545 748 1610 800 ad
1634 762 1756 802 eum

202 848 299 915 qui
333 850 382 899 in
414 843 638 914 peccatis
678 852 914 896 mortuus
937 850 1037 894 est.
1076 840 1257 893 Anima
1284 839 1415 891 enim
1440 852 1555 889 cum
1583 851 1759 904 pecca-

204 936 355 997 verit,
382 936 490 1002 ipsa
515 933 773 985 morietur.
800 929 862 982 In
889 929 1183 983 malevolam
1209 938 1381 982 autem
1410 929 1629 979 nstituam
1659 941 1758 977 non

203 1021 433 1075 introibit
464 1020 728 1089 sapientia.
760 1016 826 1071 In
851 1029 992 1088 patre
1018 1027 1065 1071 et
1093 1026 1248 1069 matre
1272 1033 1372 1071 non
1396 1014 1758 1068 contaminabi-

205 1116 318 1164 tur.
342 1110 525 1168 Omnis
552 1109 689 1163 enim
716 1108 870 1161 homo
890 1106 975 1174 qui
1002 1106 1140 1159 hunc
1168 1106 1418 1158 mundum
1448 1104 1757 1173 ingreditur,

209 1201 267 1254 in
294 1209 438 1269 patre
458 1208 510 1252 et
532 1207 698 1251 matre
720 1192 1181 1257 contaminahitur,
1207 1205 1271 1246 es
1298 1191 1485 1259 quibus
1505 1190 1761 1271 originale

212 1294 489 1356 peccatum
529 1285 705 1338 trahit.
741 1283 867 1336 Ecce
902 1281 1042 1336 enim
1065 1319 1081 1345 ,
1113 1282 1313 1347 inquit,
1343 1280 1394 1332 in
1422 1279 1760 1332 iniauitatibus

213 1378 445 1444 concepit
474 1391 549 1428 me
575 1383 730 1426 tnuter
755 1389 884 1426 utea.
916 1371 1069 1426 Solus
1095 1373 1332 1424 Cltrtstus
1357 1380 1459 1422 non
1490 1378 1568 1421 est
1596 1368 1763 1435 pollu-

213 1474 303 1519 tus
325 1502 342 1529 ,
384 1465 508 1518 dum
550 1470 855 1517 nasceretur
883 1461 949 1515 de
976 1460 1178 1530 virgine
1198 1498 1213 1522 ,
1243 1458 1363 1527 quia
1391 1472 1493 1511 non
1532 1472 1595 1512 ex
1628 1458 1763 1513 virili

211 1553 418 1607 semine
446 1560 731 1619 conceptus
754 1558 858 1615 est,
898 1548 991 1603 sed
1020 1548 1093 1613 de
1114 1546 1313 1616 Spiritu
1342 1556 1547 1604 sancto.
1576 1545 1683 1601 Nec
1712 1548 1760 1600 in

212 1650 384 1694 matre
406 1641 634 1709 pollutus
661 1650 762 1703 est,
789 1640 906 1707 quia
939 1652 1042 1693 non
1065 1653 1132 1693 ex
1156 1637 1421 1705 voluptate
1445 1639 1641 1702 carnis,
1670 1636 1762 1691 sed

208 1743 281 1784 ex
309 1730 547 1799 virginali
587 1740 739 1785 utero
768 1738 919 1784 natus
946 1737 1047 1784 est.
1090 1727 1323 1796 Denique
1350 1727 1470 1781 dum
1502 1727 1613 1795 ipse
1635 1727 1764 1780 dixit

944 380 1007 430 IN
1047 374 1594 431 PENTATEL‘CIIUM
1635 374 2122 428 COMMENT.\lill.
2170 402 2229 412 -ο
2276 371 2649 427 ιεινιτιαιῑε.

205 510 298 553 tur
328 496 614 552 Ecclesium
643 503 787 545 suam
810 490 966 543 dividi
998 490 1049 542 in
1077 487 1318 542 haeresim
1341 486 1420 540 vel
1445 486 1750 549 schismata,
1777 490 1829 544 Δ
1853 484 2073 535 canibus.
2128 484 2350 550 ideoque
2394 482 2676 550 Apostolus
2727 484 2801 536 ait
2851 499 2863 533 :

3300 374 3397 428 554

2916 480 3065 535 Vobis
3114 485 3287 536 tlatunt
3329 500 3401 540 est

1854 588 1997 624 nesse
2024 574 2313 640 mysterium
2338 571 2475 640 regni
2509 572 2763 634 caelorum,
2803 572 2905 623 illis
2953 581 3119 625 autem
3155 573 3242 641 qui
3278 576 3403 642 [oris

1853 671 1990 717 sunt.
2020 663 2185 715 omnia
2226 664 2277 715 in
2315 662 2567 729 parabolis
2591 672 2725 714 sunt.
2774 660 3034 717 localiter
3060 677 3267 732 quoque
3294 666 3407 719 hac

1856 750 2139 818 unicuique
2170 750 2458 817 sacerdoti,
2489 759 2543 807 et
2573 751 2688 804 aliis
2716 750 2967 805 membris
2994 750 3187 805 Christi
3213 768 3405 808 conve—

1857 840 2021 894 niunt.
2052 842 2183 895 Dicit
2207 853 2384 897 autem
2416 860 2428 895 :
2460 840 2621 910 Caput
2650 858 2797 895 suum
2839 859 2937 895 non
2967 843 3315 911 discoOperiet,
3348 844 3398 897 id

1856 936 1938 982 est
1980 942 2305 985 sacramenta
2352 930 2569 998 Christi,
2613 930 2732 998 quia
2778 931 2918 984 illius
2948 940 3027 985 est
3050 933 3399 985 velamentum

1859 1020 2223 1085 mysteriorum
2255 1019 2452 1080 honor;
2480 1026 2535 1071 et
2560 1019 2870 1072 vestimenta
2900 1033 3004 1073 non
3049 1020 3296 1074 scindunt
3338 1035 3403 1073 ne

1861 1105 1912 1159 in
1943 1106 2184 1160 haeresim
2217 1106 2296 1160 vel
2341 1105 2625 1161 schismata
2655 1115 2911 1171 transeat,
2944 1109 3183 1162 mandata
3213 1108 3406 1163 Christi

1862 1202 2132 1261 rumpens,
2157 1208 2273 1262 quae
2298 1194 2605 1248 vestimenta
2636 1195 2774 1248 illius
2795 1206 2934 1249 sunt.
2961 1196 3039 1248 Ad
3056 1212 3248 1249 omnem
3272 1213 3408 1249 mor-

1864 1290 2003 1333 tuum
2029 1297 2130 1335 non
2176 1283 2510 1351 ingredietur.
2563 1283 2641 1335 Ad
2670 1295 2826 1338 omne
2856 1294 3146 1351 peccatum,
3178 1284 3317 1351 quod
3342 1286 3406 1338 ad

1863 1382 2085 1427 mortem
2132 1374 2299 1437 ducit,
2352 1387 2457 1426 non
2509 1372 2728 1449 accedit,
2776 1374 2859 1425 vel
2906 1381 3049 1426 certe
3090 1373 3142 1427 iu
3183 1376 3407 1440 peccatis

1863 1469 2069 1515 mortuo
2095 1460 2238 1514 nullo
2265 1472 2415 1528 pacto
2445 1461 2762 1515 consentiet.
2792 1460 2959 1527 Super
2995 1470 3136 1529 patre
3172 1470 3219 1513 et
3255 1471 3408 1513 matre

1863 1566 1963 1603 non
1988 1549 2442 1612 contaminabitur;
2472 1563 2570 1602 nec
2602 1558 2801 1602 tantum
2850 1549 3113 1617 indulgeat
3158 1549 3334 1617 pietati
3378 1566 3413 1621 ag

1865 1649 2035 1692 morte
2068 1648 2368 1706 parentum,
2400 1647 2457 1692 ut
2484 1638 2648 1692 Deum
2690 1653 2839 1692 suum
2870 1639 3118 1692 nliendat.
3150 1639 3248 1705 Qui
3276 1640 3407 1693 enim

1865 1739 1999 1781 amat
2026 1738 2215 1797 patrem
2240 1740 2289 1782 et
2316 1738 2523 1783 matrem
2550 1732 2663 1797 plus
2695 1746 2843 1797 quam
2876 1729 3056 1796 licunt,
3088 1747 3185 1784 non
3224 1742 3296 1785 est
3321 1732 3409 1786 illo

219 1833 311 1887 per
329 1794 659 1873 Salomonem
686 1836 698 1870 :
727 1817 853 1872 Cutu
876 1833 1029 1871 essent
1050 1817 1210 1887 magis
1230 1794 1411 1881 bonus,
1436 1794 1545 1869 versi
1564 1818 1631 1868 ad
1653 1831 1760 1868 cor—
1791 1794 1838 1852 Β
1867 1794 2067 1887 dignus.
2102 1816 2177 1870 De
2202 1820 2387 1871 sanctis
2415 1835 2515 1873 non
2535 1794 2839 1887 egredietur,
2866 1828 2923 1872 ut
2944 1794 3154 1886 semper
3172 1819 3225 1873 in
3248 1834 3409 1887 opere

222 1906 667 1976 pusinquinatum.
711 1906 913 1975 Corpus
940 1908 1080 1960 enim
1114 1919 1143 1957 a
1172 1915 1340 1958 matre
1369 1920 1472 1958 non
1504 1904 1595 1958 fuit
1621 1905 1761 1957 coin-

213 1996 510 2061 quinatum.
536 1996 609 2048 Ac
633 2010 724 2063 per
746 1995 843 2049 hoc
868 2009 969 2048 non
991 1994 1375 2048 contaminatus
1396 2003 1475 2047 est
1500 1993 1550 2046 in
1574 2003 1758 2047 matre.

217 2086 386 2141 Aliter
412 2100 618 2155 quoque
646 2086 1064 2139 contaminamur
1092 2083 1144 2162 in
1177 2094 1349 2152 patre,
1380 2097 1499 2136 cum
1527 2097 1619 2152 per
1646 2098 1764 2151 pec-

214 2188 392 2231 catum
437 2187 529 2230 aut
571 2174 923 2230 inﬁdelitatem
968 2174 1127 2229 Deum
1170 2174 1512 2237 oli'enditnus,
1553 2187 1671 2226 cum
1712 2173 1761 2225 iu

205 2268 458 2321 Oratione
489 2264 752 2319 Dominica
788 2264 1009 2317 dicimus
1047 2279 1062 2317 :
1103 2260 1259 2315 Pater
1296 2270 1460 2315 noster
1485 2262 1571 2330 qui
1598 2277 1668 2324 es,
1712 2272 1766 2315 et

216 2354 443 2421 reliqua.
478 2353 544 2408 Et
572 2354 624 2407 in
654 2363 821 2409 matre
862 2338 1303 2417 contaminamur,
1347 2365 1463 2405 cum
1493 2351 1765 2406 credentes

219 2440 274 2496 in
325 2443 484 2497 Deum
532 2441 816 2497 Ecclesiam
863 2441 1121 2509 laedimus,
1162 2454 1279 2507 quae
1326 2447 1492 2493 mater
1533 2438 1765 2493 omnium

222 2544 464 2587 nostrum
494 2542 604 2596 est,
632 2534 713 2586 cui
744 2547 843 2601 pro
874 2531 1107 2600 patribus
1132 2529 1238 2585 nati
1278 2543 1477 2582 sumus.
1511 2527 1601 2582 Vel
1626 2539 1769 2582 certe

223 2634 448 2675 matrem
478 2617 812 2689 adtendimus,
841 2634 960 2674 cum
980 2613 1295 2674 ~libertatem
1336 2617 1516 2671 matris
1538 2617 1768 2672 caelestis

222 2702 443 2770 indigna
472 2701 673 2769 peccati
704 2701 964 2755 servitute
980 2700 1271 2767 ‘ftndamus,
1290 2718 1448 2772 qnam
1478 2704 1615 2757 dicit
1633 2703 1777 2771 Apo-

221 2788 400 2842 stolus
418 2797 641 2841 matrem
671 2786 911 2840 omnium
932 2797 1197 2841 nostrum.
1237 2788 1487 2845 Christus
1510 2792 1654 2844 enim
1676 2806 1775 2845 nec

220 2879 275 2930 in
314 2886 503 2939 matre,
531 2889 631 2929 nec
662 2874 715 2927 in
766 2885 916 2943 patre
939 2875 1172 2943 pollutus
1219 2886 1333 2931 erat
1375 2880 1463 2947 qui
1500 2892 1773 2945 peccatum

221 2982 331 3019 non
357 2967 494 3035 fecit,
528 2980 620 3017 nec
653 2964 804 3018 dolus
835 2967 1073 3018 inventus
1106 2975 1180 3019 est
1212 2968 1265 3019 in
1288 2968 1466 3039 lingua
1501 2970 1662 3023 illius.
1703 2971 1774 3025 De

219 3058 422 3111 sanctis
447 3074 546 3109 non
575 3058 885 3122 egredietur.
913 3056 989 3111 De
1017 3057 1217 3129 sanctis
1245 3060 1567 3127 egredietur,
1595 3063 1684 3132 qui
1706 3065 1771 3119 de

220 3148 517 3201 virtutibus
544 3149 759 3217 adjutus
794 3148 1013 3213 labitur,
1048 3150 1193 3219 quod
1223 3152 1471 3207 Christus
1498 3170 1770 3224 nunquam

221 3240 377 3292 fecit.
403 3238 559 3291 Snkts
590 3239 733 3292 enim
761 3239 878 3313 sine
902 3249 1125 3307 peccato
1158 3238 1257 3293 luit
1280 3257 1295 3305 ;
1322 3242 1404 3296 vel
1434 3245 1513 3298 sic
1536 3260 1628 3313 per
1654 3261 1777 3301 sns-

220 3330 530 3397 ceptionetn
576 3328 759 3383 carnis
791 3329 1073 3384 descendit
1120 3330 1174 3383 in
1220 3331 1365 3385 hunc.
1410 3335 1690 3400 mundum,
1719 3348 1776 3394 ut

221 3435 505 3487 nunquam
539 3418 816 3474 desereret
849 3420 1064 3486 caelum,
1114 3420 1241 3489 quia
1279 3432 1422 3478 totus
1440 3426 1642 3494 ultique
1672 3437 1775 3483 est.

310 3510 528 3563 Viduam
558 3520 607 3563 et
649 3512 997 3578 repudiatam,
1038 3522 1085 3565 et
1133 3515 1449 3568 meretricem
1483 3534 1583 3570 non
1626 3521 1778 3574 ducat

219 3616 461 3653 uxorem.
497 3600 666 3653 Vidua
697 3615 759 3652 ac
797 3602 1093 3668 repudiata,
1117 3610 1169 3654 et
1200 3604 1475 3668 meretrix,
1499 3605 1778 3677 Synagoga

219 3698 309 3743 est
332 3686 629 3754 Judaeorum
660 3702 779 3741 cum
804 3691 855 3741 in
878 3688 1371 3743 Lamentationihus
1386 3692 1643 3746 Jeremias
1666 3697 1773 3749 ait:

223 3776 500 3842 Quomodo
533 3776 671 3830 sedet
710 3779 823 3829 sola
869 3779 1077 3839 civitas,
1107 3778 1250 3845 facta
1283 3788 1357 3831 est
1385 3780 1537 3832 vidua
1564 3782 1778 3839 domina

220 3868 492 3939 gentium?
524 3868 595 3920 De
622 3881 725 3934 qua
763 3866 959 3920 dicitur
984 3888 995 3921 :
1021 3867 1147 3933 Quis
1168 3879 1246 3921 est
1280 3867 1409 3923 liber
1435 3873 1637 3938 repudii
1663 3892 1779 3928 ma-

222 3962 324 4013 tris
347 3968 551 4021 vestrtv,
588 3975 687 4027 quo
716 3959 894 4011 dimisi
920 3961 1069 4013 eam?
1103 3958 1201 4013 (Ζιιί
1234 3960 1429 4016 dicitur
1458 3979 1472 4015 :
1506 3961 1612 4016 Sub
1643 3968 1781 4020 omni

223 4050 369 4117 ligno
400 4050 646 4116 frondoso
668 4049 1010 4117 fornicaberis
1046 4059 1122 4116 tu,
1154 4053 1421 4105 meretrix.
1448 4052 1609 4121 Virgo
1636 4056 1777 4109 enim

224 4137 465 4189 Ecclesia
491 4145 591 4199 est,
623 4140 705 4191 cui
731 4139 861 4192 dicit
885 4142 1168 4207 Apostolus
1196 4158 1210 4195 :
1242 4140 1504 4207 Despondi
1529 4147 1664 4197 enim
1688 4146 1779 4198 uni

222 4229 338 4279 viro
370 4228 610 4295 virginem
641 4239 860 4282 castam.
890 4231 1058 4285 Aliter
1087 4233 1240 4290 vidua
1275 4218 1449 4286 anima
1486 4250 1634 4303 quze.
1668 4236 1779 4289 dis-

223 4312 428 4369 cedens
464 4330 491 4367 a
530 4316 663 4383 jugo
709 4317 859 4386 legis,
898 4330 1220 4388 praeceptum
1266 4324 1626 4390 evangelicum
1676 4336 1776 4375 non

1860 1914 1915 1959 et
1942 1905 2258 1972 cogitatione
2288 1916 2467 1961 saneta
2500 1914 2841 1961 memoretur.
2872 1906 2969 1972 Qui
2998 1908 3140 1961 enim
3182 1907 3411 1976 loquitur

1859 1993 1942 2045 vel
1971 1991 2096 2045 facit
2124 1993 2203 2045 vel
2231 1994 2427 2060 cogitat
2459 1994 2655 2062 aliquid
2701 1994 3135 2063 reprehensihile,
3177 1995 3245 2050 de
3284 2010 3409 2049 sane

1859 2081 1957 2133 ctis
1983 2080 2299 2148 egredietur.
2348 2082 2585 2145 Viduam,
2630 2091 2675 2135 et
2719 2084 3053 2148 repudiatam,
3100 2094 3147 2135 et
3187 2085 3410 2137 meretri-

1860 2184 1987 2234 cem,
2011 2184 2110 2222 non
2129 2170 2281 2222 ducat
2305 2184 2548 2230 uxorem;
2572 2179 2626 2223 ut
2652 2170 2780 2223 nihil
2803 2171 2870 2225 de
2891 2171 2993 2223 vita
3021 2172 3181 2225 veteri
3205 2172 3405 2240 ample-

1861 2270 2049 2323 cmtur,
2082 2276 2199 2328 qua:
2232 2259 2387 2313 vidua
2415 2269 2495 2313 est
2526 2269 2579 2314 ct
2608 2260 2900 2329 repudiata,
2933 2270 2984 2314 et
3012 2260 3294 2326 meretrix;
3321 2261 3409 2315 sed

1862 2348 2125 2418 virginem,
2153 2348 2201 2401 id
2231 2358 2332 2413 est,
2368 2349 2525 2401 vitam
2557 2349 2606 2401 in
2653 2350 2794 2402 omni
2841 2351 3065 2417 puritate
3105 2351 3407 2413 ﬂorentem;

1866 2437 2114 2503 possideat
2140 2437 2202 2489 de
2226 2452 2403 2505 genere
2424 2453 2538 2501 suo,
2570 2436 2621 2490 id
2653 2447 2753 2499 est,
2784 2438 2941 2491 vitam
2972 2448 3273 2493 sanctorum
3300 2439 3411 2492 imi-

1868 2536 2027 2590 tetur,
2077 2540 2298 2594 quorum
2350 2540 2440 2593 per
2492 2525 2647 2578 (idem
2673 2526 2941 2594 prosimus
2988 2536 3087 2581 est.
3140 2526 3262 2581 Post
3310 2529 3414 2581 Iure

1866 2616 2154 2685 praecipitur
2179 2626 2232 2668 ut
2260 2615 2348 2686 qui
2384 2615 2608 2669 habuerit
2650 2616 2901 2669 maculam
2932 2634 3028 2670 non
3058 2618 3235 2685 offerat
3265 2636 3415 2690 panes

1870 2702 2108 2770 Domino,
2159 2705 2203 2756 si
2243 2720 2403 2756 ca'cus
2452 2704 2625 2773 fuerit,
2649 2705 2693 2757 si
2733 2706 2965 2771 claudus,
3008 2716 3061 2761 et
3101 2708 3318 2775 reliqua.
3355 2708 3417 2761 Et

1867 2793 2038 2845 omnia
2088 2792 2389 2845 referuntur
2436 2794 2499 2844 ad
2546 2795 2735 2846 anima:
2765 2796 2966 2849 vitium.
2997 2796 3165 2849 liores
3193 2797 3335 2850 enim
3367 2798 3437 2851 in‘

1868 2880 2098 2945 homine,
2145 2895 2249 2933 non
2278 2891 2463 2934 natura
2494 2881 2793 2938 damnatur.
2821 2886 3001 2939 Caecus
3028 2888 3274 2940 sacerdos
3312 2902 3413 2954 est,

1868 2970 1956 3039 qui
1982 2968 2368 3039 Scripturarum
2401 2984 2503 3024 non
2535 2972 2778 3039 intelligit
2805 2957 3038 3038 sensum,
3067 2982 3120 3027 et
3145 2990 3248 3043 quo
3266 2990 3415 3043 gres-

1874 3072 1987 3112 sum
2013 3057 2264 3112 doctrinte
2292 3058 2372 3113 vel
2416 3061 2592 3127 operis
2638 3061 2885 3131 porrigat,
2929 3076 3023 3131 per
3073 3064 3414 3131 ignorantiam

1876 3146 2062 3201 nescit.
2095 3146 2386 3213 Detalihns
2413 3150 2665 3217 scriptum
2714 3160 2796 3204 est
2847 3168 2858 3203 :
2910 3151 3259 3219 Speculatores
3282 3155 3418 3207 illius

1873 3238 1993 3291 ωσι
2022 3247 2139 3291 sunt
2167 3239 2402 3293 universi.
2434 3238 2662 3294 Claudus
2688 3251 2771 3295 est
2812 3242 2902 3311 qui
2952 3242 3185 3312 intelligit
3211 3244 3418 3311 quidem

1875 3327 2016 3396 quod
2044 3329 2235 3383 docere
2272 3330 2482 3391 debeat.
2516 3332 2607 3386 sed
2640 3342 2809 3386 tamen
2842 3343 3099 3401 praecepta
3128 3340 3241 3402 qua!
3268 3335 3420 3389 docet

1874 3432 1980 3470 non
2008 3416 2211 3484 implet.
2242 3417 2407 3470 Parvo
2433 3428 2610 3471 autem
2639 3433 2766 3471 naso
2793 3428 2894 3484 est,
2923 3423 3011 3487 qui
3041 3422 3107 3473 ad
3140 3424 3416 3476 tenendam

1874 3521 2170 3560 mensuram
2201 3506 2533 3559 discretionis
2569 3506 2787 3562 idoneus
2817 3522 2919 3561 non
2957 3516 3059 3561 est.
3089 3508 3285 3562 Grandi
3316 3526 3411 3563 au-

1874 3603 2004 3659 tem,
2036 3602 2090 3647 et
2119 3603 2257 3647 torto
2282 3609 2410 3648 naso
2433 3604 2530 3661 est,
2560 3597 2865 3651 furibundus
2896 3607 2948 3653 et
2978 3600 3148 3652 minus
3179 3615 3297 3654 cum
3326 3616 3418 3654 su-

1874 3683 2069 3750 perbia:
2136 3686 2475 3753 arrogantia,
2525 3686 2612 3739 vel
2681 3686 3022 3742 immoderata
3078 3690 3415 3744 discretione.

1874 3773 2060 3827 Fracto
2086 3784 2260 3827 autem
2285 3774 2415 3841 pede
2442 3774 2523 3829 vel
2557 3789 2710 3831 manu
2735 3786 2836 3842 est,
2864 3778 2953 3846 qui
2979 3778 3231 3833 viamDei
3260 3795 3416 3847 quam

1872 3862 2025 3917 docet
2048 3879 2264 3932 pergere
2286 3881 2389 3917 non
2416 3865 2615 3919 studet.
2634 3867 2894 3921 Gihhnsus
2914 3882 3120 3936 quoque
3147 3878 3248 3935 est,
3263 3884 3420 3937 quem

1875 3962 2098 4006 terrena:
2142 3953 2442 4021 cupiditatis
2490 3954 2693 4021 pondus
2735 3955 3005 4023 depritnit,
3055 3962 3109 4009 et
3150 3956 3327 4009 tardus
3354 3958 3419 4009 ad

1872 4054 2099 4107 superna
2129 4040 2372 4094 intendit.
2399 4041 2594 4109 Lippus
2616 4056 2741 4095 vero
2764 4052 2865 4108 est,
2894 4044 3041 4111 cujus
3069 4044 3328 4111 ingenium
3351 4046 3421 4097 ad

1872 4130 2188 4197 agnitionem
2236 4130 2472 4181 veritatis
2513 4130 2720 4193 emicat,
2769 4131 2861 4183 sed
2893 4130 2992 4184 hoc
3032 4132 3313 4185 carnaliter
3338 4135 3417 4183 vi-

1871 4218 2041 4271 vendo
2067 4219 2315 4271 obscura.
2361 4218 2671 4285 Alhuginetn
2701 4232 2907 4285 quoque
2963 4218 3117 4271 habet
3161 4218 3210 4271 iu
3242 4220 3413 4280 oculo,

1869 4306 1961 4375 qui
1980 4306 2274 4376 arrogantia
2302 4307 2577 4375 sapientia:
2602 4322 2694 4361 seu
2716 4308 2931 4377 justiti:
2961 4288 3203 4363 crrcatuF.
3233 4307 3415 4377 ειυευιη

224 4413 438 4469 servat;
466 4412 521 4457 et
542 4404 836 4473 repudiata,
862 4420 979 4472 qua:
999 4409 1267 4473 peccando
1286 4424 1312 4459 ει
1332 4408 1529 4464 Christi
1554 4424 1775 4475 corpore
1803 4411 1845 4468 ο
1877 4399 2035 4453 habet
2061 4400 2314 4464 scabiem,
2346 4400 2432 4468 qui
2483 4401 2657 4453 carnis
2684 4400 2966 4471 petulantia
3000 4400 3114 4454 sine
3160 4401 3421 4453 intermis-

224 4504 529 4563 separater.
560 4493 625 4546 lit
646 4494 905 4547 meretrix
927 4508 1045 4561 quae
1069 4495 1136 4547 ad
1158 4484 1215 4550 se
1238 4499 1438 4564 recepit
1468 4512 1697 4563 amores,
1722 4500 1771 4553 id

225 4583 614 4639 est,contraria
641 4584 843 4643 virtuti.
868 4599 986 4651 qua:
1004 4584 1305 4639 desiderant
1329 4586 1771 4652 pulchritudinem

228 4668 392 4730 illius,
426 4678 482 4721 ιιι
506 4670 787 4737 decipiant.
824 4672 979 4727 Tales
1009 4689 1135 4728 vero
1171 4676 1385 4729 Christo
1439 4690 1543 4729 non
1581 4692 1775 4732 convc-

229 4758 404 4812 niuut.
434 4757 506 4809 De
523 4774 701 4823 genere
722 4776 812 4812 suo
837 4766 991 4813 ducat
1014 4747 1226 4816 καὶαι-ειη
1250 4780 1269 4817 :
1293 4763 1521 4818 Ecclesia
1549 4766 1770 4829 scilicet,

225 4863 345 4913 qua:
376 4863 474 4899 nou
499 4861 560 4898 ea:
592 4848 852 4901 voluntate
877 4853 1070 4913 carnis,
1101 4854 1190 4904 sed
1221 4870 1283 4907 ex
1309 4853 1414 4907 Deo
1442 4867 1563 4906 nata
1586 4865 1679 4907 est.
1714 4854 1778 4907 Et

230 4939 351 4989 ideo
371 4940 435 4989 de
454 4951 646 5005 genere
669 4938 807 4990 illius
839 4948 939 4997 est,
970 4941 1111 4991 unde
1136 4942 1247 5006 ipse
1277 4943 1407 4996 dicit
1436 4961 1447 4996 :
1482 4944 1779 5012 Quicunque

229 5029 409 5091 fecerit
444 5028 753 5081 voluntatem
794 5027 969 5080 Patris
1008 5030 1139 5091 mei,
1181 5032 1286 5094 ipse
1332 5043 1406 5084 est
1446 5045 1613 5085 mater
1644 5051 1777 5097 mea,

228 5118 395 5176 (mter
408 5122 455 5163 et
474 5129 654 5175 soror;
681 5116 759 5167 vel
783 5116 846 5169 de
869 5128 1062 5182 genere
1084 5130 1179 5167 suo
1198 5115 1355 5166 ducat
1373 5132 1612 5179 uxorem,
1631 5119 1678 5172 id
1699 5128 1780 5173 est

238 5192 411 5241 anima
438 5204 553 5256 qua:
582 5193 722 5247 ﬁdeli
758 5194 1006 5263 jungitur.
1041 5195 1214 5249 Potest
1236 5212 1442 5265 quoque
1489 5202 1563 5254 sic
1592 5205 1778 5273 accipi,

235 5276 375 5342 quod
420 5278 546 5331 dicit
590 5287 655 5333 dc
703 5296 893 5348 genere
933 5298 1048 5349 suo,
1096 5295 1153 5337 ut
1194 5285 1417 5339 sciamus
1448 5290 1568 5355 quia
1608 5294 1778 5347 anitna

236 5364 430 5420 Christi
461 5381 523 5418 ex
550 5383 741 5433 genere
772 5380 825 5423 et
843 5372 1127 5424 substantia
1175 5373 1517 5428 humanarum
1545 5382 1779 5436 omniutn

235 5470 548 5509 anttnarum.
593 5456 709 5509 Non
754 5463 1104 5513 contaminavit
1151 5478 1312 5515 semen
1359 5481 1541 5531 suum;
1590 5468 1638 5522 id
1680 5483 1778 5540 est,

236 5550 448 5603 vetlutm
482 5549 593 5613 Dei,
624 5550 843 5605 dicendo
875 5571 893 5613 ε,
921 5554 1093 5608 Nolite
1121 5562 1242 5607 dare
1284 5566 1507 5608 sanctum
1534 5562 1779 5625 canibus;

234 5651 288 5697 et
318 5660 331 5696 :
364 5641 479 5695 Non
507 5650 575 5694 est
602 5640 783 5693 bonum
820 5658 1012 5697 sumere
1046 5662 1224 5715 panem
1253 5648 1471 5712 ﬁliorum
1500 5659 1546 5701 et
1584 5652 1779 5706 mittere

1873 4493 2019 4545 sione
2047 4491 2371 4544 dominatur.
2402 4490 2769 4559 impetiginem
2800 4491 2956 4543 habet
2986 4487 3299 4555 incorpore,
3331 4488 3419 4556 qui

1871 4580 2089 4635 avaritia
2136 4588 2367 4632 vastatur
2408 4580 2459 4632 itt
2508 4590 2682 4633 mente
2715 4596 2726 4630 :
2758 4580 2843 4647 qui
2886 4580 2929 4632 si
2980 4579 3031 4631 in
3076 4578 3291 4630 minimo
3318 4594 3419 4629 non

1873 4670 2249 4738 compescitur,
2282 4671 2395 4723 sine
2423 4684 2667 4723 mensura
2716 4672 2963 4723 nimirum
2997 4670 3259 4723 dilatatur.
3288 4669 3419 4721 Pon—

1874 4761 2094 4813 derosus
2124 4774 2248 4813 vero
2278 4768 2380 4821 est,
2409 4759 2495 4826 qui
2525 4768 2579 4811 et
2610 4760 2980 4827 turpitudinem
3007 4775 3166 4826 opere
3198 4774 3299 4811 non
3330 4774 3420 4811 ex-

1875 4858 2037 4914 ercet,
2066 4848 2157 4901 sed
2189 4847 2255 4900 ah
2279 4848 2483 4901 actione
2504 4848 2751 4900 continua
2772 4849 2887 4902 sine
2919 4848 3273 4901 moderamine
3302 4863 3417 4915 gra-

1877 4950 2024 4993 vatur
2056 4939 2105 4992 in
2134 4948 2328 4992 tneate.
2360 4939 2512 4992 Tales
2543 4940 2586 4992 si
2618 4942 2670 4992 in
2700 4949 2876 4993 sancta
2908 4941 3288 5009 ingrediuntur,
3315 4954 3419 4992 non

1881 5045 2065 5083 nomen
2114 5028 2360 5082 antistitis
2417 5040 2635 5096 possunt
2687 5030 2976 5097 possidere.
3037 5031 3195 5083 Datur
3244 5038 3416 5080 autem

1879 5119 2116 5187 quoniam
2160 5118 2445 5169 similitudo
2489 5133 2582 5186 per
2612 5120 2745 5172 iilios
2774 5124 2944 5171 Aaron
2968 5117 3271 5180 sacerdotis,
3300 5120 3417 5185 qui-

1883 5208 1979 5261 bus
2005 5207 2300 5275 pra'cipitur
2330 5218 2383 5259 ut
2413 5223 2514 5260 non
2546 5208 2963 5262 contaminemur
2986 5208 3035 5259 itt
3060 5207 3312 5266 mortibus
3340 5207 3419 5259 ci-

1882 5297 2019 5350 vium
2049 5311 2286 5360 suorum,
2331 5296 2428 5349 nisi
2476 5306 2674 5349 tantum
2720 5298 2771 5348 in
2819 5294 3239 5361 consanguineis,
3268 5305 3321 5349 ct
3365 5296 3418 5349 in

1883 5384 2205 5453 propinquis,
2230 5393 2284 5437 et
2308 5382 2820 5452 reliqua,utqnidam
2845 5382 3105 5446 doctores,
3123 5383 3211 5451 qui
3233 5398 3417 5452 quam-

1880 5472 1956 5527 vis
1984 5476 2245 5541 sapientes
2266 5484 2320 5528 et
2349 5474 2529 5527 ﬁdeles
2554 5480 2699 5536 sunt,
2724 5481 2897 5525 tamen
2929 5472 3189 5528 mundana
3218 5474 3418 5540 negotia

1881 5575 2127 5632 quantunt
2179 5566 2445 5631 potuerint
2484 5564 2864 5620 conscendunt.
2913 5563 3004 5617 llis
3060 5565 3147 5631 qui
3193 5568 3417 5632 peccatis

1883 5662 2165 5722 gravantur
2197 5655 2385 5709 leviora
2414 5654 2796 5723 permittentes,
2824 5661 2878 5707 nt
2907 5669 2933 5707 a
2964 5653 3283 5723 gravioribus
3307 5654 3421 5707 illos
