3898 6260
501 439 598 495 $55

988 437 1178 494 BED/E
1221 434 1666 492 VENERAB'ILIS
1703 434 1978 490 UPERUM
2021 435 2193 490 [ιΑιιδ
2235 436 2296 489 ΙΙ.
2339 466 2402 476 —-
2443 437 2837 495 EXECETICA
2878 442 3200 500 CENUINA.

3609 452 3704 504 356

499 555 751 607 rete-vent.
779 545 896 614 quia
928 545 1174 599 nimirum
1195 560 1370 615 gravia
1399 555 1456 601 et
1484 555 1639 612 levia,
1665 546 1754 614 qui
1784 560 1835 598 tn
1865 547 2041 598 multis
2071 552 2115 606 Α
2146 547 2450 627 nutriantur,
2483 557 2537 600 et
2578 563 2654 601 sic
2694 548 2874 605 oﬂ‘erii
2907 541 3118 620 possunt
3165 554 3415 620 Domino,
3446 558 3701 627 significat

504 639 641 689 vittis
665 647 967 703 gravantur,
1003 636 1159 689 simul
1205 637 1368 690 vitare
1396 651 1501 690 non
1528 645 1741 703 possunt
1776 653 1787 688 :
1825 650 1916 704 per
1941 635 2040 688 hoc

503 727 803 779 conceditur
854 725 954 777 illis
996 733 1052 777 ut
1095 725 1518 778 contaminemur
1566 725 1952 793 quodaminodo
1988 725 2038 779 in

502 825 666 868 morte
709 799 1142 882 prOpinquorutn,
1175 813 1363 882 quibus
1411 814 1719 868 conceditur
1762 822 1818 867 ut
1859 823 2040 868 conta-

499 906 764 957 minentur
790 906 841 957 in
871 911 1040 957 morte
1067 904 1278 957 civium.
1309 902 1461 957 Cives
1485 912 1604 956 sunt
1648 917 1832 956 omnes
1859 902 2038 958 fideles

497 1007 630 1060 quos
659 1006 838 1045 murus
869 993 990 1044 fidei
1018 991 1272 1060 continet,
1304 992 1542 1060 quamvis
1583 992 1684 1045 sint
1715 1001 2032 1060 peccatoris.

498 1084 783 1152 Propinqui
811 1093 985 1136 autem
1015 1093 1134 1136 sunt
1158 1084 1243 1150 qui
1266 1083 1507 1150 quamvis
1533 1093 1752 1151 gravant
1772 1084 1931 1145 intus,
1962 1090 2038 1135 ta-

497 1189 616 1226 men
646 1175 710 1225 ad
743 1186 901 1225 unam
930 1171 1291 1224 conversionis
1320 1170 1549 1240 regulam
1574 1171 1894 1224 contendunt
1920 1185 2037 1238 per-

494 1263 692 1318 venire.
728 1261 880 1314 Pater
905 1269 1076 1312 autem
1116 1271 1233 1312 tuus
1257 1267 1356 1320 est,
1385 1259 1430 1313 si
1460 1267 1510 1312 te
1533 1259 1729 1313 docuit.
1759 1257 1921 1313 Mater
1951 1267 2035 1312 tua

491 1361 590 1412 est,
631 1351 674 1403 si
718 1360 786 1412 te,
817 1364 934 1402 cum
965 1362 1112 1403 esses
1155 1349 1423 1417 parvulus,
1469 1348 1606 1403 lacte
1631 1349 1883 1404 doctrina:
1925 1363 2036 1404 sua:

490 1439 725 1492 nutrivit.
759 1438 939 1491 Frater
964 1444 1169 1502 autem,
1187 1437 1268 1492 vel
1293 1451 1446 1492 soror
1479 1437 1628 1508 virgo
1651 1447 1752 1505 est,
1784 1443 1827 1493 si
1862 1448 2033 1493 tecum

489 1543 645 1580 unum
675 1527 907 1580 studium
930 1537 1020 1580 aut
1046 1541 1201 1580 unam
1229 1529 1464 1597 magistri
1487 1528 1816 1597 disciplinam
1841 1528 2030 1594 habet;

486 1623 539 1668 et
568 1616 612 1669 si
641 1614 862 1670 validior
905 1615 1073 1669 factus
1117 1630 1196 1680 es,
1245 1616 1552 1686 propinquis
1593 1619 1731 1685 istis,
1778 1630 1831 1674 ut
1874 1633 2032 1688 supra

486 1704 736 1768 diximus,
770 1702 1158 1758 condescende.
1185 1703 1458 1761 Sacerdoti
1484 1715 1655 1760 autem
1687 1722 1876 1775 magno
1903 1708 2030 1762 nihil
2071 1762 2075 1767 ,

484 1805 548 1845 ex
579 1791 681 1845 illis
701 1791 1028 1860 conceditur,
1053 1794 1175 1860 quia
1201 1807 1438 1847 summus
1457 1794 1644 1850 doctor
1669 1797 1748 1850 vel
1781 1796 2026 1852 Ecclesia:

2139 625 2282 700 qubd
2325 650 2511 689 omnes
2539 650 2674 703 quos
2703 649 2873 692 tnatcr
2919 641 3150 695 Ecclesia
3181 653 3406 710 generat
3445 625 3586 702 lacte
3613 651 3700 702 du-

2137 721 2320 775 ctrinze
2363 724 2504 790 prius
2545 726 2890 793 nutriendos,
2921 738 2974 782 et
3022 729 3100 784 sic
3149 740 3333 798 postea
3376 735 3697 802 septil’ormis

2137 806 2332 864 Christi
2375 813 2540 880 gratia
2583 819 2931 870 consummati
2957 856 2973 878 .
3020 818 3318 874 efﬁciantur
3365 836 3565 880 munus
3603 825 3694 881 Do-

2681 995 2906 1054 CAPUT
2945 998 3126 1056 XXIII.

2204 1077 2355 1143 Quod
2385 1090 2559 1134 autem
2590 1085 2848 1154 prtecipit,
2872 1097 2926 1140 ut
2953 1088 3172 1156 [eramus
3200 1092 3486 1160 manipulos
3518 1097 3692 1162 primi-

2136 1165 2316 1219 timm
2342 1170 2408 1221 ad
2430 1172 2760 1236 sacerdotem,
2795 1176 2880 1244 qui
2907 1176 3114 1231 elevabit
3152 1194 3236 1232 eos
3256 1183 3416 1234 altero
3443 1184 3528 1234 die
3565 1183 3693 1239 Sab-

2134 1253 2254 1321 bati,
2283 1266 2330 1309 et
2356 1260 2708 1328 sanctiﬁcobit,
2732 1261 2995 1332 signiﬁcat
3023 1267 3162 1336 quod
3186 1279 3308 1323 tunc
3335 1286 3492 1326 verus
3516 1287 3690 1327 sacer-

2131 1345 2227 1398 dos
2256 1344 2525 1414 Christus,
2550 1351 2635 1405 cul
2664 1353 2918 1410 debemus
2946 1358 3210 1424 printitiva
3237 1375 3458 1430 operum
3486 1375 3690 1419 nostru-

2133 1448 2246 1488 ruin
2290 1445 2347 1490 et
2388 1442 2651 1509 praecipua
2691 1443 2904 1511 oll‘erre,
2944 1448 3195 1518 elevavit,
3240 1461 3292 1506 et
3341 1456 3687 1512 sanetiﬁcavit

2130 1538 2291 1591 opera
2317 1537 2495 1582 nostra
2525 1542 2644 1583 cum
2674 1541 2938 1590 transacto
2963 1536 3196 1596 Sabbato
3225 1541 3556 1599 Judzeorum.
3598 1548 3685 1600 Al-

2133 1624 2245 1670 tera
2288 1615 2424 1682 dies,
2467 1617 2520 1672 id
2561 1631 2640 1699 est
2682 1623 2801 1676 novi
2843 1629 3165 1694 testamenti,
3194 1640 3249 1684 et
3272 1636 3456 1699 gratias
3485 1645 3685 1703 tempus

2129 1703 2367 1770 advenit;
2398 1715 2452 1760 et
2498 1707 2570 1762 ita
2619 1717 2742 1764 sunt
2787 1722 2999 1782 accepta
3028 1728 3190 1784 Opera
3220 1729 3420 1774 nostra.
3456 1722 3557 1776 Per
3592 1726 3684 1780 hoc

2127 1802 2303 1849 autem
2339 1798 2479 1865 quod
2525 1801 2782 1869 praecipit,
2825 1813 2876 1855 ut
2905 1814 3139 1860 metentes
3166 1821 3398 1876 segetem,
3429 1827 3684 1884 rem»

488 1880 752 1944 princeps,
797 1880 887 1946 qui
936 1893 965 1930 a
1015 1881 1237 1946 negetiis
1285 1881 1635 1937 mundialibus
1680 1884 1881 1938 alienus
1925 1894 2026 1951 est,
2057 1877 2105 1934 B
2133 1891 2203 1936 tes
2228 1886 2394 1950 spicos
2421 1903 2523 1942 non
2549 1890 2868 1960 colfigantus,
2895 1895 2983 1947 sed
3009 1900 3310 1964 pauperibus
3337 1910 3384 1955 et
3412 1877 3682 1972 peregrinis

487 1966 684 2018 nullum
709 1966 1003 2033 exemplum
1033 1967 1132 2021 vile
1159 1968 1242 2022 vel
1263 1967 1556 2024 doctrinam
1581 1986 1826 2027 enervem
1853 1989 1914 2029 ac
1939 1975 2028 2029 de-

485 2065 711 2120 spectant
741 2055 975 2122 praebere
1015 2057 1189 2112 debet.
1243 2058 1342 2124 Qui
1387 2075 1501 2113 vero
1539 2064 1697 2132 tangit
1720 2064 1911 2133 aliquid
1937 2068 2031 2118 im-

484 2145 745 2211 mundum,
791 2147 1024 2199 sordidus
1068 2149 1182 2213 erit,
1232 2153 1376 2220 cujus
1415 2159 1574 2204 tactus
1619 2153 1907 2208 immundus
1935 2157 2029 2209 erit

483 2249 633 2300 usque
660 2236 724 2286 ad
750 2250 1026 2301 vesperum.
1057 2237 1202 2290 Tunc
1240 2239 1380 2292 enim
1413 2242 1612 2309 purgati
1637 2257 1817 2297 sumus
1839 2247 1905 2297 ab
1931 2246 2027 2298 im-

482 2327 750 2381 tnuuilitiis
798 2338 852 2382 et
899 2330 1154 2398 contagiis
1203 2334 1451 2387 omnibus
1503 2333 1756 2399 sordidis,
1801 2350 1920 2390 cum
1971 2337 2023 2392 in

485 2415 700 2485 vespera
738 2417 890 2486 hujus
913 2420 1092 2473 mundi
1133 2420 1344 2476 lavacro
1388 2422 1632 2492 baptismi
1661 2421 1907 2493 absoluti,
1935 2427 2022 2482 Sol

477 2505 686 2575 justitite
713 2506 951 2563 Cbristus
972 2524 1067 2578 per
1096 2513 1391 2578 passionem
1423 2514 1690 2570 occubuit.

1065 2598 1288 2654 CAI‘UT
1323 2599 1480 2654 XXII.

544 2685 824 2751 Sequitur:
856 2685 1023 2739 Homo
1045 2689 1132 2755 qui
1157 2689 1388 2742 obtulerit
1411 2692 1657 2745 uictimam
1677 2695 2022 2764 paci/icorum,

479 2773 695 2827 Domino
719 2779 795 2828 vel
820 2785 928 2828 rota
948 2792 1144 2841 cavens,
1161 2780 1237 2831 uel
1262 2790 1434 2849 sponte
1460 2781 1692 2849 o/ferens,
1715 2801 1901 2855 agnum
1927 2788 2022 2840 im-

477 2863 782 2914 maculatum
814 2863 1011 2930 o/fcrat,
1045 2877 1097 2919 et
1128 2867 1344 2935 reliqua.
1379 2869 1605 2925 Primum
1631 2874 1862 2941 rejicitur
1885 2892 1913 2929 a
1936 2891 2020 2930 sa-

474 2950 670 3003 criticio
712 2952 1030 3005 maculosum
1075 2954 1286 3019 animal,
1318 2955 1366 3009 id
1396 2967 1497 3023 est,
1531 2960 1582 3013 iit
1623 2963 1810 3027 quibus
1838 2974 1916 3017 est
1941 2965 2018 3018 di-

472 3042 690 3096 vei-sitas
741 3054 1094 3110 peccatorum,
1141 3054 1192 3099 et
1230 3047 1280 3098 in
1307 3047 1528 3102 diversis
1572 3051 1876 3108 criminibus
1907 3067 2015 3109 mo-

2131 1973 2488 2042 relinquamus,
2521 1980 2754 2034 ostendit
2779 1981 2921 2050 quod
2951 1997 3070 2037 cum
3097 1986 3164 2040 de
3191 1987 3370 2044 labore
3398 1998 3553 2045 terra:
3593 2006 3681 2047 no-

2127 2069 2271 2127 strae,
2300 2063 2350 2115 id
2378 2072 2462 2118 est
2485 2067 2680 2133 carnis,
2709 2077 2937 2125 aeternos
2967 2071 3167 2128 fructus
3197 2076 3247 2128 in
3277 2079 3680 2135 necessitatibus

2129 2165 2507 2221 praiparamus,
2540 2159 2804 2225 proximis
2829 2171 2883 2216 et
2922 2162 3092 2219 adhuc
3137 2166 3360 2222 inllrmis
3398 2169 3678 2229 debeamus

2125 2254 2423 2311 occurrere,
2456 2255 2512 2300 ut
2547 2248 2743 2318 aliquid
2771 2251 2838 2306 de
2877 2254 3049 2322 rigore
3087 2257 3346 2326 laxantes,
3376 2262 3442 2315 ad
3469 2262 3676 2318 elevan-

2125 2330 2224 2385 dos
2265 2332 2382 2388 illos
2425 2338 2513 2404 qui
2548 2337 2730 2406 jaceat
2769 2342 3104 2416 inclineuius,
3159 2349 3242 2404 vel
3289 2354 3554 2420 exemplo,
3599 2357 3674 2410 vel

2125 2421 2516 2487 exhortatione,
2541 2429 2620 2482 vel
2642 2432 2971 2489 orationibus
2997 2436 3102 2490 illis
3121 2438 3372 2506 prodesse
3393 2444 3672 2508 possimus.

2124 2507 2302 2562 Oratio
2325 2511 2464 2564 enim
2492 2512 2622 2581 justi
2662 2519 2882 2573 multum
2914 2523 3086 2587 valet.
3136 2525 3337 2596 Pauper
3375 2507 3553 2584 autem
3593 2536 3672 2587 cui

2125 2610 2242 2650 eum
2272 2598 2591 2657 desiderium
2609 2606 2778 2687 inest,
2807 2608 3000 2666 desunt
3021 2603 3198 2669 tamen
3223 2632 3406 2686 opera.
3435 2621 3670 2692 Peregri-

2124 2698 2222 2738 nus
2248 2697 2421 2742 autcm
2450 2682 2766 2763 necpliytus,
2817 2700 2906 2768 qui
2949 2704 3220 2772 antiquum
3259 2682 3512 2765 errarem
3557 2682 3668 2768 r'eli-

2121 2775 2251 2844 quit,
2280 2785 2334 2832 et
2355 2776 2491 2834 intra
2521 2781 2772 2839 Ecclesia:
2801 2788 2934 2844 lines
2958 2806 3126 2860 nuper
3151 2796 3309 2849 venit.

2665 2875 2892 2934 CAPUT
2934 2881 3120 2939 XXIV.

2187 2959 2338 3024 Quod
2361 2971 2535 3016 autem
2566 2965 2731 3020 oleum
2769 2971 2888 3024 dicit
2911 2978 3190 3044 pra'parari
3213 2979 3280 3031 ad
3303 2983 3668 3038 concinnatus:

2119 3045 2372 3117 lucernas,
2415 3051 2657 3125 jungitur
2701 3070 2849 3116 extra
2893 3065 3064 3120 velum
3111 3069 3162 3122 in
3211 3071 3574 3130 tabernaculo.
3613 3077 3665 3131 lu

475 3143 682 3186 ventur.
736 3135 929 3204 Ilejicit
975 3152 1182 3204 quoque
1224 3147 1278 3191 et
1322 3154 1538 3207 czrcunt,
1585 3143 1633 3196 id
1680 3155 1780 3209 est,
1805 3146 1890 3212 qui
1919 3161 2016 3201 nec
2038 3199 2086 3236 ρ
2116 3135 2435 3236 ςξιυάείθξπο
2463 3145 2832 3214 ιιιυηάίδεῖωον
2862 3161 2917 3205 ιιι
2944 3155 3281 3212 δεηοιίεείωο
3305 3175 3538 3236 λειιιοίιιιε
3571 3165 3664 3218 ἀοο

477 3221 753 3274 hominum
803 3223 982 3289 videt,
1032 3240 1130 3278 nec
1173 3241 1350 3280 curam
1399 3229 1535 3283 illius
1582 3231 1754 3286 liabet.
1799 3233 2014 3289 Fructus

2121 3233 2287 3279 etore.
2321 3223 2464 3280 Inter
2483 3245 2596 3284 vero
2621 3247 2794 3289 sancta
2822 3251 3129 3308 sanctorum,
3159 3245 3260 3299 hoc
3304 3221 3386 3300 est
3415 3221 3467 3302 ui
3511 3253 3664 3307 cmic-

477 3322 706 3376 ρυοηιιθ,
757 3309 807 3362 id
854 3319 954 3376 est,
1005 3325 1034 3363 ει
1081 3311 1222 3367 vitiis
1262 3316 1553 3370 carnalibus
1602 3329 1820 3375 νεηιυε
1852 3313 2019 3393 mque
2118 3310 2288 3366 stibus
2312 3329 2416 3371 non
2441 3317 2737 3390 indigemus
2758 3324 3144 3410 Scripturarum
3171 3333 3390 3403 lumine,
3412 3352 3536 3394 eum
3558 3342 3662 3410 ipse

476 3399 710 3452 collisus.
743 3400 992 3469 Ilejicitur
1014 3413 1186 3457 autem
1222 3414 1274 3459 et
1311 3405 1607 3463 cicatricem
1639 3409 1865 3478 habens,
1898 3419 2038 3484 quia
2121 3403 2372 3461 υοητίηυε
2403 3426 2630 3478 Pereunt!
2660 3417 2835 3474 ιυωθιι
2869 3422 2939 3477 ibi
2965 3405 3055 3479 ¹εἱιο
3083 3423 3254 3483 Filius
3281 3443 3448 3486 autem
3491 3438 3661 3492 mittie-b

475 3487 630 3555 digna
661 3490 1016 3544 satisfactione
1037 3501 1367 3559 peccatorum
1396 3510 1496 3548 non
1518 3497 1755 3566 deplorat
1779 3502 2013 3574 vulnera,

475 3575 568 3630 sed
595 3577 764 3632 adhuc
806 3587 859 3632 et
903 3581 1095 3634 veteris
1121 3583 1288 3637 morbi
1335 3585 1536 3653 signum
1580 3588 1796 3644 interius
1822 3602 2012 3662 gestat.

482 3662 740 3732 Rejicitur
765 3675 817 3719 et
844 3667 1088 3734 pupulam
1120 3671 1335 3737 habens,
1365 3674 1450 3742 qui
1479 3677 1680 3743 pruritu
1709 3680 1935 3737 libidinis
1953 3691 2015 3744 et

471 3751 661 3806 ardore
703 3755 1240 3822 concupiscentiarum
1287 3774 1566 3829 exasstuat;
1614 3769 1855 3826 similiter
1898 3786 2012 3829 sca-

481 3834 679 3903 biosus,
708 3838 796 3906 qui
829 3851 1095 3908 peceatum
1123 3845 1297 3898 carnis
1324 3850 1523 3915 perlicit
1548 3856 1854 3924 contagione
1880 3873 2010 3928 ope-

469 3928 563 3982 ris.
596 3929 709 3983 Jam
743 3946 870 3990 vero
915 3935 1270 4006 impetiginem
1302 3940 1498 3996 habens
1546 3946 1908 4004 haereticorum
1940 3953 2010 4006 si-

471 4018 681 4085 gnificat
709 4023 1094 4092 collectionem,
1123 4043 1240 4097 qua:
1268 4029 1569 4102 frequenter
1598 4052 1655 4092 se
1681 4039 1733 4093 in
1762 4041 2009 4099 Ecclesiae

464 4123 654 4176 corpus
679 4111 876 4176 inserit,
901 4124 954 4169 et
979 4117 1226 4188 impetigo
1250 4121 1482 4177 laborem
1511 4123 1655 4181 facit.
1687 4129 1851 4186 Porro
1880 4149 2008 4190 aure

459 4196 714 4265 'amputati
755 4211 897 4268 sunt,
930 4207 1226 4271 qulverbo
1269 4224 1374 4265 non
1415 4225 1536 4269 sunt
1567 4217 1770 4286 intenti,
1800 4231 1852 4276 et
1900 4239 2004 4279 non

464 4285 684 4353 implent
710 4291 994 4360 quaejussa
1040 4305 1184 4352 sunt.
1229 4304 1567 4369 Amputatam
1607 4285 1785 4365 aurem
1827 4315 2001 4381 babct,

462 4377 550 4448 qui
598 4377 787 4431 bonum
838 4382 975 4448 quod
1017 4383 1198 4452 incipit
1244 4403 1638 4454 perseveranter
1677 4413 1780 4453 non
1807 4412 2000 4457 servat.

468 4462 628 4516 Porro
651 4464 912 4521 defectum
945 4472 1025 4523 vel
1054 4475 1359 4530 recticulum
1385 4484 1662 4537 contritum
1691 4487 1883 4543 indicat
1910 4484 2002 4546 eos

460 4551 551 4617 qui
583 4566 701 4606 cum
731 4569 952 4623 corpore
978 4559 1073 4612 viri
1111 4563 1236 4628 sint,
1283 4581 1487 4622 rursum
1534 4572 1918 4644 effeminamur,
1950 4591 2004 4634 et

461 4641 579 4694 ideo
601 4645 857 4700 sacrificio
880 4647 968 4703 Dei
995 4653 1359 4717 reprobatiitir.
1387 4659 1488 4713 Sed
1512 4678 1682 4732 neque
1707 4669 1852 4732 panis
1877 4641 2003 4725 alic-

461 4727 664 4796 nigenm
708 4733 926 4789 offertur
973 4736 1101 4805 Deo,
1147 4740 1196 4794 id
1237 4753 1316 4796 est
1343 4727 1997 4825 doctrina—btereticorum,

461 4817 542 4868 vel
573 4832 703 4870 vana
733 4821 902 4875 studia
929 4826 1255 4884 saecularium
1291 4833 1606 4903 litterarum,
1649 4858 1764 4910 qua:
1806 4847 1873 4899 ab
1905 4848 2002 4901 Ec-

460 4901 622 4956 clesia
652 4905 817 4962 aliena
848 4922 989 4966 sunt.
1023 4914 1178 4971 Tales
1225 4920 1410 4978 hostiae
1455 4929 1793 4994 repudiantur
1831 4949 1859 4987 a
1902 4937 2000 4989 Do-

459 4992 620 5046 mino.
654 4995 800 5058 Quod
841 5003 1028 5055 animal
1053 5022 1173 5060 aure
1199 5011 1274 5062 vel
1302 5015 1464 5067 cauda
1491 5031 1798 5086 amputatum
1825 5032 1918 5086 est,
1948 5027 2001 5079 in

455 5092 780 5148 spontaneum
803 5090 1101 5154 sacriﬁcium
1121 5098 1413 5165 suscipitur,
1445 5116 1611 5157 votum
1636 5120 1801 5162 autem
1828 5127 1888 5163 ea:
1911 5113 2000 5164 illo

457 5185 553 5223 non
583 5174 820 5239 solvitur;
849 5176 1104 5243 significat
1129 5186 1265 5250 quod
1295 5188 1379 5255 qui
1409 5191 1588 5246 intima
1618 5206 1670 5248 et
1698 5209 1815 5251 vota
1857 5215 2000 5254 sum-

455 5274 538 5312 ma
561 5254 824 5332 religionis
843 5268 1055 5333 habent,
1075 5273 1151 5326 vel
1173 5279 1362 5342 gradus
1381 5281 1647 5349 sublimes,
1668 5288 1999 5356 irreprclien-

455 5348 678 5407 sibiliter
705 5357 883 5411 vivere
914 5359 1106 5413 debent
1134 5364 1338 5429 qualem
1387 5348 1667 5436 Apostolus
1694 5348 1993 5446 episcopum

453 5438 532 5491 vel
565 5440 838 5500 diaconum
867 5462 985 5501 esse
1013 5448 1205 5506 debere
1242 5452 1501 5523 designat.
1534 5462 1630 5526 Qui
1661 5438 1832 5520 autem
1862 5438 1996 5522 infe-

454 5527 628 5590 rioris,
670 5534 904 5616 vei-sine
949 5539 1131 5606 gradu,
1167 5553 1282 5598 vota
1312 5546 1447 5614 ejus,
1491 5557 1543 5602 et
1589 5553 1838 5622 quidquid
1869 5557 1994 5612 boni

452 5617 742 5674 voluntarie
773 5622 970 5689 fecerit,
1021 5632 1338 5698 acceptabile
1380 5645 1481 5689 est.
1526 5617 1674 5704 Quod
1713 5617 1773 5696 de
1802 5646 1920 5698 bove
1945 5657 1993 5700 et

448 5722 534 5760 ore
563 5716 606 5759 et
633 5724 786 5788 capra
804 5712 942 5776 dicit,
965 5719 1099 5781 quod
1118 5736 1205 5772 sex
1225 5722 1396 5777 diebus
1420 5729 1506 5780 sub
1528 5730 1673 5785 ubere
1700 5737 1871 5788 matris
1892 5751 1996 5794 sua:

2031 4521 2081 4581 Ι)

2116 3494 2185 3546 ris
2216 3493 2486 3567 lsraelitw,
2529 3521 2674 3572 quem
2712 3501 2968 3580 pepererat
3012 3517 3074 3570 de
3114 3520 3220 3573 viro
3260 3521 3532 3593 ligypﬁ'o,
3577 3531 3660 3597 qui

2117 3585 2344 3666 iurgatus
2368 3601 2442 3643 est
2466 3593 2516 3645 in
2551 3599 2745 3665 castris,
2777 3610 2823 3654 et
2851 3603 3208 3673 blasphentoeit
3247 3585 3544 3682 Dominum,
3588 3585 3663 3672 si-

2112 3677 2324 3744 gniﬁcat
2354 3680 2652 3753 haereticos,
2684 3689 2771 3756 qui
2798 3691 2865 3746 de
2893 3705 3039 3762 patre
3065 3696 3276 3755 diabolo
3302 3704 3486 3770 geniti,
3522 3677 3574 3760 et
3597 3723 3659 3762 ex

2113 3779 2264 3824 utero
2296 3773 2477 3828 matris
2507 3774 2761 3835 Ecclesia:
2791 3790 3033 3853 tanquam
3080 3790 3306 3846 abortivi
3354 3794 3532 3862 eiecti,
3573 3813 3660 3866 per

2111 3855 2353 3915 fallacem
2377 3862 2666 3921 doctrinam
2690 3868 2966 3928 Dominum
2989 3855 3498 3953 blasphemanL'lpsi
3517 3855 3659 3952 sum,

2111 3945 2176 3999 de
2202 3949 2391 4015 quibus
2418 3951 2646 4010 Joannes
2673 3958 2746 4013 ait
2788 3977 2802 4012 :
2842 3945 3196 4021 Exierunt}:
3235 3973 3397 4042 nobis,
3422 3945 3531 4028 'sed
3562 3945 3658 4029 non

2109 4046 2251 4090 erant
2289 4055 2349 4093 ea:
2385 4043 2526 4096 nobis
2540 4060 2560 4107 ;
2591 4045 2662 4115 de
2705 4049 2894 4115 quibus
2936 4054 2987 4106 in
3028 4056 3316 4126 Evangelio
3343 4062 3491 4127 dicit,
3522 4070 3656 4134 quod

2108 4127 2337 4184 inimicus
2367 4132 2515 4186 homo
2540 4140 2945 4204 super-seminavit
2981 4145 3178 4200 zizania
3206 4150 3396 4216 tritico,
3444 4153 3532 4222 qui
3557 4156 3657 4210 sci-

2107 4217 2231 4272 licet
2270 4221 2419 4288 juxta
2470 4224 2755 4293 imperium
2785 4229 2992 4288 Domini
3017 4239 3084 4290 ab
3108 4240 3253 4294 omni
3294 4217 3656 4310 plebe-sancta

2105 4307 2363 4376 lapidibus
2378 4313 2800 4375 testimoniorum
2821 4323 3074 4381 obruendi
3087 4338 3212 4384 sant
3233 4307 3385 4386 extra
3411 4334 3502 4388 Ec.
3517 4337 3655 4391 lesia:

2105 4409 2299 4452 castra.

2658 4496 2880 4555 CAPUT
2915 4501 3080 4557 XXV.

2175 4581 2323 4646 Quod
2353 4591 2526 4638 autem
2568 4587 2712 4654 dicit,
2753 4591 2955 4662 Septem
2991 4599 3138 4650 anuis
3160 4615 3266 4652 sere
3289 4616 3468 4670 agrum
3495 4617 3647 4672 tum»,

2101 4678 2155 4722 et
2184 4673 2404 4740 reliqua,
2435 4677 2660 4744 septimo
2684 4693 2822 4734 anno
2849 4693 3024 4736 autem
3056 4688 3155 4740 erit
3195 4689 3471 4746 sabbatum
3502 4704 3650 4751 terra:

2105 4760 2384 4826 quietionis
2433 4765 2658 4832 Domini,
2706 4770 2860 4825 nobis
2906 4772 3132 4828 insinuat
3177 4779 3314 4847 quod
3339 4781 3428 4837 ille
3471 4787 3557 4854 qui
3598 4787 3647 4840 in

2105 4858 2328 4915 quatuor
2353 4853 2626 4910 virtutibus
2655 4860 2848 4926 quibus
2874 4860 3096 4917 humana
3126 4869 3229 4922 vita
3261 4853 3570 4940 instituitur,
3599 4875 3646 4928 id

2100 4946 2203 5003 est,
2241 4939 2292 4991 in
2323 4939 2623 4997 fortitudine
2646 4955 2698 4998 et
2737 4949 3030 5018 prudentia,
3074 4954 3298 5024 justitia,
3347 4972 3642 5029 temperan-

2102 5026 2193 5090 tia,
2223 5029 2469 5097 adjuncta
2499 5033 2598 5086 fide
2637 5047 2690 5090 et
2717 5053 2832 5106 spe,
2865 5050 2987 5098 tunc
3012 5050 3150 5102 enim
3195 5026 3512 5117 supradictae
3540 5059 3643 5110 vir-

2100 5123 2237 5170 tutes
2267 5120 2569 5188 proficiunt,
2599 5139 2717 5179 cum
2746 5143 2887 5186 certa
2917 5134 3019 5189 fide
3040 5147 3094 5190 et
3117 5152 3212 5204 spe
3235 5140 3527 5198 futurorum
3555 5146 3642 5200 bo-

2099 5221 2282 5260 norum
2327 5223 2597 5279 ornantur,
2647 5212 2876 5276 solerter
2927 5222 3248 5280 laboraverit
3299 5229 3354 5284 in
3392 5233 3639 5294 claritate

2097 5297 2353 5363 perfecta,
2377 5300 2492 5356 sine
2521 5309 2627 5358 ullo
2654 5308 2852 5375 labore,
2883 5321 2935 5364 et
2961 5313 3076 5368 sine
3100 5317 3289 5373 timore
3331 5326 3636 5389 requiescet.

2099 5389 2330 5441 Perfecta
2361 5393 2519 5459 enim,
2561 5398 2741 5466 inquit,
2769 5403 2998 5457 cliaritas
3026 5407 3184 5460 mittit
3210 5411 3352 5466 foras
3378 5413 3634 5469 timorem.

2097 5475 2245 5529 Tunc
2272 5489 2322 5531 et
2364 5488 2498 5537 terra
2527 5498 2700 5542 nostra
2742 5492 3049 5561 sabbatizat,
3082 5497 3136 5550 id
3179 5509 3263 5553 est
3303 5516 3428 5556 eam
3465 5517 3633 5560 nostra

2097 5571 2424 5628 cessantibus
2453 5575 2719 5633 laboribus
2734 5581 2982 5636 uitiorum
3006 5585 3263 5644 ebaritate
3283 5594 3632 5662 requiescens,

2095 5668 2280 5723 sponte
2319 5664 2478 5733 gignit
2524 5668 2819 5743 spirituales
2846 5674 3066 5740 fructus,
3098 5680 3289 5744 quibus
3327 5696 3432 5735 non
3468 5684 3631 5738 stilum

2097 5760 2212 5815 nos,
2244 5751 2333 5805 sed
2378 5755 2531 5809 etiam
2562 5757 2698 5812 servi
2748 5771 2798 5814 et
2837 5764 3060 5832 ancillr,
3114 5768 3196 5822 vel
3241 5773 3548 5828 mercenarii
3575 5777 3624 5828 et
