3898 6260
172 403 281 458 357

934 396 996 452 ΙΝ
1038 397 1594 455 ΡΕΝΤΑἹἙΕΟΙΙΗΜ
1637 396 2124 455 COMMENTADII.
2166 431 2232 442 --
2271 401 2547 459 NUMERI.

3280 416 3382 474 368

171 513 410 574 advenat,
442 513 541 564 hoc
565 517 666 573 est,
699 522 856 563 omne
899 523 1067 577 genus
1095 506 1236 577 quod
1279 523 1472 578 sagena
1503 521 1728 577 evange-
1759 511 1806 570 Λ
1834 519 1978 576 ειιιιι,
2003 518 2058 565 ει
2093 515 2440 580 perlecturum
2483 515 2763 584 exemplis,
2802 526 2861 572 ut
2898 518 3146 587 diximus,
3175 536 3382 592 pactum

172 603 272 654 lica
300 601 456 654 trahit
479 599 546 653 ad
570 599 732 652 littus.
766 597 1014 665 Exempla
1045 598 1186 652 enim
1217 600 1521 651 sanctorum
1553 604 1728 664 pastus

169 700 296 744 sunt
325 687 577 742 ﬁdelium.
623 685 774 742 Servi
804 694 949 752 sunt,
978 686 1064 754 qui
1114 685 1178 739 ad
1225 673 1557 753 adoptionem
1596 683 1730 738 ﬁlio-

171 793 292 830 tum
321 778 552 832 nondum
588 783 860 829 venerunt.
911 772 1059 828 Unde
1086 771 1336 827 Dominus
1365 772 1617 841 ap0stolis
1651 772 1732 826 di-

167 867 244 920 cit
274 884 286 918 :
309 864 426 919 1am
453 882 553 920 non
578 866 744 918 dicam
771 879 855 916 ros
881 878 1066 926 εει-εει,
1097 865 1186 940 sccl
1213 863 1367 932 ﬁlios.
1394 863 1607 916 Ancilla:
1633 878 1728 916 au-

171 966 281 1010 tem
324 964 468 1019 sunt,
516 970 604 1024 qut
649 954 880 1008 molliter
929 953 1202 1018 viventes,
1255 955 1370 1020 plus
1416 956 1732 1009 necessitate

169 1045 350 1113 aliqua
379 1044 658 1110 compulsi,
690 1058 844 1111 quam
872 1041 1136 1096 desiderio
1181 1043 1416 1108 accensi,
1445 1043 1543 1096 sub
1573 1043 1732 1096 disci-

172 1137 316 1203 plina
362 1134 716 1189 ecclesiastica
779 1142 1136 1202 perseverant.
1192 1134 1500 1188 Mercenarii
1557 1143 1731 1186 autem

168 1235 318 1289 sunt,
345 1225 435 1294 qui
468 1236 685 1294 propter
708 1226 987 1292 praesentia
1021 1225 1162 1279 lucra
1215 1226 1266 1278 in
1311 1223 1542 1278 Ecclesia
1585 1223 1732 1277 labo-

171 1326 311 1368 rant.
347 1317 575 1369 Advenit:
622 1326 797 1369 autem
839 1324 961 1369 sunt
1009 1330 1176 1384 nuper
1213 1316 1553 1370 advenientes
1598 1327 1736 1368 neo-

171 1408 346 1478 pbyti,
377 1409 466 1476 qui
496 1423 684 1462 onmes
710 1407 977 1475 quomodo
1021 1419 1164 1472 sunt,
1195 1418 1368 1462 tamen
1414 1410 1465 1462 in
1495 1408 1732 1463 Ecclesia

1833 600 2114 665 quemdam
2143 613 2435 657 assumunt.
2479 603 2554 659 De
2576 604 2793 672 jubilazo
2823 617 3022 676 autem,
3057 611 3155 667 hoc
3183 624 3284 680 est,
3314 617 3383 671 de

1832 701 1970 742 anno
2017 691 2345 745 remissionis
2395 693 2493 746 hoc
2535 707 2813 761 possumus
2861 698 3055 766 dicere,
3101 703 3383 770 qnod,cx-

1837 777 1988 843 pletis
2027 788 2231 847 septem
2279 780 2624 835 hebdomadis
2653 791 3298 864 annorum,,quadraginta
3330 805 3385 848 et

1837 884 2021 922 novem
2054 871 2226 933 annis,
2251 871 2688 940 quinquagesimo
2717 874 2906 930 docere
2934 892 3072 932 anno
3101 885 3435 947 quamdam“

1834 959 2069 1028 requiem
2118 961 2330 1026 habere,
2379 963 2608 1016 edomita
2655 979 2836 1034 carne,
2882 976 2936 1022 et
2986 969 3188 1025 libidini
3217 975 3383 1030 lenius

1836 1052 2137 1115 resistente,
2170 1053 2378 1119 quando
2408 1063 2460 1108 et
2490 1054 2700 1110 feminis
2731 1065 2910 1132 partus
2943 1059 3204 1130 deﬁciant,
3236 1074 3385 1118 tunc-

1835 1154 1937 1207 que
1983 1151 2274 1195 revertetur
2322 1142 2386 1195 ad
2437 1145 2823 1212 possessionem
2870 1163 3040 1204 suam.
3071 1152 3216 1208 Tunc
3245 1156 3384 1208 enim

1838 1228 2096 1296 perfector
2107 1239 2200 1284 um'
2215 1244 2276 1283 ac
2298 1231 2552 1284 virtutum
2576 1234 2826 1290 familiam
2852 1239 2969 1306 quis
2989 1242 3201 1307 poterit,
3231 1257 3385 1310 quam

1837 1318 1918 1372 lex
1951 1329 2230 1388 antequam
2263 1330 2504 1387 peccaret
2549 1323 2630 1377 vel
2658 1334 2804 1380 certe
2833 1341 2926 1395 per
2951 1328 3268 1398 baptismum
3300 1333 3388 1386 ba-

1835 1407 1962 1462 bere
1991 1410 2174 1476 potuit.

617 1507 3390 1546 ___..__..____________________________

435 1597 1175 1677 EXPLANATIO
1253 1598 1367 1677 IN
1445 1594 2043 1700 QUARTUM
2120 1594 2572 1676 LIBRUM
2650 1596 3082 1690 MOISIS,

904 1708 1027 1782 Qui
1061 1708 1365 1770 Ilebraice
1398 1710 1835 1779 \‘steosnnsn,
1874 1705 2067 1765 latine
2098 1706 2352 1765 Nouem
2398 1707 2656 1767 dicitur.

683 1825 904 1880 CAPUT
943 1825 1214 1881 PRIMUM.

247 1923 303 1977 ι..
331 1923 551 1977 exordio
580 1921 795 1975 Numeri
831 1923 1076 1976 Dominus
1103 1924 1322 1992 loquimr
1350 1922 1418 1974 ad
1447 1921 1658 1990 Moysen
1679 1922 1729 1973 in

166 2013 393 2066 secunda
439 2029 620 2076 mense,
669 2023 714 2067 et
761 2016 810 2064 in
836 2015 1052 2065 secundo
1079 2029 1213 2065 anno
1240 2013 1534 2081 egressionis
1559 2026 1730 2064 eorum

166 2116 232 2154 ea:
277 2099 524 2170 )Egypto.
574 2101 672 2154 l‘er
714 2104 852 2169 quod
906 2100 1202 2154 ostenditur
1250 2110 1457 2168 tempus
1505 2101 1730 2153 transire

169 2190 324 2256 legis,
355 2189 491 2257 quod
526 2189 667 2255 prius
714 2198 850 2252 erat,
881 2189 1123 2256 superius
1153 2197 1287 2256 eral,
1328 2189 1732 2256 superveniente

170 2277 295 2330 novi
326 2275 622 2330 testamenti
656 2284 915 2343 tempore,
958 2277 1095 2345 quod
1125 2287 1207 2332 est
1237 2278 1524 2344 posterius;
1546 2278 1594 2330 iu
1626 2291 1730 2346 quo

169 2367 428 2420 Dominus
474 2368 678 2422 locntns
712 2366 809 2422 est
856 2369 905 2422 in
952 2383 1190 2436 corpore.
1229 2367 1410 2422 Vetera
1447 2370 1611 2430 enim.
1641 2369 1732 2423 in-

165 2459 305 2526 quit,
339 2457 664 2517 transierunt.
711 2474 823 2512 ecce
855 2455 986 2524 facta
1015 2471 1128 2514 sunt
1157 2461 1327 2513 omnia
1355 2476 1502 2514 nova.
1551 2461 1602 2513 Ιιι
1635 2459 1732 2514 hac

166 2546 316 2600 enim
344 2547 599 2612 dictione,
626 2563 727 2616 qua
760 2553 961 2605 loculus
982 2558 1084 2615 est,
1111 2562 1337 2620 quatuor
1358 2551 1728 2605 ostemlnntur.

171 2637 352 2696 Primo
384 2638 612 2706 dignitas
641 2634 899 2705 personae,
930 2641 1053 2694 dum
1084 2641 1252 2710 Moysi
1283 2651 1334 2694 ct
1381 2656 1481 2695 non
1529 2641 1615 2695 alii
1646 2641 1724 2694 lu-

168 2726 384 2794 quitur;
409 2727 642 2780 secundo
684 2730 1062 2793 misericordia,
1088 2731 1213 2782 dum
1237 2745 1338 2783 non
1363 2733 1548 2785 meruit
1579 2732 1734 2784 homo

168 2813 370 2868 habere
399 2814 716 2879 locutionem
747 2816 981 2882 Domini,
1008 2817 1107 2872 nisi
1140 2819 1498 2872 misericordia
1528 2820 1733 2874 Dotnini

169 2901 466 2970 praeberet;
498 2903 651 2957 tertio
694 2919 839 2958 more
869 2905 1118 2971 humano,
1148 2907 1268 2974 quia
1298 2908 1376 2961 sic
1404 2909 1470 2961 de
1516 2908 1736 2967 Domino

167 2992 366 3046 dictum
387 3003 467 3046 est
491 2991 762 3062 :Loquitur
780 2993 1198 3063 Dominus,quasi
1215 2996 1280 3050 de
1299 2996 1511 3049 homine
1537 2998 1605 3049 ιιι.
1625 3012 1735 3052 ere-

169 3091 276 3146 tur;
293 3084 706 3149 quarto,locutio
723 3085 927 3137 Domini
953 3085 1276 3153 intelligitur.
1307 3085 1405 3140 Per
1428 3087 1526 3142 hoc
1558 3097 1732 3142 autem

1766 1831 1808 1889 Β
1834 1821 1972 1891 quod
2003 1831 2120 1876 est:
2148 1821 2289 1875 Tolle
2311 1840 2558 1893 summam
2602 1824 2830 1892 ﬁliorum
2869 1824 3052 1894 Israel,
3085 1841 3136 1884 et
3165 1814 3389 1901 reliqua,

1829 1911 2108 1978 signiﬁcari
2126 1922 2297 1980 pclest
2313 1915 2449 1981 quod
2468 1914 2685 1990 dicitur:
2708 1912 2862 1970 Multi
2885 1928 3052 1971 autent
3069 1927 3184 1972 sunt
3207 1926 3389 1988 vocati,

1829 1999 1979 2064 pauci
2022 2014 2135 2052 εει-ο
2163 2000 2329 2053 electi.
2358 2004 2400 2052 Α
2432 2002 2670 2070 eigesimo
2699 2019 2856 2068 anno,
2909 2006 2958 2058 id
2989 2017 3070 2060 est
3096 2010 3312 2063 historia
3339 2020 3392 2067 et

1827 2096 2006 2138 sensu.
2035 2085 2183 2151 Quod
2214 2101 2465 2141 numerus
2509 2089 2596 2142 hic
2642 2104 2747 2143 non
2778 2092 2978 2158 ﬁnitur,
3008 2093 3264 2162 signiﬁcat
3293 2114 3388 2152 nu-

1829 2187 2030 2226 merum
2065 2173 2320 2229 Ecclesiae
2367 2190 2471 2229 non
2502 2191 2621 2230 esse
2652 2177 2939 2232 liniendum
2963 2196 3126 2250 usque
3153 2185 3204 2237 in
3229 2185 3385 2240 ﬁnem

1831 2264 2033 2317 mundi.
2063 2265 2318 2334 Quodque
2363 2266 2450 2319 hic
2498 2266 2692 2336 singuli
2741 2282 3103 2335 numerantur,
3129 2273 3388 2341 signiﬁcat

1830 2355 2049 2409 nomina
2065 2366 2370 2411 sanctorum
2403 2358 2579 2410 omnia
2613 2357 2664 2411 in
2695 2359 2832 2412 εωιο
2861 2374 2979 2414 εεεε
3006 2377 3297 2432 numerata,
3330 2379 3389 2420 ut

1830 2460 2053 2515 quorum
2084 2447 2292 2499 nomina
2316 2447 2508 2513 scripta
2535 2454 2655 2498 sunt
2683 2447 2734 2499 in
2763 2447 2932 2502 caelis.
2959 2448 3179 2504 Nomina
3209 2465 3384 2508 aut-sin

1833 2546 2167 2605 peccatorum
2240 2549 2333 2604 pro
2369 2527 2590 2589 'duabus
2647 2538 2819 2591 causis
2883 2553 3383 2597 commemorantur.

1835 2627 2030 2690 Prima,
2063 2635 2120 2680 ut
2164 2639 2268 2679 non
2313 2625 2624 2679 simulentur
2667 2626 2718 2678 in
2767 2620 3023 2696 moribus,
3051 2631 3299 2697 secunda,
3333 2642 3388 2685 ut

1833 2715 1941 2769 illis
1966 2712 2280 2783 adjiciantur
2329 2729 2518 2781 pinnae.
2545 2714 2642 2780 Qui
2686 2726 2860 2768 autem
2913 2717 3301 2783 praeteriuntur,
3336 2720 3386 2773 id

1833 2814 1934 2868 est,
1966 2805 2053 2871 qui
2095 2819 2198 2857 non
2230 2812 2535 2856 meruerunt
2587 2805 2892 2856 memoriam
2926 2806 2979 2858 in
3005 2807 3272 2874 Scriptura
3301 2810 3387 2862 di-

1835 2892 1972 2945 vina.
2006 2892 2229 2946 Sanctus
2279 2907 2421 2955 Vero,
2448 2893 2536 2960 qui
2582 2907 2685 2946 non
2728 2907 3244 2962 commemorantur;
3269 2901 3389 2964 quia

1834 2983 2073 3051 quamvis
2115 2997 2327 3036 sent-um
2371 2997 2466 3035 suo
2513 2997 2673 3050 opere
2727 2981 2951 3048 sanavit,
2987 2994 3156 3037 tamen
3203 2987 3271 3037 ab
3302 2987 3392 3038 illo

1838 3075 2078 3142 exempla
2111 3075 2275 3126 tenuit
2303 3088 2478 3126 nemo.
2510 3073 2743 3140 Quatuor
2787 3081 2960 3128 autem
3013 3074 3184 3128 modis
3232 3091 3392 3129 omne

169 3171 397 3241 mystice
419 3173 688 3239 inspiralio
711 3173 798 3226 Dei
814 3173 877 3227 ad
895 3174 1059 3242 legem
1080 3174 1533 3244 signiticaturJ’er
1558 3178 1730 3230 deser-

1835 3164 1971 3231 quod
2001 3164 2194 3218 dicitur
2224 3163 2548 3231 perhibetur,
2578 3163 2626 3216 id
2671 3171 2751 3216 εει
2795 3162 2992 3217 bonum
3043 3163 3199 3230 bene,
3225 3174 3280 3218 ut
3307 3167 3392 3217 hic

169 3271 277 3313 tum
307 3271 503 3328 autem,
538 3263 727 3329 inquit,
760 3262 1005 3316 Dominus
1052 3265 1244 3317 locutus
1286 3277 1356 3318 est
1400 3268 1464 3318 ad
1499 3266 1729 3335 Moysen,

171 3351 257 3404 hic
289 3353 515 3404 mundus
547 3366 778 3418 praisens
820 3366 915 3421 pro
963 3367 1054 3407 sua
1087 3355 1434 3423 prosperitate
1474 3357 1732 3422 sigmtica-
1775 3385 1780 3390 -

171 3451 275 3492 tur.
332 3439 681 3493 llistorialiter
725 3450 900 3494 autem
950 3443 1146 3497 idcirco
1193 3444 1401 3513 Moyses
1446 3444 1584 3498 dixit
1633 3445 1733 3498 Per

170 3534 404 3600 spiritum
432 3534 627 3585 locutus
670 3541 744 3584 est
787 3535 856 3584 ad
884 3532 1112 3602 Moysen,
1144 3543 1200 3588 ut
1239 3535 1406 3605 Moysi
1451 3551 1673 3603 persona
1699 3552 1730 3588 a

169 3636 260 3673 sua
295 3620 448 3687 plebe
479 3621 942 3684 honorilicaretur,
989 3625 1111 3675 dum
1159 3637 1263 3675 non
1309 3623 1398 3676 alii
1431 3623 1542 3674 viro
1572 3637 1729 3690 quam

169 3711 294 3766 huic
319 3711 524 3766 locutus
552 3713 640 3764 sit.
677 3712 801 3766 Dua:
831 3723 1005 3767 autem
1036 3715 1242 3769 Domini
1275 3716 1592 3780 locutiones,
1625 3731 1728 3770 una

171 3801 222 3852 in
256 3799 409 3862 rubo,
439 3807 493 3853 et
519 3800 683 3854 altera
715 3801 767 3854 in
799 3802 1157 3867 tabernaculo,
1191 3803 1323 3858 duas
1354 3806 1491 3872 leges
1529 3803 1731 3873 signiﬁ-

171 3897 273 3940 cat.
307 3887 406 3941 Per
437 3886 659 3956 primum
691 3904 900 3958 quoque
939 3891 1077 3946 diem
1112 3901 1276 3945 totum
1321 3894 1545 3960 spatium
1593 3910 1728 3963 pra:-

171 3979 340 4032 sentis
365 3979 564 4044 scecnli,
591 3988 646 4034 et
670 3983 905 4035 secundo
936 3997 1119 4038 mense
1154 3986 1258 4037 vita
1291 3984 1459 4038 lutum
1499 3988 1731 4040 ostendi-

174 4082 276 4138 tur,
299 4071 413 4124 sive
454 4071 770 4139 baptismum
811 4082 863 4127 et
904 4074 1280 4141 pmnitentiam.
1308 4076 1359 4130 In
1389 4077 1534 4131 initio
1554 4088 1728 4132 autem

174 4158 329 4228 hujus
357 4158 476 4213 libri
507 4175 674 4227 genus
703 4163 834 4216 artis
865 4164 1211 4217 arithmeticze
1252 4165 1577 4233 intelligitur,
1611 4183 1730 4236 qua:

174 4257 348 4317 potest
390 4247 740 4303 numerositas
787 4250 1142 4318 interpretari.
1193 4252 1309 4306 Filii
1358 4263 1530 4309 autem
1571 4255 1729 4310 Israel

177 4353 268 4406 per
291 4346 398 4391 tres
426 4349 790 4402 numerantur,
821 4342 1179 4407 cognationes,
1223 4355 1276 4398 et
1318 4344 1524 4408 domos,
1555 4353 1609 4398 et
1638 4360 1732 4398 no-

176 4427 337 4489 mina,
367 4426 486 4492 quia
516 4427 810 4480 ostenditur
839 4426 977 4495 quod
1027 4431 1194 4483 sancti
1244 4446 1336 4498 per
1377 4442 1578 4486 ternum
1612 4442 1734 4486 sinit

1833 3253 2036 3308 locutus
2081 3265 2161 3308 cst
2211 3253 2462 3307 Dominus
2492 3253 2556 3312 ad
2604 3251 2839 3321 Moysen.
2897 3253 3089 3306 Malum
3119 3254 3277 3317 male,
3307 3255 3393 3308 dic

1833 3344 2051 3398 verbum
2099 3344 2314 3411 aliquod
2360 3354 2542 3405 contra
2590 3341 2777 3396 Deum.
2810 3342 3010 3394 Bonum
3051 3342 3208 3406 male,
3235 3353 3291 3395 ut
3339 3353 3392 3396 ιιι

1832 3433 1906 3486 sis
1935 3432 2215 3500 discipulus
2245 3434 2403 3485 illius.
2437 3431 2630 3483 Malum
2660 3430 2817 3495 bene,
2847 3438 2905 3482 ut
2931 3429 3250 3483 transierunt
3278 3446 3390 3483 ma.

1831 3512 1962 3572 sculi
1992 3522 2276 3583 masculos,
2304 3528 2359 3572 et
2385 3518 2603 3585 reliqua.

1901 3605 2177 3658 Duodecim
2207 3606 2456 3674 principes
2482 3621 2512 3658 a
2537 3604 2711 3674 Moyse
2735 3611 2780 3656 et
2810 3604 2982 3657 Aaron
3025 3603 3163 3658 electi
3191 3605 3390 3674 signiﬁ-

1829 3708 1949 3752 cant
1979 3698 2256 3750 duodecim
2291 3697 2582 3766 prophetas'
2601 3705 2656 3750 et
2688 3695 2905 3750 totidem
2930 3697 3197 3764 apostolos
3216 3713 3244 3750 ιι
3275 3698 3390 3765 lege

1830 3796 1881 3841 et
1907 3788 2207 3842 Sacerdotio
2231 3788 2432 3842 electos
2474 3788 2540 3841 ad
2583 3789 2868 3856 regendam
2901 3789 2992 3842 Dei
3022 3790 3182 3856 patris
3207 3789 3390 3844 Eccle-
3421 3789 3427 3793 ’

1830 3877 1984 3930 siam.
2014 3876 2249 3943 Quatuor
2272 3885 2448 3930 autem
2481 3890 2724 3946 persona:
2754 3887 3106 3944 coeperantur
3135 3876 3187 3930 in
3215 3878 3391 3930 taber-

1832 3966 2004 4019 naculi
2053 3973 2260 4030 ornatu,
2294 3965 2344 4018 id
2398 3974 2498 4029 est,
2535 3964 2648 4029 Dei,
2675 3973 2730 4018 et
2772 3964 2957 4034 Moysi,
3000 3974 3056 4018 ct
3103 3966 3300 4029 Aaron,
3337 3975 3391 4020 et

1832 4061 2020 4127 plebis.
2051 4059 2145 4116 Sic
2169 4067 2224 4113 et
2255 4058 2490 4112 Ecclesia
2527 4058 2605 4110 his
2631 4067 2856 4125 quatuor
2882 4057 3120 4123 personis
3150 4066 3388 4122 ornatur,

1832 4149 1882 4202 id
1910 4156 2011 4212 est,
2046 4161 2111 4198 es
2146 4145 2274 4211 Deo,
2305 4154 2358 4198 et
2385 4147 2517 4213 lege,
2543 4155 2593 4198 et
2625 4145 2941 4208 sacerdotio,
2975 4155 3028 4198 et
3052 4148 3223 4211 plebe,
3247 4157 3302 4199 et
3320 4163 3386 4216 ex

1831 4247 2052 4310 quat_uor
2082 4235 2395 4302 Evangeliis.
2419 4234 2605 4287 Omnis
2632 4236 2788 4287 etiam
2812 4243 3026 4286 sanctus
3045 4245 3270 4301 quatuor
3293 4252 3386 4289 or.

1833 4337 1985 4383 natur
2011 4326 2308 4388 virtutibus,
2336 4333 2392 4378 ut
2440 4324 2492 4378 in
2544 4323 2804 4392 aliquibus
2830 4322 3096 4386 diximus;
3127 4327 3238 4380 sive
3257 4341 3385 4394 qua-

1839 4427 1974 4481 tuor,
2007 4415 2193 4486 quibus
2248 4415 2406 4468 homo
2455 4419 2682 4477 constat,
2719 4421 2822 4478 est,
2856 4412 3068 4467 humido
3112 4423 3166 4468 et
3213 4417 3383 4481 arido,

176 4514 505 4579 numerandi,
541 4513 592 4568 id
640 4523 722 4569 est
764 4529 931 4584 spem,
969 4516 1147 4581 ﬁdem,
1174 4519 1502 4584 charitatem,
1533 4523 1609 4574 vel
1639 4536 1742 4588 per
1762 4540 1809 4597 υ
1838 4509 2006 4597 calido
2034 4515 2087 4562 et
2107 4505 2314 4575 frigido.
2329 4504 2478 4597 Quod
2507 4514 2683 4597 autem
2706 4505 2951 4597 mulieres
2972 4514 3023 4557 et
3037 4505 3382 4597 parvulinon

174 4605 544 4673 cognitionem,
571 4613 626 4658 et
664 4605 904 4668 verbum,
925 4613 977 4660 et
1003 4620 1154 4674 opus,
1178 4608 1288 4661 sive
1314 4622 1405 4675 per
1431 4609 1586 4662 ﬁdem
1612 4611 1733 4663 Tri-

181 4693 375 4746 nitatis.
408 4692 756 4746 llistorialiter
783 4708 909 4748 vero
939 4695 1015 4748 sic
1046 4695 1442 4764 intelligendum
1482 4707 1563 4750 est
1591 4697 1730 4764 quod

176 4782 366 4836 dicitur
394 4796 485 4849 per
526 4781 886 4849 cognationes,
919 4793 974 4836 ut
1001 4792 1083 4838 est
1114 4785 1250 4850 :Qui
1277 4793 1401 4838 sunt
1426 4785 1516 4838 ﬁlii
1545 4785 1728 4851 Jacob,

176 4883 229 4927 et
269 4873 357 4927 ﬁlii
385 4872 533 4938 Levi,
566 4871 617 4926 id
659 4882 762 4933 εει,
795 4874 932 4940 quod
976 4874 1126 4939 dicit,
1156 4890 1259 4943 quo
1305 4877 1517 4930 nomine
1564 4892 1727 4930 unus-

178 4965 395 5032 quisque
419 4978 479 5018 es
509 4962 610 5016 illis
639 4960 943 5015 vocabatur.
1015 4961 1214 5017 idcirco
1259 4974 1312 5018 et
1353 4966 1462 5033 jam
1508 4965 1731 5033 pepulus

181 5054 264 5107 hic
293 5063 596 5109 numeratus
641 5062 741 5116 est,
778 5062 833 5106 ut
879 5052 1268 5108 tabernaculum
1315 5065 1567 5121 portaret.
1597 5054 1728 5108 Mul-

182 5155 288 5196 tum
418 5143 526 5211 jam
555 5146 772 5199 interest
803 5144 853 5199 itt
885 5144 1244 5198 numeratione
1293 5146 1468 5212 populi
1498 5145 1725 5213 Moyses,

181 5239 233 5285 et
277 5232 340 5285 ad
393 5233 572 5288 David.
605 5236 963 5291 Numeratioa
991 5235 1166 5302 Moyse
1212 5243 1266 5287 et
1309 5237 1484 5290 Aaron
1537 5237 1670 5291 l'aCta
1699 5254 1728 5290 a

186 5321 398 5376 Domino
424 5325 671 5391 imperata
702 5337 806 5393 est,
838 5337 891 5382 et
921 5341 1022 5380 non
1050 5339 1144 5394 pro
1171 5323 1485 5391 elevatione,
1517 5327 1606 5380 sed
1636 5341 1729 5394 pro

185 5413 474 5466 obedientia
522 5414 666 5478 facit,
695 5428 751 5470 ut
790 5417 880 5473 ﬁlii
921 5414 1077 5472 lsrael
1126 5414 1519 5466 tabernaculum
1552 5425 1726 5482 porta.

185 5510 299 5555 rent
321 5502 599 5556 secundum
629 5504 942 5576 ordinem,A
974 5502 1135 5560 David
1160 5516 1283 5556 vero
1313 5507 1604 5558 numeratio
1633 5521 1728 5574 pro

184 5593 469 5647 elevatione
516 5593 650 5646 facta
699 5605 799 5658 est,
833 5604 886 5648 et
909 5611 1019 5650 non
1051 5611 1078 5648 a
1111 5592 1333 5648 Domino
1363 5594 1639 5663 imperata,
1673 5611 1726 5654 et

189 5681 376 5740 idcirco
404 5682 679 5737 vindictam
705 5683 910 5739 meruit.
936 5684 1037 5741 Per
1059 5686 1157 5739 hoc
1187 5684 1340 5740 etiam
1364 5683 1721 5743 testimonium

1835 4592 2198 4660 numerantur,
2228 4596 2488 4664 signiﬁcat
2531 4594 2671 4664 quod
2702 4594 2887 4648 molles
2916 4605 2966 4647 et
2997 4593 3300 4660 eﬁ'eminati,
3329 4607 3383 4650 et

1833 4691 1918 4759 qui
1952 4688 2151 4757 parvuli
2193 4689 2242 4740 in
2282 4686 2385 4740 ﬁde
2429 4695 2551 4740 sunt
2597 4685 2828 4739 nondum
2856 4695 3111 4739 venerunt
3139 4686 3188 4740 in
3218 4703 3378 4741 unum

1833 4779 2140 4849 perlectum.
2167 4777 2231 4830 Et
2245 4777 2294 4830 hi
2307 4791 2410 4830 non
2426 4769 2768 4831 numerantur
2782 4779 2830 4830 in
2849 4791 2931 4830 ca.-
2945 4781 3038 4831 lrLs
3055 4787 3383 4846 sanctorum,

1830 4872 1951 4941 quia
1981 4883 2082 4923 non
2100 4881 2375 4936 possumus
2395 4877 2534 4921 stare
2560 4869 2611 4920 in
2638 4867 2772 4920 bello
2797 4867 2935 4934 quod
2965 4869 3200 4936 quotidie
3221 4868 3384 4923 deoc-

1833 4973 1949 5014 mus
1973 4971 2237 5013 exercere.
2263 4956 2386 5011 llaec
2414 4957 2588 5011 omnia
2610 4956 2856 5034 conjungi
2883 4957 3083 5012 debent
3109 4957 3172 5012 ad
3205 4959 3376 5012 locum

1830 5050 1913 5103 ubi
1958 5050 2152 5103 dictum
2185 5056 2265 5100 est
2295 5063 2309 5100 :
2345 5045 2644 5099 Numerabis
2685 5047 2797 5098 illos
2825 5061 2912 5114 per
2960 5055 3168 5109 turmas,
3212 5055 3265 5097 et
3295 5061 3378 5099 re-

1823 5137 1986 5207 liqtta.
2013 5137 2090 5190 De
2113 5134 2286 5189 Ruben
2319 5134 2486 5189 Elisus
2503 5135 2642 5204 ﬁlius
2666 5135 2877 5189 Sedeur.
2895 5135 3036 5190 Ordo
3061 5145 3235 5187 autem
3257 5151 3381 5188 nar-

1822 5231 1972 5284 randi
2013 5229 2090 5283 vel
2132 5229 2438 5280 numerandi
2483 5227 2567 5279 hic
2610 5227 2920 5279 ostenditur.
2946 5225 3144 5277 Nomen
3190 5237 3367 5278 autem

1824 5321 1984 5390 patris
2004 5334 2119 5373 cum
2145 5318 2251 5371 ﬁlio
2274 5319 2469 5372 idcirco
2491 5323 2948 5378 commemoratur,
2973 5329 3036 5367 eo
3063 5316 3200 5382 quod
3233 5326 3381 5384 pater
3416 5326 3427 5335 ‘

1825 5412 1931 5467 ﬁlio
1956 5425 2051 5464 suo
2075 5410 2267 5464 clarior
2297 5410 2394 5463 init
2425 5428 2436 5462 :
2463 5408 2546 5462 vel
2573 5418 2694 5461 ante
2718 5407 2914 5459 dictum
2943 5414 3042 5460 est.
3071 5405 3212 5460 Tolle
3241 5422 3384 5460 sum-

1833 5519 1968 5556 mam
1993 5503 2214 5567 ﬁliorum
2263 5501 2426 5554 Israel
2469 5516 2554 5569 per
2580 5497 2894 5568 cognationes
2933 5512 3070 5561 suas,
3102 5508 3150 5551 et
3177 5499 3377 5560 domos,

1830 5604 1877 5649 et
1899 5593 2120 5646 nomina.
2145 5593 2362 5656 Quando
2403 5601 2575 5669 autem
2601 5587 2668 5643 ad
2694 5587 2986 5644 Ecclesiam
3016 5587 3238 5655 reiertur
3264 5595 3380 5643 haec

1831 5683 2140 5750 numeratio,
2156 5683 2446 5738 ostenditur
2467 5681 2586 5752 quia
2609 5697 2704 5751 per
2730 5681 2922 5737 multas
2944 5679 3162 5738 virtutes
3185 5694 3372 5736 omnes
