3898 6260
527 376 631 430 35!)

1019 369 1215 425 BEDJE
1259 366 1700 423 V'ENERABILIS
1739 362 2012 419 OPEllUM
2057 359 2229 414 ΡΑΙῶ
2272 359 2329 412 ll.
2373 387 2436 397 —
2478 355 2857 410 EXECETI’CA
2899 343 3214 410 GENUINA.

3614 353 3716 408 360

523 489 691 536 sancti
731 487 1067 532 nuerantur
1093 493 1107 540 ;
1137 486 1190 530 et
1216 477 1406 544 capita,
1440 474 1490 528 id
1517 483 1594 528 est
1622 473 1938 540 principatus
1965 487 1979 535 ;
2011 478 2063 521 et
2093 471 2135 529 Λ
2163 475 2320 535 gunt;
2353 476 2406 521 et
2429 473 2651 533 quatuor
2678 465 2990 527 exteriores,
3011 465 3097 533 qui
3125 463 3418 519 defendunt
3473 465 3720 518 taberna-

524 567 882 637 quadraginta,
916 567 966 619 id
1005 575 1087 619 est
1109 574 1331 632 quatuor
1361 563 1680 630 Evangelia;
1712 575 1825 624 sex,
1859 560 1957 612 hoc
1985 568 2066 610 est

524 655 700 708 mundi
729 665 884 718 aetas;
916 662 970 708 et
995 653 1288 720 quingenti,
1317 651 1367 704 id
1396 649 1724 716 estquinque
1757 647 1874 699 libri
1900 645 2063 712 Moysi

521 745 686 812 legis;
712 742 1103 812 quinquaginta,
1147 740 1196 792 id
1236 749 1320 794 est
1359 738 1673 806 pmoitentes
1699 750 1713 799 ;
1739 732 1980 798 trecenti,
2013 732 2064 784 id

521 843 601 886 est
628 833 757 886 fides
785 831 1072 886 Trinitatis.
1103 831 1300 882 Omnes
1341 838 1516 879 autem
1567 824 1790 888 numeri,
1831 823 1914 890 qui
1965 820 2068 872 huc

523 935 688 987 usque
730 918 988 974 numerati
1021 926 1163 981 sunt,
1203 915 1382 968 mundi
1424 914 1578 966 aliam
1610 914 1824 979 ligurum
1869 917 2062 962 tenent.

524 1008 718 1061 Levita:
760 1022 887 1060 vero
938 1020 1041 1058 non
1091 1013 1213 1057 sunt
1255 1001 1505 1055 numerati
1531 1014 1648 1052 cum
1681 999 1803 1063 illis,
1836 1011 1900 1050 eo
1929 996 2063 1064 quod

524 1095 739 1147 Domino
773 1093 1003 1146 dedicati
1051 1100 1191 1144 sunt.
1220 1089 1325 1143 Sed
1367 1089 1632 1142 constitues
1673 1086 1786 1139 illos
1813 1100 1962 1152 super
1989 1094 2065 1134 ta-

524 1183 846 1234 bernaculum
874 1196 894 1233 :
921 1195 1017 1249 per
1049 1181 1148 1232 hoc
1171 1177 1429 1246 significat
1470 1182 1702 1240 sanctos,
1734 1189 1864 1239 quos
1893 1172 2064 1224 Domi-

520 1283 619 1323 nos
645 1269 916 1322 catastituit
956 1283 1116 1335 super
1145 1267 1429 1320 Ecclesiam
1472 1265 1539 1317 de
1571 1263 1764 1316 mundo
1784 1262 1846 1314 ad
1875 1263 2064 1314 caelum

521 1359 852 1425 portandum,
881 1359 992 1411 sive
1017 1357 1068 1410 in
1099 1367 1528 1423 unumquemque
1551 1359 1809 1415 sanctum,
1835 1350 1920 1417 qui
1947 1365 2066 1404 sen-

519 1449 667 1500 sibus
700 1447 947 1513 perfectis
991 1446 1056 1497 ad
1104 1458 1258 1512 regna
1291 1445 1547 1496 caelorum
1578 1449 1831 1507 portatur,
1856 1449 1910 1492 ut
1937 1439 2066 1492 dici-

523 1546 627 1594 tur,
661 1535 841 1587 Omnia
884 1534 990 1586 Ita'c
1033 1534 1085 1585 in
1114 1533 1335 1600 ﬁguram
1385 1531 1542 1582 nostri
1573 1529 1900 1597 contigerunt.
1944 1527 2067 1582 Sive

521 1630 577 1673 ut
606 1622 883 1690 Apostolus
927 1621 1072 1685 dicit,
1108 1622 1442 1690 artusquisque
1487 1619 1618 1673 enim
1655 1619 1706 1672 in
1743 1635 1840 1688 quo
1869 1633 2068 1672 uocatus

518 1720 610 1776 est,
637 1711 690 1763 in
719 1727 777 1764 eo
799 1719 1108 1780 permaneat.

1133 1798 1356 1851 CAPUT
1397 1797 1461 1853 ll.

585 1885 666 1937 Ad
690 1887 925 1938 orientem
953 1884 1116 1943 ludas
1145 1887 1264 1954 ﬁgat
1299 1887 1527 1938 tentoria.
1562 1885 1616 1938 In
1640 1886 1740 1939 hoc
1774 1885 1941 1952 primo
1969 1902 2058 1939 or-

516 1973 712 2027 diuatio
741 1974 906 2026 tribus
929 1972 1079 2026 Judan
1134 1974 1449 2038 ostenditur,
1477 1988 1541 2028 eo
1567 1975 1705 2043 quod
1732 1985 1857 2028 ante
1889 1976 2056 2030 taber-

521 2061 763 2112 naculum
783 2062 956 2113 fuerit.
986 2059 1176 2113 Tribus
1209 2073 1384 2115 autem
1416 2061 1548 2117 Juda
1588 2071 1710 2118 ante
1733 2064 1938 2118 lsat'har
1962 2082 2056 2134 po-

515 2151 679 2213 nitur,
734 2164 797 2203 eo
843 2150 980 2217 quod
1025 2149 1188 2204 Judas
1233 2151 1394 2205 fuerit
1445 2163 1737 2221 pugnator;
1769 2164 1823 2206 ut
1845 2155 2052 2221 dicitur,

515 2235 721 2288 Catulus
736 2238 890 2289 leonis
908 2236 1070 2300 Iuda,
1095 2246 1148 2290 et
1177 2239 1375 2305 reliqua
1403 2255 1416 2302 ;
1448 2242 1527 2294 vel
1559 2254 1623 2292 eo
1649 2241 1786 2309 quod
1818 2242 2053 2300 Christus

513 2337 724 2377 carnem
750 2325 816 2376 ab
843 2327 930 2378 illo
961 2335 1208 2391 sumeret,
1234 2327 1317 2381 vel
1349 2341 1415 2380 ne
1443 2327 1514 2381 illi
1538 2329 1834 2385 inviderent
1854 2341 2054 2399 postea,

514 2411 722 2477 quando
750 2426 967 2481 regnum
999 2422 1312 2480 assumeret,
1341 2403 1463 2468 dum
1511 2415 1654 2470 illum
1685 2417 1774 2471 Dei
1798 2420 2056 2472 sententia

515 2501 659 2568 prius
683 2503 974 2564 ordinavit;
1000 2519 1063 2557 eo
1089 2505 1228 2573 quod
1262 2507 1527 2559 commisti
1573 2507 1766 2560 fuerint
1794 2507 1882 2559 filii
1906 2509 2056 2562 liber-

514 2592 634 2644 tatis
667 2601 720 2645 et
745 2593 1035 2654 servitutis,
1061 2602 1115 2644 ut
1144 2607 1324 2659 pacem
1363 2607 1479 2645 eum
1507 2595 1725 2646 invicem
1759 2594 2007 2648 haberent
2039 2612 2052 2648 :

511 2679 624 2733 sive
653 2691 708 2733 ut
738 2681 873 2748 plebi
906 2683 1268 2734 ostenderetur
1317 2683 1452 2750 quod
1479 2683 1676 2737 similes
1707 2685 1841 2752 apud
1896 2684 2054 2740 Deum

513 2769 758 2821 ﬁxerunt.
788 2767 953 2819 ludus
987 2780 1030 2820 et
1054 2767 1263 2820 lsacltar
1283 2780 1326 2822 ct
1347 2769 1574 2822 Zabulon
1629 2772 1692 2822 ab
1741 2773 1927 2825 oriente
1979 2782 2057 2824 ta-

509 2860 773 2908 bernacula
797 2857 1054 2924 ﬁgebant;
1082 2857 1248 2909 Ruben
1278 2869 1324 2910 et.
1354 2859 1559 2927 Simeon
1594 2871 1642 2912 et
1674 2859 1783 2912 Gad
1814 2861 1879 2910 ad
1906 2862 2058 2913 meri-

510 2947 672 3006 diem;
702 2944 947 3011 Ephraim
962 2960 1005 2996 et
1030 2943 1291 3014 Benjumin
1317 2955 1362 2997 et
1382 2945 1612 2998 Manasse
1636 2948 1701 2998 ad
1714 2948 2016 3000 occidentem
2039 2965 2051 2998 :

514 3032 626 3083 Dan
669 3043 713 3084 et
744 3035 866 3085 Aser
892 3040 937 3085 et
968 3032 1264 3100 Nephtalim
1290 3036 1356 3086 ad
1385 3036 1692 3104 aquilonem.
1735 3035 1846 3089 Dan
1879 3045 2049 3090 autem

515 3124 628 3174 non
647 3122 932 3190 incongrue
962 3132 1226 3190 postremo
1273 3126 1500 3190 ponitur,
1530 3140 1593 3180 eo
1645 3127 1782 3194 quod
1831 3127 2051 3180 Samson

519 3224 586 3262 ex
618 3211 723 3260 Dan
749 3211 862 3271 luit,
889 3212 976 3276 qui
1006 3205 1218 3277 figuram
1251 3209 1443 3264 Christi
1477 3215 1659 3266 tenuit.
1690 3213 1776 3268 Sic
1805 3226 1856 3267 ct
1877 3215 2056 3268 Eccle-

516 3298 596 3350 sia
625 3311 652 3348 a
680 3297 1009 3350 conieSsione
1038 3298 1303 3364 incipitur,
1330 3308 1382 3352 et
1406 3300 1682 3365 abjudicio
1711 3300 1905 3354 linitur.
1928 3301 2056 3354 Ter-

523 3386 605 3438 uis
626 3395 797 3438 autem
825 3385 1094 3440 ordinibus
1124 3388 1211 3439 lilii
1240 3387 1399 3441 Israel
1447 3400 1708 3456 ponuntur
1729 3404 1850 3458 erga
1880 3392 2054 3443 taber-

531 3477 796 3538 naculum,
826 3483 1004 3528 utnon
1028 3489 1327 3543 supercsset
1354 3489 1443 3532 aut
1467 3493 1567 3532 non
1614 3479 1823 3533 deesset
1870 3481 2057 3549 aliquis

521 3578 585 3614 ex
613 3562 736 3614 illis.
767 3563 1063 3629 lnquiritur,
1082 3566 1206 3617 Cum
1235 3579 1361 3634 ergo
1390 3568 1776 3621 tabernaculum
1807 3570 2053 3636 lixerunt,

521 3652 622 3702 hoc
647 3650 801 3702 modo
824 3661 875 3702 ut
901 3651 1226 3716 viderentur,
1251 3669 1316 3706 an
1347 3660 1534 3708 factum
1564 3657 1631 3711 sit
1653 3671 1810 3711 causa
1841 3673 2055 3714 venera-

517 3740 672 3794 tionis
696 3741 1011 3795 tabernaculi
1039 3742 1614 3799 Dci‘lEtcustodientes
1640 3747 1856 3812 Levitae,
1889 3760 1943 3802 ut
1967 3765 2054 3802 ar-

518 3845 633 3883 cam
663 3841 927 3898 portantes
946 3833 1014 3886 ab
1038 3835 1283 3888 omnibus
1313 3835 1734 3890 infestationibus
1772 3838 1880 3890 suis
1927 3853 2056 3892 con-

518 3921 752 3974 veniunt.
784 3921 847 3975 lli
869 3929 1092 3988 quatuor
1121 3924 1336 3978 ordines
1384 3924 1450 3978 ad
1481 3925 1779 3993 quadrigam
1809 3928 1859 3979 in
1921 3929 2054 3982 Eze-

515 4009 676 4075 chiel,
703 4011 753 4062 id
783 4020 864 4063 est
885 4009 1063 4074 homo,
1098 4012 1197 4076 leo,
1233 4011 1441 4078 vitulus,
1491 4014 1684 4081 aquila.
1752 4016 1855 4068 Leo
1883 4027 2055 4070 autem

508 4097 575 4150 ad
610 4098 792 4151 ludam
827 4100 1066 4165 pertinet,
1092 4100 1213 4152 dum
1242 4101 1429 4156 dicitur
1452 4103 1517 4157 de
1548 4104 1636 4156 illo
1668 4122 1678 4156 :
1705 4105 1909 4159 Catulus
1957 4109 2057 4160 leo-

509 4188 585 4239 nis
604 4185 760 4242 Juda.
793 4188 991 4242 Vitulus
1011 4191 1075 4243 ad
1103 4189 1248 4255 Levi,
1271 4191 1392 4244 dum
1441 4195 1600 4246 moris
1622 4193 1713 4246 fuit
1743 4195 1932 4248 Levitis
1981 4197 2057 4249 vi-

513 4280 653 4331 tulos
696 4279 970 4332 immolare
1013 4297 1105 4348 pro
1139 4284 1310 4348 plebe.
1354 4285 1539 4351 Aquila
1570 4295 1743 4339 autem
1776 4289 1838 4339 ad
1875 4289 2055 4357 Benja-

513 4369 638 4418 min.
673 4368 837 4420 Homo
865 4379 1041 4421 autem
1073 4371 1370 4423 hominibus
1399 4377 1662 4425 convenit.
1695 4376 1843 4438 Quod
1873 4387 2048 4430 autem
2078 4403 2128 4460 υ

511 4454 772 4524 signiﬁcat
821 4457 1215 4510 tabernaculum
1245 4459 1294 4510 in
1327 4460 1423 4510 hoc
1472 4461 1609 4525 loco,
1640 4463 1738 4514 nisi
1771 4464 2050 4516 Ecclesium

517 4544 716 4597 Veteris
748 4543 1103 4597 Testameuti‘.’
1133 4545 1412 4598 Duodecim
1441 4558 1616 4600 autem
1648 4551 1906 4618 principes
1932 4567 2052 4619 erga

521 4634 941 4695 tabernaculum,
969 4635 1014 4685 id
1039 4644 1122 4686 est
1142 4635 1412 4688 duodecim
1444 4639 1711 4704 prophetae
1734 4641 1868 4692 circa
1890 4641 2054 4709 Syna-

519 4737 726 4787 gogam,
755 4724 866 4774 sive
887 4723 1160 4775 duodecim
1191 4727 1410 4790 apostoli
1447 4741 1567 4794 erga
1602 4727 1908 4792 Ecclesium,
1935 4746 2050 4782 cum

518 4811 599 4858 his
627 4810 712 4874 qui
742 4823 857 4860 cum
888 4813 975 4863 illo
1005 4812 1354 4865 crediderunt.
1391 4815 1737 4868 Allteraulem
1772 4816 1933 4869 ludas
1963 4834 2054 4871 an-

519 4909 569 4949 te
591 4899 980 4950 tabernaculum
1017 4904 1225 4967 liguram
1253 4914 1390 4956 tenet
1423 4900 1580 4968 Petri,
1612 4908 1695 4973 qui
1722 4917 1841 4961 ante
1866 4924 2055 4961 omnes

510 4982 842 5040 divinitatem
873 4991 1095 5042 credidit
1118 4993 1165 5043 in
1194 4994 1402 5047 homine
1431 4996 1610 5048 dicens
1643 5014 1653 5046 :
1691 4997 1765 5048 Tu
1806 5015 1854 5051 es
1903 4998 2053 5049 Chri—

511 5089 616 5129 stus
642 5075 808 5128 Elius
844 5080 931 5128 vei
959 5079 1071 5129 υ-ῖυί.
1106 5079 1271 5131 Lucas
1300 5094 1470 5135 autem
1494 5094 1613 5136 ante
1644 5085 2054 5148 tabernaculum,

508 5168 761 5233 signiﬁcat
793 5167 1000 5219 Petrum
1033 5177 1153 5230 ante
1174 5168 1492 5224 ,Ect-lesiain.
1529 5174 1672 5225 Sicut
1699 5175 1837 5224 enim
1861 5175 1926 5223 ab
1967 5175 2060 5226 Ju-

505 5259 573 5309 da
606 5257 834 5308 iuitiatur
861 5258 1097 5310 custodia
1144 5259 1479 5321 tabernaculi,
1508 5269 1561 5311 et
1603 5262 1652 5313 in
1691 5263 1797 5313 Dan
1835 5263 2010 5313 linitur
2045 5279 2055 5321 ;

512 5349 588 5401 sic
612 5357 664 5400 et
693 5348 924 5401 Ecclesia
957 5364 982 5399 a
1007 5348 1340 5414 confessione
1375 5349 1646 5414 incipitur,
1674 5360 1728 5403 ut
1755 5361 1875 5405 ante
1928 5351 2060 5403 dixi-

510 5453 644 5499 mus,
677 5449 727 5490 ct
761 5440 1288 5492 linitur.Uctoautem
1312 5441 1529 5492 ordines
1566 5441 1648 5492 hic
1683 5443 2057 5503 ostenduntur,

507 5541 581 5578 Sic
629 5537 681 5580 et
730 5529 958 5581 Ecclesia
1013 5531 1237 5583 ambitur
1264 5543 1452 5584 octavo
1494 5530 1685 5589 ordine
1719 5532 1844 5585 Novi
1877 5534 2062 5585 Testa-

511 5618 691 5668 uienti.
715 5619 842 5671 Octo
864 5619 1002 5671 enim
1025 5620 1242 5674 ordines
1267 5621 1472 5674 fuerunt
1522 5624 1570 5675 in
1604 5623 1794 5686 medio,
1830 5622 1913 5692 qui
1947 5623 2059 5675 ciu-

2165 557 2362 619 culum,
2385 564 2438 608 et
2466 555 2680 622 liguram
2708 551 3386 606 mundialiumcredcntium
3413 554 3722 607 tenenLllic

2165 651 2390 709 quatuor
2420 641 2632 694 ordines
2659 640 2858 708 priurcs
2882 655 3016 708 quos
3052 639 3303 703 diximus,
3345 640 3436 708 qui
3476 641 3724 695 videntur

2166 726 2526 780 venerationes
2555 737 2749 780 nOSIra:
2772 739 2911 789 esse,
2960 737 3012 780 et
3041 725 3268 780 servitus
3299 724 3558 780 Ecclesia:
3611 728 3718 782 Dei.

2166 816 2400 882 Quatuor
2421 825 2597 868 autem
2621 815 2852 879 ordines,
2873 816 2922 868 in
2948 829 3170 884 quorum
3194 815 3368 868 medio
3390 830 3540 880 arca,
3559 819 3722 886 signi-

2166 906 2321 956 ficant
2364 904 2573 957 ordines
2610 916 2932 970 sanctorum,
2964 904 3052 973 qui
3099 903 3387 958 defendunt
3419 905 3718 959 Ecclesiaui

2161 996 2227 1048 ab
2257 994 2513 1048 ιιωτειίεἱε
2535 1003 2588 1048 et
2618 994 3005 1060 peccatoribus.
3049 993 3415 1062 Unusquisque
3469 995 3720 1049 ordinem

2161 1100 2313 1139 suum
2345 1095 2519 1138 servat
2553 1102 2565 1136 :
2595 1085 2682 1138 ubi
2714 1086 2929 1153 dicitur,
2980 1085 3167 1138 Omnia
3212 1097 3375 1138 vestra
3435 1087 3718 1139 secundum

2163 1177 2388 1227 ordinem
2430 1159 2580 1242 ﬁant.
2631 1176 2902 1228 l‘onuntur
2948 1185 3121 1229 autem
3153 1176 3204 1229 bi
3232 1175 3450 1230 ordines
3492 1176 3720 1243 imperio

2166 1265 2276 1328 Dei,
2305 1266 2439 1319 sicut
2475 1275 2527 1318 et
2549 1265 2603 1318 iu
2635 1265 2864 1319 Ecclesia
2887 1265 2992 1320 duo
3020 1266 3230 1320 ordines
3254 1275 3523 1334 ponuntur
3553 1267 3718 1334 impe-

2165 1353 2240 1406 rio
2269 1353 2378 1418 Dei,
2407 1354 2458 1408 id
2483 1364 2587 1419 est.
2610 1355 2742 1410 ordo
2765 1354 3019 1425 coniugii,
3078 1365 3131 1411 et
3184 1356 3318 1411 ordo
3367 1356 3716 1424 virginitatis.

2164 1445 2410 1510 Quaterni
2437 1455 2611 1500 autem
2643 1446 2694 1500 hi
2723 1447 2932 1501 ordines
2965 1446 3193 1510 fuerunt,
3225 1445 3314 1516 qui
3337 1445 3466 1500 foris
3488 1454 3641 1510 sunt,
3667 1458 3718 1500 et

2163 1535 2251 1603 qui
2281 1535 2420 1588 intus
2447 1551 2460 1598 ;
2494 1535 2574 1588 sic
2595 1529 2678 1589 est
2706 1543 2761 1590 et
2791 1536 2842 1588 in
2871 1535 3123 1598 Ecclesia,
3153 1535 3203 1587 in
3228 1549 3328 1602 qua
3352 1535 3602 1602 quaterni
3632 1549 3717 1588 or-

2164 1621 2334 1686 dines,
2367 1622 2417 1674 id
2445 1629 2527 1674 cst
2556 1629 2780 1689 quatuor
2804 1620 3081 1689 Evangelia
3107 1619 3384 1674 habentur.
3411 1620 3594 1675 Tertia
3623 1637 3713 1674 au-

2168 1718 2272 1762 tem
2303 1710 2636 1765 tabernacula
2657 1712 2724 1765 ab
2750 1714 2954 1766 oriente
2995 1712 3162 1780 posita
3215 1720 3341 1766 sunt
3371 1728 3386 1764 :
3416 1712 3716 1780 signiﬁcant

2090 1775 2139 1834 Β
2166 1799 2319 1854 iidem
2340 1800 2632 1867 Trinitatis,
2661 1810 2751 1855 aut
2780 1775 3087 1866 Ecclesiam,
3111 1802 3175 1856 ad
3200 1816 3356 1871 quam
3381 1775 3589 1855 dicioni
3615 1813 3710 1855 est:

2163 1887 2363 1940 Orietur
2386 1878 2672 1943 timentibus
2701 1905 2877 1943 nomen
2913 1889 3116 1942 Domini
3140 1891 3215 1945 sol
3253 1891 3492 1960 justitic.
3523 1891 3659 1944 Tres
3686 1905 3713 1941 a

2159 1981 2398 2050 meridie,
2430 1982 2585 2037 (idem
2615 1982 2884 2037 Trinitatis
2910 1983 3193 2050 signiﬁcat,
3248 1994 3340 2037 aut
3377 1983 3708 2044 Ecclesiam;

2156 2072 2221 2124 ad
2251 2083 2404 2138 quam
2442 2072 2492 2125 in
2524 2073 2678 2127 linem
2719 2073 2838 2128 vita:
2867 2073 3054 2128 dicitur
3081 2088 3095 2125 :
3134 2072 3330 2141 Venite,
3359 2074 3632 2136 benedicti,
3659 2086 3708 2126 et

2158 2160 2376 2228 reliqua.

2751 2249 2943 2304 CAPP.
2977 2249 3059 2313 Ill,
3089 2248 3177 2303 IV.

2225 2361 2352 2412 Ante
2373 2359 2540 2410 Auro:
2571 2367 2686 2431 sunt
2716 2369 2813 2412 tres
2838 2362 2898 2411 ab
2928 2360 3134 2421 oriente,
3177 2368 3224 2412 et
3281 2368 3391 2424 post
3449 2360 3706 2412 dexteram

2158 2448 2330 2498 Aaron
2361 2454 2459 2498 tres
2486 2447 2708 2510 secundi,
2743 2455 2838 2498 tres
2859 2448 2919 2500 ab
2954 2449 3196 2500 occidente
3215 2448 3385 2500 Aaron
3404 2487 3417 2509 ,
3446 2449 3707 2516 significat

2159 2536 2277 2588 illos
2318 2536 2507 2603 quibus
2552 2535 2764 2599 dicitur,
2795 2535 2856 2589 Si
2884 2537 2993 2602 quis
3018 2536 3121 2588 vult
3167 2536 3353 2598 venire,
3397 2545 3448 2588 et
3481 2535 3700 2602 reliqua.

2157 2623 2286 2676 Tres
2315 2638 2440 2676 vero
2468 2624 2532 2674 ah
2553 2623 2816 2691 aquil0ne,
2850 2623 3141 2692 signilicaut
3191 2623 3307 2677 illos
3334 2624 3526 2691 quibus
3576 2624 3700 2677 dicio

2160 2719 2262 2778 tur,
2298 2709 2376 2766 Ite
2398 2714 2668 2775 maledicti,
2694 2724 2746 2767 et
2770 2724 2980 2768 extera.
3008 2715 3200 2768 Omnes
3233 2727 3358 2783 erga
3389 2717 3699 2769 tabernacu-

2159 2801 2265 2855 lum
2295 2804 2619 2871 congregati,
2651 2813 2701 2858 et
2731 2805 2958 2872 separati
2988 2806 3058 2859 illi
3083 2806 3246 2874 signis
3276 2805 3524 2858 fuerunt:
3555 2809 3631 2860 sic
3651 2816 3700 2858 et

2157 2906 2340 2945 omnes
2388 2892 2554 2945 sancti
2600 2902 2721 2946 sunt
2763 2897 3065 2963 congregati
3118 2895 3168 2948 in
3203 2893 3302 2947 fide
3323 2893 3619 2958 Triuizatis,
3645 2906 3699 2948 et

2157 2979 2406 3045 operibus
2435 2983 2686 3047 separati.
2712 2981 2786 3035 De
2817 2983 3164 3038 mundialibus
3185 2983 3379 3037 dicitur
3411 3001 3424 3035 :
3465 2985 3546 3037 Ex
3603 2988 3702 3052 [ra-

2159 3069 2321 3120 ctibus
2343 3085 2516 3121 eorum
2537 3072 2838 3138 cognoscetis
2863 3087 2966 3124 eos.
2991 3071 3331 3125 Tabernaculi
3356 3086 3482 3124 vero
3511 3072 3700 3124 erectio

2156 3167 2208 3210 et
2229 3156 2488 3222 depositio
2521 3158 2806 3212 Ecclesiam
2856 3160 3136 3228 significat,
3190 3175 3308 3228 qua:
3364 3159 3696 3214 credentibus

2154 3243 2385 3310 quotidie
2411 3246 2647 3310 erigitur,
2676 3256 2729 3300 et
2753 3250 2802 3299 in
2825 3250 3133 3316 negantibus
3158 3248 3462 3314 deponitur.
3496 3248 3688 3300 Taber-

2155 3335 2394 3388 naculum
2448 3349 2575 3389 vero
2630 3350 2747 3388 cum
2787 3336 3077 3402 deponitur,
3133 3335 3374 3404 quzcdam
3403 3337 3454 3389 in
3503 3350 3565 3389 eo
3594 3350 3692 3389 nou

2155 3422 2454 3488 volvuntur,
2483 3422 2717 3490 quccdam
2760 3424 2914 3477 etiam
2941 3423 3131 3490 duplici
3159 3425 3418 3476 velamine
3443 3423 3696 3490 obtegun-

2155 3522 2270 3577 tur;
2299 3515 2415 3581 quia
2441 3523 2617 3566 sancta
2650 3513 2940 3580 Scriptura,
2972 3526 3088 3581 qua:
3121 3511 3514 3565 tabernaculum
3537 3513 3693 3578 signi-

2157 3602 2314 3656 ficare
2337 3610 2533 3668 potest,
2562 3616 2698 3656 nunc
2728 3602 3021 3665 manifesta,
3053 3616 3191 3654 nunc
3213 3600 3441 3653 involuta
3457 3610 3541 3653 est
3571 3615 3695 3664 :spe

2153 3693 2296 3745 enim
2321 3692 2514 3760 duplici
2547 3693 2628 3747 vel
2647 3691 2836 3760 triplici
2860 3692 3196 3760 obteguntur;
3220 3690 3440 3745 liberata
3458 3699 3540 3745 est
3558 3690 3692 3744 enim

2155 3780 2426 3847 allegoria.
2453 3781 2519 3834 Et
2573 3795 2712 3835 nunc
2741 3781 2997 3835 velamine
3028 3780 3388 3850 hyacinthiuo,
3422 3794 3557 3834 nunc
3578 3794 3692 3846 pur-

2159 3881 2319 3933 pureo
2349 3869 2653 3934 involvitur,
2683 3867 2802 3936 quia
2831 3882 2972 3936 sepe
3001 3876 3180 3921 sancta
3228 3867 3500 3935 Scriptura
3532 3866 3594 3919 de
3622 3867 3695 3918 ia-

2157 3955 2459 4009 carnatione
2488 3955 2686 4008 Christi
2716 3956 2793 4008 vel
2825 3955 3067 4022 passione
3101 3955 3262 4018 illius,
3322 3963 3375 4006 et
3421 3955 3489 4007 de
3540 3951 3692 4020 ﬁgura

2159 4043 2413 4110 martyrii,
2455 4055 2595 4108 sa‘pe
2639 4039 2706 4094 de
2743 4041 3042 4095 coelestibus
3062 4042 3330 4109 mysteriis
3359 4042 3603 4109 disputat.
3635 4040 3692 4092 Et

2155 4143 2394 4199 quantum
2417 4132 2555 4201 digiti
2577 4140 2721 4184 erunt
2751 4130 2846 4198 ﬁlii
2876 4131 3014 4196 Levi,
3046 4140 3239 4183 tantum
3281 4133 3466 4184 sanctis
3517 4148 3693 4200 appro-

2158 4203 2484 4287 pinquabunt.
2517 4220 2579 4273 Et
2622 4230 2872 4287 quantum
2901 4219 3185 4274 Christiani
3233 4218 3378 4288 digni
3409 4229 3553 4284 sunt,
3585 4228 3689 4271 uno

2162 4319 2270 4360 tum
2299 4309 2363 4362 ad
2392 4308 2567 4361 divina
2599 4317 2796 4362 secreta
2837 4308 3107 4361 accedunt.

2763 4437 2982 4492 CAPUT
3022 4439 3079 4490 γ.

2231 4545 2569 4616 Projiciantur
2593 4550 2653 4598 tle
2673 4549 2845 4598 castris
2869 4548 3052 4614 leprosi
3065 4591 3073 4608 ,
3088 4557 3133 4598 et
3154 4548 3237 4612 qui
3258 4547 3441 4598 semine
3455 4549 3630 4614 ﬂuant,
3650 4553 3688 4595 et

2157 4635 2336 4703 polluti
2361 4653 2508 4703 super
2530 4647 2741 4687 mortuo.
2769 4635 3005 4700 Leprosi,
3027 4633 3254 4688 hmretici
3273 4646 3394 4687 sunt
3415 4636 3534 4688 ﬂuxi
3557 4635 3686 4700 cogi-

2158 4727 2371 4786 tatioue,
2403 4725 2480 4775 vel
2513 4723 2667 4773 nimis
2698 4722 2925 4784 verbosi,
2946 4723 3195 4774 imtnundi
3227 4737 3385 4790 super
3414 4732 3612 4774 mortuo
3641 4723 3684 4772 in

2155 4825 2331 4878 Opere.
2364 4809 2516 4862 Tales
2543 4823 2572 4859 a
2600 4812 2782 4860 castris
2817 4809 3060 4862 Ecclesia:
3080 4820 3412 4875 separantur,
3433 4825 3495 4862 ne
3524 4819 3690 4861 conta-

2158 4901 2309 4967 gionc
2329 4913 2528 4950 morum
2550 4913 2761 4951 suorum
2780 4901 2931 4952 vitam
2953 4901 3179 4967 polluant
3205 4902 3576 4953 innocentium.
3597 4901 3686 4951 Ta-

2164 4991 2494 5043 hernaculum
2521 5005 2724 5057 quoque
2747 4991 3149 5056 uniuscujusque
3166 4992 3332 5042 sancti
3356 5001 3523 5056 potest
3544 4991 3688 5056 signi-

2162 5079 2312 5132 ﬁcare
2334 5094 2448 5130 cum
2477 5092 2695 5146 quatuor
2723 5079 3011 5139 ordinibus,
3040 5078 3087 5129 id
3118 5087 3199 5129 est
3229 5089 3452 5144 quatuor
3469 5078 3691 5146 Evange-

2163 5169 2261 5231 liis,
2298 5171 2372 5220 vel
2398 5177 2622 5236 quatuor
2643 5158 2968 5230 substantiis,
2991 5168 3176 5233 quibus
3199 5169 3360 5222 homo
3380 5178 3599 5222 cmistat.
3619 5169 3691 5220 ln-

2165 5266 2244 5308 tus
2277 5269 2447 5309 amem
2479 5258 2650 5309 omnis
2669 5269 2880 5310 sanctus
2901 5265 3120 5323 quatuor
3148 5257 3364 5312 virtutes
3392 5262 3691 5329 principales

2164 5347 2317 5400 habet
2342 5365 2354 5400 :
2380 5349 2467 5416 qui
2490 5350 2552 5399 ab
2583 5347 2739 5411 Rulli,
2760 5346 2808 5396 id
2827 5354 2908 5398 est
2929 5360 2955 5395 a
2985 5344 3334 5412 confessione,
3363 5350 3625 5416 incipitur,
3645 5357 3692 5400 et

2165 5437 2296 5501 Dan,
2323 5439 2369 5489 id
2392 5448 2466 5489 est
2490 5436 2706 5502 judicio,
2732 5435 2902 5488 linitur
2924 5450 2936 5484 :
2956 5434 3150 5487 bal-iens
3177 5436 3226 5488 in
3253 5452 3309 5490 se
3333 5441 3528 5500 Aaron,
3550 5439 3599 5490 id
3623 5447 3693 5489 est

2165 5542 2371 5579 sensum
2395 5525 2703 5594 perfectum.
2728 5521 2889 5588 Cujus
2917 5523 3044 5575 ordo
3099 5523 3394 5591 orientalis,
3449 5528 3691 5594 pradica-

2169 5616 2319 5670 tionis
2333 5625 2539 5672 saucios
2569 5612 2842 5681 sign’hcat,
2873 5613 3006 5679 quod
3029 5613 3157 5680 ,ἐπεὶ
3181 5615 3444 5683 {algebunt
3466 5620 3691 5673 sientsel.
