3898 6260
201 283 305 334 561

983 278 1044 332 IN
1088 276 1636 332 PENTATEUCIIUM
1678 275 2168 330 COMMENTAIIII.
2211 304 2277 317 —-
2317 276 2596 329 NUMERI.

3327 279 3430 332 362

198 391 468 447 Dextralis
497 405 620 444 vero
655 389 886 442 calorem
920 389 1072 452 ﬁdei;
1105 386 1472 448 occidentalis.
1516 401 1762 440 occasum
1796 391 1841 446 Α
1872 389 2142 440 virtutum.
2179 387 2341 442 Uvam
2387 402 2593 455 passam
2626 387 2702 440 illi
2753 398 3051 449 vescuntur,
3103 389 3188 457 qui
3221 398 3431 458 propter

203 482 580 549 prosperitatis
606 479 760 546 hujus
793 479 969 531 mundi
997 495 1010 540 ;
1054 477 1391 545 aquilonalis,
1425 476 1768 530 oﬁensionem

203 587 236 623 τι
265 571 500 626 diabolo.
528 571 629 635 Qui
659 570 1023 622 succenderunt
1066 572 1232 638 ignem
1285 569 1524 624 alienum.
1575 569 1772 623 Idcirco

203 661 351 730 ignis
377 662 583 714 alienus
611 660 825 721 dicitur,
849 659 970 726 quia
997 659 1047 710 hi
1079 675 1106 708 a
1139 659 1366 710 Domino
1397 674 1498 711 non
1547 667 1773 710 suntor-

203 751 399 816 dinati,
449 751 531 803 vel
579 749 718 818 quod
766 747 898 816 ignis
924 749 988 800 de
1018 748 1154 800 cosio
1183 763 1286 799 non
1320 748 1388 800 sit
1417 748 1633 810 missus,
1665 749 1774 799 sive

207 848 352 902 quod
403 855 566 894 causa
617 839 880 905 superbia:
937 841 1037 891 hoc
1066 852 1201 905 Opus
1225 837 1419 890 factum
1453 839 1543 891 sit.
1579 838 1773 891 IIorum

205 945 420 998 quoque
445 931 778 984 sacerdotum
811 944 977 994 mors,
1028 929 1398 982 haereticorum
1448 929 1776 994 doctrinam,

209 1023 481 1074 haereseos
511 1032 733 1072 mortem
759 1019 1044 1088 signiﬁcat,
1077 1018 1408 1072 ull‘erentium
1441 1018 1489 1070 in
1523 1019 1777 1081 vindicta,

212 1113 298 1165 vel
327 1112 532 1164 illorum
559 1111 648 1178 'qni
681 1111 852 1179 ignem
882 1111 1322 1178 concupiscentia
1340 1110 1391 1163 in
1414 1111 1638 1163 vindicta
1661 1127 1782 1164 suc-

206 1203 468 1256 cendunt.
507 1201 620 1255 Filii
647 1212 822 1255 autem
853 1201 1014 1255 Israel
1038 1201 1360 1254 idcirco-non
1385 1201 1567 1254 eodem
1596 1201 1782 1256 ordine

214 1301 344 1344 sunt
374 1291 551 1358 positi,
581 1292 704 1360 quia
735 1292 784 1344 in
815 1292 1059 1344 omnibus
1083 1290 1554 1345 ministrationibus
1568 1291 1677 1343 suis
1700 1306 1784 1345 se-

212 1380 385 1449 parati
413 1389 552 1434 sunt.
583 1381 706 1434 Post
729 1381 841 1434 hate
870 1389 1044 1434 autem
1077 1390 1256 1434 tnonct
1305 1381 1578 1446 Dominus,
1616 1380 1680 1434 Ut
1710 1382 1785 1433 vir

211 1473 366 1540 cujus
393 1486 520 1523 uxor
549 1472 807 1538 enaverit,
828 1473 1165 1540 maritumque
1206 1468 1509 1536 contemnat,
1527 1473 1787 1524 dormierit

211 1577 332 1613 cum
359 1562 517 1613 altero
546 1563 674 1623 viro,
707 1571 753 1614 et
779 1561 909 1613 hanc
936 1562 1150 1614 maritus
1180 1561 1554 1628 deprehendere
1580 1563 1788 1631 nequie-

213 1651 308 1713 rit,
336 1659 388 1703 et
418 1651 637 1718 reliqua,
664 1649 819 1702 ducat
851 1649 996 1702 illam
1024 1651 1091 1702 ad
1115 1652 1447 1714 sacerdotem,
1479 1659 1534 1704 et
1562 1652 1784 1718 reliqua.

1874 477 2130 532 humanos
2178 479 2358 532 oculos
2407 479 2735 532 alistiuentite
2779 479 2977 547 pallore
3024 480 3344 544 inﬁciuntur,
3378 493 3432 534 n'

1873 567 2091 634 glorianti
2117 576 2328 635 captent
2360 569 2425 622 ab
2449 568 2766 620 hominibus.
2799 572 3016 623 Acetum
3033 578 3204 621 autem
3230 569 3434 633 bibunt,

1873 657 1960 723 qni
1993 671 2020 708 a
2053 658 2172 710 vita:
2203 658 2483 710 sanctitate
2513 659 2563 709 in
2600 667 2912 711 vetustatem
2947 658 3330 726 prteteritortnn
3360 660 3436 712 vi-

1878 746 2068 799 tiorum
2099 745 2362 808 labuntur,
2397 756 2446 798 et
2471 746 2812 815 corruptione
2837 748 3029 800 veteris
3076 747 3321 816 nequitia:
3344 748 3437 801 de-
3532 807 3536 811 λ

1878 836 2163 889 lectantur.
2201 836 2447 903 I’razcipit
2493 837 2667 903 itaque
2720 838 2856 891 Deus
2882 849 2937 891 ut
2963 839 3034 892 illi
3081 839 3437 907 quisanctita-

1883 933 1948 983 tis
1984 931 2200 984 induunt
2230 931 2435 984 titulum
2469 933 2674 986 cunctis
2699 933 2778 985 his
2805 936 3195 1002 careantvitiis,
3218 939 3425 989 nullam-

1880 1035 1982 1088 que
2011 1019 2195 1073 hornm
2227 1022 2533 1073 memoriam
2568 1023 2814 1074 habeant.
2859 1023 3267 1092 I’rmcijiitut°tjue
3295 1027 3436 1082 dein.

1882 1109 1948 1162 de
1979 1119 2034 1161 ut
2061 1109 2244 1162 Levita:
2276 1121 2612 1180 aspergantur
2634 1127 2765 1177 aqua
2795 1111 3134 1178 lustraFionis,
3162 1124 3209 1166 et
3262 1118 3442 1169 radunt

1884 1201 2015 1267 pilos
2041 1202 2208 1252 carnis
2239 1216 2382 1263 sua};
2413 1202 2534 1268 quia
2569 1199 2618 1252 hi
2649 1201 2736 1268 qui
2762 1200 3036 1268 obsequiis
3080 1203 3269 1256 divinis
3296 1217 3442 1257 assu-

1887 1297 2122 1355 muntur,
2146 1289 2342 1343 debent
2365 1305 2497 1358 aqua
2528 1289 2754 1344 salubris
2788 1290 3043 1343 doctrina:
3070 1293 3302 1361 purgari,
3335 1305 3384 1346 et
3413 1307 3444 1344 a

1885 1381 2162 1448 superﬁuis
2189 1381 2424 1434 moribus
2455 1381 2533 1433 vel
2562 1381 2970 1449 cogitationibus
2994 1381 3444 1451 mundiappareru

1887 1481 2009 1525 ante
2056 1471 2148 1524 Dei
2181 1473 2382 1534 oculos,
2412 1485 2478 1524 ne
2512 1473 2784 1540 pulchram
2818 1472 3007 1524 anima:
3037 1472 3264 1538 speciem
3294 1472 3442 1541 quasi

1891 1561 2010 1629 pilis
2038 1561 2475 1616 I‘rucdﬁcantibus
2502 1561 2789 1614 deformem
2824 1561 3062 1613 reddant.
3099 1561 3151 1612 In
3195 1576 3258 1613 eo
3303 1561 3445 1628 quod

1891 1654 2102 1719 dicitur,
2136 1652 2326 1706 Reddet
2356 1653 2498 1705 illuni
2523 1695 2539 1721 ,
2594 1652 2810 1721 quidam
2844 1652 3024 1706 dicunt
3081 1651 3446 1720 ptenitentiant

223 1741 316 1794 Vir
337 1741 436 1794 iste
458 1744 608 1809 cujus
631 1751 746 1795 erat
783 1757 938 1808 uxor,
998 1750 1178 1810 pastor
1208 1750 1289 1795 est
1328 1742 1576 1796 Ecclesia:
1603 1759 1617 1806 ;
1652 1757 1782 1796 uxor
1817 1715 1859 1775 Β
1887 1745 2182 1810 signiﬁcare
2211 1745 2276 1798 de
2305 1752 2544 1814 peccato.
2577 1744 2640 1798 Et
2670 1745 2722 1796 in
2750 1759 2815 1798 eo
2857 1745 2993 1812 quod
3046 1743 3170 1797 dicit
3215 1758 3448 1809 rursum,

213 1840 396 1885 autem
447 1831 606 1892 illius.
663 1830 904 1885 subditus
959 1832 1199 1899 quisque.
1227 1831 1488 1886 Sacerdos
1514 1831 1580 1885 ad
1626 1847 1781 1900 quem

146 1927 151 1930 '
215 1921 461 2000 veniunt,
490 1919 726 1973 Christus
751 1935 764 1984 ;
795 1934 950 1987 aqua,
981 1920 1274 1988 Scriptura.
1296 1921 1424 1972 Cum
1443 1928 1616 1972 autem
1644 1919 1782 1987 priu-

216 2025 348 2078 crps
403 2011 602 2063 crimen
632 2009 853 2078 subjecti
879 2023 980 2063 non
1026 2010 1194 2078 potuit
1231 2008 1654 2078 deprehendere,
1685 2008 1778 2062 sed

221 2115 402 2158 tamen
433 2104 730 2171 suspicatur
756 2103 896 2172 quod
929 2118 1020 2170 per
1047 2103 1257 2170 aliquod
1311 2103 1490 2156 vitium
1521 2103 1785 2157 adultera-

223 2195 322 2262 yit,
359 2208 448 2261 per
479 2193 650 2245 zelum
679 2191 895 2260 justitiae
924 2191 1147 2244 deducat
1173 2191 1314 2251 illam
1343 2191 1407 2243 ad
1433 2192 1782 2254 sacerdOtem,

222 2287 278 2339 id
307 2296 386 2339 est
417 2283 613 2351 iudicio
641 2284 732 2338 Dei
754 2298 967 2337 causam
991 2291 1248 2346 reservet,
1269 2297 1333 2336 ne
1348 2281 1481 2335 forte
1500 2293 1623 2335 ante
1655 2291 1774 2335 tent-

226 2391 326 2442 pus
375 2376 593 2442 iudicet.
648 2375 713 2427 Et
757 2375 870 2444 ipse
922 2364 1168 2428 sacerdos
1226 2373 1482 2427 Dominus
1522 2373 1786 2437 Christus,

225 2480 392 2533 aquas
420 2479 646 2528 amaras,
679 2465 779 2518 hoc
813 2475 910 2525 est,
947 2479 1039 2532 per
1066 2465 1352 2528 Scriptura:
1406 2463 1601 2517 divina:
1630 2463 1790 2517 disci-

232 2556 447 2624 pliuam,
484 2555 790 2624 hypocrisin
839 2557 1148 2620 centemnit,
1178 2568 1227 2608 et
1263 2567 1537 2624 peccatqu
1571 2557 1789 2610 manife-

233 2653 357 2709 stat,
377 2645 458 2698 vel
483 2646 585 2709 hic,
614 2645 693 2696 vel
717 2655 860 2697 certe
884 2645 933 2697 in
952 2646 1148 2696 futuro.
1182 2645 1302 2696 Non
1324 2655 1394 2696 est
1421 2646 1788 2713 enim,iuqnit,

235 2735 508 2797 occultum,
540 2736 676 2803 quod
698 2751 795 2787 non
812 2734 1018 2787 sciatur.
1052 2731 1296 2788 Christus
1325 2735 1374 2786 in
1403 2735 1687 2802 I'Ivangel‘o
1715 2736 1793 2788 di-

234 2825 304 2878 cit
339 2841 351 2875 ε
385 2823 562 2878 Sermo
592 2840 734 2890 quem
761 2824 955 2876 locutus
981 2839 1091 2875 sum
1123 2823 1279 2886 vobis,
1313 2823 1398 2876 ille
1423 2825 1793 2894 vos-judicabit

236 2916 288 2966 in
315 2915 582 2967 novissimo
604 2915 704 2967 die.
740 2915 813 2967 Ac
840 2929 932 2982 per
965 2914 1064 2966 hoc
1094 2930 1227 2981 aqua
1260 2929 1463 2978 amara,
1519 2914 1794 2983 Scriptura

238 3004 412 3056 divina
443 3004 656 3066 dicitur,
681 3005 802 3072 quia
829 3004 1168 3073 peccantibus
1200 2990 1304 3056 non
1335 3005 1537 3070 parcit;
1563 3015 1615 3058 et
1638 3005 1796 3073 justis

239 3095 432 3158 dulcis,
457 3095 647 3163 quibus
670 3103 866 3148 aeterna
889 3095 1102 3161 praemia
1121 3093 1443 3163 repromittit
1469 3111 1482 3158 ;
1510 3104 1564 3150 et
1589 3096 1655 3148 ita
1679 3090 1797 3149 ali's

239 3199 372 3249 aqua
404 3184 680 3238 benedicta
709 3193 812 3246 est,
846 3183 962 3236 aliis
993 3183 1292 3237 maledicta.
1345 3183 1474 3239 Tale
1504 3184 1628 3252 quid
1650 3194 1703 3237 et
1731 3185 1800 3240 Δ-

243 3277 476 3340 postolus
511 3275 738 3344 loquitur
771 3292 782 3326 :
812 3273 1128 3338 Quibusdam
1183 3274 1382 3342 quidem
1439 3275 1566 3327 odor
1603 3275 1798 3339 mortis,

241 3365 294 3418 in
323 3375 571 3419 mortem:
597 3365 894 3434 quibusdam
917 3381 1032 3418 vero
1055 3365 1182 3418 odor
1205 3366 1342 3432 vita,
1398 3365 1451 3416 in
1495 3365 1670 3417 vitam.
1703 3365 1801 3418 Alii

244 3465 423 3509 autem
455 3455 638 3508 dicunt
666 3455 1014 3518 oblationem,
1044 3468 1161 3521 quae
1188 3467 1283 3521 pro
1315 3453 1534 3507 muliere
1561 3452 1798 3516 oﬁ'ertur,

242 3545 541 3610 signiﬁcare
565 3542 876 3611 sanguinem
933 3541 1148 3604 Christi,
1179 3541 1268 3606 qui
1302 3555 1395 3613 pro
1422 3540 1596 3592 anima
1625 3539 1805 3592 unius-

244 3633 498 3699 cujusque
551 3630 778 3682 bominis
825 3630 1022 3682 eﬁusus
1047 3637 1148 3680 est.
1177 3626 1387 3679 Oblatio
1422 3635 1597 3679 autent
1646 3639 1806 3689 super

245 3721 412 3774 altare
438 3719 677 3780 oli'ertur,
711 3720 760 3770 id
790 3726 872 3771 est
900 3730 1090 3783 corpus
1118 3717 1313 3768 Christi
1343 3715 1397 3768 in
1421 3716 1673 3769 Ecclesia.
1707 3713 1806 3768 Pu-

247 3809 452 3877 gillum,
486 3806 640 3861 Iidem
669 3806 965 3859 Trinitatis.
1015 3805 1226 3858 Decima
1271 3821 1411 3873 pars,
1465 3804 1804 3873 Decnlogum.

247 3900 376 3952 Sata
406 3897 585 3951 farina:
613 3897 920 3950 hordeacea:
947 3894 1192 3947 virtutem
1249 3898 1425 3947 carnis
1456 3894 1806 3948 dentoitstrat.

248 3987 336 4040 Ne
364 3987 590 4053 e/I‘undat
621 4003 770 4056 super
799 4001 906 4038 eam
931 3985 1116 4048 oleum,
1147 3999 1234 4036 nec
1281 3993 1435 4056 ponat
1465 3983 1598 4048 thus,
1631 3983 1682 4036 id
1705 3992 1808 4046 est,

257 4054 691 4132 misericordiam
711 4085 764 4128 et
791 4076 1104 4128 orationem.
1136 4073 1288 4138 Quod
1313 4054 1491 4127 autem
1517 4071 1666 4134 dicit,
1698 4071 1809 4122 Ali-

247 4169 460 4238 quidde
481 4171 760 4234 pavimento
781 4166 1089 4218 tabernaculi
1115 4165 1262 4215 mittit
1286 4165 1336 4215 in
1359 4164 1500 4214 illam
1527 4179 1546 4214 :
1573 4176 1811 4214 cOmme-

249 4257 598 4327 inorationem
625 4269 717 4320 per
747 4252 1126 4321 prophetarum
1146 4261 1200 4302 et
1227 4251 1583 4316 apostolorum
1612 4259 1665 4304 et
1694 4264 1807 4302 ont-

249 4343 398 4396 nium
426 4339 1076 4402 sanctorom‘doctriuam,
1112 4337 1423 4390 mittendam
1474 4351 1591 4390 esse
1643 4337 1803 4406 signi-

249 4435 398 4489 ﬁcat.
424 4435 476 4486 In
504 4447 571 4486 eo
601 4440 772 4486 autem
802 4431 939 4498 quod
960 4429 1108 4492 dicit,
1142 4428 1484 4497 Disc00periet
1537 4439 1691 4497 caput
1743 4428 1811 4481 il-

249 4525 375 4585 lius,
406 4521 803 4589 dispositionem
837 4522 1037 4587 peccati
1061 4519 1129 4572 de
1161 4533 1338 4576 ,sensu
1369 4517 1648 4586 principali
1700 4517 1815 4571 ani-

251 4626 358 4664 ma:
387 4608 669 4677 signiﬁcat.
703 4608 802 4660 Per
829 4606 1258 4661 commissionem
1300 4615 1476 4660 autem
1507 4607 1813 4672 scriptionis

253 4710 311 4752 et
341 4712 510 4767 aqum,
538 4697 831 4750 doctrinam
862 4694 1056 4748 Christi
1109 4703 1164 4746 et
1189 4694 1460 4761 sanguinis
1503 4680 1814 4748 eﬁ'usioncm

254 4788 608 4842 demonstrat.

816 4897 1063 4954 CAPUT
1095 4897 1180 4950 Vl.

335 5009 548 5063 .Inlictnr
577 5011 858 5073 Nazarteis,
881 5021 930 5062 ut
955 5013 1142 5072 vinum,
1173 5017 1216 5060 et
1247 5022 1390 5058 omne
1409 5005 1540 5070 quod
1569 5005 1815 5056 inebriare

262 5107 448 5167 potest,
471 5110 514 5148 et
545 5115 688 5150 omne
730 5105 860 5168 quod
883 5101 945 5152 de
993 5100 1100 5152 uois
1122 5107 1216 5161 est,
1249 5112 1347 5148 non
1369 5095 1561 5154 bibant,
1595 5109 1681 5145 nec
1709 5110 1821 5145 are-

263 5203 395 5250 tum,
441 5203 529 5238 nuc
557 5187 618 5238 de
660 5202 755 5238 una
783 5204 929 5255 passa
950 5187 1232 5239 comedunt.
1265 5183 1398 5249 Quid
1449 5179 1820 5234 Nazaraeorunt

263 5289 480 5342 nomen,
507 5276 606 5328 nisi
661 5276 1037 5329 abstinentiam
1087 5277 1207 5328 vita:
1237 5271 1471 5343 ﬁgurat?
1503 5270 1595 5324 His
1623 5272 1672 5323 in
1706 5273 1825 5324 vino

266 5367 471 5422 Iusuria
498 5365 835 5433 prohibetur;
869 5367 919 5418 in
965 5369 1171 5420 diversa
1199 5365 1413 5433 potione
1465 5360 1686 5415 diversa:
1735 5376 1823 5413 vo-

265 5464 497 5513 luntates
524 5455 906 5524 signiﬁcantur.
941 5456 1014 5508 Illi
1062 5457 1201 5508 enim
1256 5454 1432 5506 vinum
1466 5467 1568 5504 non
1617 5451 1819 5516 bibunt,

272 5548 512 5603 sodalias
540 5546 779 5614 potiones
822 5544 1026 5609 bibunt,
1059 5546 1146 5613 qui
1174 5545 1239 5598 ad
1269 5541 1608 5611 decipiendos
1657 5541 1825 5594 homi-

268 5623 370 5688 aes
414 5637 624 5690 umbras
673 5632 929 5704 quasdam
967 5643 1019 5686 et
1068 5633 1322 5702 imagines
1363 5632 1612 5687 simulant
1633 5629 1826 5686 habere

745 5747 1000 5804 Parnot.
1051 5743 1199 5804 XCI.
1231 5800 1236 5804 .

1824 3055 1869 3117 C

1884 1835 2186 1900 septinmna,
2217 1834 2613 1888 confessionem
2643 1849 2733 1900 per
2761 1833 3057 1887 doetriuatn
3089 1835 3448 1902 sepllittrtttettt

1885 1925 2116 1994 Spiritus’
2143 1925 2336 1979 Sancti.
2369 1925 2562 1979 Octava
2588 1926 2701 1978 dies
2727 1925 2930 1978 Novum
2953 1925 3349 1978 Testamentum
3367 1923 3450 1977 de-

1886 2024 2164 2069 monstrat.
2197 2016 2270 2068 De
2299 2016 2572 2070 sacriﬁciis
2600 2033 2717 2085 qua:
2739 2016 3225 2087 subsequuntur,.in
3257 2014 3449 2085 priori-

1888 2107 1985 2159 bus
2015 2103 2226 2158 abunde
2255 2103 2454 2158 dictum
2483 2115 2585 2158 est.

2491 2191 2714 2245 CAPUT
2751 2191 2859 2247 VII.

1961 2287 2067 2339 Sea?
2095 2287 2323 2357 plaustra
2351 2299 2442 2340 sex
2471 2285 2584 2338 dies
2614 2285 2912 2353 signiﬁcare
2962 2294 3214 2352 possunt;
3242 2292 3297 2337 et
3324 2283 3452 2336 duo-

1891 2378 2062 2432 decim
2082 2377 2367 2446 principes,
2395 2377 2610 2430 tetidem
2641 2376 2920 2443 prophetas
2945 2392 2957 2428 :
2986 2376 3225 2430 similiter
3251 2375 3452 2429 duode-

1892 2471 1992 2523 cim
2027 2472 2208 2533 boves,
2247 2469 2464 2523 totidem
2491 2468 2778 2535 apostolos.
2815 2467 2983 2521 Aliter
3014 2466 3244 2535 plaustra
3290 2466 3454 2533 signi-

1898 2562 2080 2628 ﬁcant,
2111 2570 2247 2612 tecta
2300 2573 2427 2613 vero
2475 2557 2635 2611 vitam
2669 2554 2978 2610 iheoricam.
3009 2553 3355 2609 Acetabulutn
3400 2567 3456 2608 et

1899 2651 2048 2714 iulia,
2077 2663 2272 2717 corpus
2300 2658 2354 2700 et
2405 2648 2657 2710 animant,
2689 2654 2969 2713 utrumque
2999 2645 3207 2712 plenum
3263 2643 3454 2702 simila.

1899 2742 2106 2800 llazdos,
2137 2754 2293 2808 opera
2325 2736 2575 2805 perfecta.
2625 2735 2921 2789 Mortariola
2965 2735 3145 2786 decem
3184 2731 3348 2799 siclis,
3404 2734 3453 2786 id

1897 2841 1996 2899 est,
2024 2846 2214 2900 corpus
2257 2831 2437 2884 decem
2493 2829 2762 2892 sensibus,
2821 2827 2987 2893 plenis
3019 2827 3257 2888 incenso,
3288 2824 3337 2876 id
3366 2834 3451 2878 est

1897 2925 2156 2985 oratione,
2189 2935 2282 2989 per
2313 2920 2490 2989 ignem
2513 2916 2958 2985 componetiouis.
2986 2916 3087 2969 Bos
3113 2930 3236 2970 vero
3274 2914 3456 2968 docto-

1900 3027 2010 3066 rem
2038 3011 2317 3080 signitiett,
2349 3010 2449 3071 sed
2473 3021 2646 3062 tamen
2670 3007 2773 3060 duo
2803 3005 2965 3060 boves
3005 3018 3192 3060 sensus
3220 3006 3457 3074 corporis

1903 3117 1958 3158 et
1983 3105 2171 3158 anima:
2197 3101 2501 3158 ostendunt.
2535 3084 2676 3156 Hirci
2732 3114 2941 3168 quoque
2966 3095 3216 3167 quinque,
3241 3097 3456 3152 totidem

1903 3208 2112 3248 sensus.
2142 3192 2288 3247 Unus
2318 3205 2441 3246 vero
2470 3190 2669 3254 hircus,
2689 3188 2882 3244 Christi
2899 3201 3134 3254 carnem,
3155 3188 3235 3242 vel
3266 3189 3459 3242 unius-

1905 3285 2164 3354 cujusque
2187 3283 2553 3336 bmreticorutn
2579 3282 2848 3348 populum.
2878 3279 3047 3334 Omne
3067 3288 3456 3345 ornamentum,

1905 3391 2086 3429 aurum
2114 3384 2167 3428 et
2193 3380 2487 3440 argentum,
2520 3369 2792 3423 historiam
2817 3379 2874 3423 et
2900 3381 3136 3434 sensum,
3155 3369 3344 3436 quibus
3369 3383 3459 3421 or-

1907 3479 2058 3522 natur
2079 3465 2333 3520 Ecclesia.
2367 3464 2534 3518 Aliter
2564 3464 2658 3517 bos
2713 3463 2779 3517 de
2807 3463 3337 3532 armentotspiritum
3385 3463 3453 3516 do

1905 3556 2101 3611 Iudaeis
2127 3557 2499 3624 pradiguravit.
2535 3552 2818 3606 Duodecim
2847 3552 2982 3616 dies,
3029 3551 3245 3620 ﬁguram
3277 3551 3465 3606 viven-

1907 3653 2036 3705 tium
2061 3652 2110 3703 in
2138 3636 2392 3704 doctrinis
2449 3647 2828 3718 apostolorum.
2862 3648 3064 3714 Aquam
3119 3659 3246 3699 vero
3275 3645 3460 3698 lustra-

1909 3741 2116 3806 tionis,
2146 3740 2439 3795 doctrinam
2483 3738 2713 3808 Spiritus
2769 3737 2962 3798 sancti,
2989 3735 3072 3790 vel
3101 3735 3362 3805 lacrymas
3409 3735 3459 3787 in

1911 3831 2238 3901 poenitentia.

2488 3913 2711 3967 CAPUT
2750 3911 2879 3966 VIII.

1983 4006 2087 4059 Lex
2119 4003 2366 4072 pra-cepit
2393 4000 2592 4055 Levitis
2620 4010 2676 4052 nt
2701 4015 2729 4053 a
2757 4001 2995 4070 vigesimo
3046 4001 3220 4065 quinto
3248 4015 3384 4051 anno
3409 4000 3462 4051 in

1912 4095 2231 4146 tabernaculo
2254 4091 2534 4143 deserviant
2565 4105 2720 4158 usque
2747 4091 2814 4140 ad
2842 4090 3313 4157 quinquagesimum
3369 4105 3460 4140 nn-

1913 4201 2053 4249 num,
2086 4193 2134 4237 et
2164 4191 2273 4247 post
2294 4181 2760 4251 quinquagesimum
2787 4195 2975 4231 annum
2987 4179 3172 4231 servire
3193 4179 3463 4243 desistant,

1909 4285 1956 4328 et
1987 4275 2037 4326 lii
2063 4276 2289 4327 custodes
2319 4287 2548 4325 vasorum
2576 4271 2692 4334 sint,
2728 4279 2773 4322 et
2824 4269 3040 4321 ministri
3089 4271 3301 4337 [rutrum
3344 4284 3466 4321 suo--

1911 4380 2046 4418 rum.
2081 4363 2216 4430 Quid
2247 4362 2385 4416 enim
2416 4377 2506 4429 per
2554 4375 2750 4414 annum
2783 4361 3092 4428 vigesimum
3121 4360 3377 4427 quintum,
3412 4361 3466 4412 in

1912 4470 2017 4525 quo
2067 4455 2165 4508 ﬁos
2215 4454 2504 4522 juventutis
2549 4452 2739 4515 oritur,
2773 4451 2873 4504 nisi
2931 4453 3040 4518 ipsa
3069 4460 3250 4503 contra
3279 4465 3468 4502 unum-

1915 4544 2161 4614 quodque
2214 4544 2397 4596 vitium
2446 4543 2577 4594 bella
2622 4541 2946 4606 ﬁgurantur?
2973 4550 3025 4593 et
3052 4539 3176 4607 quid
3207 4553 3299 4606 per
3318 4540 3470 4608 quin-

1917 4635 2280 4705 quagesimum
2315 4646 2612 4694 numerum,
2640 4633 2689 4683 in
2713 4645 2818 4698 quo
2844 4639 2896 4683 et
2922 4628 3105 4698 jubilci
3131 4631 3472 4701 requiescunt

1919 4728 1970 4782 in
1999 4737 2276 4789 :eterntnu,
2312 4725 2407 4776 nisi
2440 4734 2656 4778 externa
2688 4725 2897 4790 requies
2918 4722 3148 4777 edomito
3166 4725 3304 4778 bello
3320 4739 3470 4777 men-

1922 4818 1990 4871 tis
2017 4815 2363 4884 esprimitur?
2387 4814 2522 4880 Quid
2547 4829 2670 4869 vero
2692 4831 2782 4883 per
2812 4829 2931 4868 vasa
2963 4815 3309 4881 tabernaculi,
3360 4815 3465 4868 nisi

1923 4909 2155 4963 ﬁdelium
2180 4907 2370 4959 anima:
2401 4905 2710 4974 ﬁgurantur.
2741 4905 2937 4958 Levita!
2965 4920 3092 4960 vero
3115 4905 3182 4958 ab
3208 4918 3347 4957 anno
3364 4917 3465 4955 ην

1924 4996 2261 5052 tabernaculo
2290 4996 2617 5062 deserviunt,
2645 5004 2699 5050 et
2741 4976 3186 5064 quinquagesimo
3225 4992 3472 5048 custodes

1925 5104 2164 5140 vasorum
2197 5085 2364 5148 ﬁunt;
2396 5095 2451 5136 ut
2473 5073 2713 5140 videlicet
2735 5084 2905 5137 adhuc
2932 5085 3017 5150 qui
3049 5081 3464 5148 impugnantiutn

1926 5180 2169 5231 vitiorum
2197 5176 2480 5228 certamina
2515 5189 2606 5244 per
2638 5187 2954 5228 consensum
3001 5169 3360 5223 delectatioois
3393 5180 3472 5221 to-

1925 5270 2114 5331 lerant,
2138 5267 2362 5319 alionnn
2392 5281 2569 5320 curam
2595 5266 2828 5332 recipere
2857 5277 2959 5315 non
2985 5268 3321 5330 prmsumant.
3343 5258 3474 5315 Cum

1926 5374 2052 5411 vero
2083 5357 2427 5410 tentationum
2447 5357 2582 5409 bella
2613 5353 2948 5422 subjecerint,
2981 5360 3176 5404 etcum
3227 5348 3363 5416 apud
3419 5364 3479 5403 se

1927 5453 1995 5504 de
2018 5459 2211 5502 mterua
2243 5449 2616 5516 tranquillitate
2645 5447 2815 5499 securi
2839 5453 2976 5506 sunt,
3003 5441 3300 5494 animarum
3352 5454 3475 5494 cus-

1929 5541 2121 5594 todiam
2151 5539 2462 5592 sortiuntur.
2495 5537 2595 5592 Sed
2624 5533 2741 5606 qui's
2767 5537 2863 5589 ista
2895 5533 3070 5596 prtulia
3117 5533 3213 5585 sibi
3245 5532 3477 5600 perlecte

1927 5630 2150 5696 subigat,
2182 5643 2300 5682 cmn
2357 5628 2543 5682 I’aulns
2591 5630 2774 5682 dicat:
2817 5625 2968 5678 Video
3025 5623 3176 5675 aliam
3230 5625 3382 5691 legem
3423 5620 3476 5669 iu

3067 5733 3137 5790 12
