3898 6260
411 385 517 438 5ϋῆ

909 382 1103 434 lii-Ille?)
1149 384 1584 437 γΕΝεηΑιιιωδ
1625 382 1898 436 υιιεςκωι
1944 381 1976 433 Ρ

2087 382 2119 434 5'
2161 382 2222 435 ll.
2264 410 2331 421 —
2373 382 2767 438 EXEGISTICA
2813 382 3134 437 CENUINA.
3532 383 3648 436 εει

413 496 646 551 τηνυιὺιὶδ
674 511 790 546 mets
813 505 1158 563 repugnantem
1188 493 1475 564 tegimentis
1494 511 1630 558 mem,
1656 504 1706 546 et
1732 494 1959 559 reliqua;
1996 498 2040 553 Λ
2072 501 2172 544 non
2205 493 2253 545 in
2278 495 2507 562 quinque
2556 495 2938 559 voluminibus;
2975 495 3288 562 Decalogum
3342 509 3460 563 Stgn
3489 499 3645 559 lient,

419 585 510 637 sed
538 584 675 638 aliud
705 595 779 637 est
813 585 942 636 bella
966 580 1168 636 fortiter
1197 591 1416 652 perpeti,
1453 583 1589 635 aliud
1640 583 1787 634 hellis
1817 581 1961 634 incr-

423 677 556 728 vitcr
578 674 883 741 expugnari.

1011 762 1231 816 CAPUT
1268 763 1353 815 IX.

493 855 680 908 Postea
735 852 1030 922 prtecipitur
1078 853 1180 916 his,
1232 853 1316 919 qui
1367 852 1526 921 primo
1556 866 1721 902 mense
1751 849 1962 903 ΡέιεεΙιτε

421 948 658 1001 interesse
685 961 782 997 non
811 950 1098 1012 potuerunt,
1131 950 1184 992 ut
1235 941 1286 992 in
1316 940 1531 992 secundo
1574 955 1740 991 mense
1788 955 1964 991 conre-

423 1036 583 1088 niant.
617 1035 670 1087 In
699 1032 931 1086 sccmnlo
957 1044 1139 1084 mense
1165 1029 1295 1097 jussi
1328 1037 1449 1082 sunt
1477 1027 1668 1092 facere,
1696 1027 1834 1098 quod
1878 1029 1962 1081 ni-

424 1125 613 1178 mii-uin
645 1122 945 1189 intelligitur
972 1123 1021 1174 in
1055 1133 1232 1188 typum
1263 1119 1432 1186 populi
1455 1121 1708 1188 gentium,
1733 1120 1960 1188 quicum

427 1213 670 1264 omnibus
689 1210 1012 1264 dremonibus
1061 1209 1297 1262 fornicati
1348 1207 1656 1261 videbantur
1703 1206 1867 1261 invidi
1913 1208 1964 1260 in

428 1301 601 1352 anima
625 1316 637 1362 ;
678 1296 870 1351 salubri
901 1312 1027 1352 vero
1051 1297 1381 1351 confessione
1402 1295 1662 1360 mundani,
1696 1295 1758 1350 ad
1781 1313 1968 1351 secun-

428 1390 545 1442 dam
571 1390 913 1452 nativitatem,
932 1389 1078 1456 quasi
1111 1387 1174 1441 ad
1207 1386 1491 1441 secundum
1519 1401 1776 1452 mensem,
1799 1395 1968 1442 trans-

431 1482 508 1536 ire
558 1481 951 1551 praecipiuntur.

1031 1569 1253 1625 CAPUT
1294 1569 1359 1623 Χ.

499 1663 602 1718 Sed
631 1673 682 1716 et
712 1663 830 1716 dine
857 1663 993 1716 tuba:
1020 1671 1280 1730 argenteae
1312 1659 1834 1728 fieriprzccipiuntnr,
1862 1657 1975 1722 qni-

433 1751 528 1806 bus
560 1753 836 1807 convocari
872 1753 1037 1821 possit
1067 1752 1362 1804 multitudo.
1389 1751 1485 1803 Per
1506 1750 1635 1803 duas
1667 1749 1811 1801 tubas
1829 1761 1975 1800 exer-

2069 601 2094 635 x
2111 601 2178 636 xu
2203 586 2342 651 leges
2365 588 2640 652 signiﬁcat.
2676 585 2791 639 Uno
2817 586 3011 655 )loyse,
3031 585 3080 639 id
3101 597 3181 638 est
3205 595 3466 650 tempore,
3500 602 3648 650 prm-

2063 677 2216 728 senti.
2244 674 2340 728 Per
2374 693 2519 729 nares
2545 688 2754 729 vestras.
2787 678 2937 731 Sicut
2992 693 3096 729 nun
3146 693 3239 742 per
3290 679 3644 729 consuetudi-

2063 783 2179 821 nem
2216 771 2497 834 petierunt,
2535 769 2611 820 sic
2639 779 2690 820 et
2734 769 3082 822 vindicantur.
3109 766 3264 820 Josne
3317 776 3486 820 (intem
3545 767 3646 818 ins-

2063 859 2214 908 molat
2243 874 2334 926 per
2356 857 2589 926 Moysen,
2618 858 2885 912 Christum
2921 876 3013 926 per
3057 859 3223 926 legem
3267 858 3646 910 immolantem

2062 947 2338 1014 significat.
2374 946 2426 998 In
2461 948 2556 999 hac
2583 958 2757 1001 autem
2786 949 3080 1010 mansiooe,
3112 946 3379 998 Descendit
3408 946 3646 1015 Spiritus

2061 1053 2209 1103 super
2228 1037 2550 1105 septuaginta
2572 1039 2721 1090 viros.
2751 1036 2813 1088 Et
2841 1035 3086 1090 Dominus
3126 1037 3380 1088 descendit
3404 1037 3457 1086 in
3477 1037 3640 1098 nube,

2063 1136 2109 1176 et
2133 1126 2339 1178 retraxit
2367 1127 2599 1190 spiritum
2624 1128 2834 1195 quierat
2875 1127 2929 1178 in
2970 1123 3166 1194 Moyse,
3199 1133 3246 1176 et
3274 1124 3519 1190 imposuit
3553 1140 3642 1175 sa-

2065 1230 2150 1280 pcr
2171 1216 2489 1282 septuaginta
2515 1216 2661 1268 viros.
2688 1214 3015 1270 Descendens
3038 1215 3198 1277 enim,
3230 1215 3490 1267 universa:
3516 1229 3639 1266 car-

2068 1308 2148 1357 nis
2174 1306 2364 1359 Christi
2397 1306 2582 1358 dill‘nsa
2608 1316 2688 1360 est
2718 1322 2809 1374 per
2836 1305 2990 1362 fidem
3019 1305 3247 1374 Spiritus
3301 1305 3471 1357 sancti
3501 1318 3640 1372 gra-

2070 1394 2158 1457 tia,
2189 1410 2347 1461 super
2379 1396 2578 1447 electos
2601 1395 2844 1463 populos,
2870 1405 2924 1450 et
2950 1409 3051 1448 ιιι
3099 1393 3311 1462 linguas
3363 1392 3638 1461 gentium.

2073 1481 2332 1550 Venitque
2361 1496 2516 1548 super
2543 1497 2635 1535 eos
2657 1495 2813 1536 omne
2857 1480 3046 1538 denm
3073 1481 3200 1536 illud
3230 1479 3462 1543 virtutis,
3488 1479 3638 1548 quod

2073 1575 2336 1641 qttutttlntlt
2361 1574 2457 1625 fuit
2484 1572 2535 1624 in
2565 1572 2742 1643 tloyse
2765 1581 2818 1627 et
2847 1574 3129 1642 prophetis.

2672 1663 2888 1720 CAPUT
2930 1663 3038 1719 XII.

2153 1757 2275 1809 l’ost
2307 1757 2412 1808 hac
2454 1758 2619 1809 Aaron
2673 1757 2836 1811 locum
2877 1757 3107 1810 incedens
3137 1751 3450 1816 offensionis,
3511 1767 3636 1804 eius

433 1845 567 1897 citus
589 1851 930 1905 convocatur,
961 1841 1077 1907 quia
1108 1856 1196 1906 per
1226 1841 1331 1894 duo
1355 1839 1709 1904 Testamenta,
1742 1837 1855 1890 sive
1886 1851 1978 1903 per

2087 1865 2248 1900 θυι-ονε
2278 1865 2368 1900 sna
2421 1846 2612 1914 Maria,
2663 1849 2809 1916 fratri
2850 1849 3017 1916 utique
3056 1844 3336 1908 abstrahit,
3386 1844 3522 1911 quod
3569 1845 3636 1894 ab

437 1933 541 1987 duo
571 1941 830 2000 prmeepta
864 1931 1132 1985 charitatis
1157 1932 1218 1983 ad
1254 1933 1577 1999 procinctum
1611 1929 1726 1983 lidei
1759 1931 1979 1998 populus

435 2033 702 2076 evocatur.
735 2022 859 2088 Qua:
883 2022 1075 2075 idcirco
1103 2030 1362 2090 urgentem
1388 2031 1529 2085 sunt,
1581 2031 1639 2074 ut
1670 2021 1977 2090 praedicato-

437 2129 551 2166 rum
612 2113 772 2166 verba
824 2113 1014 2180 eloquii
1073 2112 1242 2165 nitore
1301 2113 1553 2179 fulgeant,
1585 2123 1638 2164 et
1685 2112 1976 2164 auditorum

436 2213 637 2256 mentes
659 2204 796 2256 nulla
820 2202 1136 2256 obscuritate
1180 2200 1528 2254 confundant.
1560 2201 1751 2254 Idcirco
1806 2210 1978 2252 autem

435 2293 675 2358 ductiles,
709 2294 824 2361 quia
854 2307 1069 2346 necesse
1092 2302 1191 2354 est,
1228 2301 1281 2344 ut
1310 2292 1358 2344 hi
1391 2294 1476 2358 qui
1512 2293 1661 2342 vitam
1705 2274 1979 2357 venturam

441 2387 728 2450 praedicant
773 2382 1162 2446 lrihulatiopum
1241 2376 1590 2450 praisentium
1652 2380 1983 2432 tonsionibus

439 2484 692 2528 creseant.
719 2475 855 2526 Bene
898 2483 1069 2526 autem
1125 2471 1332 2536 dicitur,
1358 2472 1482 2523 Cum
1533 2469 1788 2520 intercisus
1834 2468 1984 2534 fuerit

438 2564 664 2631 clangor,
682 2554 1002 2615 inorebnntur
1033 2571 1231 2624 castra;
1260 2560 1381 2626 quia
1411 2557 1652 2609 nimirum
1677 2569 1794 2607 cum
1821 2553 1986 2606 subti-

439 2655 536 2707 lior
557 2652 915 2706 autminutior
947 2651 1330 2718 prazdicationis
1385 2664 1559 2701 sermo
1591 2656 1858 2708 tractatur,
1884 2662 1988 2698 au-

443 2744 670 2798 diturum
705 2751 906 2796 mentes
937 2751 1116 2794 contra
1143 2738 1428 2793 certamina
1460 2738 1725 2791 ardentius
1755 2735 1987 2789 excitan-

441 2847 524 2891 tur
553 2854 567 2892 :
592 2838 765 2890 abillo
793 2836 908 2889 loco
937 2834 1075 2905 quod
1108 2834 1157 2887 in
1208 2847 1306 2886 una
1367 2842 1512 2900 parte
1560 2829 1723 2883 Exodi
1771 2829 1983 2891 dicitur,

437 2928 576 2995 quod
603 2937 834 2980 venerunt
862 2927 954 2993 [itii
981 2924 1141 2978 Israel
1163 2923 1224 2977 de
1267 2923 1512 2992 Raphaim
1543 2922 1590 2972 in
1619 2921 1868 2974 desertum
1901 2918 1985 2974 Si-

412 3027 415 3029 ’
440 3017 543 3079 nni,
575 3017 656 3068 ubi
682 3013 846 3068 Moses
876 3015 1096 3067 ascendit
1125 3014 1175 3067 in
1223 3023 1436 3065 montem
1474 3010 1650 3077 Sinni,
1676 3010 1846 3063 omnia
1870 3024 1985 3078 quae

2079 1941 2356 2005 a’ienigena
2385 1939 2650 2006 accepisset
2676 1953 2900 2001 uxorein.
2929 1934 3076 1990 Unde
3098 1933 3236 1986 illico
3266 1931 3436 1984 Maria
3457 1943 3636 1983 conta-

2078 2029 2160 2095 gio
2197 2030 2349 2093 lepra:
2395 2027 2626 2095 efﬂoruit.
2660 2027 2806 2091 Quod
2837 2024 3092 2096 signiﬁcat
3135 2023 3255 2090 quia
3282 2020 3637 2074 sacerdotalis

2082 2120 2165 2171 illa
2197 2117 2341 2183 plebs
2369 2115 2579 2169 Patrum
2609 2113 2820 2168 Christo
2848 2112 3108 2168 Salvatori
3131 2111 3416 2163 adversum
3445 2109 3636 2163 Eccle-

2080 2209 2207 2260 siam
2237 2215 2606 2274 congregatum
2648 2220 2714 2256 ex
2761 2202 3000 2271 gentibus
3027 2201 3330 2266 derogaret,
3365 2214 3466 2253 nec
3496 2198 3637 2252 redit

2081 2297 2146 2351 ad
2173 2297 2260 2352 Dei
2287 2295 2710 2358 uberiiaculum,
2741 2292 2904 2346 donec
2928 2289 3105 2341 statim
3136 2288 3483 2355 plenitudinis
3504 2304 3637 2356 gen-

2085 2395 2210 2446 tium
2275 2401 2479 2457 tempus
2524 2385 2824 2452 impleatur.
2871 2383 3019 2435 Tunc
3057 2382 3196 2434 enim
3256 2383 3445 2436 eadem
3488 2382 3637 2449 plebs

2053 2475 2056 2478 ’
2085 2485 2354 2549 pristinam
2381 2476 2573 2544 poterit
2601 2472 2838 2539 recipere
2866 2470 3144 2526 sanitatem
3170 2513 3184 2538 ,
3215 2488 3335 2526 cum
3361 2473 3439 2526 eis
3470 2475 3634 2541 septi-

2086 2568 2262 2620 l'nnnis
2312 2565 2545 2634 Spiritus
2587 2562 2769 2633 gratia:
2830 2562 3028 2632 agnitio
3075 2562 3139 2615 ad
3204 2561 3416 2617 veniam
3485 2561 3640 2617 fuerit

2083 2659 2273 2725 sulfrag
2291 2665 2380 2707 ita.

2655 2741 2876 2797 CAPUT
2915 2741 3053 2797 Xlll.

2153 2854 2249 2908 llis
2289 2855 2552 2908 transactis
2572 2894 2587 2919 ,
2616 2855 2881 2907 duodecim
2909 2855 3170 2908 mittuntur
3197 2856 3541 2924 exploratores
3569 2855 3638 2907 ad

2082 2947 2498 3000 considerandam
2515 2955 2719 2999 terram.
2749 2945 3119 3013 Exploratores
3141 2945 3285 3000 missi
3312 2947 3376 2999 ad
3393 2948 3635 3000 conside-

2086 3035 2300 3090 randam
2361 3047 2551 3087 terram
2602 3034 2838 3098 uberem,
2882 3035 2970 3101 qui
3019 3042 3322 3089 terruerunt
3369 3037 3637 3101 populum,

444 3107 684 3173 legum"
709 3121 872 3172 “sq”
900 3105 963 3158 ad
1000 3106 1152 3157 “"em
1205 3103 1392 3169 Ε’ίοδίν
1437 3113 1491 3156 ei
1521 3110 1661 3154 ""“5
1704 3101 1980 3162 Levmcus’
2016 3180 2052 3191 ξ,
2084 3127 2284 3179 scribas
2305 3134 2359 3178 et
2386 3124 2681 3177 Pharisazos
2708 3124 3028 3191 signiﬁcant.
3058 3123 3212 3176 Sicut
3259 3125 3404 3176 enim
3438 3124 3514 3176 illi
3545 3137 3638 3191 per

441 3204 492 3245 (⁵⁸
548 3208 662 3261 qum
713 3194 941 3247 "mune!
973 3193 1103 3245 lib"
1133 3193 1366 3283 Νιψιετί»
1393 3207 1554 3283 ¹μ¹δὶ¹¹⁶
1579 3191 1631 3243 ί²¹
1660 3198 1976 3283 primam?"
2011 3180 2055 3241 Β
2091 3217 2303 3283 Moysen
2330 3213 2470 3266 missi
2518 3220 2666 3277 sunt,
2727 3180 2786 3263 υἱ
2832 3213 2928 3265 soli
2982 3212 3356 3266 fecunditatem
3411 3180 3634 3266 sollicita

446 3283 635 3347 locum,
668 3287 715 3335 in
744 3283 839 3336 hac
870 3283 1035 3336 manli
1074 3297 1160 3348 ne,
1191 3282 1239 3334 id
1268 3293 1367 3344 εει,
1400 3281 1449 3331 in
1499 3287 1672 3331 monte
1712 3278 1854 3332 Sinai
1899 3278 1987 3329 de-

442 3376 628 3442 scripta
661 3386 798 3428 sunt.
831 3373 948 3427 Post
972 3373 1079 3428 lucc
1106 3375 1351 3426 venientes
1374 3373 1434 3422 de
1465 3381 1632 3422 monte
1663 3367 1887 3431 Domini,
1909 3381 1990 3420 ve-

443 3475 618 3518 nerunt
658 3467 711 3518 in
763 3466 1030 3518 solitudine
1074 3463 1315 3516 Pharum.
1365 3461 1491 3527 Qui:
1550 3460 1752 3512 matria
1785 3476 1852 3514 ex
1892 3463 1989 3514 hoc

444 3555 580 3620 quod
629 3555 697 3607 ibi
748 3555 956 3620 accidit,
1029 3554 1338 3623 Sepulcrum
1414 3551 1849 3618 concupiscentia:
1895 3567 1988 3607 vo-

443 3651 611 3695 catur.

1017 3730 1242 3788 CAPUT
1280 3732 1368 3788 XI.

523 3845 614 3897 llic
668 3846 886 3915 populus
929 3847 1195 3901 cmlestem
1249 3860 1435 3916 panem
1469 3845 1773 3906 fastidiens,
1804 3855 1986 3894 carnes

453 3933 795 4005 A‘ngptiacas
835 3937 1153 3990 desideravit
1179 3953 1195 4001 ;
1221 3950 1382 4004 quare
1408 3950 1500 3988 eos
1523 3934 1788 3988 devoravit
1815 3934 1990 3986 incen-

450 4027 612 4079 dium.
674 4027 710 4078 Ε
761 4029 946 4095 quibus
1002 4027 1253 4082 docemur
1293 4035 1344 4080 ut
1395 4029 1481 4094 qui
1533 4028 1984 4078 conversationem

450 4118 626 4171 mundi
660 4117 811 4185 hujus
841 4117 1166 4186 reliquimus,
1211 4125 1260 4170 et
1291 4117 1422 4169 ollas
1453 4115 1810 4183 A'Lgyptiaeas,
1835 4113 1883 4167 id
1904 4124 1987 4170 est

446 4211 730 4263 carnalium
759 4207 1144 4260 desideriorum
1175 4207 1645 4273 concupiscentias,
1671 4208 1989 4274 contempsi-

447 4313 711 4360 mus,non
741 4298 1053 4348 deberemus
1101 4309 1429 4347 murmurare
1485 4303 1664 4347 contra
1719 4295 1988 4348 ('(Blettleln

450 4405 657 4459 panem,
687 4404 781 4441 nec
815 4387 1123 4439 vinolentias
1170 4385 1539 4453 Egyptiorum
1581 4394 1850 4452 appetere,
1898 4385 1989 4438 sed

447 4480 735 4548 simplicem
788 4491 992 4528 tuamne
1035 4475 1229 4537 cibum,
1283 4473 1331 4525 id
1384 4483 1485 4535 est,
1517 4473 1807 4527 cmlestium
1835 4477 1989 4527 vitam

448 4587 702 4640 quivre-ie.
736 4570 974 4636 Alioquin
1006 4570 1046 4621 si
1081 4581 1196 4635 post
1228 4568 1510 4636 perfectam
1543 4571 1701 4622 vitam
1756 4573 1988 4624 volunta-

453 4672 528 4713 tes
562 4661 803 4724 pristinas
832 4659 1147 4710 voluerimus
1178 4668 1441 4725 appetere,
1497 4653 1806 4714 verabimus
1862 4679 1992 4716 nau-

450 4766 615 4814 seant,
647 4749 818 4800 statim
873 4743 1074 4798 Domini
1126 4747 1242 4812 igne
1270 4750 1642 4814 torquebimur.
1671 4749 1994 4803 Desiderium

454 4854 687 4898 nostrum
744 4850 974 4892 vertetur
1031 4839 1080 4890 in
1138 4839 1415 4903 tumulum,
1452 4851 1505 4891 ut
1565 4843 1728 4894 simus
1757 4844 1993 4908 sepulcra

454 4929 719 4987 deaurata.
745 4928 846 4981 Sed
895 4936 1066 4981 tamen
1125 4927 1466 4981 histOrialitcr
1495 4929 1763 4982 sciendum
1797 4942 1996 5001 esticur

453 5021 542 5075 lilii
568 5018 725 5075 Israel
752 5031 958 5070 carnem
988 5019 1444 5082 desideraverunt,
1473 5021 1728 5076 habentes
1757 5038 1947 5074 manna
1975 5039 1988 5074 :

460 5101 597 5176 quod
621 5109 690 5162 ita
722 5109 966 5174 solvitur,
994 5112 1112 5176 quia
1148 5125 1336 5164 manna
1369 5115 1543 5167 omnis
1565 5113 1665 5182 cibi
1694 5114 1994 5166 similitudi-

459 5215 576 5254 nem
601 5200 798 5265 habuit,
829 5209 1016 5269 prater
1044 5203 1235 5254 carnis.
1265 5202 1352 5256 Sic
1403 5214 1454 5258 et
1501 5218 1678 5258 saneta
1729 5206 1994 5272 Scriptura

459 5305 668 5344 munem
689 5292 974 5345 salictatem
1005 5306 1120 5359 qua:
1150 5291 1352 5359 prolicit
1381 5293 1557 5356 habet,
1592 5307 1784 5361 praeter
1808 5296 1993 5346 Volun-

462 5393 615 5434 tatem
651 5385 1008 5447 peccatricem.
1063 5386 1313 5438 Dominus
1355 5400 1561 5452 quoque
1606 5387 1800 5440 idcirco
1850 5387 1995 5440 dedit

460 5489 665 5532 carnes,
696 5489 760 5526 ne
790 5474 1006 5528 modcze
1038 5476 1306 5542 petestatis
1350 5487 1636 5543 putaretur.
1666 5476 1770 5530 Sed
1801 5488 1994 5538 tamen,

460 5579 522 5617 eo
551 5563 685 5630 quod
712 5565 993 5630 incongrue
1045 5574 1416 5632 poposcerunt,
1445 5566 1729 5617 vindicavit
1755 5582 1767 5628 ;
1800 5568 1875 5620 sic
1908 5581 1999 5634 per

462 5655 781 5720 Scriptuer
807 5656 1043 5708 voluntas
1091 5657 1385 5718 dimittitur,
1422 5671 1523 5709 non
1575 5671 1675 5708 uno
1701 5657 1805 5719 die,
1839 5658 1887 5710 id
1920 5663 1998 5707 est

466 5761 565 5798 non
617 5747 807 5799 unitate
840 5744 976 5808 fidei,
1029 5748 1107 5799 vel
1158 5763 1259 5798 nm
1313 5747 1361 5797 in
1394 5747 1594 5799 «Ιυιὺιιε
1627 5745 1845 5813 legibus,
1871 5749 1982 5800 sive

2087 3303 2509 3359 consideratione
2537 3312 2858 3368 tractarent,
2891 3303 2958 3356 ita
3001 3302 3088 3356 isti
3119 3318 3212 3372 per
3249 3304 3420 3371 legem
3442 3313 3495 3357 et
3521 3318 3636 3372 pro-

2091 3396 2271 3464 phetas
2311 3395 2454 3449 missi
2481 3404 2621 3458 sunt,
2656 3405 2712 3448 ut
2747 3395 3036 3464 Scriptura:
3068 3395 3402 3450 fertilitatem
3433 3409 3528 3462 per
3551 3395 3635 3447 in-

2089 3489 2488 3557 vostigationem
2549 3487 2756 3540 Domini
2821 3488 3228 3553 specularentur
3305 3487 3628 3538 adventum:

2085 3577 2175 3647 qui
2197 3581 2262 3630 de
2289 3587 2422 3629 terra
2453 3587 2633 3630 saneta
2662 3586 2804 3631 ortus
2835 3586 2934 3641 est,
2963 3577 3010 3629 id
3041 3585 3142 3640 est,
3176 3576 3242 3627 de
3269 3589 3498 3640 corpore
3528 3572 3626 3625 vir-

2086 3671 2220 3738 ginis
2251 3667 2444 3730 Maria,
2477 3670 2527 3721 in
2560 3683 2662 3736 qua
2684 3668 2915 3736 Spiritus
2945 3669 3125 3735 gratia:
3157 3663 3496 3718 redundavit.
3549 3663 3629 3715 γει

2085 3767 2248 3821 certe,
2296 3767 2350 3808 ut
2399 3769 2588 3810 terram
2645 3760 2819 3810 carnis
2866 3755 3063 3809 Christi
3094 3755 3517 3816 considerarent,
3550 3767 3631 3818 per

2087 3862 2240 3917 quam
2271 3863 2489 3913 regnum
2513 3848 2629 3910 Dei,
2659 3858 2715 3900 ut
2759 3849 3056 3901 ubertatem
3101 3843 3365 3898 fructuum
3398 3843 3628 3910 spiritua-

2091 3938 2236 3997 lium,
2270 3945 2321 3989 et
2343 3940 2499 3989 vitam
2533 3948 2784 3989 aeternam
2807 3939 3056 4002 consequi
3093 3942 3332 4000 possent.
3380 3932 3483 3985 Sed
3507 3934 3630 3984 sicut

2089 4029 2163 4084 illi
2219 4037 2520 4083 terruerunt
2577 4028 2846 4096 populum,
2899 4041 2966 4079 ne
2999 4025 3089 4079 llei
3147 4023 3629 4091 reproniissionibus

2087 4119 2360 4174 crederent
2385 4159 2398 4180 ,
2429 4121 2496 4172 ita
2520 4130 2574 4172 et
2601 4119 2685 4172 isti
2717 4127 2998 4171 suaserunt
3028 4116 3219 4184 portula
3240 4115 3546 4168 Iudaeorum
3570 4128 3626 4166 no

2086 4209 2294 4265 Christo
2335 4210 2663 4278 promittenti
2703 4209 3072 4262 remissionem
3126 4207 3362 4260 omnium
3399 4213 3628 4272 peceato-

2089 4315 2200 4355 ruin
2235 4311 2287 4353 et
2315 4315 2533 4368 regnum
2563 4300 2820 4353 caelorum
2862 4299 3160 4352 crederent.
3230 4299 3308 4350 Ad
3357 4297 3630 4368 Egyptum

2094 4391 2266 4446 redire
2292 4388 2447 4458 hujus
2477 4391 2654 4444 mundi
2683 4391 2982 4458 cupientes,
3006 4399 3059 4443 et
3088 4390 3412 4457 recipientes
3451 4402 3632 4442 manus

2096 4485 2235 4548 fidei,
2259 4493 2554 4552 querentes
2585 4482 2715 4536 ollas
2764 4491 3096 4547 peccatorum
3146 4481 3346 4546 nigras,
3405 4488 3460 4530 et
3488 4491 3632 4546 cepas

2096 4574 2534 4644 blasphemiarum
2588 4571 2862 4638 putridas,
2917 4581 2972 4622 et
3026 4583 3257 4636 pepones
3295 4568 3538 4623 vitiorum
3580 4581 3633 4622 se

2092 4666 2364 4717 libidinum
2405 4669 2816 4716 marcescentes.
2851 4659 3040 4710 Botrus
3067 4667 3242 4711 autem
3287 4658 3375 4711 ille
3408 4659 3631 4726 pendens

2095 4755 2158 4806 de
2187 4755 2344 4819 ligno,
2393 4750 2634 4804 Christus
2678 4732 2760 4800 esi
2799 4748 3033 4813 pendens
3080 4747 3146 4801 de
3177 4747 3319 4815 ligno
3340 4751 3548 4810 crucis,
3574 4749 3634 4801 de

2100 4845 2235 4888 terra
2267 4835 2538 4903 genitricis
2573 4833 2787 4897 virginis
2838 4833 3019 4886 Mariae
3071 4833 3356 4885 secundum
3405 4847 3631 4895 carnem.

2100 4933 2250 4977 terra:
2282 4924 2459 4989 stirpis
2491 4923 2778 4975 visceribus
2824 4921 3042 4976 clTusus.
3100 4919 3211 4974 Duo
3241 4923 3492 4988 victores,
3542 4925 3637 4976 duo

2102 5014 2278 5082 populi
2315 5026 2434 5065 sunt
2464 5053 2477 5076 ,
2518 5013 2658 5079 prior
2684 5012 2932 5065 Judaicns
2961 5011 3175 5063 Christo
3220 5011 3432 5065 dorsum
3461 5023 3514 5066 et
3543 5030 3634 5067 non

2102 5107 2290 5158 faciem
2316 5105 2482 5168 dedit,
2519 5113 2568 5156 et
2595 5118 2750 5170 quem
2779 5102 2831 5153 in
2854 5101 2969 5169 lege
2999 5102 3255 5168 portabat,
3280 5117 3384 5156 non
3405 5103 3634 5166 videbat;

2098 5198 2182 5250 cui
2213 5198 2424 5260 dicitur,
2474 5195 2814 5247 Obscurentur
2859 5194 2991 5245 oculi
3031 5207 3204 5246 eorum
3243 5211 3301 5248 ne
3347 5196 3564 5260 uideant,
3589 5206 3640 5250 et

2101 5288 2321 5355 reliqua.
2367 5285 2626 5339 Posterior
2651 5284 2868 5351 p0pulus
2888 5287 3120 5352 gentium
3149 5294 3231 5338 est
3253 5287 3365 5354 qui,
3404 5287 3460 5339 in
3500 5284 3638 5339 Chri-

2105 5386 2241 5430 stum
2271 5377 2510 5435 eredens,
2539 5387 2588 5426 et
2616 5389 2825 5440 semper
2845 5373 2986 5426 illum
3019 5385 3228 5439 portans
3254 5375 3396 5427 videt
3420 5384 3474 5428 et
3501 5373 3641 5445 quasi

2102 5483 2284 5521 servus
2300 5467 2570 5520 dominum
2595 5467 2851 5534 sequitur.
2871 5463 2968 5516 Hic
2990 5474 3069 5516 est
3093 5466 3295 5532 botrus,
3311 5468 3400 5534 qui
3422 5467 3638 5523 eﬂ’usum

2103 5561 2156 5617 in
2185 5563 2406 5617 salutem
2439 5570 2672 5615 nostram
2704 5561 2883 5611 vinum
2909 5557 3174 5624 sanguinis
3204 5561 3285 5612 sui
3330 5561 3638 5614 contritione

2102 5655 2326 5723 perfudit
2355 5670 2508 5721 quem
2532 5669 2624 5721 per
2653 5650 2790 5719 mala
2817 5657 3051 5716 granat-o,
3083 5647 3317 5702 Ecclesia
3351 5655 3496 5704 socia
3526 5665 3640 5705 ono-

2103 5747 2174 5802 ris
2201 5757 2376 5802 secuta
2403 5755 2499 5799 est.
2535 5745 2685 5799 Sicut
2715 5741 2853 5794 enim
2883 5743 3014 5793 mala
3037 5754 3251 5807 grauata
3287 5755 3392 5793 uno
3418 5742 3640 5798 exterius
