3898 6260
163 517 270 571 Τιϐῗὶ

963 529 1023 580 IN
1066 531 1618 590 l’liN'l'A'l'l-LliillliJM
1661 538 2141 596 tiOilMEN'l’ARII.
2172 574 2241 586 --
2280 546 2566 602 NUMERI.

3276 562 3376 616 566

160 637 362 690 cortice
393 639 548 690 multa
581 640 799 693 intciius
845 657 1006 710 grana
1053 647 1343 708 continent,
1377 648 1444 700 ita
1482 650 1711 704 Ecclesia
1743 655 1791 710 Α
1823 667 2080 720 perversa:
2109 658 2296 711 mcutis
2339 669 2536 714 errant.
2574 659 2701 713 Filii
2728 672 2892 716 attlcm
2927 664 3098 734 Eliab,
3133 670 3222 723 lilii
3252 672 3368 726 dia-
3442 715 3445 722 .

162 727 365 779 unitate
397 727 514 778 ﬁdei
567 732 790 793 munita,
846 732 1038 784 multos
1069 737 1290 802 populus
1321 741 1584 805 Continet,
1643 743 1720 794 vel

164 814 446 868 universas
470 820 662 883 gratias
685 823 848 871 sancti
875 820 1101 885 Spiritus
1125 825 1174 875 in
1204 826 1409 878 vinculo
1427 827 1716 884 cltr.rita=is.

165 904 333 960 Ficus
374 917 570 968 autem,
601 924 757 975 quem
796 925 913 962 eum
945 914 1100 964 botro
1131 928 1491 982 portari-runt,
1541 921 1720 987 imagi-

158 1011 286 1050 nem
318 997 449 1065 legis
488 999 721 1065 protulit,
771 1001 908 1053 sicut
965 1003 1013 1054 in
1067 1009 1385 1082 et‘attgelicis
1438 1011 1719 1064 educentur

155 1086 443 1152 exemplis.
474 1087 580 1139 Nec
607 1087 748 1140 enim
783 1091 864 1142 lex
894 1090 1008 1145 sine
1054 1093 1286 1156 Christo,
1340 1112 1435 1149 ncc
1479 1096 1716 1153 Christus

153 1174 274 1227 sine
296 1177 407 1237 lege
424 1191 538 1229 esse
571 1187 758 1243 potest.
791 1180 890 1231 Alii
917 1197 1124 1251 quoque
1146 1185 1328 1237 dicunt
1349 1187 1484 1254 quod
1512 1189 1561 1240 hi
1585 1189 1716 1242 duo-

152 1262 328 1316 decim
358 1263 473 1325 viri,
509 1266 770 1328 palmitem
822 1279 1087 1332 portantes
1135 1286 1252 1323 cum
1287 1289 1408 1331 uva.
1439 1276 1712 1330 duodecim

151 1351 425 1417 apostolus
453 1352 769 1420 signiﬁcant.
803 1356 900 1409 Per
921 1359 1188 1422 palmitem
1219 1378 1426 1430 quoque
1453 1382 1570 1417 cum
1613 1382 1712 1422 uva

156 1454 354 1506 corpus
381 1441 575 1497 Christi
618 1460 734 1498 cum
763 1463 855 1500 sua
883 1449 1154 1505 divinitate
1204 1454 1485 1521 signiﬁcari
1534 1458 1714 1510 existi-

156 1541 328 1594 mant,
377 1535 464 1599 qui
495 1536 562 1586 ab
588 1540 833 1604 aquilone
862 1539 926 1592 ad
958 1540 1227 1596 dexteram
1251 1584 1264 1606 ,
1299 1546 1345 1597 itl
1375 1556 1456 1599 est
1485 1563 1509 1597 a
1541 1548 1708 1602 littera

154 1623 286 1689 togis
318 1623 380 1676 ad
414 1624 643 1679 calorem
677 1627 796 1682 iidei
827 1641 1081 1697 portatur.

453 1791 469 1810 ,
732 1740 958 1795 CAPUT
997 1743 1135 1798 xw.
1441 1803 1446 1808 .

217 1821 414 1889 Galepli
444 1839 571 1879 vero
601 1825 767 1880 bonos
791 1831 1090 1900 praeﬁgunt
1118 1834 1400 1901 doctores;
1453 1839 1539 1892 alii
1583 1840 1740 1892 vero'

147 1911 236 1975 qui
276 1922 580 1968 terruerunt
629 1919 1064 1985 popttlos,tnalos.
1119 1926 1267 1990 Quod
1319 1943 1445 1981 vero
1494 1931 1704 1986 rebellis

1827 739 1950 805 buli,
1982 744 2061 796 vel
2091 747 2177 812 qui
2208 747 2370 815 iniqui
2393 749 2822 816 interpretantur.
2849 754 2983 823 ignis
3009 769 3182 814 autem
3209 777 3369 831 super

1825 829 2024 884 υηιιιεη
2057 833 2174 887 ideo
2197 835 2404 898 cecidit.
2437 840 2554 906 quia
2583 840 2672 907 qui
2704 841 2752 910 ig
2792 857 2874 896 ein
2903 845 3131 900 alienum
3164 829 3368 906 ora..-

1822 919 1930 981 liat,
1962 924 2238 986 oportebat
2275 934 2331 978 ut
2359 926 2424 977 ah
2465 929 2583 997 igne
2622 942 2948 987 exoreretur.
2985 933 3144 988 Terra
3171 955 3368 1007 quoque

1818 1009 1932 1060 it'los
1956 1012 2236 1078 absortuii,
2279 1018 2365 1083 qui
2396 1017 2444 1068 in
2477 1029 2610 1072 terra
2644 1023 2988 1091 principatum
3017 1027 3210 1084 habere
3237 1046 3366 1085 con-

1818 1099 2127 1162 tendcruut,
2159 1118 2223 1155 co
2252 1107 2387 1170 quod
2419 1105 2468 1158 in
2501 1108 2606 1161 illis
2635 1110 2730 1164 fuit
2775 1111 2990 1168 materia
3042 1119 3363 1186 cupiditatis.

1818 1182 2006 1239 Earum
2022 1206 2201 1259 pecora
2222 1195 2476 1247 absorbuit
2496 1212 2611 1249 cum
2633 1202 2771 1253 omni
2790 1204 3070 1258 substantia
3086 1224 3195 1262 sua.
3220 1213 3371 1266 Sicut

1812 1277 1952 1331 enim
1985 1294 2173 1347 pecora
2223 1292 2275 1335 et
2309 1285 2424 1338 alia:
2448 1289 2755 1345 substantia:
2796 1307 2905 1347 sua:
2953 1299 3223 1354 sacriﬁciis
3269 1302 3363 1359 Dei

1812 1369 2286 1436 custodiuntur,sic
2311 1384 2362 1428 et
2391 1392 2603 1444 pecora,
2622 1380 2689 1432 de
2710 1383 2898 1448 quibus
2923 1385 3030 1440 Deo
3049 1403 3152 1443 non
3175 1392 3366 1448 immu-

1814 1460 1967 1521 latur,
1999 1463 2396 1532 disperduntnr.
2440 1471 2530 1546 llis
2569 1489 2780 1542 quoque
2810 1478 3005 1535 idcirco
3054 1483 3360 1544 inconsueta

1811 1565 1952 1604 mors
1985 1554 2102 1621 fuit,
2141 1571 2205 1612 eo
2229 1561 2366 1626 quod
2407 1563 2772 1621 inconsuetum
2803 1584 2934 1638 opus
2964 1570 3188 1630 Domino
3218 1577 3360 1633 fece-

1810 1652 1948 1693 runt.
1985 1643 2092 1698 lloc
2119 1661 2328 1716 quoque
2359 1652 2411 1704 in
2441 1653 2525 1707 die
2556 1652 2748 1709 factum
2797 1669 2897 1722 est,
2939 1677 3041 1716 non
3093 1663 3145 1717 in
3179 1675 3356 1734 nocte,

1808 1737 1864 1781 ut
1884 1732 1952 1784 ab
1980 1736 2224 1790 omnibus
2255 1740 2539 1807 videretur,
2583 1754 2635 1798 ct
2662 1762 2765 1801 non
2813 1760 2926 1804 erat
2956 1756 3360 1815 consuetudinis

1807 1817 1860 1870 in
1885 1830 2037 1874 nocte
2068 1824 2378 1892 itnmolatio,
2401 1840 2453 1883 et
2474 1846 2652 1887 coram
2701 1838 2844 1890 omni
2891 1842 3251 1912 multitudine,
3301 1861 3363 1907 ut

1805 1909 1982 1960 caeteri
2007 1924 2190 1966 omnes
2214 1913 2476 1971 timerent.
2508 1920 2767 1977 infcrnum
2789 1936 2962 1982 autem
2985 1947 3172 1988 omnes
3193 1935 3359 1995 histoo

142 2002 348 2067 alisque
396 2002 543 2067 jtlSau
599 1981 713 2059 Βρί-
741 1981 1161 2065 conteneliratus
1201 2016 1452 2070 verticem
1500 2022 1698 2073 montis
1741 1981 2012 2050 Briau"
2041 1999 2397 2070 descendunt;
2443 2009 2578 2063 δίθυι
2605 2014 2744 2066 enim
2793 2015 3033 2074 """'i""3
3081 2024 3268 2086 θίθνθιί
3301 2029 3353 2085 ⁵⁸³

139 2091 405 2152 ascendit,
425 2101 478 2144 et
504 2094 572 2146 ab
589 2098 891 2152 Amalecitis
917 2111 968 2152 et
990 2100 1301 2158 Chananazis
1325 2119 1603 2176 superatus
1630 2111 1700 2164 si-

137 2180 376 2245 gniﬁcat,
409 2185 545 2249 quod
579 2189 664 2251 qui
712 2190 761 2242 in
813 2194 1041 2258 propriis
1091 2195 1372 2251 virtutibus
1407 2203 1696 2266 conlidens,

138 2276 552 2328 centetteliratns
575 2277 889 2346 ignorantia,
919 2286 1170 2340 verticem
1194 2289 1490 2344 ascendens
1520 2307 1700 2357 supcr-

141 2364 260 2424 him,
296 2368 574 2419 contrariis
603 2371 880 2426 virtutibus
919 2375 1147 2430 voluerit
1189 2380 1460 2443 resistere,
1516 2383 1691 2436 statim

143 2455 259 2505 sine
290 2455 392 2507 lleu
416 2457 656 2511 ducetur.

726 2549 949 2608 CAPUT
990 2552 1102 2610 XV.

206 2631 462 2700 Sequitur
485 2651 660 2691 sermo
683 2640 749 2693 de
781 2641 989 2698 homine
1035 2645 1122 2709 qui
1154 2646 1292 2701 diem
1332 2649 1534 2703 sabbati
1582 2651 1692 2707 vio-

137 2722 246 2773 lare
276 2739 436 2777 ausus
463 2735 565 2788 est,
602 2743 814 2796 propter
842 2735 982 2798 quod
1006 2744 1060 2788 et
1091 2735 1362 2802 depositus
1387 2750 1466 2793 est
1510 2754 1540 2792 a
1594 2755 1686 2807 po-

136 2811 283 2872 pulo,
310 2813 395 2877 qui
430 2812 652 2868 formam
682 2821 818 2885 gerit
859 2821 1002 2875 illius
1044 2827 1132 2891 qui
1165 2826 1320 2882 hodie
1372 2832 1606 2897 signatur
1637 2832 1687 2884 in

130 2899 367 2952 tiliristo.
402 2901 666 2957 invenitur
688 2921 820 2972 Opus
845 2911 1056 2963 carnale
1083 2927 1259 2980 agere,
1285 2916 1334 2967 id
1366 2925 1447 2970 est
1475 2927 1688 2971 contra-

133 2986 260 3039 here
294 2987 506 3056 lignum.
537 2992 736 3054 fenum.
768 2998 1034 3065 stipulam,
1068 3003 1132 3054 ad
1156 3019 1329 3058 escam
1366 3007 1500 3072 ignis
1525 3018 1687 3062 teter-

131 3088 254 3126 nam
310 3081 708 3137 convenientem
743 3102 755 3136 :
785 3102 902 3153 quae
950 3089 1073 3142 dum
1123 3093 1338 3160 colligit,
1397 3098 1679 3163 occiditur,

125 3164 539 3235 depreltensusa
566 3177 758 3243 populo
782 3193 795 3241 ;
826 3179 948 3232 dum
965 3195 995 3232 a
1020 3183 1377 3248 spiritualibus
1396 3188 1678 3254 judicatur,

126 3267 178 3308 et
218 3259 568 3325 spiritualiter
614 3266 905 3338 occiditur,
963 3271 1218 3338 lapidibus
1261 3275 1678 3332 testimoniorum

125 3347 321 3404 divina:
348 3351 634 3422 Scriptura;
665 3358 906 3414 obrutus.
938 3362 1085 3429 Quod
1117 3380 1244 3419 vero
1273 3369 1594 3434 praecipitur,
1626 3379 1680 3424 ut
1712 3347 1753 3369 h

123 3437 351 3502 ﬁmbrias
367 3460 454 3512 per
477 3448 690 3515 angulos
713 3451 984 3516 palliorum
1010 3455 1253 3521 facerent,
1282 3468 1522 3524 ponentes
1546 3462 1596 3513 in
1617 3462 1683 3515 il-

122 3527 185 3578 lis
206 3530 360 3584 uittas
385 3535 755 3603 hyacinthinus,
789 3540 1046 3608 signiﬁcat
1071 3546 1208 3612 quod
1241 3551 1507 3615 mandata,
1559 3567 1679 3619 quae

123 3617 373 3673 videnlur
426 3637 545 3678 esse
604 3627 795 3690 nimii,
850 3629 896 3680 si
949 3643 1164 3697 propter
1190 3635 1460 3688 cmlestem
1493 3639 1674 3700 vitam,

121 3724 278 3774 quam
305 3711 410 3764 vita
445 3699 782 3781 hyacinthina
831 3719 1124 3785 signiﬁcat,
1181 3734 1392 3789 propter
1444 3727 1676 3780 calorem

121 3812 317 3849 :ereutn
387 3811 696 3866 servantur,
749 3805 967 3857 multum
1038 3808 1336 3873 proﬁciunt.
1388 3811 1486 3876 Qui
1535 3815 1674 3868 enim

121 3889 327 3950 Spernit
356 3891 592 3956 minima,
627 3893 874 3959 paulatim
903 3895 1104 3962 deﬁnit,
1156 3908 1212 3952 ut
1255 3900 1367 3955 sive
1393 3905 1675 3960 manduco.

121 3990 256 4038 mus,
287 3979 405 4032 sive
433 3979 705 4045 bibamus,
755 3986 933 4038 omnia
984 3988 1036 4041 in
1083 3988 1249 4057 gloria
1279 3991 1370 4045 Dei
1400 3993 1670 4051 faciamus.

121 4067 714 4128 llistorialiterﬁmbrim
751 4075 949 4130 idcirco
978 4081 1374 4147 przccipiuntur,
1407 4095 1462 4136 ut
1490 4095 1541 4138 et
1564 4087 1670 4154 jam

119 4160 325 4227 pupulis
344 4163 394 4214 in
425 4165 753 4220 vestimentis
775 4166 1068 4223 diﬂerentia
1097 4171 1167 4225 sit
1194 4172 1332 4226 inter
1353 4172 1491 4228 ﬁlios
1512 4175 1669 4231 lsrael

118 4259 170 4302 et
197 4253 444 4318 gentiles.
500 4275 505 4280 ·

697 4348 915 4402 CAPUT
956 4351 1086 4406 XVI.

150 4449 151 4452 η
188 4431 292 4485 i—‘er
319 4433 514 4491 Chore.
552 4443 605 4486 et
647 4435 872 4499 Dathan,
927 4450 982 4492 et
1011 4442 1229 4506 Abiron,
1282 4446 1370 4512 qui
1403 4447 1564 4517 Moysi
1617 4459 1669 4500 ct

116 4524 292 4576 Aaron
323 4524 586 4576 sacerdoti
621 4530 880 4591 perversis
902 4533 1174 4584 conatibus
1204 4537 1529 4603 restiterunt,
1559 4539 1665 4592 lia:-

1803 2085 2015 2152 cmlum,
2047 2090 2123 2143 sic
2147 2105 2200 2145 et
2223 2094 2274 2146 hi
2308 2096 2549 2154 homines
2572 2103 2622 2156 in
2651 2104 2906 2160 iul‘ernuui
2939 2110 3347 2176 descendebant.

1803 2173 1868 2227 Et
1892 2175 2012 2232 huic
2051 2187 2300 2238 convenit
2327 2191 2464 2255 quod
2497 2193 2686 2246 dicitur
2717 2213 2731 2249 :
2769 2179 3082 2255 Descendens
3105 2173 3158 2261 in
3186 2173 3345 2281 infer-

1800 2279 1920 2318 num
1945 2269 2177 2338 viventes,
2207 2279 2445 2344 quoniam
2489 2285 2709 2350 nequitia
2758 2287 2809 2338 in
2851 2288 3149 2351 habitaculis
3175 2269 3346 2374 eorum

1796 2354 1848 2406 in
1875 2358 2034 2411 medio
2064 2362 2308 2429 ipsorum,
2336 2367 2515 2437 Moyse
2542 2372 2750 2428 dicente
2774 2392 2784 2426 :
2820 2373 2932 2446 Ego
2955 2391 3120 2434 autem
3143 2387 3212 2442 ad
3239 2354 3344 2454 οέιῖ

1797 2447 1983 2500 mittunt
2012 2451 2220 2506 clamavi
2236 2493 2250 2517 ,
2284 2467 2328 2509 et
2355 2457 2598 2514 Dominus
2616 2463 2829 2518 salvabit
2851 2484 2946 2521 me.
2967 2468 3028 2523 lli
3051 2486 3258 2543 quoque
3277 2447 3346 2531 ἐι»

1793 2536 2057 2604 aliquibus
2085 2541 2330 2598 dicuntur
2354 2546 2607 2613 judicium
2635 2551 2978 2621 deposuisse,
3010 2536 3130 2626 quia
3159 2536 3342 2618 ﬁomi-

1794 2640 2036 2695 num.per
2061 2630 2271 2698 Moysen
2302 2649 2355 2688 et
2379 2639 2577 2704 Aaron,
2603 2651 2655 2693 et
2691 2642 2873 2697 decem
2901 2647 3100 2717 plagas,
3130 2661 3184 2705 et
3206 2669 3340 2720 prat-

1793 2714 2110 2777 dicationem
2143 2721 2193 2775 in
2226 2723 2512 2791 internum,
2547 2744 2649 2784 non
2677 2714 3073 2800 audierunt,_nt
3099 2714 3291 2796 diciiur
3321 2763 3334 2797 :

1794 2801 1893 2864 Qui
1920 2804 2336 2874 blaspliemarerit
2356 2815 2410 2867 in
2433 2816 2678 2884 Spiritum
2709 2831 2960 2891 sanctum,
2989 2843 3089 2880 non
3115 2833 3332 2887 remitte-

1795 2903 1876 2945 tur
1897 2897 1962 2962 ei,
1994 2907 2049 2950 et
2076 2901 2293 2969 reliqua.
2339 2905 2531 2972 Aliter,
2554 2910 2641 2976 qui
2672 2927 2775 2963 non
2803 2914 3115 2971 addiderunt
3144 2935 3334 2988 pecca-

1798 2991 1904 3037 tum
1937 2998 2156 3054 peccato
2187 2993 2333 3058 Adtc,
2363 3009 2393 3048 a
2428 2996 2636 3050 Christo
2660 3000 2862 3054 liberati
2890 3015 3044 3070 sunt;
3075 3018 3128 3062 et
3150 3024 3180 3063 e
3206 3025 3335 3068 con-

1787 3082 1888 3135 tra,
1948 3077 2035 3144 qui
2095 3079 2410 3136 addiderunt
2466 3096 2771 3152 peccatum,
2821 3107 2923 3146 non
2953 3105 3075 3149 sunt
3099 3097 3327 3156 liberati.

1784 3165 2036 3234 Quodque
2079 3169 2301 3237 dicitur,
2334 3172 2651 3230 Descendunt
2681 3181 2732 3233 in
2768 3183 3019 3250 infernum
3071 3190 3283 3246 viventes
3314 3209 3333 3245 :

1720 3266 1753 3347 ᾗ
1788 3253 1984 3307 indicat
2007 3256 2106 3311 sub
2135 3267 2269 3313 terra
2300 3276 2418 3316 esse
2447 3261 2732 3322 infernum.
2763 3271 2948 3340 Aliter,
2974 3274 3328 3347 ininl'ernum,

1787 3348 2087 3416 sepulcrum
2115 3351 2447 3424 intelligitur.
2478 3356 2580 3413 Per
2608 3360 2780 3426 ignem
2811 3379 3018 3434 quoque
3039 3378 3090 3423 et
3114 3378 3329 3438 terram,

1786 3437 1956 3491 littera
1982 3449 2035 3493 et
2064 3455 2251 3495 sensus
2273 3449 2496 3513 mystice
2521 3449 2737 3517 intelligi
2765 3451 2973 3507 dicitur.
3005 3455 3106 3510 Per
3134 3437 3324 3516 terram

1783 3529 1923 3580 enim
1974 3530 2145 3583 littera
2202 3545 2304 3584 non
2355 3533 2642 3602 incongrue
2687 3538 3007 3608 designatur,
3040 3547 3160 3613 quia
3189 3547 3326 3604 bona

1783 3624 1935 3670 terrae
1964 3618 2241 3684 praedicat;
2274 3628 2325 3673 et
2355 3621 2474 3675 ideo
2502 3636 2688 3678 sensus
2715 3640 2807 3693 per
2847 3630 3017 3698 ignem
3047 3634 3330 3705 designan-

1781 3712 1885 3766 tur,
1919 3707 2033 3772 quia
2061 3708 2264 3770 eloquia
2296 3709 2471 3764 divina
2492 3709 2644 3780 ignea
2671 3724 2793 3769 sunt
2825 3734 2836 3768 :
2869 3727 2944 3781 ut,
2976 3722 3129 3790 Ignea
3159 3725 3238 3781 les
3268 3729 3321 3782 in

1778 3792 1992 3846 dextera
2043 3793 2206 3860 illius,
2257 3812 2349 3868 per
2371 3812 2584 3854 omnem
2620 3802 2964 3862 substantiam
2991 3817 3045 3862 et
3075 3811 3322 3868 taberna-

1776 3882 1913 3948 cula,
1944 3895 2155 3950 peccata
2181 3897 2236 3941 et
2273 3901 2493 3955 corpora
2541 3888 2896 3959 designantur.
2945 3893 3130 3952 Postea
3153 3901 3325 3956 Aaron

1775 3977 2025 4044 accipiens
2068 3979 2376 4034 thuribulum
2396 4020 2412 4048 ,
2442 3983 2656 4038 obuiauit
2709 3989 3019 4055 quassationi
3047 4007 3067 4044 :
3091 4004 3325 4066 stansque

1776 4063 1902 4115 inter
1923 4066 2135 4122 viventes
2161 4077 2206 4120 et
2236 4081 2480 4137 mortuos,
2523 4075 2725 4145 plagam
2752 4079 2985 4133 exclusit.
3013 4080 3116 4136 Iste
3143 4063 3320 4140 sacer-

1772 4152 1870 4205 dos
1893 4153 2136 4209 Christus
2155 4196 2171 4222 ,
2202 4156 2302 4213 iste
2331 4161 2398 4214 de
2425 4164 2562 4218 etelo
2585 4168 2820 4232 veniens,
2850 4170 3054 4239 plagam
3083 4184 3315 4233 nostram

1769 4240 2012 4306 exclusit,
2048 4244 2149 4296 iste
2186 4244 2322 4299 inter
2350 4249 2496 4303 vivos
2517 4260 2571 4305 et
2597 4262 2832 4309 mortuos
2862 4267 3016 4314 natus
3045 4262 3127 4316 vel
3171 4279 3320 4320 mor-

1773 4335 1924 4392 tuus;
1955 4330 2036 4384 vel
2066 4341 2229 4396 certe,
2261 4334 2397 4388 sicut
2419 4336 2485 4391 de
2507 4338 2600 4392 illo
2626 4333 2883 4410 scriptuin
2914 4356 3016 4414 est,
3049 4349 3187 4406 Ecce
3217 4369 3315 4422 po-

1768 4416 1900 4472 situs
1922 4427 2004 4473 est
2035 4419 2120 4475 hic
2163 4423 2213 4474 in
2247 4425 2446 4480 ruinam
2476 4436 2526 4482 et
2555 4436 2997 4492 resurrectionem
3028 4441 3315 4499 multorum

1769 4507 1821 4558 in
1865 4507 2048 4562 lsrael.
2099 4510 2292 4580 Sicque
2319 4524 2369 4568 et
2402 4516 2724 4574 thuribulum
2754 4527 3010 4592 passionis
3037 4543 3146 4583 sua:
3171 4535 3312 4586 acci-

116 4611 263 4664 retici
289 4613 676 4678 signiﬁcantur,
707 4619 791 4681 qui
827 4617 1066 4672 hmrcsim
1097 4633 1150 4674 et
1176 4624 1457 4678 schismata
1491 4626 1663 4682 facere
1694 4634 1745 4694 ι)
1771 4616 1937 4668 Ρ¹θ“⁵’
1962 4607 2231 4671 “spend”
2252 4623 2385 4674 ¹8¹¹¹⁵
2407 4619 2586 4665 “erm
2616 4631 2897 4694 pelimc'em
2919 4660 2934 4683 ’
2966 4630 3020 4675 α
3048 4623 3311 4682 ¹¹¹ίπ¹¹⁰²π¹

113 4709 392 4761 conantur,
415 4711 467 4754 et
497 4705 689 4759 multos
711 4721 889 4758 secum
925 4711 1180 4762 trahendo
1220 4713 1504 4780 decipiunt,
1531 4733 1660 4770 con-

113 4789 433 4844 tradicentes
471 4793 662 4847 Christi
686 4798 1072 4861 sacerdotibus,
1095 4814 1147 4853 et
1178 4802 1454 4857 dominica:
1480 4806 1662 4860 hostiae

113 4880 388 4933 veritatem
437 4897 528 4946 per
556 4883 682 4936 falsa
713 4887 968 4940 sacriﬁcia
1013 4891 1370 4957 prolanantes,
1423 4895 1474 4947 in
1521 4898 1662 4950 hiatu

114 4979 267 5024 terra:
327 4984 634 5041 merguntur
687 4991 701 5028 :
745 4980 967 5031 terrenis
994 4982 1194 5035 scilicet
1221 4985 1548 5041 documentis
1573 4991 1661 5044 ab-

111 5064 273 5128 sorpti
295 5077 412 5116 cum
440 5064 519 5118 his
542 5065 627 5133 qui
658 5067 757 5120 sibi
801 5069 1095 5135 adbzerent,
1128 5081 1182 5125 et
1206 5075 1336 5141 ignis
1367 5079 1546 5131 interni
1575 5096 1661 5147 pa-

112 5146 285 5202 hnlum
324 5152 642 5209 efﬁciuntur.
689 5155 862 5211 Chore
924 5159 1298 5226 interpretatur
1359 5146 1656 5235 calvitium;

114 5234 313 5292 Datltan
346 5255 496 5308 vero,
525 5244 720 5300 donum
749 5262 929 5301 eorum
959 5265 971 5304 :
1017 5249 1211 5303 Abiron
1264 5263 1437 5307 autem
1498 5258 1661 5312 inter-

111 5335 341 5388 pretatur
367 5340 519 5399 pater
545 5350 694 5389 meus
721 5325 959 5392 excelsus
992 5356 1003 5389 ε
1038 5354 1129 5407 per
1165 5343 1301 5408 quod
1334 5358 1520 5398 omnes
1551 5349 1658 5402 hai-

112 5416 255 5471 rctici
283 5418 666 5494 signiﬁcantur,
696 5429 784 5496 qui
814 5431 1046 5484 decorati
1069 5433 1209 5485 omni
1233 5436 1408 5500 specie
1430 5440 1659 5505 pulchri-

109 5506 301 5562 tudinis
329 5512 600 5582 virtutum,
626 5520 886 5574 sustinent
913 5522 1199 5576 calvitium.
1221 5524 1657 5588 Sicutenimvero

109 5597 356 5665 scriptum
388 5613 468 5656 est
502 5622 513 5655 :
540 5605 707 5674 Super
728 5626 876 5665 omne
893 5621 1044 5676 caput
1063 5613 1342 5682 calvitium,
1367 5619 1654 5692 donumque

109 5699 297 5752 eorum,
319 5701 366 5744 et
386 5709 484 5746 non
511 5695 603 5748 Dei
631 5698 860 5754 videntur
885 5702 1084 5766 habere,
1108 5713 1154 5755 et
1191 5721 1513 5773 prwcessores
1538 5714 1655 5767 illo-

109 5788 214 5830 rum
243 5785 461 5839 excelsos
489 5803 594 5840 esse
614 5803 877 5857 usurpant.
904 5793 967 5846 Et
992 5796 1086 5848 vivi
1109 5798 1158 5848 in
1180 5798 1431 5866 infernum
1452 5807 1650 5860 descen-

103 5865 223 5923 dunt
243 5894 254 5928 :
275 5878 391 5943 quia
421 5893 524 5933 non
549 5895 640 5948 per
664 5882 1032 5953 ignorantiam,
1058 5887 1148 5942 scd
1174 5865 1265 5956 per
1286 5901 1646 5963 contemptum

1769 4695 1980 4758 pertulit
2001 4706 2245 4750 mortem.
2275 4700 2423 4763 Quod
2453 4712 2627 4756 autem
2652 4690 2855 4777 Moyses
2877 4721 2932 4765 et
2953 4713 3127 4770 Aaron
3153 4733 3313 4787 popu-

1767 4785 1869 4837 lum
1889 4786 2271 4853 iudicaverunt,
2300 4790 2399 4844 hoc
2426 4808 2636 4861 quoque
2655 4811 2816 4854 sensu
2862 4801 3082 4876 intelligi
3137 4785 3309 4875 potest

1764 4877 1900 4943 quod
1963 4879 2126 4930 sancti
2175 4878 2483 4946 judicahunt
2532 4897 2836 4954 peccatores
2890 4895 2939 4947 in
2965 4895 3051 4950 die
3101 4898 3308 4967 judicii.

1762 4966 2021 5020 Sedeb'tis
2046 4977 2097 5019 et
2120 4969 2444 5038 jndicabitis,
2470 4977 2763 5047 etreliqua.
2788 4981 2910 5035 Post
2937 4966 3113 5040 autem
3137 4988 3304 5056 legem

1765 5072 1974 5120 novam,
2005 5057 2054 5110 id
2086 5069 2186 5123 est,
2215 5062 2487 5128 positionis
2517 5068 2681 5133 plebis
2729 5085 2848 5139 erga
2884 5075 3302 5146 tabernaculum,

1763 5146 1812 5198 h'
1847 5150 2156 5216 transgressi
2188 5162 2310 5205 sunt
2340 5171 2352 5206 :
2385 5163 2440 5208 et
2480 5157 2598 5212 ideo
2627 5159 2760 5216 hanc
2782 5162 3063 5220 vindictam
3089 5183 3310 5237 accepe-

1761 5250 1880 5293 runt
1911 5240 1959 5292 in
1993 5239 2209 5308 ﬁguram
2237 5243 2452 5299 Ananizn
2474 5256 2528 5301 et
2547 5248 2801 5314 Saphiraz,
2831 5254 2918 5327 qui
2941 5256 3108 5321 primo
3130 5272 3308 5326 pecca.

1761 5339 1945 5384 verunt
1976 5331 2025 5382 in
2055 5345 2210 5384 novo.
2259 5333 2475 5388 Eleazar
2531 5353 2739 5391 omnem
2782 5341 2972 5394 bonum
3034 5345 3304 5407 doctorem

1757 5420 2033 5488 signiﬁcat,
2085 5422 2272 5478 tollens
2302 5426 2584 5484 thuribula.
2635 5427 2685 5480 id
2732 5437 2812 5482 est
2861 5440 3192 5500 peceatores,
3219 5441 3323 5507 jar

1756 5519 1935 5563 centes
1975 5509 2025 5562 in
2056 5509 2172 5580 igne
2199 5515 2666 5580 concupiscentiae,
2706 5527 2756 5570 et
2798 5521 3024 5591 al’ﬁgens
3064 5539 3124 5578 ea
3151 5529 3304 5588 altari

1757 5600 2048 5669 Ecclesite,
2104 5611 2160 5657 ut
2198 5605 2464 5659 incensum
2511 5607 2561 5660 iit
2611 5608 2713 5663 illis
2753 5610 2884 5678 ﬁat,
2950 5614 2998 5667 id
3049 5627 3129 5672 est
3180 5635 3302 5676 ora-

1757 5703 1930 5745 lltlms‘.

2305 5785 2530 5844 CAPUT
2569 5787 2726 5843 XV".

1833 5896 1987 5967 i'irga
2019 5911 2184 5954 niuem
2214 5905 2404 5966 Aaron,
2431 5916 2544 5972 quae
2571 5911 2772 5970 prapter
2801 5902 3074 5960 siccitatem
3111 5912 3304 5972 ﬂorud.
