3898 6260
343 238 448 295 569

1145 234 1207 289 ut
1249 230 1788 290 rsts't'trsucuuu
1829 205 2310 283 CUtttIENTAItII.
2349 258 2416 269 -
2456 229 2732 287 suumn.

3432 233 3537 288 370

345 344 547 397 dolium
578 342 827 398 Eleazaro
853 340 1030 394 datum
1060 348 1164 405 est,
1191 349 1246 394 et
1266 340 1504 409 quamvis
1532 339 1618 392 lex
1661 353 1752 392 eos
1800 334 1888 404 qui
1915 339 1963 396 Α
1994 335 2183 398 Busan,
2209 337 2467 392 conlusio.
2501 338 2609 393 lloe
2636 341 2775 393 enim
2807 339 2912 407 agit
2959 339 3203 394 diabolus
3231 350 3288 394 ut
3319 355 3534 411 semper

347 432 489 486 illam
520 431 741 500 implent
769 424 1238 485 ad'sublimitatem
1268 429 1429 491 lucit,
1461 440 1638 482 tamen
1666 429 1762 481 ista
1800 442 1888 480 su-

346 519 576 574 blimitas
599 536 700 573 non
727 530 807 575 est
837 529 979 573 trans
1009 519 1202 573 lluenta
1242 518 1518 582 Jordanis;
1572 517 1703 572 nihil
1748 517 1888 571 enim

347 616 411 668 ad
437 613 726 681 perlectum
752 612 969 666 adduxit
997 611 1100 666 lex.
1137 611 1370 680 Denique
1396 615 1571 666 Aaron
1604 610 1888 679 plangitur,

348 704 469 772 quia
495 704 545 757 in
577 704 692 771 lege
714 682 1001 757 descensus
1024 701 1088 754 ad
1118 701 1406 766 internum,
1435 700 1487 753 in
1526 697 1805 768 Evangelia
1825 697 1890 750 ad

353 793 647 862 paradisum
668 792 1074 861 transmigratio.
1094 792 1230 861 llora
1246 801 1422 845 autem
1440 791 1614 846 lumen
1637 790 1890 855 interpre-

355 893 515 937 latr.
549 883 602 937 In
633 883 828 937 lumine
848 897 974 951 ergo
994 881 1186 945 defecit
1205 883 1402 944 Aaron,
1431 880 1551 948 quia
1581 887 1894 933 coruscante

350 972 634 1042 Evangelia
674 973 849 1026 deﬁcit
877 973 980 1027 lex.
1017 970 1180 1026 Flevit
1205 971 1423 1039 populus
1469 969 1677 1039 triginta
1698 967 1891 1033 diebus,

353 1065 468 1130 quia
486 1071 609 1117 ante
636 1063 822 1130 legem,
846 1071 900 1117 et
920 1062 1021 1116 sub
1048 1063 1183 1132 lege,
1206 1070 1259 1116 et
1282 1061 1379 1116 sub
1409 1060 1599 1130 gratia,
1629 1071 1892 1128 synagoga

348 1167 449 1211 non
477 1153 656 1219 recipit
677 1154 942 1221 spirituale
966 1153 1234 1219 gaudium,
1254 1149 1348 1205 sed
1376 1163 1535 1216 super
1551 1148 1884 1202 occidentem

350 1241 573 1295 Lucram
603 1250 786 1294 maesta
816 1241 1084 1295 incumbit.
1145 1241 1248 1295 Alii
1295 1247 1471 1294 autem
1523 1237 1705 1292 dicunt
1755 1233 1896 1306 quod

351 1344 443 1398 per
469 1331 810 1395 Eleazarum,
862 1332 944 1385 cui
996 1330 1306 1401 vestimenta
1360 1329 1526 1398 patris
1577 1329 1701 1382 data
1754 1335 1894 1392 sunt,

357 1421 587 1477 Christus
608 1424 857 1492 signetur,
879 1424 968 1493 qui
991 1438 1181 1477 novum
1204 1422 1402 1483 induit.
1421 1422 1480 1476 Hi
1498 1431 1552 1476 et
1574 1422 1754 1477 dicunt
1773 1421 1896 1490 quia

356 1528 447 1582 per
499 1505 701 1583 petram
759 1515 1030 1569 moraliter
1070 1522 1239 1582 potest
1288 1512 1643 1582 unusquisque
1685 1521 1899 1566 sanctus

349 1602 661 1670 significari,
691 1604 778 1670 qui
805 1619 833 1657 a
867 1602 1122 1673 spirituali
1154 1603 1393 1656 doctrina
1416 1602 1496 1656 bis
1516 1604 1822 1671 percutitur,
1845 1599 1897 1654 id

1989 427 2269 504 concludat
2294 429 2430 482 viam
2453 443 2570 498 quas
2613 429 2756 482 ducit
2781 429 2847 482 ad
2887 429 3068 484 vitam.
3093 429 3369 487 Conclusio
3390 432 3530 486 enim

1990 515 2243 590 precedit
2296 526 2356 572 ut
2425 532 2538 583 rex,
2599 517 2839 572 conlusio
2900 517 3234 587 subsequitur
3286 528 3533 590 tanqua

1993 605 2174 672 plebs;
2203 606 2323 676 quia
2364 623 2496 676 quos
2518 608 2782 662 concludit
2811 621 2878 664 ne
2904 609 3123 663 credant
3151 609 3202 662 in
3225 608 3496 666 Christum
3515 651 3533 678 ,

1991 697 2253 766 quomodo
2288 698 2592 768 apparuerit
2617 697 2993 754 confundatur.
3068 700 3085 709 '

2547 787 2771 844 CAPUT
2808 788 2972 845 χχιι.
3113 859 3117 862 ί

2057 874 2311 944 Sequitur
2334 889 2510 931 sermo
2531 875 2597 931 de
2625 877 2854 943 Balaam,
2872 879 2959 948 qui
2979 894 3090 933 cum
3106 881 3280 934 exisset
3299 881 3369 933 ad
3385 881 3537 934 ntale-

1995 962 2263 1017 dicendunt
2300 964 2542 1035 populant
2588 965 2717 1032 Dei,
2754 966 3035 1036 loquentem
3086 969 3280 1022 asinam
3322 969 3534 1023 audiuit.

1994 1052 2121 1118 Quae
2143 1060 2225 1108 est
2242 1064 2415 1108 autem
2435 1054 2535 1110 ista
2561 1055 2727 1121 asina,
2753 1057 2850 1112 nisi
2875 1057 3022 1112 bruta
3043 1049 3332 1128 gentilitas,
3378 1073 3538 1129 quam

1996 1144 2227 1209 Balaam,
2252 1144 2303 1200 id
2319 1155 2419 1211 est,
2445 1148 2800 1219 unusquisque
2820 1149 3146 1221 idololatres,
3162 1153 3311 1221 quasi
3327 1155 3534 1208 brutum

1994 1237 2189 1292 animal
2218 1248 2272 1292 et
2319 1239 2460 1293 nulla
2505 1241 2711 1295 ratione
2755 1242 3008 1306 renitens,
3055 1257 3160 1311 quo
3207 1244 3369 1297 voluit
3415 1259 3536 1312 per-

1996 1329 2181 1384 duxit?
2205 1329 2309 1386 Sed
2347 1333 2447 1386 ista
2472 1334 2716 1403 angelum
2759 1334 2851 1389 Dei
2896 1334 3044 1402 vidit,
3075 1351 3229 1407 quem
3258 1339 3414 1392 homo
3457 1339 3533 1392 vi—

1996 1418 2124 1474 dere
2150 1435 2255 1475 non
2286 1420 2480 1490 potuit,
2510 1431 2566 1476 ut
2603 1437 3011 1492 agnosceremus
3039 1427 3089 1480 in
3131 1435 3397 1495 posterum
3439 1428 3539 1482 sub

1998 1509 2225 1566 adventu
2245 1513 2414 1582 angeli
2440 1515 2612 1583 magni
2634 1514 2861 1582 consilii,
2885 1517 3130 1585 gentilem
3161 1518 3302 1573 illam
3329 1519 3534 1588 plebem

2002 1610 2202 1656 mutata
2229 1601 2422 1657 duritia
2465 1611 2689 1670 natura),
2719 1612 2774 1658 et
2797 1604 2983 1659 solutis
3004 1605 3194 1676 linguis
3220 1607 3534 1673 locuturum,

351 1669 433 1744 est
471 1669 788 1760 corporeet
831 1669 1024 1758 anima,
1078 1691 1216 1747 unde
1245 1669 1647 1766 manantopera
1677 1692 1807 1746 bona
1846 1699 1901 1747 et
1931 1669 1975 1728 Β
2002 1699 2060 1746 ιιι
2083 1707 2202 1761 qua:
2225 1701 2341 1748 erat
2365 1692 2601 1764 subjecta
2630 1669 2881 1762 perﬁdia,
2907 1697 2960 1750 in
2988 1669 3165 1752 vocem
3189 1697 3310 1752 ﬁdei
3335 1707 3390 1752 et
3408 1669 3536 1752 con;

351 1780 561 1834 animtc.

925 1871 1150 1928 CAPUT
1185 1873 1324 1928 XXI.

425 1957 646 2028 Denique
669 1959 985 2016 Chananeus
1011 1964 1248 2034 pugnavit
1279 1973 1454 2017 contra
1483 1961 1669 2026 Israel,
1698 1973 1747 2016 et
1788 1963 1898 2017 vin-

352 2068 466 2108 cetts
488 2053 623 2106 ducit
653 2053 896 2123 predum.
929 2052 1006 2106 Et
1024 2056 1202 2107 iterum
1221 2070 1284 2109 ex
1309 2055 1423 2108 voto
1449 2053 1684 2123 pugnauit
1713 2051 1896 2116 Israel,

351 2153 403 2198 et
428 2145 581 2205 escit,-
623 2158 718 2212 per
745 2143 885 2211 quod
916 2143 1239 2214 signiﬁcatur
1266 2145 1403 2214 quod
1450 2160 1546 2199 nos
1577 2143 1669 2198 Dei
1700 2144 1899 2198 auxilio

352 2234 633 2289 destitutos
657 2234 833 2289 hostes
863 2235 1013 2289 facile
1036 2236 1268 2301 vincant,
1296 2238 1340 2292 si
1368 2237 1439 2290 ad
1473 2237 1744 2291 Dominum
1769 2249 1898 2289 con-
1955 2244 1960 2248 '

356 2333 628 2377 vertemur
655 2342 667 2376 :
704 2332 878 2391 potest
905 2325 1015 2379 lieri
1048 2334 1102 2378 nt
1129 2326 1396 2380 vincamus
1427 2327 1512 2380 ubi
1543 2325 1668 2380 victi
1696 2338 1896 2389 sumus,

354 2425 406 2469 et
433 2415 498 2468 de
519 2415 764 2469 hostibus
812 2417 1211 2483 triumphemus.
1252 2418 1401 2484 Quod
1437 2430 1623 2488 autem
1670 2428 1897 2492 magna.

355 2517 548 2560 mutent
593 2508 831 2576 pupulum
878 2518 1130 2573 serpentes
1179 2510 1459 2576 invadunt,
1507 2521 1555 2563 et
1595 2510 1898 2573 serpentium

355 2595 558 2648 culnrra
577 2599 758 2650 elevato
779 2611 918 2650 mneo
933 2607 1158 2663 serpente
1180 2598 1458 2663 salvantur,
1481 2599 1739 2668 signiﬁcat
1759 2598 1897 2665 quod

356 2687 568 2755 iniquus
596 2703 818 2758 serpens
844 2690 989 2756 quasi
1033 2703 1233 2743 venena
1266 2691 1467 2756 peccati
1517 2689 1724 2755 infudit,
1777 2706 1895 2744 cum

357 2775 616 2830 Christum
649 2780 697 2829 in
726 2793 884 2831 cruce
930 2780 1193 2833 elevatum
1243 2778 1584 2834 interioribus
1626 2777 1898 2833 obtutibus

356 2881 566 2934 semper
593 2869 874 2934 aspiciunt.
924 2867 989 2922 Et
1037 2870 1112 2922 illi
1143 2869 1229 2938 qui
1274 2884 1366 2938 per
1413 2869 1565 2923 ﬁdem
1614 2856 1897 2939 appropin-

357 2968 664 3026 quaverunt,
697 2959 845 3012 ﬁunt.
879 2959 938 3011 Et
978 2957 1044 3011 de
1076 2962 1174 3012 hoc
1202 2959 1315 3025 ipse
1342 2962 1492 3024 dicit,
1525 2960 1670 3014 Sicut
1697 2961 1892 3014 exalta-

351 3047 422 3099 vit
453 3047 656 3118 Moyses
679 3057 974 3118 serpentem.
1006 3048 1158 3114 Quod
1192 3063 1368 3103 autem
1397 3066 1572 3104 aeneus
1601 3060 1702 3117 est,
1726 3051 1893 3119 signi-

358 3137 482 3191 licat
503 3138 641 3206 quod
670 3140 761 3193 ille
787 3139 1072 3194 secundum
1095 3153 1310 3194 carnem
1339 3149 1575 3194 mortuus
1601 3139 1780 3203 luerit,
1803 3139 1895 3194 sed

359 3229 631 3282 divinitate
653 3240 879 3284 attentus
906 3231 992 3286 sit.
1025 3231 1112 3286 Es
1149 3233 1343 3300 quippe
1364 3231 1653 3284 durabilius
1693 3231 1898 3286 crcteris

355 3337 476 3377 esse
505 3326 730 3379 metallis
773 3328 925 3382 solet.
958 3327 1108 3392 Quod
1139 3335 1311 3381 autem
1343 3327 1548 3396 Moyses
1589 3325 1744 3379 istum
1787 3339 1899 3378 ser-

356 3405 564 3479 rientem
606 3417 822 3484 posuit,
867 3433 969 3470 non
1018 3419 1304 3487 incongrue
1341 3416 1573 3471 ostendit
1619 3415 1756 3484 quod
1815 3414 1897 3468 lex

357 3503 620 3557 Christum
688 3506 1042 3569 prophetavit.
1123 3508 1188 3559 Et
1225 3507 1358 3560 sicut
1420 3519 1516 3573 per
1599 3512 1896 3570 serpentem

359 3608 503 3647 mors
531 3593 828 3648 hominibus
856 3597 1063 3650 inducta
1091 3605 1194 3660 est,
1226 3596 1294 3649 ita
1348 3595 1431 3648 hic
1471 3608 1564 3663 per
1599 3603 1896 3662 serpentem

359 3681 500 3734 salus
531 3681 827 3737 hominibus
871 3686 1180 3739 ostenditur.
1229 3685 1434 3748 Corpus
1477 3691 1654 3737 autem
1699 3681 1898 3737 Christi

358 3781 414 3824 et
442 3771 615 3823 anima
649 3772 782 3825 hanc
823 3774 1002 3840 utique
1042 3775 1388 3843 substantiam
1421 3770 1586 3825 Adam
1617 3787 1898 3846 consecra-

361 3861 474 3924 vit;
505 3863 580 3915 sic
609 3873 662 3915 et
693 3862 820 3916 Evaa
865 3865 1045 3929 Maria,
1078 3865 1149 3918 ita
1177 3873 1232 3917 et
1261 3854 1346 3918 hic
1370 3872 1671 3932 serpentem
1708 3877 1898 3918 conse-

356 3963 536 4004 crasse
561 3951 772 4005 dicitnr.
804 3953 1068 4006 Moraliter
1100 3966 1305 4021 quoque
1334 3967 1570 4019 serpens,
1599 3963 1897 4006 sanctorum

359 4041 575 4109 intelligi
609 4053 783 4110 potest
810 4044 861 4098 in
890 4044 1268 4102 sublimitatem
1301 4057 1518 4110 cperum
1549 4042 1896 4111 perfecturum

356 4144 567 4196 sensus,
603 4141 661 4185 ut
706 4135 864 4186 etiam
896 4134 977 4186 lex
1023 4133 1241 4186 divinita
1288 4134 1357 4186 ita
1404 4132 1568 4199 ponit.
1614 4132 1897 4198 Serpentes

359 4236 505 4286 vero;
531 4223 652 4274 vitia
684 4222 762 4274 vel
797 4229 1043 4286 peccata;
1093 4236 1322 4284 eremus,
1363 4220 1654 4274 Ecclesium
1698 4217 1896 4284 signiﬁ-

1999 1780 2243 1837 lessionis
2264 1794 2583 1851 erumperet.
2607 1785 2828 1852 Angelus
2851 1802 2964 1840 vero
2991 1795 3128 1841 stans
3154 1796 3272 1841 ante
3299 1785 3534 1851 Balaam,

1997 1878 2044 1924 et
2071 1872 2124 1925 in
2168 1872 2316 1952 tertia
2342 1874 2446 1926 uice
2473 1874 2606 1928 visus
2633 1877 2697 1928 ab
2724 1875 2835 1940 illo,
2867 1875 3126 1947 signiﬁcat
3165 1875 3428 1931 Christum
3480 1877 3532 1932 in

2000 1962 2164 2017 tribus
2195 1963 2397 2034 legibus
2424 1966 2661 2034 stetisse,
2684 1966 2777 2021 sed
2804 1967 2856 2021 in
2880 1967 3032 2022 tertia
3060 1968 3226 2022 visum
3246 1968 3382 2022 esSe.
3409 1966 3538 2043 Duas

1996 2061 2164 2108 autem
2185 2056 2416 2109 maceria:
2441 2071 2551 2124 quae
2572 2056 2882 2111 circumdant
2909 2058 3096 2124 vineas,
3123 2057 3252 2112 duas
3278 2058 3418 2126 leges
3444 2058 3536 2112 de-

2001 2145 2535 2216 monstrant,quibus
2576 2148 2766 2202 animm
2801 2148 2884 2203 vel
2925 2148 3169 2203 Esclesite
3203 2147 3535 2210 circumdatis

1999 2246 2103 2290 tur.
2129 2237 2235 2292 Alii
2265 2245 2438 2292 autem
2454 2237 2646 2296 dicunt
2671 2254 2764 2306 per
2793 2240 3026 2306 Balaam,
3055 2240 3142 2310 qui
3174 2254 3336 2295 vanus
3359 2254 3528 2307 popu-

1999 2325 2082 2380 lus
2111 2325 2511 2395 interpretatur,
2541 2327 2805 2382 diabolum
2852 2329 3155 2396 signiﬁcari,
3197 2330 3287 2396 qui
3325 2330 3524 2383 asinam

1999 2418 2276 2487 percussit,
2317 2418 2368 2473 id
2395 2428 2476 2475 est
2521 2417 2698 2489 plagas
2736 2433 2893 2486 super
2929 2405 3222 2490 synagogas
3261 2419 3528 2475 hominum

1995 2506 2162 2573 dedit,
2191 2507 2360 2562 donec
2405 2507 2645 2562 Christus
2683 2507 2974 2563 adveniret.
3019 2496 3281 2563 Horaliter
3315 2523 3527 2578 quoque

1996 2597 2096 2652 hoc
2122 2600 2314 2652 animal
2342 2612 2554 2655 carnem
2601 2610 2831 2654 nostram
2872 2598 3148 2668 signiﬁcat,
3180 2614 3295 2669 quas
3324 2599 3530 2668 ﬂagello

1998 2698 2156 2757 tacta,
2188 2688 2479 2751 venientem
2510 2689 2786 2744 Dominum
2808 2687 3032 2750 indicat,
3061 2703 3212 2756 quem
3239 2701 3388 2743 mens
3422 2688 3534 2757 ipsa

1995 2779 2139 2833 carni
2166 2777 2459 2847 praesidens
2485 2792 2587 2832 non
2619 2776 2859 2843 videbat;
2895 2777 2966 2830 ita
2997 2786 3051 2831 ut
3071 2779 3386 2833 anxietatem
3424 2777 3531 2845 spi-

1996 2870 2128 2926 ritus
2160 2870 2411 2940 perlicere
2440 2871 2493 2924 in
2535 2869 2633 2924 hoc
2677 2869 2874 2924 mundo
2898 2869 3202 2945 cupientes,
3248 2868 3392 2924 velut
3430 2868 3530 2922 iter

1997 2962 2246 3016 tendendi
2278 2962 2545 3029 impediat,
2576 2961 2743 3015 donec
2765 2961 2812 3015 ei
2833 2961 3111 3015 invisibilis
3131 2961 3219 3029 qui
3238 2961 3336 3015 sibi
3357 2961 3543 3019 obviat.

1995 3050 2310 3104 innotescat.
2344 3048 2494 3104 Unde
2533 3064 2626 3118 per
2655 3049 2862 3105 Petrum
2902 3048 3114 3115 dicitur,
3141 3047 3530 3104 Correctionem

1996 3138 2179 3195 habuit
2201 3154 2311 3194 sua
2330 3139 2580 3209 vesania,
2610 3139 2879 3208 subjugale
2908 3123 3108 3193 mutum
3151 3137 3376 3193 hominis
3398 3152 3532 3194 voce

1996 3227 2290 3297 respondit,
2344 3227 2511 3282 vetuit
2577 3229 2845 3295 prophetae
2893 3225 3263 3294 lnsipientiam.
3316 3225 3535 3279 Insanus

1997 3319 2190 3388 quippe
2211 3318 2369 3371 homo
2395 3314 2650 3385 subjugali
2673 3324 2815 3369 muto
2833 3316 3135 3382 corripitur,
3158 3314 3371 3382 quando
3392 3316 3530 3370 elata

1997 3420 2145 3461 mens
2175 3404 2482 3461 humilitatis
2511 3404 2702 3459 bonum
2731 3404 2869 3474 quod
2897 3412 3076 3459 tenere
3101 3404 3312 3470 debeat,
3333 3403 3528 3459 alllicta

1995 3512 2155 3553 carne
2180 3506 2525 3554 memoratur.
2575 3495 2679 3553 Sed
2730 3496 2883 3563 hujus
2927 3494 3272 3566 correptionis
3316 3495 3528 3550 domum

1997 3585 2197 3640 idcirco
2228 3585 2438 3640 Balaam
2471 3601 2575 3641 non
2616 3585 2830 3649 meruit,
2859 3584 2976 3655 quia
3005 3585 3070 3639 ad
3115 3584 3530 3640 maledicendum

1997 3694 2238 3750 pergens,
2271 3693 2452 3734 vocem
2491 3693 2594 3732 non
2644 3687 2870 3732 mentem
2923 3673 3159 3729 mutavit.
3189 3675 3315 3739 Quis
3355 3681 3530 3728 autem

1998 3771 2085 3825 ille
2137 3778 2220 3825 est
2271 3769 2476 3830 Balaac,
2525 3765 2612 3831 qui
2663 3767 3036 3831 interpretatur
3075 3762 3295 3826 elidens,
3325 3771 3379 3817 et
3421 3762 3534 3816 vult

1995 3859 2219 3930 perdere
2251 3856 2495 3924 pepulum
2541 3855 2654 3917 Dei,
2699 3854 2799 3908 nisi
2844 3861 3209 3921 persecutores
3255 3851 3529 3917 Ecclesia,

1996 3947 2083 4018 qui
2109 3960 2224 3999 eam
2254 3943 2488 3998 laedunt?
2515 3951 2568 3996 et
2598 3943 2714 4010 quis
2741 3941 2971 4006 Balaam,
3001 3941 3088 4010 qui
3116 3940 3340 4010 populus
3366 3953 3533 3993 vanus

1996 4037 2388 4103 interpretatur,
2416 4048 2570 4101 quem
2599 4033 2783 4086 Balaac
2811 4041 2960 4086 vocat
3001 4033 3066 4085 ad
3109 4031 3530 4087 maledicendum

1993 4129 2239 4197 populum
2281 4127 2393 4191 Dei,
2422 4127 2522 4179 nisi
2548 4124 2774 4178 heretici
2803 4133 2855 4177 et
2880 4124 3230 4190 schismatici,
3260 4123 3348 4193 qui
3389 4123 3533 4178 inani

1992 4216 2243 4271 doctrinae
2270 4213 2430 4270 dediti
2471 4213 2789 4283 exprobrare
2817 4214 3065 4282 populum
3096 4215 3184 4268 Dei
3229 4224 3488 4269 conantur
3513 4231 3531 4276 ;

357 4320 482 4364 cat:
515 4310 595 4365 cui
633 4319 712 4364 est
749 4320 956 4377 puteus,
997 4309 1046 4361 id
1075 4318 1156 4362 est
1199 4309 1461 4376 baptismi.
1510 4307 1769 4372 Principes
1810 4307 1895 4376 qui
1924 4316 1974 4380 ι)
1999 4321 2052 4366 et
2079 4322 2326 4381 quantum
2373 4307 2449 4363 illi
2479 4297 2750 4362 maledicta
2782 4315 2833 4359 et
2879 4307 3270 4373 persecutiones
3297 4314 3531 4368 movent,

360 4403 493 4454 hunc
514 4402 768 4469 foderunt,
797 4401 1065 4471 propheta:
1092 4407 1146 4451 et
1168 4398 1391 4464 apostoli
1416 4398 1778 4465 intelliguntur
1807 4416 1818 4449 :
1846 4401 1894 4451 in

357 4493 546 4548 datare
573 4494 722 4560 legis,
766 4495 814 4547 id
843 4502 926 4548 est
957 4493 1009 4547 in
1037 4491 1245 4546 Christo
1283 4508 1298 4556 ;
1341 4490 1392 4544 in
1431 4489 1692 4556 baculum,
1742 4489 1793 4544 id
1818 4499 1898 4544 est

360 4582 697 4653 testimoniis.
722 4583 872 4647 Quod
899 4593 1073 4637 autem
1089 4581 1236 4644 dicit,
1261 4580 1898 4648 Ascendatputeus,ascen-

360 4675 486 4737 ttat;
529 4671 788 4725 Christum
833 4681 885 4726 et
940 4673 1187 4740 pepulum
1236 4672 1372 4726 illius
1418 4669 1673 4740 signiﬁcat
1719 4679 1899 4738 optare

360 4763 674 4833 baptismum
728 4776 966 4817 crescere
1018 4762 1133 4815 sine
1187 4776 1344 4829 opera
1393 4761 1445 4815 in
1495 4761 1750 4816 doctrina.
1801 4761 1900 4813 De-

361 4857 552 4924 nique",
617 4853 749 4910 Seon
809 4867 901 4906 rea:
965 4851 1371 4905 Amorrhteoruns
1431 4853 1666 4922 pugnavit
1727 4861 1901 4904 contra

362 4941 558 5010 Israel,
590 4956 636 5000 et
673 4947 786 4999 eicit
834 4944 1019 4999 Israel.
1069 4943 1206 4998 Seon
1255 4942 1630 5008 interpretatur
1683 4943 1901 4994 tentatio

361 5041 631 5095 oculorum
656 5054 670 5100 ;
697 5037 784 5105 qni
827 5035 1086 5104 signilicat
1114 5031 1398 5093 diabolum,
1430 5030 1515 5097 qui
1543 5043 1602 5083 se
1625 5032 1902 5097 transﬁgu-

361 5137 436 5181 rat
463 5125 513 5179 in
535 5127 772 5192 angelum
792 5127 938 5185 lucis,
965 5133 1016 5178 et
1031 5137 1122 5190 per
1151 5121 1377 5181 haereses
1393 5118 1693 5172 verisimilia
1711 5121 1899 5172 menti-

364 5225 468 5269 tur.
499 5213 960 5271 llancAmorrhaai
990 5212 1182 5266 habent
1213 5211 1400 5278 legem,
1427 5209 1474 5262 id
1504 5219 1584 5262 est
1612 5212 1902 5262 amarican-

363 5314 464 5365 tes,
495 5302 582 5369 qui
639 5303 689 5354 in
736 5301 1084 5355 amaritudine
1132 5301 1377 5353 vitiorum
1415 5287 1815 5361 conversantur,
1851 5308 1904 5351 et

364 5395 616 5450 resistunt
646 5389 881 5442 veritatis
907 5389 1230 5444 doctoribus.
1261 5387 1364 5441 lste
1391 5389 1530 5440 enim
1563 5402 1654 5439 rex
1704 5385 1902 5440 occidi-

366 5498 448 5540 tur
477 5485 525 5536 in
556 5495 870 5547 unoquoque
893 5491 1096 5544 sancto,
1124 5481 1212 5550 qui
1243 5482 1454 5533 damnat
1483 5480 1898 5542 similitudinem,

368 5586 421 5630 et
445 5571 609 5640 diligit
638 5569 928 5625 veritatem.
958 5570 1034 5637 υς
1065 5586 1188 5627 vero
1217 5572 1585 5654 interpretatur
1613 5567 1898 5634 COM‘iUSiO;

2001 4410 2198 4454 tantum
2243 4399 2409 4454 sancti
2461 4399 2514 4450 in
2555 4395 2832 4451 virtutibus
2866 4392 3075 4459 ﬂorent,
3104 4403 3158 4449 et
3187 4392 3442 4448 benedicti
3472 4407 3534 4447 ac

2000 4489 2136 4544 beati
2165 4488 2459 4542 habentur?
2490 4487 2636 4541 Sicut
2661 4496 2833 4538 autem
2862 4483 3007 4537 dedit
3031 4483 3238 4536 Balaam
3257 4481 3530 4536 consilium

2001 4595 2093 4648 per
2119 4579 2255 4646 quod
2293 4577 2656 4643 deciperentur
2687 4572 2774 4625 ﬁlii
2805 4571 2985 4636 Israel,
3025 4570 3093 4623 ita
3130 4585 3224 4637 per
3250 4561 3528 4623 consilium

2001 4667 2364 4721 hereticorum
2435 4662 2764 4719 enitentibus‘
2801 4658 3252 4737 persecutionibus
3302 4659 3533 4714 ﬁdelium

2002 4757 2162 4813 multi
2177 4755 2526 4823 decipiuntur.

2449 4843 2638 4913 capp,
2683 4839 3053 4906 xxnt,xx1v.

2074 4938 2171 4991 Per
2199 4934 2352 5002 hujus
2390 4933 2547 4987 etiam
2595 4944 2792 4999 septem
2823 4946 2961 4996 aras,
2987 4943 3116 4998 quas
3145 4942 3263 4982 curn
3300 4925 3534 4978 immola-

2003 5027 2230 5082 tionibus
2277 5025 2497 5077 Domino
2540 5021 2803 5077 constituit
2836 5036 2936 5074 non
2981 5017 3256 5084 susceptis,
3285 5014 3442 5069 corda
3484 5023 3533 5068 et

2001 5131 2218 5185 corpora
2265 5113 2345 5166 vel
2393 5116 2581 5167 animm
2628 5110 2909 5180 signiﬁcari
2949 5109 3210 5171 dicuntur,
3264 5121 3378 5174 quae
3417 5106 3536 5160 ideo

2002 5217 2124 5262 sunt
2167 5214 2384 5273 septeno
2428 5219 2666 5267 numero,
2717 5202 2834 5268 quia
2884 5199 2948 5251 ad
3000 5196 3388 5254 simulationem
3437 5197 3533 5249 vir-i

2004 5295 2233 5349 haeretici
2258 5310 2408 5347 suum
2431 5309 2562 5362 Opus
2587 5293 2796 5343 iaciunt.
2828 5287 2916 5340 lite
2941 5301 3048 5339 arte
3073 5288 3123 5340 in
3147 5294 3321 5339 monte
3345 5293 3533 5337 erectae

2002 5393 2143 5444 sunt,
2177 5382 2295 5448 quia
2326 5397 2482 5448 supra
2527 5381 2662 5432 dicta
2711 5377 2809 5430 tria
2837 5377 3077 5445 Superbia
3119 5376 3404 5437 eriguntur.
3435 5375 3534 5440 Qui

2002 5481 2172 5524 autem
2203 5472 2252 5523 in
2284 5473 2492 5524 excelse
2518 5469 2745 5530 fuerunt,
2767 5467 2871 5532 ipsi
2903 5463 3150 5518 humiliati
3180 5471 3334 5526 sunt;
3367 5470 3422 5516 et
3449 5461 3534 5527 qui

2004 5563 2210 5617 luerunt
2241 5560 2290 5613 in
2324 5559 2449 5624 imo,
2481 5560 2688 5614 exaltati
2724 5565 2860 5619 sunt,
2891 5564 2944 5609 ut
2966 5553 3170 5614 dicitur,
3199 5551 3296 5613 Qui
3317 5569 3366 5607 se
3383 5554 3531 5605 exal-
