  <div class='ocr_page' id='page_1' title='image "/cluster/home/n/w/nwhite01/storage/ocr_20150623/90-91/uva.x000827075/837.png"; bbox 0 0 3898 6260; ppageno 0'>
   <div class='ocr_carea' id='block_1_1' title="bbox 451 127 3647 222">
    <p class='ocr_par' dir='ltr' id='par_1_1' title="bbox 451 127 3647 222">
     <span class='ocr_line' id='line_1_1' title="bbox 451 127 3647 222; baseline -0.003 -18"><span class='ocrx_word' id='word_1_1' title='bbox 451 148 544 204; x_wconf 72' lang='grc' dir='ltr'><strong>δτι</strong></span> <span class='ocrx_word' id='word_1_2' title='bbox 939 145 1137 200; x_wconf 67' lang='lat' dir='ltr'><strong>lli‘JD/E</strong></span> <span class='ocrx_word' id='word_1_3' title='bbox 1186 143 1627 198; x_wconf 65' lang='lat' dir='ltr'><strong>\‘ENEllABlLIS</strong></span> <span class='ocrx_word' id='word_1_4' title='bbox 1665 127 1937 197; x_wconf 75' lang='lat' dir='ltr'><strong>OPHliiM</strong></span> <span class='ocrx_word' id='word_1_5' title='bbox 1981 137 2156 222; x_wconf 70' lang='lat' dir='ltr'><strong>i&#39;ARS</strong></span> <span class='ocrx_word' id='word_1_6' title='bbox 2199 140 2254 191; x_wconf 90' lang='lat' dir='ltr'><strong>ll.</strong></span> <span class='ocrx_word' id='word_1_7' title='bbox 2297 169 2359 178; x_wconf 91' lang='lat'><strong>-—</strong></span> <span class='ocrx_word' id='word_1_8' title='bbox 2404 140 2784 195; x_wconf 68' lang='lat' dir='ltr'><strong>EXECETlCA</strong></span> <span class='ocrx_word' id='word_1_9' title='bbox 2823 141 3142 197; x_wconf 69' lang='lat' dir='ltr'><strong>GENUINA.</strong></span> <span class='ocrx_word' id='word_1_10' title='bbox 3537 143 3647 199; x_wconf 68' lang='grc' dir='ltr'><strong>δῖε</strong></span> 
     </span>
    </p>
   </div>
   <div class='ocr_carea' id='block_1_2' title="bbox 409 231 3645 330">
    <p class='ocr_par' dir='ltr' id='par_1_2' title="bbox 409 231 3645 330">
     <span class='ocr_line' id='line_1_2' title="bbox 409 231 3645 330; baseline 0 -24"><span class='ocrx_word' id='word_1_11' title='bbox 409 295 423 306; x_wconf 72' lang='lat'><strong>.</strong></span> <span class='ocrx_word' id='word_1_12' title='bbox 452 267 648 330; x_wconf 60' lang='lat' dir='ltr'><strong>mum,</strong></span> <span class='ocrx_word' id='word_1_13' title='bbox 674 262 1042 325; x_wconf 71' lang='lat' dir='ltr'><strong>huusiltabilur,</strong></span> <span class='ocrx_word' id='word_1_14' title='bbox 1073 271 1124 313; x_wconf 84' lang='grc' dir='ltr'><strong>ει</strong></span> <span class='ocrx_word' id='word_1_15' title='bbox 1157 259 1374 328; x_wconf 80' lang='lat' dir='ltr'><strong>reliqua.</strong></span> <span class='ocrx_word' id='word_1_16' title='bbox 1420 257 1599 320; x_wconf 74' lang='lat' dir='ltr'><strong>Posuit</strong></span> <span class='ocrx_word' id='word_1_17' title='bbox 1644 257 1775 312; x_wconf 83' lang='lat' dir='ltr'><strong>Deus</strong></span> <span class='ocrx_word' id='word_1_18' title='bbox 1798 231 1992 309; x_wconf 77' lang='lat' dir='ltr'><strong>rerbnnl</strong></span> <span class='ocrx_word' id='word_1_19' title='bbox 2025 249 2076 307; x_wconf 77' lang='grc' dir='ltr'>Α</span> <span class='ocrx_word' id='word_1_20' title='bbox 2104 259 2350 315; x_wconf 84' lang='lat' dir='ltr'><strong>pretatur,</strong></span> <span class='ocrx_word' id='word_1_21' title='bbox 2383 250 2645 304; x_wconf 90' lang='lat' dir='ltr'><strong>diabolum</strong></span> <span class='ocrx_word' id='word_1_22' title='bbox 2672 251 2947 320; x_wconf 86' lang='lat' dir='ltr'><strong>significat,</strong></span> <span class='ocrx_word' id='word_1_23' title='bbox 2978 255 3126 321; x_wconf 86' lang='lat' dir='ltr'><strong>cujus</strong></span> <span class='ocrx_word' id='word_1_24' title='bbox 3156 255 3443 312; x_wconf 67' lang='lat' dir='ltr'><strong>haereditas</strong></span> <span class='ocrx_word' id='word_1_25' title='bbox 3466 257 3645 310; x_wconf 79' lang='lat' dir='ltr'><strong>inimi-</strong></span> 
     </span>
    </p>
   </div>
   <div class='ocr_carea' id='block_1_3' title="bbox 452 349 1994 420">
    <p class='ocr_par' dir='ltr' id='par_1_3' title="bbox 452 349 1994 420">
     <span class='ocr_line' id='line_1_3' title="bbox 452 349 1994 420; baseline -0.006 -11"><span class='ocrx_word' id='word_1_26' title='bbox 452 360 505 410; x_wconf 89' lang='lat' dir='ltr'><strong>in</strong></span> <span class='ocrx_word' id='word_1_27' title='bbox 534 373 620 409; x_wconf 89' lang='lat' dir='ltr'><strong>ore</strong></span> <span class='ocrx_word' id='word_1_28' title='bbox 664 354 899 416; x_wconf 80' lang='lat' dir='ltr'><strong>Balaam,</strong></span> <span class='ocrx_word' id='word_1_29' title='bbox 946 364 996 406; x_wconf 94' lang='lat' dir='ltr'><strong>et</strong></span> <span class='ocrx_word' id='word_1_30' title='bbox 1036 353 1260 420; x_wconf 89' lang='lat' dir='ltr'><strong>reliqua,</strong></span> <span class='ocrx_word' id='word_1_31' title='bbox 1307 352 1356 404; x_wconf 87' lang='lat' dir='ltr'><strong>id</strong></span> <span class='ocrx_word' id='word_1_32' title='bbox 1404 363 1509 414; x_wconf 82' lang='lat' dir='ltr'><strong>est,</strong></span> <span class='ocrx_word' id='word_1_33' title='bbox 1557 349 1994 403; x_wconf 85' lang='lat' dir='ltr'><strong>benedictionem.</strong></span> 
     </span>
    </p>
   </div>
   <div class='ocr_carea' id='block_1_4' title="bbox 456 440 1997 502">
    <p class='ocr_par' dir='ltr' id='par_1_4' title="bbox 456 440 1997 502">
     <span class='ocr_line' id='line_1_4' title="bbox 456 440 1997 502; baseline -0.009 0"><span class='ocrx_word' id='word_1_34' title='bbox 456 444 806 502; x_wconf 88' lang='lat' dir='ltr'><strong>Illstorialiter</strong></span> <span class='ocrx_word' id='word_1_35' title='bbox 853 456 1067 498; x_wconf 81' lang='lat' dir='ltr'><strong>sensum</strong></span> <span class='ocrx_word' id='word_1_36' title='bbox 1115 451 1207 496; x_wconf 90' lang='lat' dir='ltr'><strong>aut</strong></span> <span class='ocrx_word' id='word_1_37' title='bbox 1251 441 1633 496; x_wconf 71' lang='lat' dir='ltr'><strong>confessionem</strong></span> <span class='ocrx_word' id='word_1_38' title='bbox 1673 440 1789 493; x_wconf 88' lang='lat' dir='ltr'><strong>lidei</strong></span> <span class='ocrx_word' id='word_1_39' title='bbox 1841 453 1997 500; x_wconf 72' lang='lat' dir='ltr'><strong>verzr,</strong></span> 
     </span>
    </p>
   </div>
   <div class='ocr_carea' id='block_1_5' title="bbox 458 529 1997 597">
    <p class='ocr_par' dir='ltr' id='par_1_5' title="bbox 458 529 1997 597">
     <span class='ocr_line' id='line_1_5' title="bbox 458 529 1997 597; baseline -0.009 -8"><span class='ocrx_word' id='word_1_40' title='bbox 458 551 605 590; x_wconf 85' lang='lat' dir='ltr'><strong>more</strong></span> <span class='ocrx_word' id='word_1_41' title='bbox 627 534 1009 595; x_wconf 62' lang='lat' dir='ltr'><strong>hereticorum,</strong></span> <span class='ocrx_word' id='word_1_42' title='bbox 1034 548 1149 597; x_wconf 76' lang='lat' dir='ltr'><strong>qua:</strong></span> <span class='ocrx_word' id='word_1_43' title='bbox 1171 532 1275 584; x_wconf 84' lang='lat' dir='ltr'><strong>illis</strong></span> <span class='ocrx_word' id='word_1_44' title='bbox 1299 531 1457 585; x_wconf 89' lang='lat' dir='ltr'><strong>etiam</strong></span> <span class='ocrx_word' id='word_1_45' title='bbox 1487 529 1537 583; x_wconf 91' lang='lat' dir='ltr'><strong>in</strong></span> <span class='ocrx_word' id='word_1_46' title='bbox 1563 529 1997 591; x_wconf 78' lang='lat' dir='ltr'><strong>benedictionem,</strong></span> 
     </span>
    </p>
   </div>
   <div class='ocr_carea' id='block_1_6' title="bbox 457 615 1994 686">
    <p class='ocr_par' dir='ltr' id='par_1_6' title="bbox 457 615 1994 686">
     <span class='ocr_line' id='line_1_6' title="bbox 457 615 1994 686; baseline -0.008 -8"><span class='ocrx_word' id='word_1_47' title='bbox 457 624 502 678; x_wconf 87' lang='lat' dir='ltr'><strong>si</strong></span> <span class='ocrx_word' id='word_1_48' title='bbox 532 638 646 678; x_wconf 89' lang='lat' dir='ltr'><strong>eam</strong></span> <span class='ocrx_word' id='word_1_49' title='bbox 689 628 976 675; x_wconf 74' lang='lat' dir='ltr'><strong>servarent.</strong></span> <span class='ocrx_word' id='word_1_50' title='bbox 1024 619 1172 684; x_wconf 79' lang='lat' dir='ltr'><strong>Quod</strong></span> <span class='ocrx_word' id='word_1_51' title='bbox 1203 629 1375 671; x_wconf 89' lang='lat' dir='ltr'><strong>autem</strong></span> <span class='ocrx_word' id='word_1_52' title='bbox 1421 619 1472 671; x_wconf 91' lang='lat' dir='ltr'><strong>in</strong></span> <span class='ocrx_word' id='word_1_53' title='bbox 1505 617 1805 686; x_wconf 89' lang='lat' dir='ltr'><strong>parabolam</strong></span> <span class='ocrx_word' id='word_1_54' title='bbox 1835 615 1956 668; x_wconf 89' lang='lat' dir='ltr'><strong>dicit</strong></span> <span class='ocrx_word' id='word_1_55' title='bbox 1984 632 1994 666; x_wconf 89' lang='lat'><strong>:</strong></span> 
     </span>
    </p>
   </div>
   <div class='ocr_carea' id='block_1_7' title="bbox 461 705 2002 778">
    <p class='ocr_par' dir='ltr' id='par_1_7' title="bbox 461 705 2002 778">
     <span class='ocr_line' id='line_1_7' title="bbox 461 705 2002 778; baseline -0.007 -12"><span class='ocrx_word' id='word_1_56' title='bbox 461 713 628 766; x_wconf 78' lang='lat' dir='ltr'><strong>Filius</strong></span> <span class='ocrx_word' id='word_1_57' title='bbox 656 712 804 775; x_wconf 84' lang='lat' dir='ltr'><strong>Sear,</strong></span> <span class='ocrx_word' id='word_1_58' title='bbox 837 711 984 762; x_wconf 82' lang='lat' dir='ltr'><strong>homo</strong></span> <span class='ocrx_word' id='word_1_59' title='bbox 1014 713 1156 778; x_wconf 84' lang='lat' dir='ltr'><strong>cujus</strong></span> <span class='ocrx_word' id='word_1_60' title='bbox 1194 709 1474 761; x_wconf 84' lang='lat' dir='ltr'><strong>obduratus</strong></span> <span class='ocrx_word' id='word_1_61' title='bbox 1500 717 1572 760; x_wconf 87' lang='lat' dir='ltr'><strong>est</strong></span> <span class='ocrx_word' id='word_1_62' title='bbox 1598 705 1796 770; x_wconf 79' lang='lat' dir='ltr'><strong>oculus,</strong></span> <span class='ocrx_word' id='word_1_63' title='bbox 1823 713 2002 760; x_wconf 87' lang='lat' dir='ltr'><strong>osten-</strong></span> 
     </span>
    </p>
   </div>
   <div class='ocr_carea' id='block_1_8' title="bbox 463 797 2000 868">
    <p class='ocr_par' dir='ltr' id='par_1_8' title="bbox 463 797 2000 868">
     <span class='ocr_line' id='line_1_8' title="bbox 463 797 2000 868; baseline -0.008 -13"><span class='ocrx_word' id='word_1_64' title='bbox 463 801 539 855; x_wconf 81' lang='lat' dir='ltr'><strong>tlit</strong></span> <span class='ocrx_word' id='word_1_65' title='bbox 567 799 702 868; x_wconf 85' lang='lat' dir='ltr'><strong>quod</strong></span> <span class='ocrx_word' id='word_1_66' title='bbox 735 814 826 867; x_wconf 86' lang='lat' dir='ltr'><strong>per</strong></span> <span class='ocrx_word' id='word_1_67' title='bbox 853 797 1120 865; x_wconf 80' lang='lat' dir='ltr'><strong>speculqu</strong></span> <span class='ocrx_word' id='word_1_68' title='bbox 1153 811 1292 850; x_wconf 92' lang='lat' dir='ltr'><strong>nunc</strong></span> <span class='ocrx_word' id='word_1_69' title='bbox 1321 797 1576 859; x_wconf 90' lang='lat' dir='ltr'><strong>videmus,</strong></span> <span class='ocrx_word' id='word_1_70' title='bbox 1605 810 1666 849; x_wconf 83' lang='lat' dir='ltr'><strong>cx</strong></span> <span class='ocrx_word' id='word_1_71' title='bbox 1699 802 1846 863; x_wconf 90' lang='lat' dir='ltr'><strong>parte</strong></span> <span class='ocrx_word' id='word_1_72' title='bbox 1878 808 2000 861; x_wconf 86' lang='lat' dir='ltr'><strong>pro-</strong></span> 
     </span>
    </p>
   </div>
   <div class='ocr_carea' id='block_1_9' title="bbox 467 884 2006 958">
    <p class='ocr_par' dir='ltr' id='par_1_9' title="bbox 467 884 2006 958">
     <span class='ocr_line' id='line_1_9' title="bbox 467 884 2006 958; baseline -0.003 -17"><span class='ocrx_word' id='word_1_73' title='bbox 467 892 786 958; x_wconf 77' lang='lat' dir='ltr'><strong>phetamus;</strong></span> <span class='ocrx_word' id='word_1_74' title='bbox 819 889 898 943; x_wconf 91' lang='lat' dir='ltr'><strong>vel</strong></span> <span class='ocrx_word' id='word_1_75' title='bbox 938 897 1081 942; x_wconf 91' lang='lat' dir='ltr'><strong>certe</strong></span> <span class='ocrx_word' id='word_1_76' title='bbox 1107 887 1244 956; x_wconf 89' lang='lat' dir='ltr'><strong>quod</strong></span> <span class='ocrx_word' id='word_1_77' title='bbox 1289 887 1479 940; x_wconf 80' lang='lat' dir='ltr'><strong>exstasi</strong></span> <span class='ocrx_word' id='word_1_78' title='bbox 1525 884 1782 940; x_wconf 79' lang='lat' dir='ltr'><strong>intellexit</strong></span> <span class='ocrx_word' id='word_1_79' title='bbox 1811 893 2006 951; x_wconf 81' lang='lat' dir='ltr'><strong>myste-</strong></span> 
     </span>
    </p>
   </div>
   <div class='ocr_carea' id='block_1_10' title="bbox 464 974 2007 1048">
    <p class='ocr_par' dir='ltr' id='par_1_10' title="bbox 464 974 2007 1048">
     <span class='ocr_line' id='line_1_10' title="bbox 464 974 2007 1048; baseline -0.008 -10"><span class='ocrx_word' id='word_1_80' title='bbox 464 985 623 1038; x_wconf 87' lang='lat' dir='ltr'><strong>rium.</strong></span> <span class='ocrx_word' id='word_1_81' title='bbox 653 981 801 1048; x_wconf 83' lang='lat' dir='ltr'><strong>Quod</strong></span> <span class='ocrx_word' id='word_1_82' title='bbox 833 995 956 1034; x_wconf 88' lang='lat' dir='ltr'><strong>vero</strong></span> <span class='ocrx_word' id='word_1_83' title='bbox 993 979 1188 1034; x_wconf 82' lang='lat' dir='ltr'><strong>cadens</strong></span> <span class='ocrx_word' id='word_1_84' title='bbox 1234 980 1415 1032; x_wconf 81' lang='lat' dir='ltr'><strong>oculos</strong></span> <span class='ocrx_word' id='word_1_85' title='bbox 1445 978 1603 1030; x_wconf 81' lang='lat' dir='ltr'><strong>habet</strong></span> <span class='ocrx_word' id='word_1_86' title='bbox 1645 983 1878 1044; x_wconf 86' lang='lat' dir='ltr'><strong>apertos,</strong></span> <span class='ocrx_word' id='word_1_87' title='bbox 1909 974 2007 1026; x_wconf 89' lang='lat' dir='ltr'><strong>hoc</strong></span> 
     </span>
    </p>
   </div>
   <div class='ocr_carea' id='block_1_11' title="bbox 464 1064 2006 1138">
    <p class='ocr_par' dir='ltr' id='par_1_11' title="bbox 464 1064 2006 1138">
     <span class='ocr_line' id='line_1_11' title="bbox 464 1064 2006 1138; baseline -0.007 -12"><span class='ocrx_word' id='word_1_88' title='bbox 464 1072 604 1126; x_wconf 87' lang='lat' dir='ltr'><strong>idem</strong></span> <span class='ocrx_word' id='word_1_89' title='bbox 650 1080 732 1125; x_wconf 89' lang='lat' dir='ltr'><strong>est</strong></span> <span class='ocrx_word' id='word_1_90' title='bbox 769 1071 906 1138; x_wconf 87' lang='lat' dir='ltr'><strong>quod</strong></span> <span class='ocrx_word' id='word_1_91' title='bbox 937 1085 1114 1138; x_wconf 86' lang='lat' dir='ltr'><strong>supra,</strong></span> <span class='ocrx_word' id='word_1_92' title='bbox 1146 1078 1200 1123; x_wconf 91' lang='lat' dir='ltr'><strong>et</strong></span> <span class='ocrx_word' id='word_1_93' title='bbox 1237 1068 1380 1129; x_wconf 84' lang='lat' dir='ltr'><strong>dicit,</strong></span> <span class='ocrx_word' id='word_1_94' title='bbox 1414 1065 1557 1120; x_wconf 84' lang='lat' dir='ltr'><strong>Fluit</strong></span> <span class='ocrx_word' id='word_1_95' title='bbox 1592 1081 1721 1134; x_wconf 77' lang='lat' dir='ltr'><strong>aqua</strong></span> <span class='ocrx_word' id='word_1_96' title='bbox 1766 1065 1830 1117; x_wconf 88' lang='lat' dir='ltr'><strong>de</strong></span> <span class='ocrx_word' id='word_1_97' title='bbox 1868 1064 2006 1116; x_wconf 81' lang='lat' dir='ltr'><strong>stilla</strong></span> 
     </span>
    </p>
   </div>
   <div class='ocr_carea' id='block_1_12' title="bbox 468 1153 2006 1227">
    <p class='ocr_par' dir='ltr' id='par_1_12' title="bbox 468 1153 2006 1227">
     <span class='ocr_line' id='line_1_12' title="bbox 468 1153 2006 1227; baseline -0.007 -11"><span class='ocrx_word' id='word_1_98' title='bbox 468 1160 624 1225; x_wconf 70' lang='lat' dir='ltr'><strong>illius,</strong></span> <span class='ocrx_word' id='word_1_99' title='bbox 676 1160 909 1216; x_wconf 82' lang='lat' dir='ltr'><strong>ostendit</strong></span> <span class='ocrx_word' id='word_1_100' title='bbox 943 1159 1081 1227; x_wconf 88' lang='lat' dir='ltr'><strong>quod</strong></span> <span class='ocrx_word' id='word_1_101' title='bbox 1126 1174 1189 1211; x_wconf 79' lang='lat' dir='ltr'><strong>ex</strong></span> <span class='ocrx_word' id='word_1_102' title='bbox 1221 1159 1375 1210; x_wconf 83' lang='lat' dir='ltr'><strong>Israel</strong></span> <span class='ocrx_word' id='word_1_103' title='bbox 1407 1157 1600 1209; x_wconf 89' lang='lat' dir='ltr'><strong>multus</strong></span> <span class='ocrx_word' id='word_1_104' title='bbox 1628 1153 1846 1222; x_wconf 86' lang='lat' dir='ltr'><strong>populus</strong></span> <span class='ocrx_word' id='word_1_105' title='bbox 1887 1167 2006 1206; x_wconf 81' lang='lat' dir='ltr'><strong>cre-</strong></span> 
     </span>
    </p>
   </div>
   <div class='ocr_carea' id='block_1_13' title="bbox 465 1245 2010 1317">
    <p class='ocr_par' dir='ltr' id='par_1_13' title="bbox 465 1245 2010 1317">
     <span class='ocr_line' id='line_1_13' title="bbox 465 1245 2010 1317; baseline -0.008 -13"><span class='ocrx_word' id='word_1_106' title='bbox 465 1264 636 1304; x_wconf 78' lang='lat' dir='ltr'><strong>scere.</strong></span> <span class='ocrx_word' id='word_1_107' title='bbox 683 1249 963 1317; x_wconf 85' lang='lat' dir='ltr'><strong>Sequitur:</strong></span> <span class='ocrx_word' id='word_1_108' title='bbox 1015 1245 1161 1300; x_wconf 84' lang='lat' dir='ltr'><strong>Illius</strong></span> <span class='ocrx_word' id='word_1_109' title='bbox 1204 1247 1296 1299; x_wconf 82' lang='lat' dir='ltr'><strong>erit</strong></span> <span class='ocrx_word' id='word_1_110' title='bbox 1334 1245 1385 1297; x_wconf 87' lang='lat' dir='ltr'><strong>in</strong></span> <span class='ocrx_word' id='word_1_111' title='bbox 1423 1260 1576 1312; x_wconf 87' lang='lat' dir='ltr'><strong>aquas</strong></span> <span class='ocrx_word' id='word_1_112' title='bbox 1607 1246 1808 1296; x_wconf 86' lang='lat' dir='ltr'><strong>multas.</strong></span> <span class='ocrx_word' id='word_1_113' title='bbox 1847 1245 2010 1309; x_wconf 78' lang='lat' dir='ltr'><strong>Aqua:</strong></span> 
     </span>
    </p>
   </div>
   <div class='ocr_carea' id='block_1_14' title="bbox 469 1333 2010 1406">
    <p class='ocr_par' dir='ltr' id='par_1_14' title="bbox 469 1333 2010 1406">
     <span class='ocr_line' id='line_1_14' title="bbox 469 1333 2010 1406; baseline -0.005 -16"><span class='ocrx_word' id='word_1_114' title='bbox 469 1353 595 1393; x_wconf 78' lang='lat' dir='ltr'><strong>vero</strong></span> <span class='ocrx_word' id='word_1_115' title='bbox 644 1338 791 1391; x_wconf 90' lang='lat' dir='ltr'><strong>multi</strong></span> <span class='ocrx_word' id='word_1_116' title='bbox 828 1338 1001 1406; x_wconf 88' lang='lat' dir='ltr'><strong>populi</strong></span> <span class='ocrx_word' id='word_1_117' title='bbox 1049 1345 1190 1403; x_wconf 89' lang='lat' dir='ltr'><strong>sunt,</strong></span> <span class='ocrx_word' id='word_1_118' title='bbox 1251 1335 1333 1388; x_wconf 86' lang='lat' dir='ltr'><strong>vel</strong></span> <span class='ocrx_word' id='word_1_119' title='bbox 1378 1345 1523 1389; x_wconf 91' lang='lat' dir='ltr'><strong>certe</strong></span> <span class='ocrx_word' id='word_1_120' title='bbox 1568 1347 1720 1401; x_wconf 89' lang='lat' dir='ltr'><strong>aqua,</strong></span> <span class='ocrx_word' id='word_1_121' title='bbox 1773 1333 2010 1385; x_wconf 85' lang='lat' dir='ltr'><strong>doctrina</strong></span> 
     </span>
    </p>
   </div>
   <div class='ocr_carea' id='block_1_15' title="bbox 471 1421 2012 1495">
    <p class='ocr_par' dir='ltr' id='par_1_15' title="bbox 471 1421 2012 1495">
     <span class='ocr_line' id='line_1_15' title="bbox 471 1421 2012 1495; baseline -0.005 -16"><span class='ocrx_word' id='word_1_122' title='bbox 471 1425 790 1495; x_wconf 85' lang='lat' dir='ltr'><strong>evangelica,</strong></span> <span class='ocrx_word' id='word_1_123' title='bbox 832 1439 945 1491; x_wconf 79' lang='lat' dir='ltr'><strong>qua:</strong></span> <span class='ocrx_word' id='word_1_124' title='bbox 974 1423 1042 1476; x_wconf 86' lang='lat' dir='ltr'><strong>de</strong></span> <span class='ocrx_word' id='word_1_125' title='bbox 1083 1422 1333 1492; x_wconf 80' lang='lat' dir='ltr'><strong>apostolis</strong></span> <span class='ocrx_word' id='word_1_126' title='bbox 1359 1423 1491 1486; x_wconf 87' lang='lat' dir='ltr'><strong>Iluit,</strong></span> <span class='ocrx_word' id='word_1_127' title='bbox 1523 1421 1612 1490; x_wconf 88' lang='lat' dir='ltr'><strong>qui</strong></span> <span class='ocrx_word' id='word_1_128' title='bbox 1651 1429 1798 1474; x_wconf 89' lang='lat' dir='ltr'><strong>erant</strong></span> <span class='ocrx_word' id='word_1_129' title='bbox 1824 1421 1890 1474; x_wconf 90' lang='lat' dir='ltr'><strong>de</strong></span> <span class='ocrx_word' id='word_1_130' title='bbox 1929 1433 2012 1472; x_wconf 91' lang='lat' dir='ltr'><strong>se-</strong></span> 
     </span>
    </p>
   </div>
   <div class='ocr_carea' id='block_1_16' title="bbox 473 1511 2003 1582">
    <p class='ocr_par' dir='ltr' id='par_1_16' title="bbox 473 1511 2003 1582">
     <span class='ocr_line' id='line_1_16' title="bbox 473 1511 2003 1582; baseline -0.007 -12"><span class='ocrx_word' id='word_1_131' title='bbox 473 1516 614 1570; x_wconf 84' lang='lat' dir='ltr'><strong>mine</strong></span> <span class='ocrx_word' id='word_1_132' title='bbox 657 1513 840 1570; x_wconf 76' lang='lat' dir='ltr'><strong>Jacob.</strong></span> <span class='ocrx_word' id='word_1_133' title='bbox 870 1513 1125 1582; x_wconf 84' lang='lat' dir='ltr'><strong>Quodque</strong></span> <span class='ocrx_word' id='word_1_134' title='bbox 1170 1514 1420 1582; x_wconf 83' lang='lat' dir='ltr'><strong>sequitur,</strong></span> <span class='ocrx_word' id='word_1_135' title='bbox 1472 1511 1695 1566; x_wconf 83' lang='lat' dir='ltr'><strong>Tolletur</strong></span> <span class='ocrx_word' id='word_1_136' title='bbox 1725 1511 1865 1578; x_wconf 82' lang='lat' dir='ltr'><strong>Agag</strong></span> <span class='ocrx_word' id='word_1_137' title='bbox 1912 1525 2003 1561; x_wconf 80' lang='lat' dir='ltr'><strong>rea:</strong></span> 
     </span>
    </p>
   </div>
   <div class='ocr_carea' id='block_1_17' title="bbox 2099 338 3650 411">
    <p class='ocr_par' dir='ltr' id='par_1_17' title="bbox 2099 338 3650 411">
     <span class='ocr_line' id='line_1_17' title="bbox 2099 338 3650 411; baseline 0.007 -23"><span class='ocrx_word' id='word_1_138' title='bbox 2099 339 2173 390; x_wconf 81' lang='lat' dir='ltr'><strong>ris</strong></span> <span class='ocrx_word' id='word_1_139' title='bbox 2209 339 2380 392; x_wconf 82' lang='lat' dir='ltr'><strong>cadet.</strong></span> <span class='ocrx_word' id='word_1_140' title='bbox 2432 338 2594 393; x_wconf 76' lang='lat' dir='ltr'><strong>Israel</strong></span> <span class='ocrx_word' id='word_1_141' title='bbox 2621 356 2733 393; x_wconf 80' lang='lat' dir='ltr'><strong>vero</strong></span> <span class='ocrx_word' id='word_1_142' title='bbox 2757 352 2956 396; x_wconf 83' lang='lat' dir='ltr'><strong>sanctos</strong></span> <span class='ocrx_word' id='word_1_143' title='bbox 2991 345 3079 411; x_wconf 82' lang='lat' dir='ltr'><strong>qui</strong></span> <span class='ocrx_word' id='word_1_144' title='bbox 3104 345 3446 408; x_wconf 81' lang='lat' dir='ltr'><strong>dominantur,</strong></span> <span class='ocrx_word' id='word_1_145' title='bbox 3483 346 3534 398; x_wconf 90' lang='lat' dir='ltr'><strong>id</strong></span> <span class='ocrx_word' id='word_1_146' title='bbox 3559 354 3650 399; x_wconf 75' lang='lat' dir='ltr'><strong>est</strong></span> 
     </span>
    </p>
   </div>
   <div class='ocr_carea' id='block_1_18' title="bbox 2098 431 3645 504">
    <p class='ocr_par' dir='ltr' id='par_1_18' title="bbox 2098 431 3645 504">
     <span class='ocr_line' id='line_1_18' title="bbox 2098 431 3645 504; baseline 0.003 -21"><span class='ocrx_word' id='word_1_147' title='bbox 2098 431 2359 495; x_wconf 82' lang='lat' dir='ltr'><strong>Christus,</strong></span> <span class='ocrx_word' id='word_1_148' title='bbox 2416 432 2496 486; x_wconf 89' lang='lat' dir='ltr'><strong>vel</strong></span> <span class='ocrx_word' id='word_1_149' title='bbox 2551 433 2771 500; x_wconf 88' lang='lat' dir='ltr'><strong>populus</strong></span> <span class='ocrx_word' id='word_1_150' title='bbox 2819 433 2977 498; x_wconf 89' lang='lat' dir='ltr'><strong>illius,</strong></span> <span class='ocrx_word' id='word_1_151' title='bbox 3010 435 3091 489; x_wconf 90' lang='lat' dir='ltr'><strong>vel</strong></span> <span class='ocrx_word' id='word_1_152' title='bbox 3133 450 3319 490; x_wconf 86' lang='lat' dir='ltr'><strong>sensus</strong></span> <span class='ocrx_word' id='word_1_153' title='bbox 3349 437 3645 504; x_wconf 73' lang='lat' dir='ltr'><strong>perfectus.</strong></span> 
     </span>
    </p>
   </div>
   <div class='ocr_carea' id='block_1_19' title="bbox 2100 519 3648 588">
    <p class='ocr_par' dir='ltr' id='par_1_19' title="bbox 2100 519 3648 588">
     <span class='ocr_line' id='line_1_19' title="bbox 2100 519 3648 588; baseline 0.001 -15"><span class='ocrx_word' id='word_1_154' title='bbox 2100 519 2347 587; x_wconf 63' lang='lat' dir='ltr'><strong>Reliquiz</strong></span> <span class='ocrx_word' id='word_1_155' title='bbox 2396 521 2631 588; x_wconf 75' lang='lat' dir='ltr'><strong>civitatis,</strong></span> <span class='ocrx_word' id='word_1_156' title='bbox 2666 523 2927 577; x_wconf 73' lang='lat' dir='ltr'><strong>Ecclesiae</strong></span> <span class='ocrx_word' id='word_1_157' title='bbox 2972 524 3353 578; x_wconf 68' lang='lat' dir='ltr'><strong>haereticorum.</strong></span> <span class='ocrx_word' id='word_1_158' title='bbox 3400 525 3648 579; x_wconf 65' lang='lat' dir='ltr'><strong>Amalech</strong></span> 
     </span>
    </p>
   </div>
   <div class='ocr_carea' id='block_1_20' title="bbox 2098 611 3648 684">
    <p class='ocr_par' dir='ltr' id='par_1_20' title="bbox 2098 611 3648 684">
     <span class='ocr_line' id='line_1_20' title="bbox 2098 611 3648 684; baseline 0.004 -21"><span class='ocrx_word' id='word_1_159' title='bbox 2098 625 2325 679; x_wconf 87' lang='lat' dir='ltr'><strong>quoque,</strong></span> <span class='ocrx_word' id='word_1_160' title='bbox 2355 613 2442 680; x_wconf 91' lang='lat' dir='ltr'><strong>qui</strong></span> <span class='ocrx_word' id='word_1_161' title='bbox 2473 611 2710 667; x_wconf 78' lang='lat' dir='ltr'><strong>lambens</strong></span> <span class='ocrx_word' id='word_1_162' title='bbox 2737 613 3130 683; x_wconf 83' lang='lat' dir='ltr'><strong>interpretatur,</strong></span> <span class='ocrx_word' id='word_1_163' title='bbox 3161 615 3428 669; x_wconf 88' lang='lat' dir='ltr'><strong>diabolum</strong></span> <span class='ocrx_word' id='word_1_164' title='bbox 3465 614 3648 684; x_wconf 87' lang='lat' dir='ltr'><strong>signi-</strong></span> 
     </span>
    </p>
   </div>
   <div class='ocr_carea' id='block_1_21' title="bbox 2102 699 3648 775">
    <p class='ocr_par' dir='ltr' id='par_1_21' title="bbox 2102 699 3648 775">
     <span class='ocr_line' id='line_1_21' title="bbox 2102 699 3648 775; baseline 0.005 -23"><span class='ocrx_word' id='word_1_165' title='bbox 2102 699 2241 762; x_wconf 81' lang='lat' dir='ltr'><strong>ticat,</strong></span> <span class='ocrx_word' id='word_1_166' title='bbox 2277 701 2599 754; x_wconf 81' lang='lat' dir='ltr'><strong>lambentem</strong></span> <span class='ocrx_word' id='word_1_167' title='bbox 2631 702 2900 757; x_wconf 83' lang='lat' dir='ltr'><strong>hominum</strong></span> <span class='ocrx_word' id='word_1_168' title='bbox 2931 715 3173 771; x_wconf 83' lang='lat' dir='ltr'><strong>peccata;</strong></span> <span class='ocrx_word' id='word_1_169' title='bbox 3205 706 3357 775; x_wconf 83' lang='lat' dir='ltr'><strong>cujus</strong></span> <span class='ocrx_word' id='word_1_170' title='bbox 3405 717 3648 760; x_wconf 81' lang='lat' dir='ltr'><strong>extrema</strong></span> 
     </span>
    </p>
   </div>
   <div class='ocr_carea' id='block_1_22' title="bbox 2104 791 3648 864">
    <p class='ocr_par' dir='ltr' id='par_1_22' title="bbox 2104 791 3648 864">
     <span class='ocr_line' id='line_1_22' title="bbox 2104 791 3648 864; baseline 0.003 -22"><span class='ocrx_word' id='word_1_171' title='bbox 2104 794 2406 857; x_wconf 83' lang='lat' dir='ltr'><strong>perdontur,</strong></span> <span class='ocrx_word' id='word_1_172' title='bbox 2441 791 2540 844; x_wconf 90' lang='lat' dir='ltr'><strong>hoc</strong></span> <span class='ocrx_word' id='word_1_173' title='bbox 2563 801 2644 844; x_wconf 90' lang='lat' dir='ltr'><strong>est</strong></span> <span class='ocrx_word' id='word_1_174' title='bbox 2684 792 2736 845; x_wconf 92' lang='lat' dir='ltr'><strong>in</strong></span> <span class='ocrx_word' id='word_1_175' title='bbox 2765 792 2990 857; x_wconf 87' lang='lat' dir='ltr'><strong>adventu</strong></span> <span class='ocrx_word' id='word_1_176' title='bbox 3019 792 3233 848; x_wconf 75' lang='lat' dir='ltr'><strong>Christi.</strong></span> <span class='ocrx_word' id='word_1_177' title='bbox 3265 794 3464 864; x_wconf 76' lang='lat' dir='ltr'><strong>Cynens</strong></span> <span class='ocrx_word' id='word_1_178' title='bbox 3509 809 3648 863; x_wconf 74' lang='lat' dir='ltr'><strong>quo—</strong></span> 
     </span>
    </p>
   </div>
   <div class='ocr_carea' id='block_1_23' title="bbox 2103 880 3648 953">
    <p class='ocr_par' dir='ltr' id='par_1_23' title="bbox 2103 880 3648 953">
     <span class='ocr_line' id='line_1_23' title="bbox 2103 880 3648 953; baseline 0.004 -20"><span class='ocrx_word' id='word_1_179' title='bbox 2103 895 2204 945; x_wconf 87' lang='lat' dir='ltr'><strong>que</strong></span> <span class='ocrx_word' id='word_1_180' title='bbox 2240 880 2504 936; x_wconf 87' lang='lat' dir='ltr'><strong>diabolum</strong></span> <span class='ocrx_word' id='word_1_181' title='bbox 2531 882 2806 951; x_wconf 86' lang='lat' dir='ltr'><strong>signilicat,</strong></span> <span class='ocrx_word' id='word_1_182' title='bbox 2839 885 2920 938; x_wconf 91' lang='lat' dir='ltr'><strong>vel</strong></span> <span class='ocrx_word' id='word_1_183' title='bbox 2970 886 3216 953; x_wconf 90' lang='lat' dir='ltr'><strong>populum</strong></span> <span class='ocrx_word' id='word_1_184' title='bbox 3248 886 3410 940; x_wconf 86' lang='lat' dir='ltr'><strong>totius</strong></span> <span class='ocrx_word' id='word_1_185' title='bbox 3437 887 3648 942; x_wconf 87' lang='lat' dir='ltr'><strong>ntuudi.</strong></span> 
     </span>
    </p>
   </div>
   <div class='ocr_carea' id='block_1_24' title="bbox 2104 967 3654 1047">
    <p class='ocr_par' dir='ltr' id='par_1_24' title="bbox 2104 967 3654 1047">
     <span class='ocr_line' id='line_1_24' title="bbox 2104 967 3654 1047; baseline 0.007 -26"><span class='ocrx_word' id='word_1_186' title='bbox 2104 967 2300 1023; x_wconf 85' lang='lat' dir='ltr'><strong>Nidunt</strong></span> <span class='ocrx_word' id='word_1_187' title='bbox 2323 980 2486 1036; x_wconf 84' lang='lat' dir='ltr'><strong>tuuns,</strong></span> <span class='ocrx_word' id='word_1_188' title='bbox 2517 971 2566 1026; x_wconf 90' lang='lat' dir='ltr'><strong>id</strong></span> <span class='ocrx_word' id='word_1_189' title='bbox 2596 982 2675 1027; x_wconf 89' lang='lat' dir='ltr'><strong>est</strong></span> <span class='ocrx_word' id='word_1_190' title='bbox 2715 989 2956 1044; x_wconf 81' lang='lat' dir='ltr'><strong>pompam</strong></span> <span class='ocrx_word' id='word_1_191' title='bbox 2985 984 3149 1029; x_wconf 87' lang='lat' dir='ltr'><strong>tuam.</strong></span> <span class='ocrx_word' id='word_1_192' title='bbox 3202 973 3267 1028; x_wconf 82' lang='lat' dir='ltr'><strong>In</strong></span> <span class='ocrx_word' id='word_1_193' title='bbox 3290 979 3524 1046; x_wconf 75' lang='lat' dir='ltr'><strong>superbia</strong></span> <span class='ocrx_word' id='word_1_194' title='bbox 3551 979 3654 1047; x_wconf 78' lang='lat' dir='ltr'><strong>eje—</strong></span> 
     </span>
    </p>
   </div>
   <div class='ocr_carea' id='block_1_25' title="bbox 2104 1057 3653 1132">
    <p class='ocr_par' dir='ltr' id='par_1_25' title="bbox 2104 1057 3653 1132">
     <span class='ocr_line' id='line_1_25' title="bbox 2104 1057 3653 1132; baseline 0.005 -20"><span class='ocrx_word' id='word_1_195' title='bbox 2104 1069 2231 1121; x_wconf 84' lang='lat' dir='ltr'><strong>ctus,</strong></span> <span class='ocrx_word' id='word_1_196' title='bbox 2277 1057 2327 1113; x_wconf 88' lang='lat' dir='ltr'><strong>id</strong></span> <span class='ocrx_word' id='word_1_197' title='bbox 2354 1070 2456 1127; x_wconf 92' lang='lat' dir='ltr'><strong>est,</strong></span> <span class='ocrx_word' id='word_1_198' title='bbox 2487 1059 2540 1114; x_wconf 89' lang='lat' dir='ltr'><strong>in</strong></span> <span class='ocrx_word' id='word_1_199' title='bbox 2585 1062 2829 1129; x_wconf 84' lang='lat' dir='ltr'><strong>peccatis.</strong></span> <span class='ocrx_word' id='word_1_200' title='bbox 2879 1063 2954 1117; x_wconf 85' lang='lat' dir='ltr'><strong>De</strong></span> <span class='ocrx_word' id='word_1_201' title='bbox 2999 1063 3164 1132; x_wconf 84' lang='lat' dir='ltr'><strong>stirpe</strong></span> <span class='ocrx_word' id='word_1_202' title='bbox 3192 1062 3343 1128; x_wconf 82' lang='lat' dir='ltr'><strong>Cain,</strong></span> <span class='ocrx_word' id='word_1_203' title='bbox 3374 1064 3425 1117; x_wconf 89' lang='lat' dir='ltr'><strong>id</strong></span> <span class='ocrx_word' id='word_1_204' title='bbox 3455 1074 3537 1119; x_wconf 82' lang='lat' dir='ltr'><strong>est</strong></span> <span class='ocrx_word' id='word_1_205' title='bbox 3583 1065 3653 1119; x_wconf 84' lang='lat' dir='ltr'><strong>de</strong></span> 
     </span>
    </p>
   </div>
   <div class='ocr_carea' id='block_1_26' title="bbox 2105 1147 3648 1222">
    <p class='ocr_par' dir='ltr' id='par_1_26' title="bbox 2105 1147 3648 1222">
     <span class='ocr_line' id='line_1_26' title="bbox 2105 1147 3648 1222; baseline 0.003 -20"><span class='ocrx_word' id='word_1_206' title='bbox 2105 1147 2421 1204; x_wconf 86' lang='lat' dir='ltr'><strong>commedio.</strong></span> <span class='ocrx_word' id='word_1_207' title='bbox 2451 1152 2608 1202; x_wconf 81' lang='lat' dir='ltr'><strong>Assur</strong></span> <span class='ocrx_word' id='word_1_208' title='bbox 2629 1150 2795 1218; x_wconf 77' lang='lat' dir='ltr'><strong>capiat</strong></span> <span class='ocrx_word' id='word_1_209' title='bbox 2811 1159 2890 1214; x_wconf 76' lang='lat' dir='ltr'><strong>te,</strong></span> <span class='ocrx_word' id='word_1_210' title='bbox 2920 1150 2972 1205; x_wconf 91' lang='lat' dir='ltr'><strong>id</strong></span> <span class='ocrx_word' id='word_1_211' title='bbox 2996 1161 3076 1205; x_wconf 87' lang='lat' dir='ltr'><strong>est</strong></span> <span class='ocrx_word' id='word_1_212' title='bbox 3099 1151 3363 1216; x_wconf 82' lang='lat' dir='ltr'><strong>Christus,</strong></span> <span class='ocrx_word' id='word_1_213' title='bbox 3389 1152 3648 1222; x_wconf 77' lang='lat' dir='ltr'><strong>spiritua-</strong></span> 
     </span>
    </p>
   </div>
   <div class='ocr_carea' id='block_1_27' title="bbox 2110 1238 3652 1312">
    <p class='ocr_par' dir='ltr' id='par_1_27' title="bbox 2110 1238 3652 1312">
     <span class='ocr_line' id='line_1_27' title="bbox 2110 1238 3652 1312; baseline 0.003 -21"><span class='ocrx_word' id='word_1_214' title='bbox 2110 1238 2250 1294; x_wconf 86' lang='lat' dir='ltr'><strong>liter.</strong></span> <span class='ocrx_word' id='word_1_215' title='bbox 2304 1241 2472 1295; x_wconf 80' lang='lat' dir='ltr'><strong>Assur</strong></span> <span class='ocrx_word' id='word_1_216' title='bbox 2496 1240 2636 1294; x_wconf 87' lang='lat' dir='ltr'><strong>enim</strong></span> <span class='ocrx_word' id='word_1_217' title='bbox 2684 1240 2834 1294; x_wconf 89' lang='lat' dir='ltr'><strong>fortis</strong></span> <span class='ocrx_word' id='word_1_218' title='bbox 2877 1241 2958 1295; x_wconf 90' lang='lat' dir='ltr'><strong>vel</strong></span> <span class='ocrx_word' id='word_1_219' title='bbox 3005 1241 3220 1304; x_wconf 84' lang='lat' dir='ltr'><strong>vincens</strong></span> <span class='ocrx_word' id='word_1_220' title='bbox 3249 1243 3652 1312; x_wconf 78' lang='lat' dir='ltr'><strong>interpretatur,</strong></span> 
     </span>
    </p>
   </div>
   <div class='ocr_carea' id='block_1_28' title="bbox 2107 1327 3650 1402">
    <p class='ocr_par' dir='ltr' id='par_1_28' title="bbox 2107 1327 3650 1402">
     <span class='ocr_line' id='line_1_28' title="bbox 2107 1327 3650 1402; baseline 0.003 -20"><span class='ocrx_word' id='word_1_221' title='bbox 2107 1330 2245 1398; x_wconf 85' lang='lat' dir='ltr'><strong>quod</strong></span> <span class='ocrx_word' id='word_1_222' title='bbox 2276 1337 2551 1399; x_wconf 87' lang='lat' dir='ltr'><strong>utrumque</strong></span> <span class='ocrx_word' id='word_1_223' title='bbox 2577 1327 2786 1384; x_wconf 89' lang='lat' dir='ltr'><strong>Christo</strong></span> <span class='ocrx_word' id='word_1_224' title='bbox 2809 1332 3075 1386; x_wconf 78' lang='lat' dir='ltr'><strong>convenit.</strong></span> <span class='ocrx_word' id='word_1_225' title='bbox 3107 1331 3230 1388; x_wconf 70' lang='lat' dir='ltr'><strong>llaec</strong></span> <span class='ocrx_word' id='word_1_226' title='bbox 3251 1347 3460 1402; x_wconf 88' lang='lat' dir='ltr'><strong>quoque</strong></span> <span class='ocrx_word' id='word_1_227' title='bbox 3486 1349 3650 1400; x_wconf 82' lang='lat' dir='ltr'><strong>supra</strong></span> 
     </span>
    </p>
   </div>
   <div class='ocr_carea' id='block_1_29' title="bbox 2107 1421 3651 1492">
    <p class='ocr_par' dir='ltr' id='par_1_29' title="bbox 2107 1421 3651 1492">
     <span class='ocr_line' id='line_1_29' title="bbox 2107 1421 3651 1492; baseline 0.003 -18"><span class='ocrx_word' id='word_1_228' title='bbox 2107 1421 2243 1477; x_wconf 90' lang='lat' dir='ltr'><strong>dicta</strong></span> <span class='ocrx_word' id='word_1_229' title='bbox 2274 1432 2490 1490; x_wconf 89' lang='lat' dir='ltr'><strong>possunt</strong></span> <span class='ocrx_word' id='word_1_230' title='bbox 2509 1421 2790 1476; x_wconf 88' lang='lat' dir='ltr'><strong>convenire</strong></span> <span class='ocrx_word' id='word_1_231' title='bbox 2807 1422 2858 1476; x_wconf 92' lang='lat' dir='ltr'><strong>iu</strong></span> <span class='ocrx_word' id='word_1_232' title='bbox 2890 1423 3105 1491; x_wconf 84' lang='lat' dir='ltr'><strong>figuram</strong></span> <span class='ocrx_word' id='word_1_233' title='bbox 3131 1425 3384 1492; x_wconf 87' lang='lat' dir='ltr'><strong>gentium,</strong></span> <span class='ocrx_word' id='word_1_234' title='bbox 3411 1424 3466 1478; x_wconf 86' lang='lat' dir='ltr'><strong>in</strong></span> <span class='ocrx_word' id='word_1_235' title='bbox 3492 1425 3651 1478; x_wconf 85' lang='lat' dir='ltr'><strong>fidem</strong></span> 
     </span>
    </p>
   </div>
   <div class='ocr_carea' id='block_1_30' title="bbox 2115 1510 3656 1579">
    <p class='ocr_par' dir='ltr' id='par_1_30' title="bbox 2115 1510 3656 1579">
     <span class='ocr_line' id='line_1_30' title="bbox 2115 1510 3656 1579; baseline 0.001 -13"><span class='ocrx_word' id='word_1_236' title='bbox 2115 1510 2553 1579; x_wconf 88' lang='lat' dir='ltr'><strong>pervenientium.</strong></span> <span class='ocrx_word' id='word_1_237' title='bbox 2604 1512 2726 1576; x_wconf 85' lang='lat' dir='ltr'><strong>Quis</strong></span> <span class='ocrx_word' id='word_1_238' title='bbox 2749 1512 2970 1566; x_wconf 81' lang='lat' dir='ltr'><strong>uicturus</strong></span> <span class='ocrx_word' id='word_1_239' title='bbox 2997 1522 3068 1566; x_wconf 89' lang='lat' dir='ltr'><strong>est</strong></span> <span class='ocrx_word' id='word_1_240' title='bbox 3105 1528 3125 1567; x_wconf 92' lang='lat'><strong><em>:</em></strong></span> <span class='ocrx_word' id='word_1_241' title='bbox 3153 1514 3245 1568; x_wconf 90' lang='lat' dir='ltr'><strong>sed</strong></span> <span class='ocrx_word' id='word_1_242' title='bbox 3275 1515 3472 1568; x_wconf 86' lang='lat' dir='ltr'><strong>utinam</strong></span> <span class='ocrx_word' id='word_1_243' title='bbox 3518 1531 3656 1568; x_wconf 86' lang='lat' dir='ltr'><strong>unus</strong></span> 
     </span>
    </p>
   </div>
   <div class='ocr_carea' id='block_1_31' title="bbox 470 1573 3651 1676">
    <p class='ocr_par' dir='ltr' id='par_1_31' title="bbox 470 1573 3651 1676">
     <span class='ocr_line' id='line_1_31' title="bbox 470 1573 3651 1676; baseline 0.001 -20"><span class='ocrx_word' id='word_1_244' title='bbox 470 1606 602 1673; x_wconf 88' lang='lat' dir='ltr'><strong>ejus,</strong></span> <span class='ocrx_word' id='word_1_245' title='bbox 652 1573 923 1676; x_wconf 61' lang='lat' dir='ltr'><strong>prophetia</strong></span> <span class='ocrx_word' id='word_1_246' title='bbox 951 1573 1055 1657; x_wconf 47' lang='lat' dir='ltr'><strong>est&#39;</strong></span> <span class='ocrx_word' id='word_1_247' title='bbox 1075 1601 1141 1656; x_wconf 90' lang='lat' dir='ltr'><strong>de</strong></span> <span class='ocrx_word' id='word_1_248' title='bbox 1168 1573 1314 1662; x_wconf 81' lang='lat' dir='ltr'><strong>Saul,</strong></span> <span class='ocrx_word' id='word_1_249' title='bbox 1360 1573 1448 1666; x_wconf 86' lang='lat' dir='ltr'><strong>qui</strong></span> <span class='ocrx_word' id='word_1_250' title='bbox 1496 1614 1560 1653; x_wconf 87' lang='lat' dir='ltr'><strong>eo</strong></span> <span class='ocrx_word' id='word_1_251' title='bbox 1585 1599 1721 1668; x_wconf 91' lang='lat' dir='ltr'><strong>quod</strong></span> <span class='ocrx_word' id='word_1_252' title='bbox 1771 1573 2012 1665; x_wconf 67' lang='lat' dir='ltr'><strong>parceret</strong></span> <span class='ocrx_word' id='word_1_253' title='bbox 2049 1573 2087 1630; x_wconf 70' lang='grc' dir='ltr'>Β</span> <span class='ocrx_word' id='word_1_254' title='bbox 2116 1573 2277 1664; x_wconf 74' lang='lat' dir='ltr'><strong>esset,</strong></span> <span class='ocrx_word' id='word_1_255' title='bbox 2307 1600 2514 1668; x_wconf 87' lang='lat' dir='ltr'><strong>quando</strong></span> <span class='ocrx_word' id='word_1_256' title='bbox 2542 1573 2654 1653; x_wconf 39' lang='lat' dir='ltr'><strong>haec</strong></span> <span class='ocrx_word' id='word_1_257' title='bbox 2688 1602 2923 1655; x_wconf 90' lang='lat' dir='ltr'><strong>veniunt.</strong></span> <span class='ocrx_word' id='word_1_258' title='bbox 2956 1601 3120 1658; x_wconf 81' lang='lat' dir='ltr'><strong>Aliter</strong></span> <span class='ocrx_word' id='word_1_259' title='bbox 3146 1605 3262 1672; x_wconf 89' lang='lat' dir='ltr'><strong>quis</strong></span> <span class='ocrx_word' id='word_1_260' title='bbox 3289 1605 3519 1658; x_wconf 89' lang='lat' dir='ltr'><strong>victuros</strong></span> <span class='ocrx_word' id='word_1_261' title='bbox 3548 1614 3651 1670; x_wconf 83' lang='lat' dir='ltr'><strong>est,</strong></span> 
     </span>
    </p>
   </div>
   <div class='ocr_carea' id='block_1_32' title="bbox 473 1686 2015 1761">
    <p class='ocr_par' dir='ltr' id='par_1_32' title="bbox 473 1686 2015 1761">
     <span class='ocr_line' id='line_1_32' title="bbox 473 1686 2015 1761; baseline -0.003 -18"><span class='ocrx_word' id='word_1_262' title='bbox 473 1692 581 1759; x_wconf 89' lang='lat' dir='ltr'><strong>regi</strong></span> <span class='ocrx_word' id='word_1_263' title='bbox 609 1691 1144 1761; x_wconf 82' lang='lat' dir='ltr'><strong>Agag,provocavitiu</strong></span> <span class='ocrx_word' id='word_1_264' title='bbox 1162 1689 1360 1741; x_wconf 87' lang='lat' dir='ltr'><strong>seiram</strong></span> <span class='ocrx_word' id='word_1_265' title='bbox 1392 1687 1619 1742; x_wconf 88' lang='lat' dir='ltr'><strong>Domini.</strong></span> <span class='ocrx_word' id='word_1_266' title='bbox 1641 1686 1897 1754; x_wconf 82' lang='lat' dir='ltr'><strong>Quodque</strong></span> <span class='ocrx_word' id='word_1_267' title='bbox 1935 1686 2015 1739; x_wconf 84' lang='lat' dir='ltr'><strong>di-</strong></span> 
     </span>
    </p>
   </div>
   <div class='ocr_carea' id='block_1_33' title="bbox 473 1778 2017 1847">
    <p class='ocr_par' dir='ltr' id='par_1_33' title="bbox 473 1778 2017 1847">
     <span class='ocr_line' id='line_1_33' title="bbox 473 1778 2017 1847; baseline -0.004 -13"><span class='ocrx_word' id='word_1_268' title='bbox 473 1782 626 1847; x_wconf 78' lang='lat' dir='ltr'><strong>citur,</strong></span> <span class='ocrx_word' id='word_1_269' title='bbox 666 1780 855 1837; x_wconf 76' lang='lat' dir='ltr'><strong>Videbo</strong></span> <span class='ocrx_word' id='word_1_270' title='bbox 873 1785 1038 1847; x_wconf 78' lang='lat' dir='ltr'><strong>illum,</strong></span> <span class='ocrx_word' id='word_1_271' title='bbox 1060 1779 1148 1833; x_wconf 75' lang='lat' dir='ltr'><strong>sed</strong></span> <span class='ocrx_word' id='word_1_272' title='bbox 1171 1795 1266 1832; x_wconf 84' lang='lat' dir='ltr'><strong>non</strong></span> <span class='ocrx_word' id='word_1_273' title='bbox 1289 1779 1459 1845; x_wconf 82' lang='lat' dir='ltr'><strong>modo,</strong></span> <span class='ocrx_word' id='word_1_274' title='bbox 1489 1787 1543 1832; x_wconf 90' lang='lat' dir='ltr'><strong>et</strong></span> <span class='ocrx_word' id='word_1_275' title='bbox 1565 1778 1786 1846; x_wconf 87' lang='lat' dir='ltr'><strong>reliqua,</strong></span> <span class='ocrx_word' id='word_1_276' title='bbox 1808 1790 2017 1846; x_wconf 88' lang='lat' dir='ltr'><strong>quoque</strong></span> 
     </span>
    </p>
   </div>
   <div class='ocr_carea' id='block_1_34' title="bbox 477 1868 2011 1944">
    <p class='ocr_par' dir='ltr' id='par_1_34' title="bbox 477 1868 2011 1944">
     <span class='ocr_line' id='line_1_34' title="bbox 477 1868 2011 1944; baseline -0.005 -17"><span class='ocrx_word' id='word_1_277' title='bbox 477 1875 543 1931; x_wconf 88' lang='lat' dir='ltr'><strong>de</strong></span> <span class='ocrx_word' id='word_1_278' title='bbox 571 1873 761 1944; x_wconf 88' lang='lat' dir='ltr'><strong>popqu</strong></span> <span class='ocrx_word' id='word_1_279' title='bbox 787 1874 1034 1929; x_wconf 81' lang='lat' dir='ltr'><strong>convenit</strong></span> <span class='ocrx_word' id='word_1_280' title='bbox 1060 1873 1184 1938; x_wconf 78' lang='lat' dir='ltr'><strong>dici,</strong></span> <span class='ocrx_word' id='word_1_281' title='bbox 1215 1886 1281 1925; x_wconf 91' lang='lat' dir='ltr'><strong>eo</strong></span> <span class='ocrx_word' id='word_1_282' title='bbox 1309 1871 1446 1938; x_wconf 86' lang='lat' dir='ltr'><strong>quod</strong></span> <span class='ocrx_word' id='word_1_283' title='bbox 1478 1871 1704 1924; x_wconf 87' lang='lat' dir='ltr'><strong>futurum</strong></span> <span class='ocrx_word' id='word_1_284' title='bbox 1733 1876 1848 1923; x_wconf 88' lang='lat' dir='ltr'><strong>erat</strong></span> <span class='ocrx_word' id='word_1_285' title='bbox 1875 1868 2011 1936; x_wconf 88' lang='lat' dir='ltr'><strong>quod</strong></span> 
     </span>
    </p>
   </div>
   <div class='ocr_carea' id='block_1_35' title="bbox 474 1960 2013 2034">
    <p class='ocr_par' dir='ltr' id='par_1_35' title="bbox 474 1960 2013 2034">
     <span class='ocr_line' id='line_1_35' title="bbox 474 1960 2013 2034; baseline -0.002 -17"><span class='ocrx_word' id='word_1_286' title='bbox 474 1967 526 2018; x_wconf 90' lang='lat' dir='ltr'><strong>in</strong></span> <span class='ocrx_word' id='word_1_287' title='bbox 566 1979 726 2034; x_wconf 84' lang='lat' dir='ltr'><strong>regno</strong></span> <span class='ocrx_word' id='word_1_288' title='bbox 776 1965 937 2027; x_wconf 80' lang='lat' dir='ltr'><strong>David</strong></span> <span class='ocrx_word' id='word_1_289' title='bbox 979 1974 1034 2018; x_wconf 90' lang='lat' dir='ltr'><strong>et</strong></span> <span class='ocrx_word' id='word_1_290' title='bbox 1060 1963 1359 2018; x_wconf 85' lang='lat' dir='ltr'><strong>Salomonis</strong></span> <span class='ocrx_word' id='word_1_291' title='bbox 1406 1961 1563 2015; x_wconf 89' lang='lat' dir='ltr'><strong>nimis</strong></span> <span class='ocrx_word' id='word_1_292' title='bbox 1592 1961 1851 2031; x_wconf 87' lang='lat' dir='ltr'><strong>gloriosus</strong></span> <span class='ocrx_word' id='word_1_293' title='bbox 1897 1960 2013 2014; x_wconf 88' lang='lat' dir='ltr'><strong>fuit.</strong></span> 
     </span>
    </p>
   </div>
   <div class='ocr_carea' id='block_1_36' title="bbox 471 2048 2012 2118">
    <p class='ocr_par' dir='ltr' id='par_1_36' title="bbox 471 2048 2012 2118">
     <span class='ocr_line' id='line_1_36' title="bbox 471 2048 2012 2118; baseline -0.005 -11"><span class='ocrx_word' id='word_1_294' title='bbox 471 2053 672 2107; x_wconf 78' lang='lat' dir='ltr'><strong>Tamen</strong></span> <span class='ocrx_word' id='word_1_295' title='bbox 729 2052 1004 2108; x_wconf 88' lang='lat' dir='ltr'><strong>manifeste</strong></span> <span class='ocrx_word' id='word_1_296' title='bbox 1057 2052 1124 2105; x_wconf 91' lang='lat' dir='ltr'><strong>de</strong></span> <span class='ocrx_word' id='word_1_297' title='bbox 1175 2048 1386 2104; x_wconf 87' lang='lat' dir='ltr'><strong>Christo</strong></span> <span class='ocrx_word' id='word_1_298' title='bbox 1441 2049 1648 2103; x_wconf 86' lang='lat' dir='ltr'><strong>dicitur.</strong></span> <span class='ocrx_word' id='word_1_299' title='bbox 1705 2049 1950 2118; x_wconf 84' lang='lat' dir='ltr'><strong>Sequitur</strong></span> <span class='ocrx_word' id='word_1_300' title='bbox 2001 2066 2012 2100; x_wconf 86' lang='lat'><strong>:</strong></span> 
     </span>
    </p>
   </div>
   <div class='ocr_carea' id='block_1_37' title="bbox 478 2138 2018 2211">
    <p class='ocr_par' dir='ltr' id='par_1_37' title="bbox 478 2138 2018 2211">
     <span class='ocr_line' id='line_1_37' title="bbox 478 2138 2018 2211; baseline -0.001 -15"><span class='ocrx_word' id='word_1_301' title='bbox 478 2144 679 2196; x_wconf 83' lang='lat' dir='ltr'><strong>Urietur</strong></span> <span class='ocrx_word' id='word_1_302' title='bbox 702 2144 848 2196; x_wconf 80' lang='lat' dir='ltr'><strong>stella</strong></span> <span class='ocrx_word' id='word_1_303' title='bbox 869 2159 929 2196; x_wconf 80' lang='lat' dir='ltr'><strong>ea:</strong></span> <span class='ocrx_word' id='word_1_304' title='bbox 948 2141 1127 2205; x_wconf 75' lang='lat' dir='ltr'><strong>Iacob,</strong></span> <span class='ocrx_word' id='word_1_305' title='bbox 1150 2151 1193 2196; x_wconf 90' lang='lat' dir='ltr'><strong>et</strong></span> <span class='ocrx_word' id='word_1_306' title='bbox 1219 2143 1354 2209; x_wconf 75' lang='lat' dir='ltr'><strong>virga</strong></span> <span class='ocrx_word' id='word_1_307' title='bbox 1376 2152 1634 2211; x_wconf 82' lang='lat' dir='ltr'><strong>consurget</strong></span> <span class='ocrx_word' id='word_1_308' title='bbox 1656 2156 1719 2194; x_wconf 72' lang='lat' dir='ltr'><strong>ex</strong></span> <span class='ocrx_word' id='word_1_309' title='bbox 1746 2138 1931 2207; x_wconf 86' lang='lat' dir='ltr'><strong>Israel,</strong></span> <span class='ocrx_word' id='word_1_310' title='bbox 1965 2152 2018 2194; x_wconf 78' lang='lat' dir='ltr'><strong>et</strong></span> 
     </span>
    </p>
   </div>
   <div class='ocr_carea' id='block_1_38' title="bbox 476 2231 2015 2303">
    <p class='ocr_par' dir='ltr' id='par_1_38' title="bbox 476 2231 2015 2303">
     <span class='ocr_line' id='line_1_38' title="bbox 476 2231 2015 2303; baseline -0.004 -15"><span class='ocrx_word' id='word_1_311' title='bbox 476 2234 701 2303; x_wconf 89' lang='lat' dir='ltr'><strong>reliqua.</strong></span> <span class='ocrx_word' id='word_1_312' title='bbox 728 2233 925 2288; x_wconf 88' lang='lat' dir='ltr'><strong>Dicitur</strong></span> <span class='ocrx_word' id='word_1_313' title='bbox 949 2247 1158 2302; x_wconf 92' lang='lat' dir='ltr'><strong>quoque</strong></span> <span class='ocrx_word' id='word_1_314' title='bbox 1178 2233 1244 2286; x_wconf 91' lang='lat' dir='ltr'><strong>ab</strong></span> <span class='ocrx_word' id='word_1_315' title='bbox 1269 2233 1530 2301; x_wconf 86' lang='lat' dir='ltr'><strong>aliquibus</strong></span> <span class='ocrx_word' id='word_1_316' title='bbox 1559 2231 1698 2301; x_wconf 90' lang='lat' dir='ltr'><strong>quod</strong></span> <span class='ocrx_word' id='word_1_317' title='bbox 1731 2233 2015 2285; x_wconf 85' lang='lat' dir='ltr'><strong>Ecclesiam</strong></span> 
     </span>
    </p>
   </div>
   <div class='ocr_carea' id='block_1_39' title="bbox 475 2321 2019 2391">
    <p class='ocr_par' dir='ltr' id='par_1_39' title="bbox 475 2321 2019 2391">
     <span class='ocr_line' id='line_1_39' title="bbox 475 2321 2019 2391; baseline -0.005 -11"><span class='ocrx_word' id='word_1_318' title='bbox 475 2325 856 2387; x_wconf 85' lang='lat' dir='ltr'><strong>demonstrant,</strong></span> <span class='ocrx_word' id='word_1_319' title='bbox 910 2339 1026 2391; x_wconf 66' lang='lat' dir='ltr'><strong>qum</strong></span> <span class='ocrx_word' id='word_1_320' title='bbox 1082 2322 1420 2378; x_wconf 86' lang='lat' dir='ltr'><strong>historialiter</strong></span> <span class='ocrx_word' id='word_1_321' title='bbox 1470 2322 1535 2375; x_wconf 89' lang='lat' dir='ltr'><strong>de</strong></span> <span class='ocrx_word' id='word_1_322' title='bbox 1578 2321 1769 2388; x_wconf 78' lang='lat' dir='ltr'><strong>papula</strong></span> <span class='ocrx_word' id='word_1_323' title='bbox 1816 2323 2019 2373; x_wconf 88' lang='lat' dir='ltr'><strong>locutus</strong></span> 
     </span>
    </p>
   </div>
   <div class='ocr_carea' id='block_1_40' title="bbox 474 2407 2014 2476">
    <p class='ocr_par' dir='ltr' id='par_1_40' title="bbox 474 2407 2014 2476">
     <span class='ocr_line' id='line_1_40' title="bbox 474 2407 2014 2476; baseline -0.006 -7"><span class='ocrx_word' id='word_1_324' title='bbox 474 2423 576 2469; x_wconf 89' lang='lat' dir='ltr'><strong>est.</strong></span> <span class='ocrx_word' id='word_1_325' title='bbox 605 2414 784 2468; x_wconf 90' lang='lat' dir='ltr'><strong>Ortam</strong></span> <span class='ocrx_word' id='word_1_326' title='bbox 812 2413 948 2467; x_wconf 85' lang='lat' dir='ltr'><strong>enim</strong></span> <span class='ocrx_word' id='word_1_327' title='bbox 982 2411 1270 2465; x_wconf 74' lang='lat' dir='ltr'><strong>Ecclesium</strong></span> <span class='ocrx_word' id='word_1_328' title='bbox 1294 2411 1672 2474; x_wconf 78' lang='lat' dir='ltr'><strong>demonstrant,</strong></span> <span class='ocrx_word' id='word_1_329' title='bbox 1699 2408 1838 2476; x_wconf 89' lang='lat' dir='ltr'><strong>quod</strong></span> <span class='ocrx_word' id='word_1_330' title='bbox 1869 2407 2014 2471; x_wconf 85' lang='lat' dir='ltr'><strong>dicit,</strong></span> 
     </span>
    </p>
   </div>
   <div class='ocr_carea' id='block_1_41' title="bbox 475 2498 2018 2571">
    <p class='ocr_par' dir='ltr' id='par_1_41' title="bbox 475 2498 2018 2571">
     <span class='ocr_line' id='line_1_41' title="bbox 475 2498 2018 2571; baseline -0.005 -14"><span class='ocrx_word' id='word_1_331' title='bbox 475 2504 636 2557; x_wconf 66' lang='lat' dir='ltr'><strong>Juxta</strong></span> <span class='ocrx_word' id='word_1_332' title='bbox 679 2502 894 2571; x_wconf 75' lang='lat' dir='ltr'><strong>ﬂuvios;</strong></span> <span class='ocrx_word' id='word_1_333' title='bbox 938 2501 1085 2571; x_wconf 82' lang='lat' dir='ltr'><strong>juxta</strong></span> <span class='ocrx_word' id='word_1_334' title='bbox 1131 2501 1395 2555; x_wconf 75' lang='lat' dir='ltr'><strong>doctrinas</strong></span> <span class='ocrx_word' id='word_1_335' title='bbox 1445 2498 1798 2568; x_wconf 85' lang='lat' dir='ltr'><strong>apostolorum</strong></span> <span class='ocrx_word' id='word_1_336' title='bbox 1846 2505 2018 2565; x_wconf 56' lang='lat' dir='ltr'><strong>potest</strong></span> 
     </span>
    </p>
   </div>
   <div class='ocr_carea' id='block_1_42' title="bbox 478 2587 2018 2664">
    <p class='ocr_par' dir='ltr' id='par_1_42' title="bbox 478 2587 2018 2664">
     <span class='ocr_line' id='line_1_42' title="bbox 478 2587 2018 2664; baseline -0.003 -17"><span class='ocrx_word' id='word_1_337' title='bbox 478 2594 717 2664; x_wconf 78' lang='lat' dir='ltr'><strong>intelligi,</strong></span> <span class='ocrx_word' id='word_1_338' title='bbox 747 2594 890 2662; x_wconf 89' lang='lat' dir='ltr'><strong>quasi</strong></span> <span class='ocrx_word' id='word_1_339' title='bbox 930 2593 1088 2656; x_wconf 84' lang='lat' dir='ltr'><strong>cedri,</strong></span> <span class='ocrx_word' id='word_1_340' title='bbox 1135 2591 1186 2646; x_wconf 93' lang='lat' dir='ltr'><strong>id</strong></span> <span class='ocrx_word' id='word_1_341' title='bbox 1217 2601 1298 2645; x_wconf 80' lang='lat' dir='ltr'><strong>est</strong></span> <span class='ocrx_word' id='word_1_342' title='bbox 1336 2590 1525 2652; x_wconf 84' lang='lat' dir='ltr'><strong>sancti,</strong></span> <span class='ocrx_word' id='word_1_343' title='bbox 1582 2605 1674 2656; x_wconf 80' lang='lat' dir='ltr'><strong>pro</strong></span> <span class='ocrx_word' id='word_1_344' title='bbox 1711 2587 2018 2643; x_wconf 80' lang='lat' dir='ltr'><strong>Celsiludinc</strong></span> 
     </span>
    </p>
   </div>
   <div class='ocr_carea' id='block_1_43' title="bbox 477 2682 2020 2755">
    <p class='ocr_par' dir='ltr' id='par_1_43' title="bbox 477 2682 2020 2755">
     <span class='ocr_line' id='line_1_43' title="bbox 477 2682 2020 2755; baseline -0.002 -18"><span class='ocrx_word' id='word_1_345' title='bbox 477 2687 748 2739; x_wconf 81' lang='lat' dir='ltr'><strong>virtutum.</strong></span> <span class='ocrx_word' id='word_1_346' title='bbox 777 2683 945 2755; x_wconf 79' lang='lat' dir='ltr'><strong>PrOpe</strong></span> <span class='ocrx_word' id='word_1_347' title='bbox 971 2701 1148 2754; x_wconf 84' lang='lat' dir='ltr'><strong>aquas,</strong></span> <span class='ocrx_word' id='word_1_348' title='bbox 1172 2685 1248 2738; x_wconf 89' lang='lat' dir='ltr'><strong>sic</strong></span> <span class='ocrx_word' id='word_1_349' title='bbox 1278 2682 1669 2751; x_wconf 82' lang='lat' dir='ltr'><strong>intelligendum</strong></span> <span class='ocrx_word' id='word_1_350' title='bbox 1690 2691 1775 2734; x_wconf 87' lang='lat' dir='ltr'><strong>est</strong></span> <span class='ocrx_word' id='word_1_351' title='bbox 1794 2682 1928 2734; x_wconf 88' lang='lat' dir='ltr'><strong>sicut</strong></span> <span class='ocrx_word' id='word_1_352' title='bbox 1953 2682 2020 2734; x_wconf 85' lang='lat' dir='ltr'><strong>de</strong></span> 
     </span>
    </p>
   </div>
   <div class='ocr_carea' id='block_1_44' title="bbox 483 2769 2017 2843">
    <p class='ocr_par' dir='ltr' id='par_1_44' title="bbox 483 2769 2017 2843">
     <span class='ocr_line' id='line_1_44' title="bbox 483 2769 2017 2843; baseline -0.005 -16"><span class='ocrx_word' id='word_1_353' title='bbox 483 2772 654 2827; x_wconf 79' lang='lat' dir='ltr'><strong>fluviis</strong></span> <span class='ocrx_word' id='word_1_354' title='bbox 699 2788 853 2843; x_wconf 85' lang='lat' dir='ltr'><strong>supra</strong></span> <span class='ocrx_word' id='word_1_355' title='bbox 901 2775 1146 2838; x_wconf 82' lang='lat' dir='ltr'><strong>diximus,</strong></span> <span class='ocrx_word' id='word_1_356' title='bbox 1188 2785 1320 2841; x_wconf 88' lang='lat' dir='ltr'><strong>aqua</strong></span> <span class='ocrx_word' id='word_1_357' title='bbox 1367 2770 1505 2824; x_wconf 91' lang='lat' dir='ltr'><strong>enim</strong></span> <span class='ocrx_word' id='word_1_358' title='bbox 1546 2769 1611 2823; x_wconf 87' lang='lat' dir='ltr'><strong>de</strong></span> <span class='ocrx_word' id='word_1_359' title='bbox 1648 2769 1784 2822; x_wconf 75' lang='lat' dir='ltr'><strong>stilla</strong></span> <span class='ocrx_word' id='word_1_360' title='bbox 1829 2771 2017 2833; x_wconf 83' lang='lat' dir='ltr'><strong>ﬂuens,</strong></span> 
     </span>
    </p>
   </div>
   <div class='ocr_carea' id='block_1_45' title="bbox 480 2857 2021 2931">
    <p class='ocr_par' dir='ltr' id='par_1_45' title="bbox 480 2857 2021 2931">
     <span class='ocr_line' id='line_1_45' title="bbox 480 2857 2021 2931; baseline -0.003 -17"><span class='ocrx_word' id='word_1_361' title='bbox 480 2861 718 2914; x_wconf 84' lang='lat' dir='ltr'><strong>doctrina</strong></span> <span class='ocrx_word' id='word_1_362' title='bbox 762 2862 844 2916; x_wconf 88' lang='lat' dir='ltr'><strong>vel</strong></span> <span class='ocrx_word' id='word_1_363' title='bbox 894 2861 1200 2931; x_wconf 87' lang='lat' dir='ltr'><strong>baptismum</strong></span> <span class='ocrx_word' id='word_1_364' title='bbox 1259 2859 1586 2926; x_wconf 78' lang='lat' dir='ltr'><strong>intelligitur.</strong></span> <span class='ocrx_word' id='word_1_365' title='bbox 1640 2857 1799 2928; x_wconf 81' lang='lat' dir='ltr'><strong>Cujus</strong></span> <span class='ocrx_word' id='word_1_366' title='bbox 1854 2874 2021 2911; x_wconf 85' lang='lat' dir='ltr'><strong>semen</strong></span> 
     </span>
    </p>
   </div>
   <div class='ocr_carea' id='block_1_46' title="bbox 482 2948 2018 3019">
    <p class='ocr_par' dir='ltr' id='par_1_46' title="bbox 482 2948 2018 3019">
     <span class='ocr_line' id='line_1_46' title="bbox 482 2948 2018 3019; baseline -0.001 -15"><span class='ocrx_word' id='word_1_367' title='bbox 482 2951 576 3004; x_wconf 85' lang='lat' dir='ltr'><strong>erit</strong></span> <span class='ocrx_word' id='word_1_368' title='bbox 603 2950 656 3003; x_wconf 86' lang='lat' dir='ltr'><strong>in</strong></span> <span class='ocrx_word' id='word_1_369' title='bbox 681 2966 835 3019; x_wconf 82' lang='lat' dir='ltr'><strong>aquas</strong></span> <span class='ocrx_word' id='word_1_370' title='bbox 857 2953 1061 3013; x_wconf 84' lang='lat' dir='ltr'><strong>multas,</strong></span> <span class='ocrx_word' id='word_1_371' title='bbox 1093 2951 1144 3004; x_wconf 90' lang='lat' dir='ltr'><strong>id</strong></span> <span class='ocrx_word' id='word_1_372' title='bbox 1169 2959 1272 3013; x_wconf 86' lang='lat' dir='ltr'><strong>est,</strong></span> <span class='ocrx_word' id='word_1_373' title='bbox 1301 2949 1354 3002; x_wconf 92' lang='lat' dir='ltr'><strong>in</strong></span> <span class='ocrx_word' id='word_1_374' title='bbox 1386 2951 1576 3002; x_wconf 89' lang='lat' dir='ltr'><strong>multos</strong></span> <span class='ocrx_word' id='word_1_375' title='bbox 1603 2951 1898 3002; x_wconf 89' lang='lat' dir='ltr'><strong>credentes.</strong></span> <span class='ocrx_word' id='word_1_376' title='bbox 1933 2948 2018 3004; x_wconf 92' lang='lat' dir='ltr'><strong>Si-</strong></span> 
     </span>
    </p>
   </div>
   <div class='ocr_carea' id='block_1_47' title="bbox 485 3036 2022 3104">
    <p class='ocr_par' dir='ltr' id='par_1_47' title="bbox 485 3036 2022 3104">
     <span class='ocr_line' id='line_1_47' title="bbox 485 3036 2022 3104; baseline 0.001 -12"><span class='ocrx_word' id='word_1_377' title='bbox 485 3037 625 3092; x_wconf 87' lang='lat' dir='ltr'><strong>milis</strong></span> <span class='ocrx_word' id='word_1_378' title='bbox 644 3037 964 3092; x_wconf 87' lang='lat' dir='ltr'><strong>rhinoceroti</strong></span> <span class='ocrx_word' id='word_1_379' title='bbox 989 3056 1005 3092; x_wconf 88' lang='lat'><strong>:</strong></span> <span class='ocrx_word' id='word_1_380' title='bbox 1035 3038 1149 3092; x_wconf 72' lang='lat' dir='ltr'><strong>bmc</strong></span> <span class='ocrx_word' id='word_1_381' title='bbox 1168 3046 1249 3091; x_wconf 86' lang='lat' dir='ltr'><strong>est</strong></span> <span class='ocrx_word' id='word_1_382' title='bbox 1272 3036 1571 3091; x_wconf 88' lang='lat' dir='ltr'><strong>benedictio</strong></span> <span class='ocrx_word' id='word_1_383' title='bbox 1592 3038 1880 3100; x_wconf 72' lang='lat' dir='ltr'><strong>unicoruis,</strong></span> <span class='ocrx_word' id='word_1_384' title='bbox 1906 3055 2022 3104; x_wconf 74' lang='lat' dir='ltr'><strong>quze</strong></span> 
     </span>
    </p>
   </div>
   <div class='ocr_carea' id='block_1_48' title="bbox 485 3126 2018 3201">
    <p class='ocr_par' dir='ltr' id='par_1_48' title="bbox 485 3126 2018 3201">
     <span class='ocr_line' id='line_1_48' title="bbox 485 3126 2018 3201; baseline -0.001 -18"><span class='ocrx_word' id='word_1_385' title='bbox 485 3145 580 3198; x_wconf 89' lang='lat' dir='ltr'><strong>pro</strong></span> <span class='ocrx_word' id='word_1_386' title='bbox 609 3131 967 3201; x_wconf 77' lang='lat' dir='ltr'><strong>magnitudine</strong></span> <span class='ocrx_word' id='word_1_387' title='bbox 994 3129 1075 3184; x_wconf 88' lang='lat' dir='ltr'><strong>vel</strong></span> <span class='ocrx_word' id='word_1_388' title='bbox 1105 3126 1413 3184; x_wconf 88' lang='lat' dir='ltr'><strong>fortitudine</strong></span> <span class='ocrx_word' id='word_1_389' title='bbox 1444 3129 1629 3182; x_wconf 88' lang='lat' dir='ltr'><strong>unitati</strong></span> <span class='ocrx_word' id='word_1_390' title='bbox 1669 3141 2018 3196; x_wconf 83' lang='lat' dir='ltr'><strong>comparatur,</strong></span> 
     </span>
    </p>
   </div>
   <div class='ocr_carea' id='block_1_49' title="bbox 488 3215 2022 3288">
    <p class='ocr_par' dir='ltr' id='par_1_49' title="bbox 488 3215 2022 3288">
     <span class='ocr_line' id='line_1_49' title="bbox 488 3215 2022 3288; baseline -0.001 -16"><span class='ocrx_word' id='word_1_391' title='bbox 488 3233 606 3287; x_wconf 68' lang='lat' dir='ltr'><strong>quae</strong></span> <span class='ocrx_word' id='word_1_392' title='bbox 629 3221 785 3274; x_wconf 85' lang='lat' dir='ltr'><strong>etiam</strong></span> <span class='ocrx_word' id='word_1_393' title='bbox 816 3219 1035 3288; x_wconf 86' lang='lat' dir='ltr'><strong>figuram</strong></span> <span class='ocrx_word' id='word_1_394' title='bbox 1063 3215 1210 3274; x_wconf 87' lang='lat' dir='ltr'><strong>Pauli</strong></span> <span class='ocrx_word' id='word_1_395' title='bbox 1240 3218 1461 3287; x_wconf 89' lang='lat' dir='ltr'><strong>apostoli</strong></span> <span class='ocrx_word' id='word_1_396' title='bbox 1485 3229 1666 3273; x_wconf 88' lang='lat' dir='ltr'><strong>tenere</strong></span> <span class='ocrx_word' id='word_1_397' title='bbox 1693 3219 1904 3283; x_wconf 89' lang='lat' dir='ltr'><strong>dicitur,</strong></span> <span class='ocrx_word' id='word_1_398' title='bbox 1935 3217 2022 3286; x_wconf 90' lang='lat' dir='ltr'><strong>qui</strong></span> 
     </span>
    </p>
   </div>
   <div class='ocr_carea' id='block_1_50' title="bbox 484 3309 2019 3377">
    <p class='ocr_par' dir='ltr' id='par_1_50' title="bbox 484 3309 2019 3377">
     <span class='ocr_line' id='line_1_50' title="bbox 484 3309 2019 3377; baseline 0 -16"><span class='ocrx_word' id='word_1_399' title='bbox 484 3323 602 3361; x_wconf 91' lang='lat' dir='ltr'><strong>cum</strong></span> <span class='ocrx_word' id='word_1_400' title='bbox 651 3322 751 3361; x_wconf 88' lang='lat' dir='ltr'><strong>una</strong></span> <span class='ocrx_word' id='word_1_401' title='bbox 803 3309 917 3377; x_wconf 86' lang='lat' dir='ltr'><strong>lege</strong></span> <span class='ocrx_word' id='word_1_402' title='bbox 966 3309 1100 3376; x_wconf 88' lang='lat' dir='ltr'><strong>fuit,</strong></span> <span class='ocrx_word' id='word_1_403' title='bbox 1146 3317 1422 3377; x_wconf 85' lang='lat' dir='ltr'><strong>antequam</strong></span> <span class='ocrx_word' id='word_1_404' title='bbox 1453 3309 1680 3364; x_wconf 88' lang='lat' dir='ltr'><strong>venisset</strong></span> <span class='ocrx_word' id='word_1_405' title='bbox 1724 3309 1775 3362; x_wconf 90' lang='lat' dir='ltr'><strong>in</strong></span> <span class='ocrx_word' id='word_1_406' title='bbox 1819 3309 2019 3363; x_wconf 83' lang='lat' dir='ltr'><strong>Novum</strong></span> 
     </span>
    </p>
   </div>
   <div class='ocr_carea' id='block_1_51' title="bbox 485 3394 2020 3466">
    <p class='ocr_par' dir='ltr' id='par_1_51' title="bbox 485 3394 2020 3466">
     <span class='ocr_line' id='line_1_51' title="bbox 485 3394 2020 3466; baseline 0.001 -18"><span class='ocrx_word' id='word_1_407' title='bbox 485 3394 895 3451; x_wconf 86' lang='lat' dir='ltr'><strong>Testamentum.</strong></span> <span class='ocrx_word' id='word_1_408' title='bbox 951 3395 1089 3448; x_wconf 86' lang='lat' dir='ltr'><strong>Filia</strong></span> <span class='ocrx_word' id='word_1_409' title='bbox 1137 3398 1189 3449; x_wconf 83' lang='lat' dir='ltr'><strong>in</strong></span> <span class='ocrx_word' id='word_1_410' title='bbox 1229 3399 1328 3463; x_wconf 82' lang='lat' dir='ltr'><strong>via,</strong></span> <span class='ocrx_word' id='word_1_411' title='bbox 1378 3398 1428 3454; x_wconf 92' lang='lat' dir='ltr'><strong>id</strong></span> <span class='ocrx_word' id='word_1_412' title='bbox 1474 3407 1572 3461; x_wconf 88' lang='lat' dir='ltr'><strong>est,</strong></span> <span class='ocrx_word' id='word_1_413' title='bbox 1615 3398 1889 3466; x_wconf 86' lang='lat' dir='ltr'><strong>sapientia,</strong></span> <span class='ocrx_word' id='word_1_414' title='bbox 1940 3399 2020 3451; x_wconf 88' lang='lat' dir='ltr'><strong>vel</strong></span> 
     </span>
    </p>
   </div>
   <div class='ocr_carea' id='block_1_52' title="bbox 482 3481 2016 3556">
    <p class='ocr_par' dir='ltr' id='par_1_52' title="bbox 482 3481 2016 3556">
     <span class='ocr_line' id='line_1_52' title="bbox 482 3481 2016 3556; baseline 0 -17"><span class='ocrx_word' id='word_1_415' title='bbox 482 3485 744 3541; x_wconf 80' lang='lat' dir='ltr'><strong>divinitas.</strong></span> <span class='ocrx_word' id='word_1_416' title='bbox 800 3485 980 3540; x_wconf 80' lang='lat' dir='ltr'><strong>Hostes</strong></span> <span class='ocrx_word' id='word_1_417' title='bbox 1011 3487 1141 3556; x_wconf 81' lang='lat' dir='ltr'><strong>ejus,</strong></span> <span class='ocrx_word' id='word_1_418' title='bbox 1181 3481 1358 3542; x_wconf 85' lang='lat' dir='ltr'><strong>idest</strong></span> <span class='ocrx_word' id='word_1_419' title='bbox 1394 3489 1558 3540; x_wconf 83' lang='lat' dir='ltr'><strong>sancti</strong></span> <span class='ocrx_word' id='word_1_420' title='bbox 1591 3489 1782 3556; x_wconf 83' lang='lat' dir='ltr'><strong>angeli,</strong></span> <span class='ocrx_word' id='word_1_421' title='bbox 1811 3499 2016 3556; x_wconf 84' lang='lat' dir='ltr'><strong>gentes,</strong></span> 
     </span>
    </p>
   </div>
   <div class='ocr_carea' id='block_1_53' title="bbox 485 3577 2022 3646">
    <p class='ocr_par' dir='ltr' id='par_1_53' title="bbox 485 3577 2022 3646">
     <span class='ocr_line' id='line_1_53' title="bbox 485 3577 2022 3646; baseline -0.001 -16"><span class='ocrx_word' id='word_1_422' title='bbox 485 3579 608 3631; x_wconf 89' lang='lat' dir='ltr'><strong>vitia</strong></span> <span class='ocrx_word' id='word_1_423' title='bbox 639 3581 720 3632; x_wconf 90' lang='lat' dir='ltr'><strong>vel</strong></span> <span class='ocrx_word' id='word_1_424' title='bbox 750 3577 1036 3646; x_wconf 68' lang='lat' dir='ltr'><strong>daemones,</strong></span> <span class='ocrx_word' id='word_1_425' title='bbox 1068 3581 1148 3631; x_wconf 90' lang='lat' dir='ltr'><strong>vel</strong></span> <span class='ocrx_word' id='word_1_426' title='bbox 1184 3578 1457 3631; x_wconf 79' lang='lat' dir='ltr'><strong>luercticos</strong></span> <span class='ocrx_word' id='word_1_427' title='bbox 1491 3577 1742 3630; x_wconf 83' lang='lat' dir='ltr'><strong>ostendit.</strong></span> <span class='ocrx_word' id='word_1_428' title='bbox 1770 3577 2022 3643; x_wconf 89' lang='lat' dir='ltr'><strong>Quodque</strong></span> 
     </span>
    </p>
   </div>
   <div class='ocr_carea' id='block_1_54' title="bbox 481 3665 2020 3734">
    <p class='ocr_par' dir='ltr' id='par_1_54' title="bbox 481 3665 2020 3734">
     <span class='ocr_line' id='line_1_54' title="bbox 481 3665 2020 3734; baseline -0.003 -14"><span class='ocrx_word' id='word_1_429' title='bbox 481 3665 690 3730; x_wconf 88' lang='lat' dir='ltr'><strong>dicitur,</strong></span> <span class='ocrx_word' id='word_1_430' title='bbox 721 3667 848 3720; x_wconf 82' lang='lat' dir='ltr'><strong>Ossa</strong></span> <span class='ocrx_word' id='word_1_431' title='bbox 873 3680 1053 3720; x_wconf 88' lang='lat' dir='ltr'><strong>eorum</strong></span> <span class='ocrx_word' id='word_1_432' title='bbox 1082 3681 1240 3734; x_wconf 89' lang='lat' dir='ltr'><strong>opera</strong></span> <span class='ocrx_word' id='word_1_433' title='bbox 1274 3669 1355 3720; x_wconf 89' lang='lat' dir='ltr'><strong>vel</strong></span> <span class='ocrx_word' id='word_1_434' title='bbox 1379 3666 1624 3720; x_wconf 79' lang='lat' dir='ltr'><strong>exercitia</strong></span> <span class='ocrx_word' id='word_1_435' title='bbox 1657 3665 2020 3720; x_wconf 67' lang='lat' dir='ltr'><strong>haareticorum</strong></span> 
     </span>
    </p>
   </div>
   <div class='ocr_carea' id='block_1_55' title="bbox 483 3757 2022 3833">
    <p class='ocr_par' dir='ltr' id='par_1_55' title="bbox 483 3757 2022 3833">
     <span class='ocr_line' id='line_1_55' title="bbox 483 3757 2022 3833; baseline -0.001 -23"><span class='ocrx_word' id='word_1_436' title='bbox 483 3757 850 3812; x_wconf 87' lang='lat' dir='ltr'><strong>ostenduntur.</strong></span> <span class='ocrx_word' id='word_1_437' title='bbox 903 3757 1133 3826; x_wconf 85' lang='lat' dir='ltr'><strong>Sagitlis,</strong></span> <span class='ocrx_word' id='word_1_438' title='bbox 1185 3758 1235 3811; x_wconf 90' lang='lat' dir='ltr'><strong>id</strong></span> <span class='ocrx_word' id='word_1_439' title='bbox 1283 3768 1364 3812; x_wconf 90' lang='lat' dir='ltr'><strong>est</strong></span> <span class='ocrx_word' id='word_1_440' title='bbox 1413 3758 1757 3820; x_wconf 87' lang='lat' dir='ltr'><strong>testimoniis;</strong></span> <span class='ocrx_word' id='word_1_441' title='bbox 1814 3757 2022 3833; x_wconf 86' lang='lat' dir='ltr'><strong>quando</strong></span> 
     </span>
    </p>
   </div>
   <div class='ocr_carea' id='block_1_56' title="bbox 485 3845 2018 3917">
    <p class='ocr_par' dir='ltr' id='par_1_56' title="bbox 485 3845 2018 3917">
     <span class='ocr_line' id='line_1_56' title="bbox 485 3845 2018 3917; baseline -0.001 -15"><span class='ocrx_word' id='word_1_442' title='bbox 485 3848 589 3911; x_wconf 88' lang='lat' dir='ltr'><strong>leo,</strong></span> <span class='ocrx_word' id='word_1_443' title='bbox 620 3861 684 3901; x_wconf 79' lang='lat' dir='ltr'><strong>es</strong></span> <span class='ocrx_word' id='word_1_444' title='bbox 711 3855 858 3915; x_wconf 86' lang='lat' dir='ltr'><strong>parte</strong></span> <span class='ocrx_word' id='word_1_445' title='bbox 887 3845 1101 3911; x_wconf 87' lang='lat' dir='ltr'><strong>Christi,</strong></span> <span class='ocrx_word' id='word_1_446' title='bbox 1135 3847 1214 3900; x_wconf 87' lang='lat' dir='ltr'><strong>vel</strong></span> <span class='ocrx_word' id='word_1_447' title='bbox 1244 3863 1308 3902; x_wconf 81' lang='lat' dir='ltr'><strong>ex</strong></span> <span class='ocrx_word' id='word_1_448' title='bbox 1339 3864 1562 3917; x_wconf 88' lang='lat' dir='ltr'><strong>persona</strong></span> <span class='ocrx_word' id='word_1_449' title='bbox 1593 3848 1769 3917; x_wconf 90' lang='lat' dir='ltr'><strong>populi</strong></span> <span class='ocrx_word' id='word_1_450' title='bbox 1797 3849 2018 3913; x_wconf 87' lang='lat' dir='ltr'><strong>dicitur;</strong></span> 
     </span>
    </p>
   </div>
   <div class='ocr_carea' id='block_1_57' title="bbox 484 3935 2017 4005">
    <p class='ocr_par' dir='ltr' id='par_1_57' title="bbox 484 3935 2017 4005">
     <span class='ocr_line' id='line_1_57' title="bbox 484 3935 2017 4005; baseline 0.003 -19"><span class='ocrx_word' id='word_1_451' title='bbox 484 3935 648 3987; x_wconf 60' lang='lat' dir='ltr'><strong>lezeua</strong></span> <span class='ocrx_word' id='word_1_452' title='bbox 676 3950 820 3999; x_wconf 87' lang='lat' dir='ltr'><strong>vero,</strong></span> <span class='ocrx_word' id='word_1_453' title='bbox 849 3951 913 3990; x_wconf 82' lang='lat' dir='ltr'><strong>ex</strong></span> <span class='ocrx_word' id='word_1_454' title='bbox 941 3951 1160 4005; x_wconf 86' lang='lat' dir='ltr'><strong>persona</strong></span> <span class='ocrx_word' id='word_1_455' title='bbox 1188 3937 1456 4003; x_wconf 68' lang='lat' dir='ltr'><strong>Ecclesiae,</strong></span> <span class='ocrx_word' id='word_1_456' title='bbox 1487 3939 1564 3993; x_wconf 90' lang='lat' dir='ltr'><strong>vel</strong></span> <span class='ocrx_word' id='word_1_457' title='bbox 1587 3940 1774 3993; x_wconf 76' lang='lat' dir='ltr'><strong>anima:</strong></span> <span class='ocrx_word' id='word_1_458' title='bbox 1801 3950 2017 3993; x_wconf 70' lang='lat' dir='ltr'><strong>sanctze.</strong></span> 
     </span>
    </p>
   </div>
   <div class='ocr_carea' id='block_1_58' title="bbox 489 4021 2018 4091">
    <p class='ocr_par' dir='ltr' id='par_1_58' title="bbox 489 4021 2018 4091">
     <span class='ocr_line' id='line_1_58' title="bbox 489 4021 2018 4091; baseline 0.006 -17"><span class='ocrx_word' id='word_1_459' title='bbox 489 4021 675 4076; x_wconf 78' lang='lat' dir='ltr'><strong>Nullus</strong></span> <span class='ocrx_word' id='word_1_460' title='bbox 703 4024 939 4091; x_wconf 82' lang='lat' dir='ltr'><strong>audebat,</strong></span> <span class='ocrx_word' id='word_1_461' title='bbox 985 4027 1036 4080; x_wconf 91' lang='lat' dir='ltr'><strong>id</strong></span> <span class='ocrx_word' id='word_1_462' title='bbox 1066 4038 1145 4083; x_wconf 84' lang='lat' dir='ltr'><strong>est</strong></span> <span class='ocrx_word' id='word_1_463' title='bbox 1187 4028 1574 4085; x_wconf 68' lang='lat' dir='ltr'><strong>haereticorum.</strong></span> <span class='ocrx_word' id='word_1_464' title='bbox 1625 4029 1797 4084; x_wconf 83' lang='lat' dir='ltr'><strong>Nuntii</strong></span> <span class='ocrx_word' id='word_1_465' title='bbox 1846 4041 2018 4083; x_wconf 89' lang='lat' dir='ltr'><strong>autem</strong></span> 
     </span>
    </p>
   </div>
   <div class='ocr_carea' id='block_1_59' title="bbox 484 4112 2019 4184">
    <p class='ocr_par' dir='ltr' id='par_1_59' title="bbox 484 4112 2019 4184">
     <span class='ocr_line' id='line_1_59' title="bbox 484 4112 2019 4184; baseline 0.004 -20"><span class='ocrx_word' id='word_1_466' title='bbox 484 4124 616 4177; x_wconf 85' lang='lat' dir='ltr'><strong>quos</strong></span> <span class='ocrx_word' id='word_1_467' title='bbox 644 4112 833 4167; x_wconf 90' lang='lat' dir='ltr'><strong>dicitur</strong></span> <span class='ocrx_word' id='word_1_468' title='bbox 865 4113 1048 4169; x_wconf 87' lang='lat' dir='ltr'><strong>Balaac</strong></span> <span class='ocrx_word' id='word_1_469' title='bbox 1075 4115 1281 4169; x_wconf 86' lang='lat' dir='ltr'><strong>misisse</strong></span> <span class='ocrx_word' id='word_1_470' title='bbox 1306 4117 1372 4170; x_wconf 92' lang='lat' dir='ltr'><strong>ad</strong></span> <span class='ocrx_word' id='word_1_471' title='bbox 1402 4118 1628 4181; x_wconf 85' lang='lat' dir='ltr'><strong>Balaam,</strong></span> <span class='ocrx_word' id='word_1_472' title='bbox 1658 4120 2019 4184; x_wconf 69' lang='lat' dir='ltr'><strong>suggestiones</strong></span> 
     </span>
    </p>
   </div>
   <div class='ocr_carea' id='block_1_60' title="bbox 483 4203 2100 4298">
    <p class='ocr_par' dir='ltr' id='par_1_60' title="bbox 483 4203 2100 4298">
     <span class='ocr_line' id='line_1_60' title="bbox 483 4203 2100 4298; baseline 0.001 -41"><span class='ocrx_word' id='word_1_473' title='bbox 483 4203 766 4260; x_wconf 85' lang='lat' dir='ltr'><strong>diabolicas</strong></span> <span class='ocrx_word' id='word_1_474' title='bbox 802 4205 1111 4276; x_wconf 81' lang='lat' dir='ltr'><strong>significant.</strong></span> <span class='ocrx_word' id='word_1_475' title='bbox 1157 4206 1320 4262; x_wconf 82' lang='lat' dir='ltr'><strong>Stella</strong></span> <span class='ocrx_word' id='word_1_476' title='bbox 1341 4223 1402 4259; x_wconf 74' lang='lat' dir='ltr'><strong>es:</strong></span> <span class='ocrx_word' id='word_1_477' title='bbox 1431 4205 1613 4269; x_wconf 73' lang='lat' dir='ltr'><strong>Iacob,</strong></span> <span class='ocrx_word' id='word_1_478' title='bbox 1646 4207 1694 4259; x_wconf 90' lang='lat' dir='ltr'><strong>id</strong></span> <span class='ocrx_word' id='word_1_479' title='bbox 1724 4217 1806 4260; x_wconf 88' lang='lat' dir='ltr'><strong>est</strong></span> <span class='ocrx_word' id='word_1_480' title='bbox 1834 4208 2010 4259; x_wconf 79' lang='lat' dir='ltr'><strong>Maria.</strong></span> <span class='ocrx_word' id='word_1_481' title='bbox 2049 4240 2100 4298; x_wconf 67' lang='grc' dir='ltr'><strong>υ</strong></span> 
     </span>
    </p>
   </div>
   <div class='ocr_carea' id='block_1_61' title="bbox 483 4295 2020 4359">
    <p class='ocr_par' dir='ltr' id='par_1_61' title="bbox 483 4295 2020 4359">
     <span class='ocr_line' id='line_1_61' title="bbox 483 4295 2020 4359; baseline -0.001 -9"><span class='ocrx_word' id='word_1_482' title='bbox 483 4295 643 4350; x_wconf 78' lang='lat' dir='ltr'><strong>Stella</strong></span> <span class='ocrx_word' id='word_1_483' title='bbox 673 4296 811 4352; x_wconf 88' lang='lat' dir='ltr'><strong>enim</strong></span> <span class='ocrx_word' id='word_1_484' title='bbox 840 4297 892 4350; x_wconf 93' lang='lat' dir='ltr'><strong>in</strong></span> <span class='ocrx_word' id='word_1_485' title='bbox 917 4296 1053 4350; x_wconf 89' lang='lat' dir='ltr'><strong>coelo</strong></span> <span class='ocrx_word' id='word_1_486' title='bbox 1077 4297 1194 4359; x_wconf 87' lang='lat' dir='ltr'><strong>sita,</strong></span> <span class='ocrx_word' id='word_1_487' title='bbox 1225 4304 1278 4348; x_wconf 89' lang='lat' dir='ltr'><strong>et</strong></span> <span class='ocrx_word' id='word_1_488' title='bbox 1317 4297 1427 4350; x_wconf 79' lang='lat' dir='ltr'><strong>exit</strong></span> <span class='ocrx_word' id='word_1_489' title='bbox 1454 4297 1666 4349; x_wconf 84' lang='lat' dir='ltr'><strong>claritas</strong></span> <span class='ocrx_word' id='word_1_490' title='bbox 1703 4295 1770 4349; x_wconf 92' lang='lat' dir='ltr'><strong>ab</strong></span> <span class='ocrx_word' id='word_1_491' title='bbox 1798 4296 1911 4359; x_wconf 91' lang='lat' dir='ltr'><strong>illa;</strong></span> <span class='ocrx_word' id='word_1_492' title='bbox 1944 4297 2020 4349; x_wconf 80' lang='lat' dir='ltr'><strong>sic</strong></span> 
     </span>
    </p>
   </div>
   <div class='ocr_carea' id='block_1_62' title="bbox 480 4383 2018 4450">
    <p class='ocr_par' dir='ltr' id='par_1_62' title="bbox 480 4383 2018 4450">
     <span class='ocr_line' id='line_1_62' title="bbox 480 4383 2018 4450; baseline 0.001 -11"><span class='ocrx_word' id='word_1_493' title='bbox 480 4400 544 4439; x_wconf 80' lang='lat' dir='ltr'><strong>es</strong></span> <span class='ocrx_word' id='word_1_494' title='bbox 598 4386 758 4440; x_wconf 71' lang='lat' dir='ltr'><strong>Maria</strong></span> <span class='ocrx_word' id='word_1_495' title='bbox 806 4384 1035 4447; x_wconf 83' lang='lat' dir='ltr'><strong>claritas,</strong></span> <span class='ocrx_word' id='word_1_496' title='bbox 1068 4383 1118 4437; x_wconf 90' lang='lat' dir='ltr'><strong>id</strong></span> <span class='ocrx_word' id='word_1_497' title='bbox 1147 4393 1228 4437; x_wconf 91' lang='lat' dir='ltr'><strong>est</strong></span> <span class='ocrx_word' id='word_1_498' title='bbox 1277 4383 1515 4438; x_wconf 80' lang='lat' dir='ltr'><strong>Christus</strong></span> <span class='ocrx_word' id='word_1_499' title='bbox 1548 4393 1692 4439; x_wconf 87' lang='lat' dir='ltr'><strong>ortus</strong></span> <span class='ocrx_word' id='word_1_500' title='bbox 1735 4396 1836 4450; x_wconf 90' lang='lat' dir='ltr'><strong>est,</strong></span> <span class='ocrx_word' id='word_1_501' title='bbox 1881 4388 2018 4441; x_wconf 89' lang='lat' dir='ltr'><strong>unde</strong></span> 
     </span>
    </p>
   </div>
   <div class='ocr_carea' id='block_1_63' title="bbox 481 4470 2014 4544">
    <p class='ocr_par' dir='ltr' id='par_1_63' title="bbox 481 4470 2014 4544">
     <span class='ocr_line' id='line_1_63' title="bbox 481 4470 2014 4544; baseline 0.001 -19"><span class='ocrx_word' id='word_1_502' title='bbox 481 4473 637 4525; x_wconf 84' lang='lat' dir='ltr'><strong>Israel</strong></span> <span class='ocrx_word' id='word_1_503' title='bbox 666 4472 766 4525; x_wconf 88' lang='lat' dir='ltr'><strong>hoc</strong></span> <span class='ocrx_word' id='word_1_504' title='bbox 793 4472 857 4524; x_wconf 92' lang='lat' dir='ltr'><strong>de</strong></span> <span class='ocrx_word' id='word_1_505' title='bbox 895 4471 1102 4525; x_wconf 78' lang='lat' dir='ltr'><strong>Christo</strong></span> <span class='ocrx_word' id='word_1_506' title='bbox 1132 4486 1226 4540; x_wconf 89' lang='lat' dir='ltr'><strong>pro</strong></span> <span class='ocrx_word' id='word_1_507' title='bbox 1272 4470 1574 4526; x_wconf 87' lang='lat' dir='ltr'><strong>fortitudine</strong></span> <span class='ocrx_word' id='word_1_508' title='bbox 1626 4475 1834 4528; x_wconf 86' lang='lat' dir='ltr'><strong>dicitur.</strong></span> <span class='ocrx_word' id='word_1_509' title='bbox 1865 4474 2014 4544; x_wconf 72' lang='lat' dir='ltr'><strong>Virga</strong></span> 
     </span>
    </p>
   </div>
   <div class='ocr_carea' id='block_1_64' title="bbox 483 4546 2016 4631">
    <p class='ocr_par' dir='ltr' id='par_1_64' title="bbox 483 4546 2016 4631">
     <span class='ocr_line' id='line_1_64' title="bbox 483 4546 2016 4631; baseline 0.001 -17"><span class='ocrx_word' id='word_1_510' title='bbox 483 4574 607 4614; x_wconf 83' lang='lat' dir='ltr'><strong>caro</strong></span> <span class='ocrx_word' id='word_1_511' title='bbox 635 4557 825 4612; x_wconf 85' lang='lat' dir='ltr'><strong>Christi</strong></span> <span class='ocrx_word' id='word_1_512' title='bbox 857 4546 1181 4630; x_wconf 80' lang='lat' dir='ltr'><strong>intelligitur.</strong></span> <span class='ocrx_word' id='word_1_513' title='bbox 1213 4560 1312 4614; x_wconf 84' lang='lat' dir='ltr'><strong>Per</strong></span> <span class='ocrx_word' id='word_1_514' title='bbox 1342 4562 1544 4614; x_wconf 86' lang='lat' dir='ltr'><strong>stellam</strong></span> <span class='ocrx_word' id='word_1_515' title='bbox 1574 4578 1782 4631; x_wconf 90' lang='lat' dir='ltr'><strong>quoque</strong></span> <span class='ocrx_word' id='word_1_516' title='bbox 1819 4579 1880 4618; x_wconf 73' lang='lat' dir='ltr'><strong>ex</strong></span> <span class='ocrx_word' id='word_1_517' title='bbox 1931 4564 2016 4618; x_wconf 83' lang='lat' dir='ltr'><strong>.la-</strong></span> 
     </span>
    </p>
   </div>
   <div class='ocr_carea' id='block_1_65' title="bbox 481 4648 2015 4723">
    <p class='ocr_par' dir='ltr' id='par_1_65' title="bbox 481 4648 2015 4723">
     <span class='ocr_line' id='line_1_65' title="bbox 481 4648 2015 4723; baseline 0.003 -20"><span class='ocrx_word' id='word_1_518' title='bbox 481 4649 602 4714; x_wconf 88' lang='lat' dir='ltr'><strong>cob,</strong></span> <span class='ocrx_word' id='word_1_519' title='bbox 634 4648 866 4716; x_wconf 85' lang='lat' dir='ltr'><strong>Ecclesia</strong></span> <span class='ocrx_word' id='word_1_520' title='bbox 892 4663 922 4702; x_wconf 89' lang='lat' dir='ltr'><strong>a</strong></span> <span class='ocrx_word' id='word_1_521' title='bbox 950 4650 1156 4703; x_wconf 84' lang='lat' dir='ltr'><strong>Christo</strong></span> <span class='ocrx_word' id='word_1_522' title='bbox 1205 4651 1285 4704; x_wconf 90' lang='lat' dir='ltr'><strong>vel</strong></span> <span class='ocrx_word' id='word_1_523' title='bbox 1329 4667 1357 4702; x_wconf 89' lang='lat' dir='ltr'><strong>a</strong></span> <span class='ocrx_word' id='word_1_524' title='bbox 1395 4653 1586 4720; x_wconf 82' lang='lat' dir='ltr'><strong>papulo</strong></span> <span class='ocrx_word' id='word_1_525' title='bbox 1617 4655 1885 4722; x_wconf 75' lang='lat' dir='ltr'><strong>primitito</strong></span> <span class='ocrx_word' id='word_1_526' title='bbox 1927 4671 2015 4723; x_wconf 89' lang='lat' dir='ltr'><strong>po-</strong></span> 
     </span>
    </p>
   </div>
   <div class='ocr_carea' id='block_1_66' title="bbox 484 4735 2014 4811">
    <p class='ocr_par' dir='ltr' id='par_1_66' title="bbox 484 4735 2014 4811">
     <span class='ocr_line' id='line_1_66' title="bbox 484 4735 2014 4811; baseline 0.006 -21"><span class='ocrx_word' id='word_1_527' title='bbox 484 4747 588 4790; x_wconf 84' lang='lat' dir='ltr'><strong>test</strong></span> <span class='ocrx_word' id='word_1_528' title='bbox 611 4735 892 4804; x_wconf 81' lang='lat' dir='ltr'><strong>sigoilicari</strong></span> <span class='ocrx_word' id='word_1_529' title='bbox 917 4753 931 4800; x_wconf 88' lang='lat'><strong>;</strong></span> <span class='ocrx_word' id='word_1_530' title='bbox 969 4747 1026 4792; x_wconf 89' lang='lat' dir='ltr'><strong>et</strong></span> <span class='ocrx_word' id='word_1_531' title='bbox 1054 4754 1144 4805; x_wconf 85' lang='lat' dir='ltr'><strong>per</strong></span> <span class='ocrx_word' id='word_1_532' title='bbox 1170 4741 1366 4810; x_wconf 88' lang='lat' dir='ltr'><strong>virgam</strong></span> <span class='ocrx_word' id='word_1_533' title='bbox 1415 4744 1633 4811; x_wconf 87' lang='lat' dir='ltr'><strong>populus</strong></span> <span class='ocrx_word' id='word_1_534' title='bbox 1661 4743 2014 4799; x_wconf 87' lang='lat' dir='ltr'><strong>Christianus.</strong></span> 
     </span>
    </p>
   </div>
   <div class='ocr_carea' id='block_1_67' title="bbox 484 4825 2018 4901">
    <p class='ocr_par' dir='ltr' id='par_1_67' title="bbox 484 4825 2018 4901">
     <span class='ocr_line' id='line_1_67' title="bbox 484 4825 2018 4901; baseline 0.001 -19"><span class='ocrx_word' id='word_1_535' title='bbox 484 4827 609 4882; x_wconf 69' lang='lat' dir='ltr'><strong>Haec</strong></span> <span class='ocrx_word' id='word_1_536' title='bbox 633 4838 841 4896; x_wconf 86' lang='lat' dir='ltr'><strong>quoque</strong></span> <span class='ocrx_word' id='word_1_537' title='bbox 865 4825 1018 4879; x_wconf 88' lang='lat' dir='ltr'><strong>stella</strong></span> <span class='ocrx_word' id='word_1_538' title='bbox 1041 4842 1107 4880; x_wconf 80' lang='lat' dir='ltr'><strong>es</strong></span> <span class='ocrx_word' id='word_1_539' title='bbox 1125 4828 1303 4894; x_wconf 85' lang='lat' dir='ltr'><strong>lacob,</strong></span> <span class='ocrx_word' id='word_1_540' title='bbox 1338 4836 1565 4886; x_wconf 90' lang='lat' dir='ltr'><strong>animam</strong></span> <span class='ocrx_word' id='word_1_541' title='bbox 1589 4850 1617 4887; x_wconf 90' lang='lat' dir='ltr'><strong>a</strong></span> <span class='ocrx_word' id='word_1_542' title='bbox 1647 4845 1831 4888; x_wconf 83' lang='lat' dir='ltr'><strong>sancto</strong></span> <span class='ocrx_word' id='word_1_543' title='bbox 1856 4839 2018 4901; x_wconf 81' lang='lat' dir='ltr'><strong>sigm-</strong></span> 
     </span>
    </p>
   </div>
   <div class='ocr_carea' id='block_1_68' title="bbox 482 4915 2017 4993">
    <p class='ocr_par' dir='ltr' id='par_1_68' title="bbox 482 4915 2017 4993">
     <span class='ocr_line' id='line_1_68' title="bbox 482 4915 2017 4993; baseline 0.005 -24"><span class='ocrx_word' id='word_1_544' title='bbox 482 4915 638 4982; x_wconf 84' lang='lat' dir='ltr'><strong>Iicat;</strong></span> <span class='ocrx_word' id='word_1_545' title='bbox 669 4916 808 4985; x_wconf 86' lang='lat' dir='ltr'><strong>virga</strong></span> <span class='ocrx_word' id='word_1_546' title='bbox 840 4931 1046 4986; x_wconf 88' lang='lat' dir='ltr'><strong>quoque</strong></span> <span class='ocrx_word' id='word_1_547' title='bbox 1089 4915 1201 4970; x_wconf 72' lang='lat' dir='ltr'><strong>has&#39;c</strong></span> <span class='ocrx_word' id='word_1_548' title='bbox 1248 4919 1544 4977; x_wconf 81' lang='lat' dir='ltr'><strong>intellectus</strong></span> <span class='ocrx_word' id='word_1_549' title='bbox 1576 4940 1788 4978; x_wconf 85' lang='lat' dir='ltr'><strong>sensum</strong></span> <span class='ocrx_word' id='word_1_550' title='bbox 1845 4925 2017 4993; x_wconf 81' lang='lat' dir='ltr'><strong>perle-</strong></span> 
     </span>
    </p>
   </div>
   <div class='ocr_carea' id='block_1_69' title="bbox 479 5004 2017 5075">
    <p class='ocr_par' dir='ltr' id='par_1_69' title="bbox 479 5004 2017 5075">
     <span class='ocr_line' id='line_1_69' title="bbox 479 5004 2017 5075; baseline 0.007 -18"><span class='ocrx_word' id='word_1_551' title='bbox 479 5014 640 5060; x_wconf 82' lang='lat' dir='ltr'><strong>ctum.</strong></span> <span class='ocrx_word' id='word_1_552' title='bbox 674 5004 838 5061; x_wconf 80' lang='lat' dir='ltr'><strong>Duces</strong></span> <span class='ocrx_word' id='word_1_553' title='bbox 868 5004 1038 5070; x_wconf 70' lang='lat' dir='ltr'><strong>Moab,</strong></span> <span class='ocrx_word' id='word_1_554' title='bbox 1071 5005 1119 5059; x_wconf 92' lang='lat' dir='ltr'><strong>id</strong></span> <span class='ocrx_word' id='word_1_555' title='bbox 1146 5015 1227 5060; x_wconf 89' lang='lat' dir='ltr'><strong>est</strong></span> <span class='ocrx_word' id='word_1_556' title='bbox 1254 5006 1413 5062; x_wconf 84' lang='lat' dir='ltr'><strong>duces</strong></span> <span class='ocrx_word' id='word_1_557' title='bbox 1440 5012 1653 5075; x_wconf 87' lang='lat' dir='ltr'><strong>diaboli,</strong></span> <span class='ocrx_word' id='word_1_558' title='bbox 1690 5015 1769 5068; x_wconf 89' lang='lat' dir='ltr'><strong>vel</strong></span> <span class='ocrx_word' id='word_1_559' title='bbox 1816 5015 1937 5067; x_wconf 85' lang='lat' dir='ltr'><strong>vitia</strong></span> <span class='ocrx_word' id='word_1_560' title='bbox 1964 5024 2017 5068; x_wconf 90' lang='lat' dir='ltr'><strong>et</strong></span> 
     </span>
    </p>
   </div>
   <div class='ocr_carea' id='block_1_70' title="bbox 481 5098 2012 5169">
    <p class='ocr_par' dir='ltr' id='par_1_70' title="bbox 481 5098 2012 5169">
     <span class='ocr_line' id='line_1_70' title="bbox 481 5098 2012 5169; baseline 0.002 -17"><span class='ocrx_word' id='word_1_561' title='bbox 481 5107 718 5165; x_wconf 86' lang='lat' dir='ltr'><strong>peccata.</strong></span> <span class='ocrx_word' id='word_1_562' title='bbox 767 5098 918 5151; x_wconf 77' lang='lat' dir='ltr'><strong>Moab</strong></span> <span class='ocrx_word' id='word_1_563' title='bbox 972 5107 1145 5152; x_wconf 90' lang='lat' dir='ltr'><strong>autem</strong></span> <span class='ocrx_word' id='word_1_564' title='bbox 1197 5107 1344 5165; x_wconf 88' lang='lat' dir='ltr'><strong>pater</strong></span> <span class='ocrx_word' id='word_1_565' title='bbox 1393 5099 1566 5165; x_wconf 82' lang='lat' dir='ltr'><strong>pepuli</strong></span> <span class='ocrx_word' id='word_1_566' title='bbox 1623 5102 2012 5169; x_wconf 70' lang='lat' dir='ltr'><strong>interpreiatur.</strong></span> 
     </span>
    </p>
   </div>
   <div class='ocr_carea' id='block_1_71' title="bbox 481 5187 2018 5259">
    <p class='ocr_par' dir='ltr' id='par_1_71' title="bbox 481 5187 2018 5259">
     <span class='ocr_line' id='line_1_71' title="bbox 481 5187 2018 5259; baseline 0.004 -19"><span class='ocrx_word' id='word_1_567' title='bbox 481 5187 597 5240; x_wconf 76' lang='lat' dir='ltr'><strong>Filii</strong></span> <span class='ocrx_word' id='word_1_568' title='bbox 646 5201 852 5256; x_wconf 86' lang='lat' dir='ltr'><strong>quoque</strong></span> <span class='ocrx_word' id='word_1_569' title='bbox 893 5187 1041 5251; x_wconf 83' lang='lat' dir='ltr'><strong>Seth,</strong></span> <span class='ocrx_word' id='word_1_570' title='bbox 1084 5190 1170 5255; x_wconf 82' lang='lat' dir='ltr'><strong>qui</strong></span> <span class='ocrx_word' id='word_1_571' title='bbox 1199 5189 1470 5256; x_wconf 74' lang='lat' dir='ltr'><strong>oppositus</strong></span> <span class='ocrx_word' id='word_1_572' title='bbox 1522 5189 1848 5259; x_wconf 87' lang='lat' dir='ltr'><strong>intelligitur,</strong></span> <span class='ocrx_word' id='word_1_573' title='bbox 1880 5196 2018 5248; x_wconf 82' lang='lat' dir='ltr'><strong>illius</strong></span> 
     </span>
    </p>
   </div>
   <div class='ocr_carea' id='block_1_72' title="bbox 483 5275 2016 5348">
    <p class='ocr_par' dir='ltr' id='par_1_72' title="bbox 483 5275 2016 5348">
     <span class='ocr_line' id='line_1_72' title="bbox 483 5275 2016 5348; baseline 0.005 -20"><span class='ocrx_word' id='word_1_574' title='bbox 483 5275 675 5328; x_wconf 86' lang='lat' dir='ltr'><strong>diaboli</strong></span> <span class='ocrx_word' id='word_1_575' title='bbox 713 5277 767 5328; x_wconf 89' lang='lat' dir='ltr'><strong>in</strong></span> <span class='ocrx_word' id='word_1_576' title='bbox 813 5278 911 5329; x_wconf 85' lang='lat' dir='ltr'><strong>hoc</strong></span> <span class='ocrx_word' id='word_1_577' title='bbox 948 5275 1244 5343; x_wconf 81' lang='lat' dir='ltr'><strong>signiﬁcant</strong></span> <span class='ocrx_word' id='word_1_578' title='bbox 1273 5278 1408 5342; x_wconf 89' lang='lat' dir='ltr'><strong>loco,</strong></span> <span class='ocrx_word' id='word_1_579' title='bbox 1452 5280 1540 5346; x_wconf 91' lang='lat' dir='ltr'><strong>qui</strong></span> <span class='ocrx_word' id='word_1_580' title='bbox 1578 5280 1716 5332; x_wconf 90' lang='lat' dir='ltr'><strong>malo</strong></span> <span class='ocrx_word' id='word_1_581' title='bbox 1746 5283 2016 5348; x_wconf 84' lang='lat' dir='ltr'><strong>oppositus</strong></span> 
     </span>
    </p>
   </div>
   <div class='ocr_carea' id='block_1_73' title="bbox 479 5361 2017 5440">
    <p class='ocr_par' dir='ltr' id='par_1_73' title="bbox 479 5361 2017 5440">
     <span class='ocr_line' id='line_1_73' title="bbox 479 5361 2017 5440; baseline 0.003 -21"><span class='ocrx_word' id='word_1_582' title='bbox 479 5371 582 5419; x_wconf 82' lang='lat' dir='ltr'><strong>est.</strong></span> <span class='ocrx_word' id='word_1_583' title='bbox 612 5361 840 5414; x_wconf 81' lang='lat' dir='ltr'><strong>ldunuea</strong></span> <span class='ocrx_word' id='word_1_584' title='bbox 865 5378 1008 5431; x_wconf 83' lang='lat' dir='ltr'><strong>vero,</strong></span> <span class='ocrx_word' id='word_1_585' title='bbox 1033 5365 1081 5417; x_wconf 88' lang='lat' dir='ltr'><strong>id</strong></span> <span class='ocrx_word' id='word_1_586' title='bbox 1102 5375 1183 5419; x_wconf 69' lang='lat' dir='ltr'><strong>est</strong></span> <span class='ocrx_word' id='word_1_587' title='bbox 1209 5371 1513 5434; x_wconf 84' lang='lat' dir='ltr'><strong>sanguinea,</strong></span> <span class='ocrx_word' id='word_1_588' title='bbox 1543 5369 1826 5423; x_wconf 78' lang='lat' dir='ltr'><strong>Ecclesium</strong></span> <span class='ocrx_word' id='word_1_589' title='bbox 1859 5372 2017 5440; x_wconf 78' lang='lat' dir='ltr'><strong>signi-</strong></span> 
     </span>
    </p>
   </div>
   <div class='ocr_carea' id='block_1_74' title="bbox 483 5450 2017 5529">
    <p class='ocr_par' dir='ltr' id='par_1_74' title="bbox 483 5450 2017 5529">
     <span class='ocr_line' id='line_1_74' title="bbox 483 5450 2017 5529; baseline 0.005 -20"><span class='ocrx_word' id='word_1_590' title='bbox 483 5455 621 5518; x_wconf 87' lang='lat' dir='ltr'><strong>licat,</strong></span> <span class='ocrx_word' id='word_1_591' title='bbox 653 5466 769 5522; x_wconf 67' lang='lat' dir='ltr'><strong>quae</strong></span> <span class='ocrx_word' id='word_1_592' title='bbox 794 5450 983 5507; x_wconf 86' lang='lat' dir='ltr'><strong>Christi</strong></span> <span class='ocrx_word' id='word_1_593' title='bbox 1012 5458 1271 5522; x_wconf 80' lang='lat' dir='ltr'><strong>pos:essio</strong></span> <span class='ocrx_word' id='word_1_594' title='bbox 1299 5467 1399 5512; x_wconf 85' lang='lat' dir='ltr'><strong>est.</strong></span> <span class='ocrx_word' id='word_1_595' title='bbox 1433 5460 1584 5527; x_wconf 64' lang='grc' dir='ltr'><strong>δρψ,</strong></span> <span class='ocrx_word' id='word_1_596' title='bbox 1625 5460 1823 5529; x_wconf 72' lang='lat' dir='ltr'><strong>pilosus</strong></span> <span class='ocrx_word' id='word_1_597' title='bbox 1857 5465 2017 5516; x_wconf 76' lang='lat' dir='ltr'><strong>inter-</strong></span> 
     </span>
    </p>
   </div>
   <div class='ocr_carea' id='block_1_75' title="bbox 2115 1691 3657 1760">
    <p class='ocr_par' dir='ltr' id='par_1_75' title="bbox 2115 1691 3657 1760">
     <span class='ocr_line' id='line_1_75' title="bbox 2115 1691 3657 1760; baseline 0.003 -16"><span class='ocrx_word' id='word_1_598' title='bbox 2115 1692 2194 1745; x_wconf 88' lang='lat' dir='ltr'><strong>sic</strong></span> <span class='ocrx_word' id='word_1_599' title='bbox 2223 1691 2612 1757; x_wconf 83' lang='lat' dir='ltr'><strong>intelligendum</strong></span> <span class='ocrx_word' id='word_1_600' title='bbox 2651 1691 2798 1760; x_wconf 88' lang='lat' dir='ltr'><strong>quasi</strong></span> <span class='ocrx_word' id='word_1_601' title='bbox 2841 1691 3076 1757; x_wconf 77' lang='lat' dir='ltr'><strong>ditisset,</strong></span> <span class='ocrx_word' id='word_1_602' title='bbox 3104 1694 3253 1758; x_wconf 87' lang='lat' dir='ltr'><strong>pauci</strong></span> <span class='ocrx_word' id='word_1_603' title='bbox 3282 1703 3458 1757; x_wconf 88' lang='lat' dir='ltr'><strong>erunt,</strong></span> <span class='ocrx_word' id='word_1_604' title='bbox 3490 1705 3545 1748; x_wconf 93' lang='lat' dir='ltr'><strong>ut</strong></span> <span class='ocrx_word' id='word_1_605' title='bbox 3570 1695 3657 1748; x_wconf 85' lang='lat' dir='ltr'><strong>di-</strong></span> 
     </span>
    </p>
   </div>
   <div class='ocr_carea' id='block_1_76' title="bbox 2114 1780 3655 1850">
    <p class='ocr_par' dir='ltr' id='par_1_76' title="bbox 2114 1780 3655 1850">
     <span class='ocr_line' id='line_1_76' title="bbox 2114 1780 3655 1850; baseline 0.001 -14"><span class='ocrx_word' id='word_1_606' title='bbox 2114 1792 2254 1836; x_wconf 89' lang='lat' dir='ltr'><strong>ctum</strong></span> <span class='ocrx_word' id='word_1_607' title='bbox 2286 1790 2388 1844; x_wconf 83' lang='lat' dir='ltr'><strong>est,</strong></span> <span class='ocrx_word' id='word_1_608' title='bbox 2419 1780 2571 1835; x_wconf 77' lang='lat' dir='ltr'><strong>Mulli</strong></span> <span class='ocrx_word' id='word_1_609' title='bbox 2599 1791 2714 1836; x_wconf 83' lang='lat' dir='ltr'><strong>sunt</strong></span> <span class='ocrx_word' id='word_1_610' title='bbox 2743 1783 2923 1847; x_wconf 76' lang='lat' dir='ltr'><strong>vocati,</strong></span> <span class='ocrx_word' id='word_1_611' title='bbox 2954 1782 3036 1836; x_wconf 91' lang='lat' dir='ltr'><strong>vel</strong></span> <span class='ocrx_word' id='word_1_612' title='bbox 3064 1783 3181 1850; x_wconf 89' lang='lat' dir='ltr'><strong>quis</strong></span> <span class='ocrx_word' id='word_1_613' title='bbox 3219 1784 3455 1837; x_wconf 86' lang='lat' dir='ltr'><strong>victurus</strong></span> <span class='ocrx_word' id='word_1_614' title='bbox 3479 1795 3577 1846; x_wconf 88' lang='lat' dir='ltr'><strong>est,</strong></span> <span class='ocrx_word' id='word_1_615' title='bbox 3600 1780 3655 1837; x_wconf 81' lang='lat' dir='ltr'><strong>id</strong></span> 
     </span>
    </p>
   </div>
   <div class='ocr_carea' id='block_1_77' title="bbox 2115 1871 3659 1940">
    <p class='ocr_par' dir='ltr' id='par_1_77' title="bbox 2115 1871 3659 1940">
     <span class='ocr_line' id='line_1_77' title="bbox 2115 1871 3659 1940; baseline -0.001 -13"><span class='ocrx_word' id='word_1_616' title='bbox 2115 1883 2196 1927; x_wconf 88' lang='lat' dir='ltr'><strong>est</strong></span> <span class='ocrx_word' id='word_1_617' title='bbox 2220 1872 2284 1927; x_wconf 90' lang='lat' dir='ltr'><strong>de</strong></span> <span class='ocrx_word' id='word_1_618' title='bbox 2313 1872 2608 1926; x_wconf 87' lang='lat' dir='ltr'><strong>hominibus</strong></span> <span class='ocrx_word' id='word_1_619' title='bbox 2635 1871 2757 1926; x_wconf 79' lang='lat' dir='ltr'><strong>Jesu</strong></span> <span class='ocrx_word' id='word_1_620' title='bbox 2787 1880 3051 1940; x_wconf 83' lang='lat' dir='ltr'><strong>tempore.</strong></span> <span class='ocrx_word' id='word_1_621' title='bbox 3068 1871 3306 1936; x_wconf 81' lang='lat' dir='ltr'><strong>Veniunt,</strong></span> <span class='ocrx_word' id='word_1_622' title='bbox 3334 1873 3385 1926; x_wconf 89' lang='lat' dir='ltr'><strong>id</strong></span> <span class='ocrx_word' id='word_1_623' title='bbox 3417 1883 3519 1939; x_wconf 83' lang='lat' dir='ltr'><strong>est,</strong></span> <span class='ocrx_word' id='word_1_624' title='bbox 3553 1873 3659 1926; x_wconf 80' lang='lat' dir='ltr'><strong>Ro-</strong></span> 
     </span>
    </p>
   </div>
   <div class='ocr_carea' id='block_1_78' title="bbox 2117 1961 3655 2030">
    <p class='ocr_par' dir='ltr' id='par_1_78' title="bbox 2117 1961 3655 2030">
     <span class='ocr_line' id='line_1_78' title="bbox 2117 1961 3655 2030; baseline -0.002 -12"><span class='ocrx_word' id='word_1_625' title='bbox 2117 1965 2255 2018; x_wconf 90' lang='lat' dir='ltr'><strong>mani</strong></span> <span class='ocrx_word' id='word_1_626' title='bbox 2297 1963 2509 2018; x_wconf 89' lang='lat' dir='ltr'><strong>veniunt</strong></span> <span class='ocrx_word' id='word_1_627' title='bbox 2536 1963 2601 2017; x_wconf 89' lang='lat' dir='ltr'><strong>de</strong></span> <span class='ocrx_word' id='word_1_628' title='bbox 2626 1963 2769 2016; x_wconf 88' lang='lat' dir='ltr'><strong>Italia</strong></span> <span class='ocrx_word' id='word_1_629' title='bbox 2793 1980 2807 2016; x_wconf 89' lang='lat'><strong>:</strong></span> <span class='ocrx_word' id='word_1_630' title='bbox 2831 1979 2861 2015; x_wconf 90' lang='lat' dir='ltr'><strong>a</strong></span> <span class='ocrx_word' id='word_1_631' title='bbox 2903 1963 3032 2030; x_wconf 81' lang='lat' dir='ltr'><strong>facie</strong></span> <span class='ocrx_word' id='word_1_632' title='bbox 3058 1961 3198 2024; x_wconf 85' lang='lat' dir='ltr'><strong>solis,</strong></span> <span class='ocrx_word' id='word_1_633' title='bbox 3225 1963 3275 2015; x_wconf 93' lang='lat' dir='ltr'><strong>id</strong></span> <span class='ocrx_word' id='word_1_634' title='bbox 3299 1971 3401 2026; x_wconf 85' lang='lat' dir='ltr'><strong>est,</strong></span> <span class='ocrx_word' id='word_1_635' title='bbox 3434 1963 3599 2015; x_wconf 86' lang='lat' dir='ltr'><strong>sancti</strong></span> <span class='ocrx_word' id='word_1_636' title='bbox 3627 1979 3655 2015; x_wconf 87' lang='lat' dir='ltr'><strong>a</strong></span> 
     </span>
    </p>
   </div>
   <div class='ocr_carea' id='block_1_79' title="bbox 2118 2051 3656 2123">
    <p class='ocr_par' dir='ltr' id='par_1_79' title="bbox 2118 2051 3656 2123">
     <span class='ocr_line' id='line_1_79' title="bbox 2118 2051 3656 2123; baseline -0.005 -14"><span class='ocrx_word' id='word_1_637' title='bbox 2118 2056 2246 2110; x_wconf 88' lang='lat' dir='ltr'><strong>facie</strong></span> <span class='ocrx_word' id='word_1_638' title='bbox 2274 2055 2490 2109; x_wconf 92' lang='lat' dir='ltr'><strong>Christi.</strong></span> <span class='ocrx_word' id='word_1_639' title='bbox 2524 2054 2736 2123; x_wconf 77' lang='lat' dir='ltr'><strong>Assyrii,</strong></span> <span class='ocrx_word' id='word_1_640' title='bbox 2764 2053 2814 2107; x_wconf 90' lang='lat' dir='ltr'><strong>id</strong></span> <span class='ocrx_word' id='word_1_641' title='bbox 2837 2064 2938 2117; x_wconf 88' lang='lat' dir='ltr'><strong>est,</strong></span> <span class='ocrx_word' id='word_1_642' title='bbox 2966 2053 3248 2107; x_wconf 68' lang='lat' dir='ltr'><strong>daemones.</strong></span> <span class='ocrx_word' id='word_1_643' title='bbox 3271 2051 3381 2120; x_wconf 82' lang='lat' dir='ltr'><strong>Ipsi</strong></span> <span class='ocrx_word' id='word_1_644' title='bbox 3410 2053 3656 2117; x_wconf 63' lang='lat' dir='ltr'><strong>peritum,</strong></span> 
     </span>
    </p>
   </div>
   <div class='ocr_carea' id='block_1_80' title="bbox 2118 2143 2789 2202">
    <p class='ocr_par' dir='ltr' id='par_1_80' title="bbox 2118 2143 2789 2202">
     <span class='ocr_line' id='line_1_80' title="bbox 2118 2143 2789 2202; baseline -0.01 -2"><span class='ocrx_word' id='word_1_645' title='bbox 2118 2148 2319 2202; x_wconf 88' lang='lat' dir='ltr'><strong>scilicet</strong></span> <span class='ocrx_word' id='word_1_646' title='bbox 2346 2145 2414 2200; x_wconf 90' lang='lat' dir='ltr'><strong>de</strong></span> <span class='ocrx_word' id='word_1_647' title='bbox 2443 2143 2638 2198; x_wconf 82' lang='lat' dir='ltr'><strong>carnali</strong></span> <span class='ocrx_word' id='word_1_648' title='bbox 2665 2144 2789 2195; x_wconf 88' lang='lat' dir='ltr'><strong>vita.</strong></span> 
     </span>
    </p>
   </div>
   <div class='ocr_carea' id='block_1_81' title="bbox 2668 2253 3101 2310">
    <p class='ocr_par' dir='ltr' id='par_1_81' title="bbox 2668 2253 3101 2310">
     <span class='ocr_line' id='line_1_81' title="bbox 2668 2253 3101 2310; baseline -0.005 0"><span class='ocrx_word' id='word_1_649' title='bbox 2668 2254 2891 2310; x_wconf 76' lang='lat' dir='ltr'><strong>CAPUT</strong></span> <span class='ocrx_word' id='word_1_650' title='bbox 2938 2253 3101 2308; x_wconf 75' lang='lat' dir='ltr'><strong>XXV.</strong></span> 
     </span>
    </p>
   </div>
   <div class='ocr_carea' id='block_1_82' title="bbox 2191 2342 3650 2407">
    <p class='ocr_par' dir='ltr' id='par_1_82' title="bbox 2191 2342 3650 2407">
     <span class='ocr_line' id='line_1_82' title="bbox 2191 2342 3650 2407; baseline -0.003 -6"><span class='ocrx_word' id='word_1_651' title='bbox 2191 2347 2384 2402; x_wconf 90' lang='lat' dir='ltr'><strong>Deinde</strong></span> <span class='ocrx_word' id='word_1_652' title='bbox 2413 2347 2626 2400; x_wconf 80' lang='lat' dir='ltr'><strong>l’lrinces</strong></span> <span class='ocrx_word' id='word_1_653' title='bbox 2665 2345 2896 2398; x_wconf 84' lang='lat' dir='ltr'><strong>sacerdos</strong></span> <span class='ocrx_word' id='word_1_654' title='bbox 2920 2345 3047 2396; x_wconf 85' lang='lat' dir='ltr'><strong>iram</strong></span> <span class='ocrx_word' id='word_1_655' title='bbox 3077 2343 3300 2407; x_wconf 81' lang='lat' dir='ltr'><strong>Domini,</strong></span> <span class='ocrx_word' id='word_1_656' title='bbox 3333 2358 3439 2397; x_wconf 89' lang='lat' dir='ltr'><strong>non</strong></span> <span class='ocrx_word' id='word_1_657' title='bbox 3483 2342 3650 2398; x_wconf 81' lang='lat' dir='ltr'><strong>solum</strong></span> 
     </span>
    </p>
   </div>
   <div class='ocr_carea' id='block_1_83' title="bbox 2118 2435 3651 2503">
    <p class='ocr_par' dir='ltr' id='par_1_83' title="bbox 2118 2435 3651 2503">
     <span class='ocr_line' id='line_1_83' title="bbox 2118 2435 3651 2503; baseline -0.003 -11"><span class='ocrx_word' id='word_1_658' title='bbox 2118 2440 2485 2503; x_wconf 83' lang='lat' dir='ltr'><strong>idololatriam,</strong></span> <span class='ocrx_word' id='word_1_659' title='bbox 2511 2439 2602 2491; x_wconf 87' lang='lat' dir='ltr'><strong>sed</strong></span> <span class='ocrx_word' id='word_1_660' title='bbox 2628 2437 2786 2490; x_wconf 89' lang='lat' dir='ltr'><strong>etiam</strong></span> <span class='ocrx_word' id='word_1_661' title='bbox 2825 2451 3032 2490; x_wconf 90' lang='lat' dir='ltr'><strong>omnem</strong></span> <span class='ocrx_word' id='word_1_662' title='bbox 3061 2436 3236 2491; x_wconf 89' lang='lat' dir='ltr'><strong>carnis</strong></span> <span class='ocrx_word' id='word_1_663' title='bbox 3259 2435 3505 2490; x_wconf 83' lang='lat' dir='ltr'><strong>affectum</strong></span> <span class='ocrx_word' id='word_1_664' title='bbox 3538 2451 3651 2501; x_wconf 87' lang='lat' dir='ltr'><strong>per-</strong></span> 
     </span>
    </p>
   </div>
   <div class='ocr_carea' id='block_1_84' title="bbox 2117 2527 3654 2599">
    <p class='ocr_par' dir='ltr' id='par_1_84' title="bbox 2117 2527 3654 2599">
     <span class='ocr_line' id='line_1_84' title="bbox 2117 2527 3654 2599; baseline -0.004 -15"><span class='ocrx_word' id='word_1_665' title='bbox 2117 2531 2276 2596; x_wconf 91' lang='lat' dir='ltr'><strong>cmit;</strong></span> <span class='ocrx_word' id='word_1_666' title='bbox 2309 2541 2414 2585; x_wconf 89' lang='lat' dir='ltr'><strong>tum</strong></span> <span class='ocrx_word' id='word_1_667' title='bbox 2465 2530 2698 2599; x_wconf 87' lang='lat' dir='ltr'><strong>placatur</strong></span> <span class='ocrx_word' id='word_1_668' title='bbox 2739 2529 3023 2594; x_wconf 88' lang='lat' dir='ltr'><strong>Dominus,</strong></span> <span class='ocrx_word' id='word_1_669' title='bbox 3051 2541 3170 2581; x_wconf 92' lang='lat' dir='ltr'><strong>cum</strong></span> <span class='ocrx_word' id='word_1_670' title='bbox 3215 2527 3391 2580; x_wconf 90' lang='lat' dir='ltr'><strong>carnis</strong></span> <span class='ocrx_word' id='word_1_671' title='bbox 3434 2528 3654 2580; x_wconf 84' lang='lat' dir='ltr'><strong>vincitur</strong></span> 
     </span>
    </p>
   </div>
   <div class='ocr_carea' id='block_1_85' title="bbox 2117 2617 2458 2674">
    <p class='ocr_par' dir='ltr' id='par_1_85' title="bbox 2117 2617 2458 2674">
     <span class='ocr_line' id='line_1_85' title="bbox 2117 2617 2458 2674; baseline 0.006 -2"><span class='ocrx_word' id='word_1_672' title='bbox 2117 2617 2458 2674; x_wconf 78' lang='lat' dir='ltr'><strong>desiderium.</strong></span> 
     </span>
    </p>
   </div>
   <div class='ocr_carea' id='block_1_86' title="bbox 2670 2707 3110 2764">
    <p class='ocr_par' dir='ltr' id='par_1_86' title="bbox 2670 2707 3110 2764">
     <span class='ocr_line' id='line_1_86' title="bbox 2670 2707 3110 2764; baseline 0.011 -5"><span class='ocrx_word' id='word_1_673' title='bbox 2670 2707 2891 2763; x_wconf 74' lang='lat' dir='ltr'><strong>CAPUT</strong></span> <span class='ocrx_word' id='word_1_674' title='bbox 2929 2707 3110 2764; x_wconf 79' lang='lat' dir='ltr'><strong>XXVI.</strong></span> 
     </span>
    </p>
   </div>
   <div class='ocr_carea' id='block_1_87' title="bbox 2192 2799 3656 2866">
    <p class='ocr_par' dir='ltr' id='par_1_87' title="bbox 2192 2799 3656 2866">
     <span class='ocr_line' id='line_1_87' title="bbox 2192 2799 3656 2866; baseline 0 -14"><span class='ocrx_word' id='word_1_675' title='bbox 2192 2800 2317 2852; x_wconf 78' lang='lat' dir='ltr'><strong>Post</strong></span> <span class='ocrx_word' id='word_1_676' title='bbox 2346 2801 2457 2852; x_wconf 58' lang='lat' dir='ltr'><strong>hate</strong></span> <span class='ocrx_word' id='word_1_677' title='bbox 2489 2810 2793 2853; x_wconf 85' lang='lat' dir='ltr'><strong>numeratur</strong></span> <span class='ocrx_word' id='word_1_678' title='bbox 2825 2814 3005 2853; x_wconf 88' lang='lat' dir='ltr'><strong>rursus</strong></span> <span class='ocrx_word' id='word_1_679' title='bbox 3037 2799 3256 2866; x_wconf 79' lang='lat' dir='ltr'><strong>papulns</strong></span> <span class='ocrx_word' id='word_1_680' title='bbox 3277 2843 3290 2864; x_wconf 92' lang='lat'><strong>,</strong></span> <span class='ocrx_word' id='word_1_681' title='bbox 3324 2809 3656 2852; x_wconf 87' lang='lat' dir='ltr'><strong>numerantur</strong></span> 
     </span>
    </p>
   </div>
   <div class='ocr_carea' id='block_1_88' title="bbox 2044 2885 3652 2962">
    <p class='ocr_par' dir='ltr' id='par_1_88' title="bbox 2044 2885 3652 2962">
     <span class='ocr_line' id='line_1_88' title="bbox 2044 2885 3652 2962; baseline 0 -22"><span class='ocrx_word' id='word_1_682' title='bbox 2044 2895 2095 2962; x_wconf 70' lang='grc' dir='ltr'><strong><em>ο</em></strong></span> <span class='ocrx_word' id='word_1_683' title='bbox 2124 2895 2175 2940; x_wconf 87' lang='grc' dir='ltr'><strong>ει</strong></span> <span class='ocrx_word' id='word_1_684' title='bbox 2207 2886 2397 2940; x_wconf 79' lang='lat' dir='ltr'><strong>Levita:</strong></span> <span class='ocrx_word' id='word_1_685' title='bbox 2419 2901 2435 2940; x_wconf 87' lang='lat'><strong>:</strong></span> <span class='ocrx_word' id='word_1_686' title='bbox 2457 2895 2510 2939; x_wconf 87' lang='lat' dir='ltr'><strong>et</strong></span> <span class='ocrx_word' id='word_1_687' title='bbox 2537 2885 2821 2940; x_wconf 87' lang='lat' dir='ltr'><strong>interfectis</strong></span> <span class='ocrx_word' id='word_1_688' title='bbox 2848 2885 3028 2954; x_wconf 89' lang='lat' dir='ltr'><strong>primis</strong></span> <span class='ocrx_word' id='word_1_689' title='bbox 3057 2887 3301 2940; x_wconf 88' lang='lat' dir='ltr'><strong>carnibus</strong></span> <span class='ocrx_word' id='word_1_690' title='bbox 3320 2928 3334 2951; x_wconf 93' lang='lat'><strong>,</strong></span> <span class='ocrx_word' id='word_1_691' title='bbox 3373 2903 3538 2940; x_wconf 83' lang='lat' dir='ltr'><strong>novus</strong></span> <span class='ocrx_word' id='word_1_692' title='bbox 3566 2903 3652 2956; x_wconf 83' lang='lat' dir='ltr'><strong>pu-</strong></span> 
     </span>
    </p>
   </div>
   <div class='ocr_carea' id='block_1_89' title="bbox 2124 2975 3654 3053">
    <p class='ocr_par' dir='ltr' id='par_1_89' title="bbox 2124 2975 3654 3053">
     <span class='ocr_line' id='line_1_89' title="bbox 2124 2975 3654 3053; baseline 0.003 -27"><span class='ocrx_word' id='word_1_693' title='bbox 2124 2977 2273 3044; x_wconf 89' lang='lat' dir='ltr'><strong>pulus</strong></span> <span class='ocrx_word' id='word_1_694' title='bbox 2304 2977 2391 3030; x_wconf 87' lang='lat' dir='ltr'><strong>Dei</strong></span> <span class='ocrx_word' id='word_1_695' title='bbox 2421 2986 2719 3041; x_wconf 67' lang='lat' dir='ltr'><strong>censeatur,</strong></span> <span class='ocrx_word' id='word_1_696' title='bbox 2757 2985 2813 3029; x_wconf 92' lang='lat' dir='ltr'><strong>ut</strong></span> <span class='ocrx_word' id='word_1_697' title='bbox 2837 2976 3102 3031; x_wconf 85' lang='lat' dir='ltr'><strong>ctelestem</strong></span> <span class='ocrx_word' id='word_1_698' title='bbox 3149 2975 3506 3053; x_wconf 58' lang='lat' dir='ltr'><strong>hereditatem</strong></span> <span class='ocrx_word' id='word_1_699' title='bbox 3541 2993 3654 3044; x_wconf 64' lang='lat' dir='ltr'><strong>per.</strong></span> 
     </span>
    </p>
   </div>
   <div class='ocr_carea' id='block_1_90' title="bbox 2120 3067 3656 3137">
    <p class='ocr_par' dir='ltr' id='par_1_90' title="bbox 2120 3067 3656 3137">
     <span class='ocr_line' id='line_1_90' title="bbox 2120 3067 3656 3137; baseline 0.001 -15"><span class='ocrx_word' id='word_1_700' title='bbox 2120 3070 2294 3135; x_wconf 72' lang='lat' dir='ltr'><strong>ci..iat.</strong></span> <span class='ocrx_word' id='word_1_701' title='bbox 2331 3069 2492 3121; x_wconf 76' lang='lat' dir='ltr'><strong>i‘orro</strong></span> <span class='ocrx_word' id='word_1_702' title='bbox 2522 3068 2657 3136; x_wconf 89' lang='lat' dir='ltr'><strong>quod</strong></span> <span class='ocrx_word' id='word_1_703' title='bbox 2687 3077 2928 3122; x_wconf 76' lang='lat' dir='ltr'><strong>sexcenta</strong></span> <span class='ocrx_word' id='word_1_704' title='bbox 2973 3068 3127 3120; x_wconf 87' lang='lat' dir='ltr'><strong>millia</strong></span> <span class='ocrx_word' id='word_1_705' title='bbox 3164 3082 3377 3135; x_wconf 75' lang='lat' dir='ltr'><strong>egressa</strong></span> <span class='ocrx_word' id='word_1_706' title='bbox 3407 3068 3471 3122; x_wconf 85' lang='lat' dir='ltr'><strong>de</strong></span> <span class='ocrx_word' id='word_1_707' title='bbox 3501 3067 3656 3137; x_wconf 59' lang='lat' dir='ltr'><strong>Egy-</strong></span> 
     </span>
    </p>
   </div>
   <div class='ocr_carea' id='block_1_91' title="bbox 2124 3159 3655 3226">
    <p class='ocr_par' dir='ltr' id='par_1_91' title="bbox 2124 3159 3655 3226">
     <span class='ocr_line' id='line_1_91' title="bbox 2124 3159 3655 3226; baseline 0.003 -17"><span class='ocrx_word' id='word_1_708' title='bbox 2124 3170 2209 3226; x_wconf 82' lang='lat' dir='ltr'><strong>pto</strong></span> <span class='ocrx_word' id='word_1_709' title='bbox 2234 3170 2594 3222; x_wconf 84' lang='lat' dir='ltr'><strong>numerantur,</strong></span> <span class='ocrx_word' id='word_1_710' title='bbox 2627 3170 2679 3212; x_wconf 87' lang='lat' dir='ltr'><strong>et</strong></span> <span class='ocrx_word' id='word_1_711' title='bbox 2706 3175 2771 3213; x_wconf 79' lang='lat' dir='ltr'><strong>ex</strong></span> <span class='ocrx_word' id='word_1_712' title='bbox 2814 3159 2940 3226; x_wconf 85' lang='lat' dir='ltr'><strong>ipsis</strong></span> <span class='ocrx_word' id='word_1_713' title='bbox 2980 3159 3082 3211; x_wconf 90' lang='lat' dir='ltr'><strong>duo</strong></span> <span class='ocrx_word' id='word_1_714' title='bbox 3125 3166 3327 3211; x_wconf 90' lang='lat' dir='ltr'><strong>tantum</strong></span> <span class='ocrx_word' id='word_1_715' title='bbox 3360 3169 3550 3213; x_wconf 84' lang='lat' dir='ltr'><strong>terram</strong></span> <span class='ocrx_word' id='word_1_716' title='bbox 3580 3176 3655 3213; x_wconf 83' lang='lat' dir='ltr'><strong>re-</strong></span> 
     </span>
    </p>
   </div>
   <div class='ocr_carea' id='block_1_92' title="bbox 2123 3247 3653 3316">
    <p class='ocr_par' dir='ltr' id='par_1_92' title="bbox 2123 3247 3653 3316">
     <span class='ocr_line' id='line_1_92' title="bbox 2123 3247 3653 3316; baseline -0.001 -15"><span class='ocrx_word' id='word_1_717' title='bbox 2123 3249 2486 3316; x_wconf 79' lang='lat' dir='ltr'><strong>promissionis</strong></span> <span class='ocrx_word' id='word_1_718' title='bbox 2517 3250 2768 3313; x_wconf 85' lang='lat' dir='ltr'><strong>ingressi;</strong></span> <span class='ocrx_word' id='word_1_719' title='bbox 2796 3250 2875 3300; x_wconf 88' lang='lat' dir='ltr'><strong>sic</strong></span> <span class='ocrx_word' id='word_1_720' title='bbox 2913 3257 2967 3299; x_wconf 90' lang='lat' dir='ltr'><strong>et</strong></span> <span class='ocrx_word' id='word_1_721' title='bbox 3009 3247 3059 3299; x_wconf 93' lang='lat' dir='ltr'><strong>in</strong></span> <span class='ocrx_word' id='word_1_722' title='bbox 3101 3248 3383 3315; x_wconf 77' lang='lat' dir='ltr'><strong>Evangelio</strong></span> <span class='ocrx_word' id='word_1_723' title='bbox 3411 3249 3653 3316; x_wconf 84' lang='lat' dir='ltr'><strong>scriptum</strong></span> 
     </span>
    </p>
   </div>
   <div class='ocr_carea' id='block_1_93' title="bbox 2120 3334 3654 3402">
    <p class='ocr_par' dir='ltr' id='par_1_93' title="bbox 2120 3334 3654 3402">
     <span class='ocr_line' id='line_1_93' title="bbox 2120 3334 3654 3402; baseline -0.002 -11"><span class='ocrx_word' id='word_1_724' title='bbox 2120 3347 2220 3398; x_wconf 88' lang='lat' dir='ltr'><strong>est,</strong></span> <span class='ocrx_word' id='word_1_725' title='bbox 2243 3337 2393 3388; x_wconf 77' lang='lat' dir='ltr'><strong>Mulli</strong></span> <span class='ocrx_word' id='word_1_726' title='bbox 2408 3349 2521 3388; x_wconf 83' lang='lat' dir='ltr'><strong>sunt</strong></span> <span class='ocrx_word' id='word_1_727' title='bbox 2539 3335 2716 3397; x_wconf 77' lang='lat' dir='ltr'><strong>vocati,</strong></span> <span class='ocrx_word' id='word_1_728' title='bbox 2737 3336 2881 3402; x_wconf 87' lang='lat' dir='ltr'><strong>pauci</strong></span> <span class='ocrx_word' id='word_1_729' title='bbox 2899 3349 3010 3387; x_wconf 75' lang='lat' dir='ltr'><strong>vero</strong></span> <span class='ocrx_word' id='word_1_730' title='bbox 3026 3334 3187 3387; x_wconf 83' lang='lat' dir='ltr'><strong>electi.</strong></span> <span class='ocrx_word' id='word_1_731' title='bbox 3207 3338 3352 3400; x_wconf 84' lang='lat' dir='ltr'><strong>Quod</strong></span> <span class='ocrx_word' id='word_1_732' title='bbox 3373 3348 3547 3389; x_wconf 82' lang='lat' dir='ltr'><strong>autem</strong></span> <span class='ocrx_word' id='word_1_733' title='bbox 3562 3340 3654 3388; x_wconf 84' lang='lat' dir='ltr'><strong>dua</strong></span> 
     </span>
    </p>
   </div>
   <div class='ocr_carea' id='block_1_94' title="bbox 2122 3423 3654 3493">
    <p class='ocr_par' dir='ltr' id='par_1_94' title="bbox 2122 3423 3654 3493">
     <span class='ocr_line' id='line_1_94' title="bbox 2122 3423 3654 3493; baseline -0.001 -13"><span class='ocrx_word' id='word_1_734' title='bbox 2122 3434 2318 3480; x_wconf 76' lang='lat' dir='ltr'><strong>tantum</strong></span> <span class='ocrx_word' id='word_1_735' title='bbox 2343 3424 2614 3493; x_wconf 82' lang='lat' dir='ltr'><strong>iugrediun</strong></span> <span class='ocrx_word' id='word_1_736' title='bbox 2626 3433 2727 3487; x_wconf 92' lang='lat' dir='ltr'><strong>tur,</strong></span> <span class='ocrx_word' id='word_1_737' title='bbox 2747 3423 2973 3478; x_wconf 85' lang='lat' dir='ltr'><strong>ostendit</strong></span> <span class='ocrx_word' id='word_1_738' title='bbox 2987 3438 3050 3476; x_wconf 80' lang='lat' dir='ltr'><strong>ex</strong></span> <span class='ocrx_word' id='word_1_739' title='bbox 3065 3433 3282 3492; x_wconf 85' lang='lat' dir='ltr'><strong>utroque</strong></span> <span class='ocrx_word' id='word_1_740' title='bbox 3303 3427 3493 3493; x_wconf 84' lang='lat' dir='ltr'><strong>popqu</strong></span> <span class='ocrx_word' id='word_1_741' title='bbox 3507 3429 3654 3480; x_wconf 71' lang='lat' dir='ltr'><strong>caele-</strong></span> 
     </span>
    </p>
   </div>
   <div class='ocr_carea' id='block_1_95' title="bbox 2121 3515 3712 3583">
    <p class='ocr_par' dir='ltr' id='par_1_95' title="bbox 2121 3515 3712 3583">
     <span class='ocr_line' id='line_1_95' title="bbox 2121 3515 3712 3583; baseline -0.001 -13"><span class='ocrx_word' id='word_1_742' title='bbox 2121 3529 2251 3572; x_wconf 85' lang='lat' dir='ltr'><strong>stem</strong></span> <span class='ocrx_word' id='word_1_743' title='bbox 2277 3521 2434 3570; x_wconf 89' lang='lat' dir='ltr'><strong>vitam</strong></span> <span class='ocrx_word' id='word_1_744' title='bbox 2458 3515 2674 3582; x_wconf 64' lang='lat' dir='ltr'><strong>adipisci</strong></span> <span class='ocrx_word' id='word_1_745' title='bbox 2709 3533 2723 3570; x_wconf 91' lang='lat'><strong>:</strong></span> <span class='ocrx_word' id='word_1_746' title='bbox 2757 3515 2837 3567; x_wconf 73' lang='lat' dir='ltr'><strong>vel</strong></span> <span class='ocrx_word' id='word_1_747' title='bbox 2871 3524 3082 3583; x_wconf 91' lang='lat' dir='ltr'><strong>propter</strong></span> <span class='ocrx_word' id='word_1_748' title='bbox 3107 3515 3235 3568; x_wconf 78' lang='lat' dir='ltr'><strong>duas</strong></span> <span class='ocrx_word' id='word_1_749' title='bbox 3266 3520 3414 3581; x_wconf 80' lang='lat' dir='ltr'><strong>vitas,</strong></span> <span class='ocrx_word' id='word_1_750' title='bbox 3443 3519 3654 3569; x_wconf 81' lang='lat' dir='ltr'><strong>aetionis</strong></span> <span class='ocrx_word' id='word_1_751' title='bbox 3710 3572 3712 3574; x_wconf 29' lang='grc' dir='ltr'><strong><em>τ</em></strong></span> 
     </span>
    </p>
   </div>
   <div class='ocr_carea' id='block_1_96' title="bbox 2120 3605 3651 3675">
    <p class='ocr_par' dir='ltr' id='par_1_96' title="bbox 2120 3605 3651 3675">
     <span class='ocr_line' id='line_1_96' title="bbox 2120 3605 3651 3675; baseline -0.001 -16"><span class='ocrx_word' id='word_1_752' title='bbox 2120 3617 2176 3660; x_wconf 84' lang='grc' dir='ltr'><strong>ει</strong></span> <span class='ocrx_word' id='word_1_753' title='bbox 2223 3606 2696 3673; x_wconf 86' lang='lat' dir='ltr'><strong>contemplationis.</strong></span> <span class='ocrx_word' id='word_1_754' title='bbox 2752 3605 2947 3660; x_wconf 82' lang='lat' dir='ltr'><strong>Dehinc</strong></span> <span class='ocrx_word' id='word_1_755' title='bbox 2999 3607 3225 3675; x_wconf 91' lang='lat' dir='ltr'><strong>quinque</strong></span> <span class='ocrx_word' id='word_1_756' title='bbox 3269 3607 3387 3660; x_wconf 73' lang='lat' dir='ltr'><strong>lilia:</strong></span> <span class='ocrx_word' id='word_1_757' title='bbox 3427 3611 3651 3675; x_wconf 74' lang='lat' dir='ltr'><strong>Salpbat,</strong></span> 
     </span>
    </p>
   </div>
   <div class='ocr_carea' id='block_1_97' title="bbox 2127 3696 3650 3773">
    <p class='ocr_par' dir='ltr' id='par_1_97' title="bbox 2127 3696 3650 3773">
     <span class='ocr_line' id='line_1_97' title="bbox 2127 3696 3650 3773; baseline -0.003 -23"><span class='ocrx_word' id='word_1_758' title='bbox 2127 3699 2214 3750; x_wconf 64' lang='lat' dir='ltr'><strong>Dei</strong></span> <span class='ocrx_word' id='word_1_759' title='bbox 2240 3696 2434 3765; x_wconf 85' lang='lat' dir='ltr'><strong>judicio</strong></span> <span class='ocrx_word' id='word_1_760' title='bbox 2466 3696 2819 3773; x_wconf 32' lang='lat' dir='ltr'><strong>Ita-redit&#39;atem</strong></span> <span class='ocrx_word' id='word_1_761' title='bbox 2844 3697 3104 3762; x_wconf 84' lang='lat' dir='ltr'><strong>accipiunt</strong></span> <span class='ocrx_word' id='word_1_762' title='bbox 3132 3698 3266 3749; x_wconf 84' lang='lat' dir='ltr'><strong>inter</strong></span> <span class='ocrx_word' id='word_1_763' title='bbox 3299 3697 3488 3750; x_wconf 74' lang='lat' dir='ltr'><strong>fratres</strong></span> <span class='ocrx_word' id='word_1_764' title='bbox 3517 3714 3650 3757; x_wconf 79' lang='lat' dir='ltr'><strong>suus,</strong></span> 
     </span>
    </p>
   </div>
   <div class='ocr_carea' id='block_1_98' title="bbox 2121 3785 3648 3856">
    <p class='ocr_par' dir='ltr' id='par_1_98' title="bbox 2121 3785 3648 3856">
     <span class='ocr_line' id='line_1_98' title="bbox 2121 3785 3648 3856; baseline -0.004 -16"><span class='ocrx_word' id='word_1_765' title='bbox 2121 3788 2238 3856; x_wconf 86' lang='lat' dir='ltr'><strong>quia</strong></span> <span class='ocrx_word' id='word_1_766' title='bbox 2268 3802 2362 3840; x_wconf 89' lang='lat' dir='ltr'><strong>nec</strong></span> <span class='ocrx_word' id='word_1_767' title='bbox 2384 3787 2509 3854; x_wconf 65' lang='lat' dir='ltr'><strong>legis</strong></span> <span class='ocrx_word' id='word_1_768' title='bbox 2534 3787 2679 3851; x_wconf 78' lang='lat' dir='ltr'><strong>plebs</strong></span> <span class='ocrx_word' id='word_1_769' title='bbox 2704 3785 2768 3836; x_wconf 86' lang='lat' dir='ltr'><strong>ab</strong></span> <span class='ocrx_word' id='word_1_770' title='bbox 2791 3785 3052 3851; x_wconf 77' lang='lat' dir='ltr'><strong>Evmgclii</strong></span> <span class='ocrx_word' id='word_1_771' title='bbox 3082 3787 3323 3851; x_wconf 71' lang='lat' dir='ltr'><strong>puSaitIItc</strong></span> <span class='ocrx_word' id='word_1_772' title='bbox 3340 3787 3648 3838; x_wconf 75' lang='lat' dir='ltr'><strong>excluditur.</strong></span> 
     </span>
    </p>
   </div>
   <div class='ocr_carea' id='block_1_99' title="bbox 2664 3894 3125 3974">
    <p class='ocr_par' dir='ltr' id='par_1_99' title="bbox 2664 3894 3125 3974">
     <span class='ocr_line' id='line_1_99' title="bbox 2664 3894 3125 3974; baseline -0.004 -26"><span class='ocrx_word' id='word_1_773' title='bbox 2664 3895 2882 3949; x_wconf 67' lang='lat' dir='ltr'><strong>CAPUT</strong></span> <span class='ocrx_word' id='word_1_774' title='bbox 2921 3894 3125 3974; x_wconf 70' lang='lat' dir='ltr'><strong>xxvu.</strong></span> 
     </span>
    </p>
   </div>
   <div class='ocr_carea' id='block_1_100' title="bbox 2191 3981 3648 4056">
    <p class='ocr_par' dir='ltr' id='par_1_100' title="bbox 2191 3981 3648 4056">
     <span class='ocr_line' id='line_1_100' title="bbox 2191 3981 3648 4056; baseline -0.006 -14"><span class='ocrx_word' id='word_1_775' title='bbox 2191 3987 2406 4056; x_wconf 82' lang='lat' dir='ltr'><strong>Salphat</strong></span> <span class='ocrx_word' id='word_1_776' title='bbox 2453 3987 2643 4054; x_wconf 83' lang='lat' dir='ltr'><strong>quippe</strong></span> <span class='ocrx_word' id='word_1_777' title='bbox 2695 3985 2875 4037; x_wconf 86' lang='lat' dir='ltr'><strong>umbra</strong></span> <span class='ocrx_word' id='word_1_778' title='bbox 2923 3981 3239 4036; x_wconf 81' lang='lat' dir='ltr'><strong>fortitudinis</strong></span> <span class='ocrx_word' id='word_1_779' title='bbox 3270 3985 3648 4052; x_wconf 85' lang='lat' dir='ltr'><strong>interpretatur,</strong></span> 
     </span>
    </p>
   </div>
   <div class='ocr_carea' id='block_1_101' title="bbox 2122 4076 3649 4148">
    <p class='ocr_par' dir='ltr' id='par_1_101' title="bbox 2122 4076 3649 4148">
     <span class='ocr_line' id='line_1_101' title="bbox 2122 4076 3649 4148; baseline -0.003 -14"><span class='ocrx_word' id='word_1_780' title='bbox 2122 4081 2240 4148; x_wconf 86' lang='lat' dir='ltr'><strong>quia</strong></span> <span class='ocrx_word' id='word_1_781' title='bbox 2275 4084 2324 4132; x_wconf 89' lang='lat' dir='ltr'><strong>itt</strong></span> <span class='ocrx_word' id='word_1_782' title='bbox 2353 4080 2465 4146; x_wconf 82' lang='lat' dir='ltr'><strong>lege</strong></span> <span class='ocrx_word' id='word_1_783' title='bbox 2494 4080 2591 4130; x_wconf 80' lang='lat' dir='ltr'><strong>sub</strong></span> <span class='ocrx_word' id='word_1_784' title='bbox 2632 4078 2812 4128; x_wconf 76' lang='lat' dir='ltr'><strong>umbra</strong></span> <span class='ocrx_word' id='word_1_785' title='bbox 2848 4077 3135 4131; x_wconf 87' lang='lat' dir='ltr'><strong>occidentis</strong></span> <span class='ocrx_word' id='word_1_786' title='bbox 3180 4080 3365 4132; x_wconf 72' lang='lat' dir='ltr'><strong>littera:</strong></span> <span class='ocrx_word' id='word_1_787' title='bbox 3413 4076 3649 4133; x_wconf 60' lang='lat' dir='ltr'><strong>fortitut&#39;o</strong></span> 
     </span>
    </p>
   </div>
   <div class='ocr_carea' id='block_1_102' title="bbox 2116 4169 2944 4236">
    <p class='ocr_par' dir='ltr' id='par_1_102' title="bbox 2116 4169 2944 4236">
     <span class='ocr_line' id='line_1_102' title="bbox 2116 4169 2944 4236; baseline -0.004 -12"><span class='ocrx_word' id='word_1_788' title='bbox 2116 4171 2401 4236; x_wconf 73' lang='lat' dir='ltr'><strong>Spiriluaits</strong></span> <span class='ocrx_word' id='word_1_789' title='bbox 2431 4169 2747 4222; x_wconf 76' lang='lat' dir='ltr'><strong>sacramenti</strong></span> <span class='ocrx_word' id='word_1_790' title='bbox 2779 4170 2944 4221; x_wconf 87' lang='lat' dir='ltr'><strong>latuit.</strong></span> 
     </span>
    </p>
   </div>
   <div class='ocr_carea' id='block_1_103' title="bbox 2574 4260 3209 4336">
    <p class='ocr_par' dir='ltr' id='par_1_103' title="bbox 2574 4260 3209 4336">
     <span class='ocr_line' id='line_1_103' title="bbox 2574 4260 3209 4336; baseline 0.008 -5"><span class='ocrx_word' id='word_1_791' title='bbox 2574 4260 3209 4336; x_wconf 59' lang='lat' dir='ltr'><strong>Carp.xxvnsxxx.</strong></span> 
     </span>
    </p>
   </div>
   <div class='ocr_carea' id='block_1_104' title="bbox 2193 4387 3644 4461">
    <p class='ocr_par' dir='ltr' id='par_1_104' title="bbox 2193 4387 3644 4461">
     <span class='ocr_line' id='line_1_104' title="bbox 2193 4387 3644 4461; baseline 0 -21"><span class='ocrx_word' id='word_1_792' title='bbox 2193 4387 2306 4440; x_wconf 71' lang='lat' dir='ltr'><strong>l’ost</strong></span> <span class='ocrx_word' id='word_1_793' title='bbox 2339 4391 2448 4443; x_wconf 68' lang='grc' dir='ltr'>ιιωε</span> <span class='ocrx_word' id='word_1_794' title='bbox 2468 4390 2618 4444; x_wconf 70' lang='lat' dir='ltr'><strong>lcsus</strong></span> <span class='ocrx_word' id='word_1_795' title='bbox 2641 4391 2803 4459; x_wconf 83' lang='lat' dir='ltr'><strong>Iluysi</strong></span> <span class='ocrx_word' id='word_1_796' title='bbox 2837 4391 2888 4442; x_wconf 89' lang='lat' dir='ltr'><strong>itt</strong></span> <span class='ocrx_word' id='word_1_797' title='bbox 2913 4399 3090 4445; x_wconf 89' lang='lat' dir='ltr'><strong>monte</strong></span> <span class='ocrx_word' id='word_1_798' title='bbox 3109 4392 3362 4455; x_wconf 88' lang='lat' dir='ltr'><strong>succedit,</strong></span> <span class='ocrx_word' id='word_1_799' title='bbox 3387 4391 3487 4461; x_wconf 85' lang='lat' dir='ltr'><strong>legi</strong></span> <span class='ocrx_word' id='word_1_800' title='bbox 3513 4393 3644 4446; x_wconf 77' lang='lat' dir='ltr'><strong>enim</strong></span> 
     </span>
    </p>
   </div>
   <div class='ocr_carea' id='block_1_105' title="bbox 2119 4481 3641 4551">
    <p class='ocr_par' dir='ltr' id='par_1_105' title="bbox 2119 4481 3641 4551">
     <span class='ocr_line' id='line_1_105' title="bbox 2119 4481 3641 4551; baseline 0.003 -22"><span class='ocrx_word' id='word_1_801' title='bbox 2119 4481 2348 4532; x_wconf 67' lang='lat' dir='ltr'><strong>sucwdit</strong></span> <span class='ocrx_word' id='word_1_802' title='bbox 2382 4482 2740 4548; x_wconf 76' lang='lat' dir='ltr'><strong>Evangelium,</strong></span> <span class='ocrx_word' id='word_1_803' title='bbox 2765 4483 2817 4532; x_wconf 90' lang='lat' dir='ltr'><strong>in</strong></span> <span class='ocrx_word' id='word_1_804' title='bbox 2842 4497 2944 4549; x_wconf 88' lang='lat' dir='ltr'><strong>quo</strong></span> <span class='ocrx_word' id='word_1_805' title='bbox 2977 4493 3233 4549; x_wconf 60' lang='lat' dir='ltr'><strong>praecepta</strong></span> <span class='ocrx_word' id='word_1_806' title='bbox 3259 4484 3389 4550; x_wconf 84' lang='lat' dir='ltr'><strong>legis</strong></span> <span class='ocrx_word' id='word_1_807' title='bbox 3415 4483 3641 4551; x_wconf 80' lang='lat' dir='ltr'><strong>spiritua-</strong></span> 
     </span>
    </p>
   </div>
   <div class='ocr_carea' id='block_1_106' title="bbox 2118 4570 3644 4642">
    <p class='ocr_par' dir='ltr' id='par_1_106' title="bbox 2118 4570 3644 4642">
     <span class='ocr_line' id='line_1_106' title="bbox 2118 4570 3644 4642; baseline 0.001 -19"><span class='ocrx_word' id='word_1_808' title='bbox 2118 4570 2238 4623; x_wconf 89' lang='lat' dir='ltr'><strong>liter</strong></span> <span class='ocrx_word' id='word_1_809' title='bbox 2268 4572 2574 4638; x_wconf 88' lang='lat' dir='ltr'><strong>implentur;</strong></span> <span class='ocrx_word' id='word_1_810' title='bbox 2606 4582 2658 4624; x_wconf 86' lang='lat' dir='ltr'><strong>et</strong></span> <span class='ocrx_word' id='word_1_811' title='bbox 2686 4572 3028 4637; x_wconf 88' lang='lat' dir='ltr'><strong>admonemur</strong></span> <span class='ocrx_word' id='word_1_812' title='bbox 3050 4576 3169 4641; x_wconf 89' lang='lat' dir='ltr'><strong>quid</strong></span> <span class='ocrx_word' id='word_1_813' title='bbox 3211 4575 3445 4642; x_wconf 87' lang='lat' dir='ltr'><strong>quotidie</strong></span> <span class='ocrx_word' id='word_1_814' title='bbox 3468 4575 3644 4626; x_wconf 81' lang='lat' dir='ltr'><strong>offerre</strong></span> 
     </span>
    </p>
   </div>
   <div class='ocr_carea' id='block_1_107' title="bbox 2118 4662 3642 4732">
    <p class='ocr_par' dir='ltr' id='par_1_107' title="bbox 2118 4662 3642 4732">
     <span class='ocr_line' id='line_1_107' title="bbox 2118 4662 3642 4732; baseline -0.001 -16"><span class='ocrx_word' id='word_1_815' title='bbox 2118 4664 2367 4717; x_wconf 81' lang='lat' dir='ltr'><strong>debemus</strong></span> <span class='ocrx_word' id='word_1_816' title='bbox 2387 4707 2400 4728; x_wconf 91' lang='lat'><strong>,</strong></span> <span class='ocrx_word' id='word_1_817' title='bbox 2434 4671 2646 4729; x_wconf 85' lang='lat' dir='ltr'><strong>prOptcr</strong></span> <span class='ocrx_word' id='word_1_818' title='bbox 2670 4662 3028 4730; x_wconf 83' lang='lat' dir='ltr'><strong>quotidianum</strong></span> <span class='ocrx_word' id='word_1_819' title='bbox 3078 4665 3306 4718; x_wconf 84' lang='lat' dir='ltr'><strong>laborent</strong></span> <span class='ocrx_word' id='word_1_820' title='bbox 3337 4682 3350 4717; x_wconf 88' lang='lat'><strong>:</strong></span> <span class='ocrx_word' id='word_1_821' title='bbox 3374 4676 3429 4718; x_wconf 85' lang='lat' dir='ltr'><strong>et</strong></span> <span class='ocrx_word' id='word_1_822' title='bbox 3457 4663 3576 4732; x_wconf 88' lang='lat' dir='ltr'><strong>quid</strong></span> <span class='ocrx_word' id='word_1_823' title='bbox 3600 4664 3642 4715; x_wconf 92' lang='lat' dir='ltr'><strong>itI</strong></span> 
     </span>
    </p>
   </div>
   <div class='ocr_carea' id='block_1_108' title="bbox 2117 4751 3643 4823">
    <p class='ocr_par' dir='ltr' id='par_1_108' title="bbox 2117 4751 3643 4823">
     <span class='ocr_line' id='line_1_108' title="bbox 2117 4751 3643 4823; baseline -0.004 -15"><span class='ocrx_word' id='word_1_824' title='bbox 2117 4755 2354 4819; x_wconf 87' lang='lat' dir='ltr'><strong>sabbato,</strong></span> <span class='ocrx_word' id='word_1_825' title='bbox 2379 4764 2588 4820; x_wconf 86' lang='lat' dir='ltr'><strong>propter</strong></span> <span class='ocrx_word' id='word_1_826' title='bbox 2609 4768 2753 4817; x_wconf 86' lang='lat' dir='ltr'><strong>spem</strong></span> <span class='ocrx_word' id='word_1_827' title='bbox 2778 4752 2964 4820; x_wconf 84' lang='lat' dir='ltr'><strong>quietis</strong></span> <span class='ocrx_word' id='word_1_828' title='bbox 2992 4763 3231 4818; x_wconf 72' lang='lat' dir='ltr'><strong>:cteruae;</strong></span> <span class='ocrx_word' id='word_1_829' title='bbox 3258 4764 3311 4807; x_wconf 89' lang='lat' dir='ltr'><strong>et</strong></span> <span class='ocrx_word' id='word_1_830' title='bbox 3331 4754 3457 4823; x_wconf 89' lang='lat' dir='ltr'><strong>quid</strong></span> <span class='ocrx_word' id='word_1_831' title='bbox 3484 4755 3534 4806; x_wconf 93' lang='lat' dir='ltr'><strong>in</strong></span> <span class='ocrx_word' id='word_1_832' title='bbox 3557 4751 3643 4805; x_wconf 82' lang='lat' dir='ltr'><strong>iia-</strong></span> 
     </span>
    </p>
   </div>
   <div class='ocr_carea' id='block_1_109' title="bbox 2119 4841 3642 4912">
    <p class='ocr_par' dir='ltr' id='par_1_109' title="bbox 2119 4841 3642 4912">
     <span class='ocr_line' id='line_1_109' title="bbox 2119 4841 3642 4912; baseline -0.003 -13"><span class='ocrx_word' id='word_1_833' title='bbox 2119 4846 2302 4907; x_wconf 84' lang='lat' dir='ltr'><strong>lendis,</strong></span> <span class='ocrx_word' id='word_1_834' title='bbox 2324 4854 2534 4912; x_wconf 74' lang='lat' dir='ltr'><strong>propter</strong></span> <span class='ocrx_word' id='word_1_835' title='bbox 2557 4842 2934 4896; x_wconf 81' lang='lat' dir='ltr'><strong>invocationem</strong></span> <span class='ocrx_word' id='word_1_836' title='bbox 2957 4841 3111 4906; x_wconf 69' lang='lat' dir='ltr'><strong>vitae;</strong></span> <span class='ocrx_word' id='word_1_837' title='bbox 3140 4855 3190 4895; x_wconf 92' lang='lat' dir='ltr'><strong>et</strong></span> <span class='ocrx_word' id='word_1_838' title='bbox 3211 4844 3332 4908; x_wconf 87' lang='lat' dir='ltr'><strong>quid</strong></span> <span class='ocrx_word' id='word_1_839' title='bbox 3359 4843 3410 4895; x_wconf 88' lang='lat' dir='ltr'><strong>in</strong></span> <span class='ocrx_word' id='word_1_840' title='bbox 3436 4843 3642 4904; x_wconf 79' lang='lat' dir='ltr'><strong>Pascha,</strong></span> 
     </span>
    </p>
   </div>
   <div class='ocr_carea' id='block_1_110' title="bbox 2117 4931 3638 5004">
    <p class='ocr_par' dir='ltr' id='par_1_110' title="bbox 2117 4931 3638 5004">
     <span class='ocr_line' id='line_1_110' title="bbox 2117 4931 3638 5004; baseline -0.001 -17"><span class='ocrx_word' id='word_1_841' title='bbox 2117 4935 2323 5004; x_wconf 86' lang='lat' dir='ltr'><strong>quando</strong></span> <span class='ocrx_word' id='word_1_842' title='bbox 2352 4932 2737 4996; x_wconf 49' lang='lat' dir='ltr'><strong>conrepelimur</strong></span> <span class='ocrx_word' id='word_1_843' title='bbox 2785 4945 2900 4983; x_wconf 88' lang='lat' dir='ltr'><strong>cum</strong></span> <span class='ocrx_word' id='word_1_844' title='bbox 2932 4931 3138 4983; x_wconf 87' lang='lat' dir='ltr'><strong>Christo</strong></span> <span class='ocrx_word' id='word_1_845' title='bbox 3179 4947 3270 4998; x_wconf 82' lang='lat' dir='ltr'><strong>per</strong></span> <span class='ocrx_word' id='word_1_846' title='bbox 3317 4932 3638 4999; x_wconf 79' lang='lat' dir='ltr'><strong>baptismum,</strong></span> 
     </span>
    </p>
   </div>
   <div class='ocr_carea' id='block_1_111' title="bbox 2118 5019 3639 5091">
    <p class='ocr_par' dir='ltr' id='par_1_111' title="bbox 2118 5019 3639 5091">
     <span class='ocr_line' id='line_1_111' title="bbox 2118 5019 3639 5091; baseline -0.004 -13"><span class='ocrx_word' id='word_1_847' title='bbox 2118 5024 2324 5091; x_wconf 90' lang='lat' dir='ltr'><strong>quando</strong></span> <span class='ocrx_word' id='word_1_848' title='bbox 2352 5038 2379 5073; x_wconf 90' lang='lat' dir='ltr'><strong>a</strong></span> <span class='ocrx_word' id='word_1_849' title='bbox 2409 5023 2625 5075; x_wconf 82' lang='lat' dir='ltr'><strong>mortuis</strong></span> <span class='ocrx_word' id='word_1_850' title='bbox 2657 5021 2937 5072; x_wconf 84' lang='lat' dir='ltr'><strong>transimus</strong></span> <span class='ocrx_word' id='word_1_851' title='bbox 2957 5022 3020 5071; x_wconf 38' lang='lat' dir='ltr'><strong>aii</strong></span> <span class='ocrx_word' id='word_1_852' title='bbox 3048 5023 3166 5072; x_wconf 64' lang='lat' dir='ltr'><strong>vitm</strong></span> <span class='ocrx_word' id='word_1_853' title='bbox 3192 5022 3508 5084; x_wconf 80' lang='lat' dir='ltr'><strong>novitatem;</strong></span> <span class='ocrx_word' id='word_1_854' title='bbox 3533 5019 3639 5087; x_wconf 87' lang='lat' dir='ltr'><strong>quid</strong></span> 
     </span>
    </p>
   </div>
   <div class='ocr_carea' id='block_1_112' title="bbox 2119 5109 3641 5179">
    <p class='ocr_par' dir='ltr' id='par_1_112' title="bbox 2119 5109 3641 5179">
     <span class='ocr_line' id='line_1_112' title="bbox 2119 5109 3641 5179; baseline -0.005 -12"><span class='ocrx_word' id='word_1_855' title='bbox 2119 5117 2168 5168; x_wconf 90' lang='lat' dir='ltr'><strong>iu</strong></span> <span class='ocrx_word' id='word_1_856' title='bbox 2219 5113 2559 5174; x_wconf 73' lang='lat' dir='ltr'><strong>i‘enteCoste,</strong></span> <span class='ocrx_word' id='word_1_857' title='bbox 2594 5122 2802 5177; x_wconf 78' lang='lat' dir='ltr'><strong>propter</strong></span> <span class='ocrx_word' id='word_1_858' title='bbox 2845 5109 3062 5177; x_wconf 79' lang='lat' dir='ltr'><strong>gratiam</strong></span> <span class='ocrx_word' id='word_1_859' title='bbox 3110 5114 3338 5179; x_wconf 83' lang='lat' dir='ltr'><strong>Spiritus</strong></span> <span class='ocrx_word' id='word_1_860' title='bbox 3387 5112 3572 5174; x_wconf 77' lang='lat' dir='ltr'><strong>sancti,</strong></span> <span class='ocrx_word' id='word_1_861' title='bbox 3598 5117 3641 5161; x_wconf 89' lang='lat' dir='ltr'><strong>et</strong></span> 
     </span>
    </p>
   </div>
   <div class='ocr_carea' id='block_1_113' title="bbox 2120 5198 3640 5267">
    <p class='ocr_par' dir='ltr' id='par_1_113' title="bbox 2120 5198 3640 5267">
     <span class='ocr_line' id='line_1_113' title="bbox 2120 5198 3640 5267; baseline -0.005 -12"><span class='ocrx_word' id='word_1_862' title='bbox 2120 5204 2478 5255; x_wconf 81' lang='lat' dir='ltr'><strong>remissionem</strong></span> <span class='ocrx_word' id='word_1_863' title='bbox 2510 5211 2867 5267; x_wconf 80' lang='lat' dir='ltr'><strong>peccatorum;</strong></span> <span class='ocrx_word' id='word_1_864' title='bbox 2898 5200 3016 5267; x_wconf 84' lang='lat' dir='ltr'><strong>quid</strong></span> <span class='ocrx_word' id='word_1_865' title='bbox 3063 5203 3112 5252; x_wconf 94' lang='lat' dir='ltr'><strong>in</strong></span> <span class='ocrx_word' id='word_1_866' title='bbox 3143 5200 3435 5254; x_wconf 83' lang='lat' dir='ltr'><strong>neotueniis</strong></span> <span class='ocrx_word' id='word_1_867' title='bbox 3462 5198 3640 5252; x_wconf 80' lang='lat' dir='ltr'><strong>mensis</strong></span> 
     </span>
    </p>
   </div>
   <div class='ocr_carea' id='block_1_114' title="bbox 2120 5288 3638 5358">
    <p class='ocr_par' dir='ltr' id='par_1_114' title="bbox 2120 5288 3638 5358">
     <span class='ocr_line' id='line_1_114' title="bbox 2120 5288 3638 5358; baseline -0.001 -17"><span class='ocrx_word' id='word_1_868' title='bbox 2120 5288 2347 5354; x_wconf 85' lang='lat' dir='ltr'><strong>septimi,</strong></span> <span class='ocrx_word' id='word_1_869' title='bbox 2368 5295 2578 5354; x_wconf 80' lang='lat' dir='ltr'><strong>propter</strong></span> <span class='ocrx_word' id='word_1_870' title='bbox 2597 5289 2814 5354; x_wconf 83' lang='lat' dir='ltr'><strong>gratiam</strong></span> <span class='ocrx_word' id='word_1_871' title='bbox 2837 5288 3061 5357; x_wconf 81' lang='lat' dir='ltr'><strong>Spiritus</strong></span> <span class='ocrx_word' id='word_1_872' title='bbox 3085 5292 3248 5344; x_wconf 84' lang='lat' dir='ltr'><strong>sancti</strong></span> <span class='ocrx_word' id='word_1_873' title='bbox 3274 5289 3638 5358; x_wconf 80' lang='lat' dir='ltr'><strong>septiformem;</strong></span> 
     </span>
    </p>
   </div>
   <div class='ocr_carea' id='block_1_115' title="bbox 2120 5374 3639 5449">
    <p class='ocr_par' dir='ltr' id='par_1_115' title="bbox 2120 5374 3639 5449">
     <span class='ocr_line' id='line_1_115' title="bbox 2120 5374 3639 5449; baseline 0 -24"><span class='ocrx_word' id='word_1_874' title='bbox 2120 5376 2242 5442; x_wconf 85' lang='lat' dir='ltr'><strong>quid</strong></span> <span class='ocrx_word' id='word_1_875' title='bbox 2270 5377 2318 5427; x_wconf 92' lang='lat' dir='ltr'><strong>in</strong></span> <span class='ocrx_word' id='word_1_876' title='bbox 2343 5374 2542 5442; x_wconf 76' lang='lat' dir='ltr'><strong>jejunio</strong></span> <span class='ocrx_word' id='word_1_877' title='bbox 2573 5377 2806 5442; x_wconf 84' lang='lat' dir='ltr'><strong>ejusdem</strong></span> <span class='ocrx_word' id='word_1_878' title='bbox 2835 5382 3050 5444; x_wconf 80' lang='lat' dir='ltr'><strong>mensis,</strong></span> <span class='ocrx_word' id='word_1_879' title='bbox 3079 5383 3290 5449; x_wconf 86' lang='lat' dir='ltr'><strong>quando</strong></span> <span class='ocrx_word' id='word_1_880' title='bbox 3320 5383 3547 5448; x_wconf 80' lang='lat' dir='ltr'><strong>figuntur</strong></span> <span class='ocrx_word' id='word_1_881' title='bbox 3569 5383 3639 5425; x_wconf 74' lang='lat' dir='ltr'><strong>ta-</strong></span> 
     </span>
    </p>
   </div>
   <div class='ocr_carea' id='block_1_116' title="bbox 2121 5465 3639 5538">
    <p class='ocr_par' dir='ltr' id='par_1_116' title="bbox 2121 5465 3639 5538">
     <span class='ocr_line' id='line_1_116' title="bbox 2121 5465 3639 5538; baseline 0.001 -20"><span class='ocrx_word' id='word_1_882' title='bbox 2121 5465 2389 5525; x_wconf 77' lang='lat' dir='ltr'><strong>bernacula</strong></span> <span class='ocrx_word' id='word_1_883' title='bbox 2439 5476 2647 5533; x_wconf 76' lang='lat' dir='ltr'><strong>propter</strong></span> <span class='ocrx_word' id='word_1_884' title='bbox 2689 5467 2819 5522; x_wconf 83' lang='lat' dir='ltr'><strong>hanc</strong></span> <span class='ocrx_word' id='word_1_885' title='bbox 2873 5470 3027 5523; x_wconf 69' lang='lat' dir='ltr'><strong>vitam</strong></span> <span class='ocrx_word' id='word_1_886' title='bbox 3079 5486 3180 5523; x_wconf 88' lang='lat' dir='ltr'><strong>non</strong></span> <span class='ocrx_word' id='word_1_887' title='bbox 3229 5467 3639 5538; x_wconf 62' lang='lat' dir='ltr'><strong>diligendamw</strong></span> 
     </span>
    </p>
   </div>
  </div>
