3898 6260
231 311 290 367 73
995 312 1054 368 IN
1098 309 1640 367 PENTATEUCHUM
1682 306 2156 367 COMMENTAHII.
2197 342 2262 352 —-
2302 311 2576 370 NUMERI.

3279 313 3375 370 57.5

195 431 325 491 quod
373 431 432 482 sit
486 430 690 490 brevis;
726 430 824 484 hoc
871 431 1008 483 enim
1055 431 1338 495 εῐκιιίιίωι,
1387 428 1647 480 llubitatio
1693 425 1741 475 in
1774 427 1821 484 Α
1849 426 1942 492 Qui
1977 444 2075 481 non
2118 428 2182 481 ab
2211 437 2386 480 austro
2413 437 2512 488 est,
2544 424 2677 478 unde
2709 423 2954 476 Dominus
2987 419 3378 491 venit,scdpos-

195 507 520 559 tabernaculis
551 519 592 558 et
624 507 799 559 vilibus
831 506 1154 558 umbraculis.

738 594 962 649 CAPUT
1003 595 1187 648 ΧΧΧΙ.

265 683 461 738 Dehinc
489 684 680 739 texitur
709 686 900 738 bellum
938 695 1116 738 contra
1147 683 1455 737 Madianitas
1477 724 1488 745 ,
1518 691 1568 736 et
1600 696 1742 734 mors

198 761 355 815 ditini
403 763 608 815 Balaam
634 803 648 827 ,
681 766 728 815 in
756 765 904 831 cujus
932 779 1061 816 nece
1085 778 1233 816 error
1263 763 1492 826 perfidia:
1524 759 1740 828 perimi-

202 849 314 902 tur;
345 840 437 893 sed
469 855 581 908 quae
611 842 676 892 de
717 841 1009 894 Madiztnitis
1040 845 1228 908 praeda:
1261 841 1480 904 divisio,
1512 847 1565 893 et
1590 854 1650 892 ex
1683 852 1743 892 ea

203 918 489 973 anitnarum
515 921 708 973 oblatio
738 921 787 973 itt
820 921 1155 972 tabernaculo
1179 920 1289 973 Dei.

729 1009 953 1064 CAPUT
993 1008 1206 1063 XXXII.

264 1095 394 1150 Post
421 1099 533 1150 tunc
560 1097 653 1163 ﬁlii
684 1097 857 1150 Ruben
893 1108 938 1151 et
971 1097 1101 1161 Gad,
1134 1107 1180 1149 et
1212 1097 1422 1150 dimidia
1447 1097 1605 1148 tribus
1630 1092 1746 1144 Ma-

200 1191 364 1239 naue,
392 1178 624 1245 jumenta
666 1177 932 1229 innumera
971 1176 1205 1230 habentes
1231 1216 1244 1240 ,
1299 1176 1426 1227 citra
1469 1173 1746 1226 Jordatmn

199 1255 559 1323 possessionem
580 1256 768 1317 volunt,
801 1264 848 1306 et
871 1253 920 1306 in
948 1265 1082 1307 terra
1107 1252 1509 1321 repromissionis
1537 1250 1751 1303 Itan-rdi-

199 1343 349 1385 tatem
382 1334 558 1385 habere
607 1333 783 1384 nolunt
810 1347 829 1384 :
850 1332 1155 1401 figurantes,
1181 1332 1318 1398 qttod
1350 1330 1540 1382 multos
1571 1327 1750 1380 mundi

196 1411 586 1476 implicantenta
637 1418 918 1477 oceupant,
973 1423 1036 1462 ac
1084 1423 1177 1476 per
1224 1409 1324 1461 ltoc
1375 1406 1751 1459 habitationem

197 1489 427 1544 coe'essis
455 1488 633 1556 patriae
670 1502 771 1540 non
809 1488 1104 1553 requirnnt.
1485 1483 1488 1487 ’

616 1577 808 1630 CAI"P.
849 1574 1335 1638 XXXIIIJKXXIV.

269 1674 518 1739 Sequitur
545 1688 721 1727 sermo
750 1673 816 1726 de
838 1673 1202 1726 mansiooibns
1235 1670 1462 1723 filiorum
1495 1668 1675 1730 Israel,
1706 1676 1758 1720 et

1850 534 2023 572 8ι¹8501⁵
2043 520 2300 588 aquiloais
2328 519 2468 572 venti
2507 516 2846 586 frigidissimi,
2864 531 2892 568 a
2913 529 3016 583 quo
3039 515 3388 570 exardescunt

1849 611 1980 661 mala
2021 625 2177 676 super
2225 621 2417 662 terram
2446 626 2457 660 :
2483 607 2570 675 qni
2612 621 2728 659 cunt
2760 607 2828 657 sit
2876 603 3261 672 frigidissimus,
3293 618 3386 656 no-

1850 699 1986 751 tnine
2015 699 2204 752 dexter
2238 710 2470 761 vocatus,
2498 697 2627 750 falso
2657 695 2752 748 sibi
2777 708 3047 748 assumens
3076 694 3384 747 voeabulnm

1850 789 2075 840 virtutis.
2111 785 2335 854 Profecti
2356 788 2416 839 de
2443 784 2700 850 Acltiroth,
2729 785 3030 837 transierunt
3059 799 3145 852 per
3173 783 3391 834 medium

1852 892 1986 927 mare
2024 876 2073 926 in
2114 875 2415 937 solitudine,
2440 885 2484 926 et
2523 873 2832 927 ambulantes
2862 874 2990 925 riam
3020 873 3170 925 trium
3198 872 3387 925 dierum

1851 983 1939 1036 per
1977 969 2223 1020 desertum
2276 966 2459 1028 Ellum,
2486 968 2823 1018 castrametati
2866 975 2981 1018 sunt
3007 968 3058 1016 in
3090 963 3254 1026 Mora,
3277 978 3387 1032 quat

1853 1058 2224 1129 interpretatur
2266 1055 2577 1131 atttarituda.
2629 1054 2754 1107 Post
2784 1055 3209 1122 pricdicationeut
3240 1067 3390 1106 evan-

1853 1148 2106 1215 gelicum,
2157 1156 2273 1211 post
2325 1145 2655 1199 tabernacula
2705 1145 3228 1212 transutigrantium,
3282 1154 3398 1210 post

1853 1243 2177 1302 assuntptam
2210 1233 2606 1298 fortitudinem,
2636 1244 2753 1300 post
2780 1232 3125 1286 confessionis
3155 1231 3390 1284 nobilita-

1857 1329 1982 1384 tent,
2016 1323 2242 1388 pericula
2275 1337 2458 1376 rursus
2497 1332 2812 1376 occurrunt:
2840 1322 2975 1376 unde
2996 1322 3189 1376 scimus
3210 1336 3387 1374 caven-

1857 1409 1951 1464 das
1978 1425 2188 1482 semper
2230 1412 2465 1476 insidias,
2498 1423 2549 1465 et
2582 1413 2672 1465 Dei
2703 1413 3113 1467 misericordiam
3153 1413 3391 1465 invocan-

1859 1498 1980 1552 datn
2024 1515 2139 1553 esse
2167 1519 2179 1552 :
2209 1501 2342 1554 unde
2381 1513 2431 1554 et
2460 1500 2608 1553 nobis
2639 1502 2688 1554 itt
2719 1501 2972 1568 spirituali
3004 1502 3258 1569 baptismo
3285 1499 3395 1553 suis

1864 1589 2065 1643 iocetur
2096 1589 2316 1654 Pharao,
2348 1590 2646 1658 egressique
2683 1592 2809 1642 mari
2855 1591 3030 1644 Rubro
3059 1605 3397 1644 occurremur

1864 1682 1986 1743 Sur,
2018 1682 2069 1734 in
2101 1696 2200 1749 qua
2228 1681 2412 1735 diebus
2439 1681 2607 1733 tribus
2629 1680 2976 1743 ambulantes,
3004 1689 3058 1733 et
3080 1695 3265 1748 aquam
3297 1695 3400 1733 non

200 1751 391 1839 dicitur
417 1751 767 1839 :Profecti't?
795 1752 1028 1839 ltuittesse
1056 1752 1230 1839 quinta
1260 1749 1450 1839 decimo
1472 1749 1554 1800 die
1577 1748 1758 1835 mensis
1793 1762 1831 1818 Β
1865 1771 2216 1835 invadentes,
2270 1781 2528 1824 venerum
2573 1771 2622 1824 in
2669 1770 2827 1834 Mam,
2874 1786 2991 1838 qua,
3037 1785 3100 1824 ex
3151 1786 3214 1824 ευ
3263 1771 3400 1839 quod

202 1831 373 1899 primi,
405 1832 565 1884 altera
592 1831 673 1882 die
706 1829 934 1889 Pasclne,
969 1838 1022 1882 et
1053 1830 1271 1892 reliqua.
1307 1828 1558 1879 liantesse
1588 1840 1616 1877 a
1642 1826 1757 1892 qni-

203 1908 421 1960 busdam
447 1910 816 1974 interpretatur
838 1908 1121 1958 commotio
1167 1907 1485 1968 turbulenta,
1512 1905 1593 1955 vel
1619 1919 1764 1955 anta-

201 1987 396 2044 ritudo.
421 1989 501 2040 vel
533 1986 820 2040 commotio
848 1986 1034 2046 tim-a2;
1069 1999 1165 2037 nos
1197 1985 1371 2036 verius
1401 1985 1762 2036 existimamus

200 2067 424 2132 espriuti
457 2067 738 2119 tonitruum
768 2066 942 2132 gaudii
973 2063 1036 2115 ad
1081 2064 1216 2115 hanc
1262 2064 1466 2115 urbem.
1503 2061 1563 2113 In
1597 2072 1763 2115 extre-

200 2150 293 2198 mis
314 2147 496 2212 ﬁnibus
519 2143 732 2213 .Egypti
755 2145 967 2213 populus
991 2156 1318 2211 congregatus
1341 2151 1410 2194 est
1435 2159 1450 2204 ;
1481 2150 1534 2194 et
1564 2142 1764 2193 tumul-

206 2234 314 2275 tum
349 2223 500 2292 ltujns
530 2223 709 2274 mundi
734 2221 1124 2288 derelinquens,
1153 2220 1291 2272 vitiis
1322 2221 1556 2289 pristinis
1582 2235 1764 2273 move-

205 2311 377 2370 batur,
405 2320 504 2362 eta
535 2310 847 2362 comedente
897 2298 1089 2374 saepius
1141 2310 1276 2360 tinea
1329 2318 1682 2374 peccatorum,
1715 2317 1767 2359 et

203 2380 418 2453 omnem
451 2398 850 2468 amaritudinem
877 2409 1088 2450 vertens
1118 2399 1166 2448 itt
1198 2398 1553 2460 dulcedinem,
1582 2410 1633 2448 ut
1670 2413 1764 2450 vo-

205 2509 321 2546 cum
356 2493 394 2544 D
432 2507 452 2553 ι,
473 2491 521 2543 in
553 2499 730 2544 monte
753 2488 897 2542 Sinni
929 2490 1159 2542 audiret.
1185 2489 1331 2553 Quod
1359 2501 1529 2542 autem
1561 2489 1768 2557 eloquia

207 2582 600 2649 Scriptttrarttm
651 2581 700 2631 itt
756 2577 901 2630 istius
933 2578 1110 2630 mundi
1161 2586 1301 2644 rota,
1332 2579 1598 2646 appellant
1628 2580 1762 2631 tuni-

210 2685 410 2736 truttm,
447 2671 723 2724 Psalmista
751 2671 943 2723 clamat
969 2671 1188 2722 dicens:
1225 2669 1335 2723 Vox
1376 2673 1582 2723 tonitrui
1616 2673 1689 2723 tni
1720 2673 1768 2721 in

211 2779 350 2816 ron.
383 2762 620 2828 Cumque
645 2757 902 2811 immutati
929 2759 1179 2811 fuerimus
1209 2758 1271 2810 ad
1302 2760 1658 2826 evangelicum
1688 2768 1767 2810 tu-

213 2858 358 2917 bam,
383 2852 651 2906 exercitati
679 2852 913 2905 tonitruo
944 2852 993 2904 itt
1031 2849 1214 2919 gaudia
1246 2852 1470 2904 eximus.
1504 2852 1558 2904 ltt
1592 2865 1772 2904 mense

217 2947 414 3012 primo,
437 2931 645 3011 quando
673 2942 844 2995 hiems
876 2941 1144 3009 praeteriit,
1169 2950 1220 2994 et
1254 2941 1381 2994 abiit
1411 2942 1528 3005 sibi,
1559 2943 1770 3010 quando

215 3044 359 3087 terra
390 3033 648 3102 parturiit,
676 3043 726 3086 et
755 3040 942 3085 cuncta
964 3046 1302 3084 renovanur.
1334 3032 1550 3084 Eximus
1582 3032 1768 3099 quinto

213 3125 427 3179 decimo
457 3124 540 3176 die
573 3124 789 3186 mensis,
821 3125 869 3176 in
897 3123 1126 3194 crastino
1149 3127 1303 3190 pleno
1324 3125 1518 3176 mensis
1551 3125 1764 3188 lumine,

211 3219 427 3288 quando
479 3216 708 3286 Aigyptii
751 3216 1075 3270 circumdtnt
1129 3225 1176 3267 et
1229 3217 1489 3282 sepeliunt
1534 3225 1769 3270 mortuos

209 3325 362 3375 suos,
389 3325 485 3363 nec
505 3307 1774 3376 euntiumimitanturexemplum.Etproficiscen-

214 3409 297 3453 tcs
314 3415 378 3454 ex
397 3397 668 3460 Ramesse.
691 3399 1041 3452 castrametati
1065 3401 1249 3452 suntin
1269 3398 1491 3453 Soccotb
1533 3399 1770 3455 Secunda

214 3492 448 3552 mansio,
477 3490 528 3544 itt
559 3505 660 3557 qua
693 3505 853 3557 panes
881 3505 1094 3558 azymos
1139 3490 1443 3554 comedunt,
1466 3500 1518 3544 et
1549 3494 1772 3555 primum
1814 3485 1818 3488 ’

214 3580 436 3634 tendunt
470 3580 883 3642 tabernaculum,
911 3579 1051 3631 unde
1093 3594 1157 3631 cx
1191 3595 1247 3631 re
1287 3579 1435 3631 locus
1464 3593 1655 3632 nomen
1687 3593 1773 3631 ac-

211 3672 380 3736 cepit.
411 3668 630 3722 Soccotlt
657 3668 850 3736 quippe
877 3671 1255 3736 interpretatur
1279 3669 1638 3735 tabernacula,
1663 3669 1775 3724 sive

215 3762 472 3820 tentaria,
504 3767 556 3811 et
594 3761 690 3811 Itoc
716 3760 940 3825 septimo
993 3773 1191 3821 mense,
1226 3757 1433 3813 decimo
1477 3760 1661 3827 quinto
1690 3758 1777 3813 die

215 3851 443 3913 mensis,
467 3849 674 3912 quando
696 3848 1004 3901 solemnitas
1036 3847 1490 3902 tabernaculorum
1520 3858 1619 3899 ost.
1645 3845 1774 3900 Cum

214 3954 350 4008 ergo
407 3937 713 3997 exierimus,
760 3936 975 4004 figamus
1022 3936 1356 3990 tabernacula
1386 3975 1400 3998 ,
1432 3938 1659 3990 scientes
1711 3936 1776 3989 ad

217 4030 474 4086 ul-eriora
505 4030 824 4100 pergendum
852 4049 863 4082 :
889 4041 942 4084 et
984 4039 1108 4085 tunc
1148 4031 1214 4086 de
1264 4031 1519 4086 fermento
1567 4032 1779 4087 maliti.e

220 4139 328 4175 non
379 4120 739 4185 comedamus,
770 4120 862 4173 sed
893 4136 1169 4174 vescamur
1209 4123 1409 4190 azymis
1460 4122 1778 4176 sinceritatis

212 4221 268 4266 et
298 4209 560 4265 veritatis.
595 4208 657 4261 Et
684 4211 896 4278 profecti
932 4211 995 4261 de
1032 4210 1273 4274 Soecotlt,
1296 4211 1633 4262 castrametnti
1664 4221 1778 4262 sunt

213 4301 271 4352 in
302 4298 494 4360 Etlmn,
520 4311 632 4364 qua?
659 4305 732 4348 est
757 4297 808 4347 in
834 4305 1055 4347 extremo
1078 4297 1383 4348 solitudinis.
1414 4297 1588 4349 Tertia
1622 4312 1778 4349 man-

1865 1875 2050 1925 aqttatu
2080 1875 2313 1911 amaram
2341 1859 2522 1912 imbuit
2548 1875 2737 1914 nomen
2761 1862 2979 1925 accepit.
3012 1858 3074 1912 Et
3099 1861 3306 1928 profecti
3346 1861 3399 1910 de

1866 1955 2035 2018 Mum,
2061 1963 2298 2007 venerunt
2320 1957 2368 2007 in
2404 1954 2590 2020 llelitn,
2613 1957 2700 2024 qui
2737 1956 2788 2008 in
2822 1957 2990 2008 arietis
3016 1955 3159 2023 fortis
3181 1955 3404 2017 vertitur,

1867 2048 1926 2097 de
1946 2028 2281 2096 amaritudine
2306 2049 2521 2097 venimus
2547 2046 2612 2097 ad
2639 2045 2835 2105 arietes,
2877 2056 2920 2098 et
2947 2046 3172 2098 robustos
3197 2061 3366 2112 gregis
3389 2086 3402 2106 ,

1869 2137 2128 2204 principes
2172 2137 2237 2189 de
2282 2137 2469 2204 quibus
2516 2137 2741 2191 dicitur:
2788 2136 2972 2204 Aﬂerte
3013 2137 3229 2189 Domino
3277 2136 3405 2202 filios

1868 2230 2098 2280 arietant.
2146 2228 2259 2281 Non
2308 2239 2591 2282 accurrunt
2646 2229 2817 2284 fontes
2849 2231 3147 2298 purissimi,
3190 2229 3292 2282 nisi
3324 2228 3408 2281 ubi

1872 2316 2234 2384 magistrorum
2288 2318 2522 2370 doctrina
2589 2323 2843 2385 prorupit.
2911 2317 3135 2388 Profecti
3187 2329 3306 2369 sunt
3350 2319 3417 2368 de

1875 2407 2026 2466 filim,
2065 2417 2109 2458 et
2135 2408 2468 2460 castrantetnti
2491 2417 2607 2461 sunt
2628 2425 2778 2474 super
2807 2423 2941 2461 mare
2985 2408 3227 2460 Rubrum.
3258 2406 3400 2471 Qua:-

1873 2496 2003 2548 ritttr
2041 2498 2306 2564 quomodo
2352 2507 2469 2564 post
2513 2499 2887 2553 transitionem
2922 2500 3082 2551 maris
3130 2497 3312 2561 Rubri,
3361 2504 3416 2548 et

1876 2585 2036 2639 fontis
2054 2583 2228 2650 Maras,
2247 2595 2299 2641 et
2326 2588 2481 2652 Elim,
2507 2603 2688 2642 rursus
2713 2589 2775 2641 ad
2808 2579 2949 2642 mare
2981 2589 3214 2642 Rubrum
3246 2603 3403 2641 vene-

1874 2683 2024 2727 runt:
2056 2675 2155 2728 nisi
2185 2677 2328 2728 sinus
2357 2676 2566 2744 quidam
2597 2675 2757 2730 maris
2789 2676 2948 2730 ltubri
2977 2680 3328 2744 pergentibus,
3361 2680 3410 2731 in

1877 2764 2061 2818 itinere
2087 2763 2336 2820 occurrit.
2382 2764 2534 2817 Aliud
2579 2775 2660 2820 est
2689 2765 2912 2819 transire
2941 2781 3107 2832 mare,
3149 2766 3286 2819 aliud
3333 2778 3408 2820 est

1873 2855 1927 2909 itt
1954 2853 2191 2922 proximo
2219 2869 2377 2923 agere
2409 2855 2739 2909 tabernacula
2768 2871 2781 2918 ;
2810 2869 2873 2909 ex
2903 2855 3089 2923 quibus
3117 2855 3276 2909 etiam
3307 2871 3419 2909 mo-
3453 2838 3456 2841 Δ

1874 2960 2078 3009 ncmur,
2132 2952 2248 3011 post
2276 2945 2630 3013 evangelicam
2679 2944 3009 3012 disciplinam
3039 2955 3089 2999 et
3118 2943 3266 2998 cibos
3298 2945 3409 2997 dnl.

1873 3037 2111 3090 cissimos
2165 3035 2593 3103 triumphorum,
2659 3037 2868 3104 aperire
2931 3035 3082 3089 nobis
3153 3033 3411 3089 interdum

1875 3141 2053 3190 mare,
2116 3134 2169 3179 et
2231 3126 2484 3191 prmterita
2549 3126 2849 3179 discrimina
2907 3134 3028 3179 ante
3083 3126 3262 3178 oculos
3328 3140 3415 3191 po-

1875 3232 2029 3280 nere,
2078 3215 2196 3283 quia
2244 3216 2418 3268 multa:
2473 3216 2784 3268 differentia:
2825 3224 2906 3267 est
2954 3215 3177 3267 transire
3232 3229 3409 3274 mare.

1873 3319 1925 3360 et
1957 3321 2099 3358 mare
2134 3305 2311 3371 procul
2339 3309 2595 3371 aspicere.
2642 3304 2763 3356 "illc
2792 3305 2988 3354 mansio
3020 3303 3069 3354 in
3103 3302 3283 3354 Exodo
3309 3316 3413 3354 non

1877 3397 2112 3456 habetur,
2145 3395 2234 3444 sed
2269 3393 2518 3457 scriptum
2551 3402 2628 3446 est
2658 3391 2724 3445 de
2753 3407 2836 3454 ea,
2868 3391 3002 3458 quod
3033 3393 3099 3445 de
3150 3393 3277 3443 mari
3312 3391 3418 3442 [tn-

1875 3485 1968 3536 bro
2016 3491 2272 3536 Venerunt
2299 3486 2360 3533 ad
2407 3483 2671 3536 desertum
2703 3483 2818 3547 Sin,
2868 3498 2984 3550 quae
3014 3491 3095 3537 est
3124 3483 3256 3536 inter
3286 3483 3419 3535 Elim

1874 3585 1921 3627 et
1956 3575 2102 3629 Sina.
2134 3573 2195 3625 Et
2232 3576 2455 3643 profecto
2487 3576 2547 3627 de
2577 3571 2904 3635 mariRnbro,
2933 3575 3274 3626 rastrnntetnti
3305 3584 3422 3626 sunt

1876 3670 1926 3720 in
1959 3668 2207 3720 desertum
2234 3667 2348 3721 Sin.
2372 3666 2563 3719 Octava
2594 3667 2817 3729 mansio,
2849 3669 2968 3720 ιὶονι
2992 3667 3138 3732 juxta
3187 3667 3423 3721 ordinem

1881 3758 2042 3810 Exodi
2071 3760 2288 3825 septima
2319 3758 2405 3810 sit.
2459 3756 2561 3810 Sed
2612 3757 2886 3810 sciendum
2935 3765 3037 3819 est,
3087 3757 3224 3823 quod
3252 3759 3423 3810 omnis

1880 3849 2082 3902 mansio
2109 3863 2272 3917 usque
2301 3848 2362 3901 ad
2392 3858 2620 3901 montem
2653 3847 2819 3910 Sinni,
2852 3863 3085 3901 eremum
3135 3847 3227 3901 Sin
3271 3863 3423 3902 voca-

1881 3947 1982 3999 tur.
2011 3947 2065 3992 et
2095 3934 2165 3991 ex
2217 3946 2320 3991 tota
2345 3923 2616 4006 provincia
2649 3937 2794 3990 locus
2828 3936 2979 3991 unius
3011 3938 3293 3991 mansionis
3324 3952 3421 3990 no-

1879 4045 1997 4084 men
2044 4032 2245 4095 accepit
2293 4045 2308 4082 :
2355 4031 2488 4082 sicut
2517 4038 2570 4082 et
2597 4029 2750 4081 Moab
2781 4037 2883 4080 tam
2916 4029 3057 4082 urbis
3101 4043 3255 4096 quam
3301 4044 3422 4098 pro-

1879 4098 2064 4172 vincia:
2086 4128 2166 4172 est
2188 4133 2396 4171 nomen.
2420 4118 2511 4172 Sin
2540 4129 2715 4170 autem
2741 4117 3133 4184 interpretatur,
3159 4119 3318 4172 rubus
3342 4119 3426 4173 vel

1879 4211 2053 4264 odium
2089 4229 2100 4264 :
2136 4211 2254 4279 quia
2311 4219 2582 4278 postquam
2615 4210 2916 4264 venerimus
2971 4212 3034 4264 ad
3083 4225 3202 4265 eum
3231 4213 3426 4278 locum,

1881 4300 2077 4370 dequo
2111 4301 2362 4354 Dominus
2393 4302 2542 4355 nobis
2592 4302 2659 4356 sit
2693 4303 2939 4367 'locutus,
2995 4301 3193 4370 grande
3247 4302 3423 4354 odinut

215 4391 302 4443 sio
333 4398 437 4452 est,
464 4389 513 4439 itt
543 4401 644 4454 qua
678 4388 900 4454 primum
928 4385 1065 4438 Deus
1098 4384 1305 4438 videtur
1336 4387 1385 4438 in
1411 4388 1652 4440 columna
1683 4405 1776 4439 nu-
1808 4414 1856 4471 υ
1883 4408 2179 4445 mereamur
2205 4392 2420 4446 inimici.
2455 4393 2602 4446 Tunc
2626 4392 2862 4445 videmus
2892 4392 3078 4446 ardere
3117 4392 3299 4445 rubum
3330 4391 3426 4444 Ec-

215 4480 299 4532 bis
331 4492 426 4544 per
453 4467 623 4538 diem,
645 4483 698 4527 et
736 4475 977 4527 columna
1009 4475 1138 4542 ignis
1188 4491 1282 4542 per
1333 4487 1562 4530 noetcm.
1607 4475 1777 4530 Etltan

214 4567 598 4632 interpretatur
630 4563 902 4628 fortitudo,
935 4568 1044 4617 sive
1077 4563 1346 4631 perfectio.
1375 4566 1602 4622 Grandis
1631 4569 1782 4622 forti-

218 4657 352 4713 tudo
395 4665 497 4721 esr,
523 4654 808 4723 AEgyptum
852 4654 1137 4719 dimittere,
1167 4667 1220 4711 et
1251 4658 1300 4710 itt
1331 4669 1567 4713 cxttetna
1601 4663 1809 4737 solitu-_

215 4750 349 4804 diue
379 4747 721 4809 commorari;
754 4760 818 4800 ex
863 4746 961 4799 ltoc
994 4747 1335 4816 intelligimus
1363 4751 1590 4806 Socctttlt
1630 4755 1775 4822 juxta

215 4847 515 4917 .ﬁgyptum
565 4847 760 4911 fuisse,
795 4847 960 4899 lrltltan
1010 4849 1142 4900 intra
1195 4849 1421 4903 confinia
1469 4850 1680 4916 zEgypti
1730 4858 1782 4902 et

216 4938 411 4991 eremi.
441 4936 802 5006 Prmparemus
828 4953 955 5005 ergo
984 4939 1137 4991 nobis
1169 4939 1550 4995 fortitudinem.
1577 4944 1633 4991 u‘t
1657 4941 1782 4992 iitu-

215 5030 410 5085 ntinati
447 5030 599 5094 igne,
639 5033 752 5097 ejus
784 5041 836 5083 et
875 5031 1069 5082 auxilio
1111 5032 1436 5092 oltuntbrati,
1472 5032 1533 5082 ad
1588 5041 1778 5086 teriam

217 5118 654 5184 repromissionis
675 5124 937 5186 possimus
962 5122 1256 5184 pervenire.
1278 5120 1496 5188 Profecti
1514 5122 1575 5172 de
1595 5121 1781 5186 ΕιΙιαη,

215 5209 439 5281 ingrcssi
479 5216 595 5260 sunt
625 5211 690 5258 ad
721 5207 1003 5273 Phaarot/t,
1027 5212 1165 5279 quod
1199 5215 1569 5279 interpretatur
1596 5227 1655 5264 os
1688 5226 1781 5263 no-

220 5307 432 5359 bilium.
489 5299 797 5367 Beelsephon
865 5309 1040 5353 autem
1104 5303 1478 5369 interpretatur
1540 5304 1781 5355 tlom?nns

214 5390 512 5460 aquilonis.
549 5389 779 5460 Magdal,
816 5391 1123 5458 magnitudo
1170 5393 1249 5446 vel
1286 5395 1464 5447 turris.
1500 5396 1778 5460 Assttmpta

216 5485 391 5553 igitur
423 5481 746 5542 fortitudine,
777 5481 1114 5533 nobilitemur
1145 5482 1194 5533 in
1227 5482 1470 5545 Domino,
1502 5494 1556 5538 et
1583 5483 1777 5536 domini

207 5572 486 5644 aquilonis
528 5588 715 5625 arcana
761 5569 1201 5636 condemnemus,
1237 5572 1477 5641 illiusque
1526 5576 1780 5644 magnifi-

206 5641 472 5727 ceiittam,
503 5674 554 5717 ct
585 5674 777 5717 turrem
810 5669 1051 5727 tanquam
1096 5664 1392 5729 superbiant
1425 5665 1762 5721 declinemus.

1882 4485 2074 4545 elesim,
2107 4485 2556 4551 persecutionibus
2602 4483 2911 4537 inflammari
2941 4482 3197 4544 eamdem,
3247 4491 3298 4534 et
3343 4482 3422 4536 lo-

1881 4583 2126 4642 quentem
2183 4573 2233 4625 in
2281 4587 2341 4625 ca
2375 4573 2648 4626 Dominum
2704 4587 2806 4623 non
2832 4572 3079 4638 reperire.
3114 4569 3337 4640 Profecti
3363 4573 3426 4626 de

1882 4668 2074 4718 desirto
2107 4663 2221 4724 Sin,
2272 4664 2608 4714 castrametati
2649 4670 2763 4714 sunt
2794 4665 2846 4714 in
2896 4662 3172 4730 Daphelza,
3203 4680 3317 4731 qua:
3349 4665 3428 4717 in-

1884 4761 2203 4822 terpretatur
2251 4750 2473 4819 pulsatio
2526 4769 2536 4802 :
2589 4750 2735 4817 juxta
2787 4751 2926 4818 quod
2981 4752 3230 4806 Dominus
3281 4755 3422 4816 dicit,

1884 4849 2093 4901 Pulsate
2120 4856 2165 4899 et
2198 4845 2452 4912 aperietur
2474 4843 2628 4896 vobis.
2661 4845 2725 4897 Et
2746 4854 2863 4912 post
2885 4854 3123 4899 octavum
3150 4860 3422 4898 numerum

1884 4937 2279 4995 resurrectionis
2301 4935 2523 4999 Christi,
2549 4934 2826 5002 incipimus
2848 4946 3170 4991 sacramenta
3197 4935 3422 5002 pulsare.

1888 5030 2107 5097 Profecti
2133 5028 2192 5079 de
2225 5026 2504 5092 Daphelza,
2536 5029 2872 5079 castrametati
2892 5038 3004 5079 sunt
3028 5028 3077 5078 in
3129 5027 3271 5079 Aius.
3301 5024 3426 5077 Aius

1884 5130 2055 5173 autent
2081 5121 2450 5184 interpretatur
2475 5119 2806 5180 fermentum,
2833 5116 2967 5181 quod
3001 5113 3188 5167 tollens
3215 5114 3424 5176 mulier,

1886 5205 2093 5263 miécuit
2124 5211 2172 5262 in
2223 5207 2404 5275 farina.
2459 5207 2522 5259 Et
2550 5206 2757 5274 profecti
2804 5206 2864 5256 de
2903 5202 3043 5266 Altis,
3087 5206 3428 5257 castratnetati

1883 5310 1997 5352 sunt
2043 5302 2094 5350 in
2140 5298 2432 5368 Rapltidim,
2467 5298 2553 5366 qui
2601 5297 2970 5360 interpretatur
2998 5293 3270 5349 dissolutio
3318 5294 3430 5349 for-

1887 5394 2037 5453 tium,
2066 5389 2146 5443 vel
2195 5391 2393 5443 sanitas
2445 5387 2673 5441 fortium.
2707 5384 2770 5438 Et
2798 5397 2858 5436 ex
2891 5397 2954 5437 eo
2985 5384 3122 5452 quod
3149 5383 3233 5436 illa
3259 5393 3429 5440 tenta.

1885 5484 1954 5534 vit
1983 5482 2255 5534 Dominum
2287 5488 2498 5546 promer
2524 5491 2708 5546 aquam
2742 5474 3189 5538 contradictionis,
3233 5494 3422 5533 nomen

1885 5573 2027 5624 locus
2060 5571 2360 5626 tentatinnis
2393 5569 2593 5634 accepit
2633 5586 2641 5617 :
2675 5578 2729 5619 ttt
2756 5577 2900 5620 certe
2953 5566 3308 5622 dissslutioftis
3335 5581 3423 5619 aut

1883 5667 2076 5720 sanitas
2126 5665 2330 5719 tortittm
2396 5645 2938 5731 Rophidiﬂt—dicitur,
3003 5661 3078 5714 vel
3127 5659 3426 5723 dissipatus,
