3898 6260
509 441 607 493 Πῦ
997 439 1198 492 llED/E
1242 437 1683 490 VIS‘NI‘IIlXBILIS
1722 436 1994 491 υιιιςιιυδι
2039 435 2211 501 I’AIIS
2254 438 2314 489 II.
2357 465 2422 478 --
2457 439 2842 496 EXEGETICA
2881 441 3208 499 GI‘ZNUINA.
3615 447 3712 502 576

507 555 592 606 i-hi
637 553 732 604 fuit
781 552 1049 615 Amalech,
1083 553 1163 606 vel
1196 561 1408 620 propter
1436 552 1710 603 sanitatem
1767 548 1947 602 Israel.
1977 548 2056 601 Si-
2088 555 2132 609 Α
2163 548 2350 603 Exodo
2377 552 2738 621 lateres,quos
2766 555 2962 610 faciens
2991 559 3212 625 populus
3240 561 3502 628 ingemuit
3538 576 3551 610 :
3582 566 3711 616 unde

510 643 722 707 iutilque
772 642 963 696 uotanil
1027 660 1092 707 λ,
1140 644 1279 711 quod
1332 650 1448 710 post
1497 641 1812 694 fermentum
1851 641 1977 694 Mus
2006 649 2058 692 et

510 734 730 799 Massau,
763 734 1011 788 Ecclesia:
1058 733 1266 788 soleant
1294 747 1390 787 nos
1419 730 1724 798 multiplicia
1755 731 2056 783 dmtnonum

511 832 827 878 tentaruenta
879 826 1160 891 conligere.
1233 823 1548 892 Profertique
1606 822 1668 874 de
1742 819 2051 887 Raphidim,

507 925 672 966 castra
711 922 985 980 posuerunt
1012 916 1061 965 in
1089 911 1411 965 solitudinem
1457 911 1640 980 Synai.
1687 907 1766 963 Ad
1817 908 1953 962 hunc
1983 909 2058 964 lo-

505 1019 624 1057 cum
669 1003 853 1058 XLVII
902 1002 989 1056 die
1038 1008 1414 1070 pervenerunt,
1467 1000 1674 1054 dicente
1719 998 1988 1064 Scriptura
2041 1015 2054 1051 :

507 1095 684 1151 Mense
716 1094 870 1149 tertio
907 1093 1222 1162 egressionis
1272 1092 1493 1143 filiorum
1519 1090 1680 1144 I~racl
1710 1105 1774 1143 ex
1805 1089 2055 1158 Egypto,

508 1187 558 1237 in
589 1185 788 1238 vertice
828 1184 1020 1236 montis
1046 1183 1204 1252 Synai
1242 1183 1406 1248 legem
1435 1181 1633 1244 datam,
1668 1182 1805 1235 unde
1833 1191 1885 1233 et
1914 1180 2058 1234 Pen-

513 1285 741 1328 tecostes
770 1274 1067 1328 celebratur
1117 1273 1446 1336 solemnitas,
1486 1282 1539 1326 et
1568 1271 1836 1339 Evangelii
1883 1285 2056 1324 sacra-

509 1372 742 1415 mentum
790 1360 840 1414 in
871 1361 1096 1428 Spiritus
1142 1363 1312 1415 sancti
1356 1361 1701 1416 descensione
1735 1361 2053 1430 completur.

508 1454 668 1522 Synai
695 1461 867 1506 autem
898 1453 1268 1521 interpretatur
1294 1453 1432 1517 rubi,
1477 1469 1577 1506 non
1609 1467 1762 1517 unus,
1815 1461 1872 1506 ut
1900 1466 2055 1521 supra

510 1544 560 1594 iu
607 1543 886 1596 solitudine
916 1542 1030 1603 Sin,
1060 1543 1153 1595 sed
1201 1542 1376 1612 plures
1409 1561 1421 1595 :
1456 1543 1525 1597 ibi
1577 1544 1912 1612 principium,
1962 1541 2056 1596 sed

510 1632 594 1686 hic
645 1631 920 1700 perfectio.
968 1630 1120 1684 Aliud
1168 1639 1252 1686 est
1302 1633 1439 1685 enim
1468 1647 1649 1696 unam,
1707 1631 1845 1684 aliud
1872 1645 2056 1685 omnes

505 1726 696 1789 gratias
727 1722 1013 1790 possidere.
1045 1723 1098 1776 In
1126 1721 1226 1776 hac
1279 1723 1552 1776 mansione
1584 1722 1858 1791 legislatio,
1891 1730 1947 1774 et
1972 1737 2056 1774 re-

506 1812 664 1880 liqua.
693 1810 866 1881 Usque
891 1812 955 1865 ad
981 1811 1137 1865 linem
1175 1810 1361 1876 Exodi,
1394 1819 1447 1864 et
1491 1824 1608 1880 qua:
1637 1815 1870 1864 continet
1902 1809 2050 1864 I.evi~

2159 640 2431 707 discimus,
2475 642 2666 696 itinere
2719 644 2874 712 hujus
2904 647 3079 699 muniti
3131 662 3224 701 nos
3269 665 3408 702 nunc
3449 665 3706 716 crescere,

2159 743 2297 782 nunc
2346 731 2691 798 decrescere,
2742 743 2796 786 et
2847 747 2963 802 post
3008 736 3242 790 ordinem
3294 739 3707 793 ecclesiasticum

2158 834 2297 887 saepe
2331 821 2394 872 ad
2422 822 2639 876 laterum
2685 839 2817 889 opus
2843 828 3234 895 transmigrare.
3268 827 3344 882 De
3381 828 3593 900 Leptim:
3633 848 3710 884 ca-

2157 912 2434 962 strametati
2460 922 2574 964 sunt
2601 913 2654 966 in
2681 912 2858 967 flesse.
2882 913 3044 968 Ressa
3083 917 3287 971 frenum
3313 918 3704 987 interpretatur.

2156 998 2200 1050 si
2231 1000 2367 1052 enim
2416 1012 2533 1068 post
2576 1002 2864 1071 perfectum
2896 1006 2958 1058 ad
2984 1007 3077 1060 ltiti
3119 990 3280 1074 opera
3316 1009 3704 1078 descendimus,

2159 1085 2452 1145 infrenandi
2499 1108 2702 1162 surrnrs,
2746 1107 2800 1151 et
2853 1111 3038 1154 cursus
3083 1101 3194 1170 vagi
3225 1112 3385 1171 atque
3415 1107 3705 1174 praecipites

2155 1179 2541 1248 Scripturarum
2564 1187 2864 1242 retinaculis
2893 1191 3182 1246 detineudi.
3215 1193 3288 1247 De
3337 1196 3496 1250 Ressa
3521 1209 3706 1252 castra-

2158 1273 2322 1322 metati
2345 1283 2460 1325 sunt
2487 1273 2782 1340 inCelatIra,
2806 1291 2922 1344 qua:
2953 1278 3342 1348 interpretatur,
3378 1296 3432 1338 ut
3453 1288 3565 1357 vagi
3591 1302 3708 1341 cur-

2156 1359 2386 1412 reutium
2415 1375 2625 1428 gressus
2653 1363 2815 1418 frenis
2838 1365 2902 1420 ad
2935 1366 3220 1424 Ecclesiam
3272 1375 3626 1438 retrahuntur,
3659 1387 3708 1429 et

2157 1446 2296 1538 fores
2323 1466 2453 1538 quos
2480 1461 2602 1508 ante
2627 1455 2975 1524 reliquerunt,
3002 1459 3250 1517 festinent
3275 1466 3494 1521 intrare.
3525 1467 3704 1538 Egres-

2154 1536 2198 1588 si
2225 1537 2285 1590 de
2312 1537 2540 1605 Celatlra,
2571 1548 2910 1598 castrametati
2933 1557 3050 1600 sunt
3074 1548 3126 1601 in
3164 1560 3334 1604 monte
3360 1536 3586 1621 Sepher.
3607 1556 3704 1608 Se-

2158 1625 2286 1692 pher
2325 1627 2700 1695 interpretatur
2742 1634 3094 1701 pulchritudo.
3142 1637 3273 1694 Vide
3324 1642 3449 1710 quid
3493 1654 3706 1709 prosunt

2156 1716 2318 1783 frena,
2347 1733 2376 1771 a
2405 1718 2544 1774 vitiis
2590 1735 2688 1775 nos
2736 1722 2968 1786 trahunt,
3019 1721 3359 1780 introducunt
3403 1730 3616 1797 choros,
3655 1745 3707 1786 et

2155 1805 2206 1859 in
2258 1805 2469 1863 Christo
2498 1820 2676 1865 monte
2726 1827 2824 1866 nos
2853 1813 3089 1867 habitare
3137 1815 3350 1870 faciunt.
3408 1818 3508 1872 Iste
3549 1820 3702 1888 juxta

505 1877 660 1967 ticus,
704 1913 759 1958 et
783 1877 1047 1971 iquaadam
1076 1916 1196 1970 pars
1245 1900 1457 1955 Numeri
1479 1877 1813 1956 describitur.
1842 1898 1908 1953 Et
1935 1917 2052 1970 pro-
2082 1877 2125 1936 Β
2156 1895 2422 1951 Danieletn
2451 1913 2468 1951 :
2496 1897 2646 1970 Lapis
2667 1902 2859 1955 excisus
2879 1903 2942 1958 de
2984 1915 3148 1958 monte
3174 1907 3281 1961 sine
3307 1910 3534 1963 manibus
3549 1877 3707 1965 'cmn

507 1992 624 2060 fecti
650 1993 710 2045 de
735 1991 1002 2045 solitudine
1037 1991 1217 2060 Synai,
1249 1993 1584 2044 rastrarnetati
1619 2003 1731 2044 sunt
1769 1992 1830 2044 in
1878 1991 2050 2060 sepul-

504 2081 606 2134 cris
641 2081 1074 2149 concupiscentiw.
1124 2080 1196 2134 Ibi
1230 2081 1499 2136 fasridiens
1527 2081 1797 2136 cmlesteiu
1842 2095 2050 2150 panem,

507 2173 728 2240 populus
756 2171 1068 2226 desideravit
1093 2172 1459 2241 Egyptiorum
1479 2187 1666 2226 carnes
1695 2189 1707 2223 :
1750 2174 1916 2224 adhuc
1943 2188 2053 2224 esca

506 2279 679 2316 eorum
706 2272 808 2316 erat
833 2263 884 2317 in
906 2279 990 2318 ore
1013 2263 1256 2331 ipsorum,
1281 2273 1326 2316 et
1356 2265 1430 2316 ira
1457 2262 1563 2315 Dei’
1581 2263 1824 2327 ascendit,
1853 2271 1906 2316 et
1933 2264 2054 2316 reli-

507 2371 629 2421 qua.
663 2354 813 2409 Unde
861 2355 1157 2408 nominatus
1197 2356 1340 2410 locus
1393 2357 1628 2424 sepulcra
1678 2357 2056 2424 concupiscen-

510 2445 616 2497 tiar.
649 2444 689 2497 E
719 2444 910 2511 quibus
935 2445 1238 2510 edocemur,
1285 2446 1374 2515 qui
1422 2446 1729 2515 sapientiam
1762 2445 2055 2500 dimisimus

509 2534 850 2598 munilialem,
901 2544 955 2590 et
1001 2535 1278 2607 Egyptias
1324 2537 1456 2590 ollas
1485 2536 1920 2602 contempsimus,
1951 2551 2052 2590 non

506 2623 623 2677 debi
643 2638 702 2678 re
727 2640 1051 2680 murmurare
1089 2636 1270 2680 contra
1293 2628 1562 2681 ctelestem
1593 2643 1607 2680 ;
1639 2627 1868 2694 alioquin
1895 2625 1937 2679 si
1968 2625 2053 2679 illa

510 2727 695 2766 rursus
717 2714 1036 2767 voluerimus
1061 2729 1224 2782 usque
1260 2713 1323 2767 ad
1366 2728 1635 2780 nauseam,
1666 2723 1720 2767 et
1748 2715 1920 2767 statim
1957 2715 2055 2766 lto-

510 2802 638 2854 tuiui
685 2801 801 2869 igne
847 2804 1000 2865 valde
1054 2803 1428 2872 torquebirnur.
1483 2805 1798 2858 Desidrriuin
1830 2813 2054 2858 nostrum

507 2901 721 2944 certetur
747 2891 799 2944 in
849 2892 1119 2956 tumulum,
1151 2902 1204 2944 ut
1245 2893 1400 2948 simus
1425 2893 1655 2963 sepulcra
1699 2893 1957 2958 dealbata,
2001 2902 2056 2948 et

509 2980 727 3047 reliqua.
760 2979 979 3050 Profecti
1025 2984 1087 3034 de
1128 2984 1370 3050 sepulcris
1399 2985 1827 3051 concupiscentiw,
1865 2995 2056 3036 castra-

507 3071 675 3122 nietati
730 3080 842 3123 sunt
895 3072 944 3124 in
993 3071 1225 3136 Aserotlr,
1274 3071 1360 3139 qui
1409 3074 1629 3126 vertitur
1661 3073 1710 3125 iu
1741 3073 1928 3125 atrium
1959 3088 1972 3124 :
2003 3082 2056 3126 et

510 3164 609 3218 hoc
635 3165 865 3234 prudens
903 3167 1066 3221 lector
1091 3167 1322 3231 attende,
1353 3169 1490 3237 quod
1543 3176 1660 3236 post
1689 3178 1764 3223 tot
1808 3184 2052 3222 consum-
2080 3201 2124 3264 ϐ

509 3262 700 3308 matam
732 3255 784 3308 in
813 3255 1125 3310 duodecimo
1174 3271 1391 3310 numero
1422 3259 1691 3322 virtutem,
1723 3258 1841 3324 quia
1871 3271 2054 3326 super-

507 3344 581 3398 bit
634 3343 838 3409 Israel,
890 3355 942 3399 et
995 3347 1045 3399 in
1087 3347 1522 3415 concupiscentiae
1569 3349 1823 3413 sepulcris
1868 3363 2054 3403 carnes

507 3435 782 3506 [Egyptias
809 3437 1109 3504 suspiravit.
1143 3438 1368 3493 Rursum
1396 3437 1525 3507 jacit
1551 3437 1691 3491 aliud
1739 3438 2051 3494 fundamen-

508 3536 616 3581 tum
668 3538 722 3582 et
767 3526 978 3596 atrium,
1028 3529 1078 3583 id
1105 3539 1202 3596 est,
1237 3529 1545 3582 vestibulum
1576 3529 1787 3582 virtutis
1832 3539 2052 3584 :osten-

506 3615 635 3667 deus
681 3615 831 3669 nobis
871 3625 925 3669 et
970 3617 1084 3670 illos
1125 3619 1211 3685 qui
1254 3626 1412 3682 stant,
1439 3632 1593 3684 posse
1621 3618 1841 3683 cadere;
1884 3629 1935 3674 et
1961 3619 2049 3688 qui

455 3755 465 3763 _
508 3702 721 3767 cadunt,
772 3718 926 3770 posse
970 3719 1260 3772 resurgere.
1310 3707 1570 3775 Numquid
1601 3707 1737 3761 enim
1780 3709 1866 3776 qui
1909 3708 2052 3764 cadit

507 3807 610 3845 non
633 3793 902 3860 resurget?
932 3790 996 3846 Et
1026 3794 1236 3860 profecti
1289 3795 1350 3847 de
1392 3795 1649 3859 Asscroth,
1682 3805 1844 3849 castra
1873 3814 2050 3864 posue-

509 3890 622 3934 runt
655 3882 705 3934 in
736 3881 948 3935 Itetlima
973 3898 991 3937 :
1017 3882 1128 3936 haec
1169 3890 1250 3937 est
1275 3881 1583 3937 duodecima
1609 3884 1830 3938 mansio.
1867 3886 1931 3938 Et
1956 3903 2050 3940 no—

509 3971 743 4031 tandum,
777 3971 912 4038 quod
937 3971 1152 4038 reliqua
1179 3972 1477 4026 mansiones
1507 3987 1632 4035 xvtr,
1663 3988 1882 4042 quarum
1911 3989 2049 4027 nunc

509 4059 735 4112 breviter
762 4059 1026 4127 catalogus
1045 4061 1376 4114 describitur.
1398 4063 1438 4112 Α
1466 4061 1672 4114 Rethma
1692 4079 1845 4128 usque
1870 4064 2049 4118 Assion

509 4149 692 4216 (Iuber,
727 4149 776 4202 id
810 4160 889 4204 est
915 4150 979 4202 ad
1013 4165 1116 4202 nn
1150 4151 1445 4204 mansiones
1491 4153 1587 4204 sub
1637 4153 1837 4205 Pharan
1866 4155 2047 4206 solitu-

511 4243 648 4295 dinis
674 4240 884 4296 nomine
911 4240 1297 4294 contineantur.
1325 4240 1544 4294 Rethma
1568 4241 1940 4308 interpretatur
1959 4258 2048 4295 so-

509 4333 644 4384 nitus
689 4331 937 4397 iuniperi.
972 4329 1167 4389 Ferunt
1191 4330 1350 4394 enim,
1385 4330 1576 4398 lignum
1607 4331 1704 4384 hoc
1729 4331 1890 4385 multo
1918 4342 2044 4384 tem-

504 4433 631 4485 pore
652 4418 822 4484 ignem
852 4432 1186 4479 conservare,
1210 4419 1277 4470 ita
1304 4418 1441 4484 quod
1467 4419 1510 4470 si
1533 4419 1713 4483 pruna:
1730 4436 1790 4471 ex
1814 4421 1947 4473 illius
1967 4421 2045 4475 ci-

2152 1985 2205 2037 in
2245 1995 2460 2039 montem
2506 2005 2765 2058 magnum.
2805 1991 2880 2047 De
2927 2005 3091 2047 monte
3136 1996 3331 2064 Sepher
3381 2013 3617 2054 seriarum
3656 2005 3704 2056 in

2153 2075 2350 2142 Arado,
2379 2079 2467 2146 qui
2495 2079 2874 2148 interpretatur
2921 2084 3452 2152 rniraculum.'uuam
3489 2093 3705 2158 pulcher

2151 2168 2283 2221 ordo
2319 2183 2334 2218 :
2365 2183 2481 2222 cum
2533 2171 2747 2236 protecti
2793 2186 2908 2241 post
2953 2190 3084 2244 opus
3131 2177 3310 2231 lateris
3354 2179 3699 2246 infrenamur,

2155 2266 2271 2323 post
2319 2255 2464 2311 frena
2494 2257 2545 2312 in
2573 2259 2864 2316 Ecclesiam
2892 2261 3296 2331 introducimur,
3341 2281 3460 2336 post
3501 2270 3703 2324 habita—

2155 2351 2351 2402 tionem
2384 2347 2638 2405 Ecclesia:
2662 2352 2727 2405 ad
2753 2352 3021 2408 Christum
3064 2368 3296 2410 montem
3342 2361 3702 2426 ascendimus,

2157 2442 2207 2492 in
2238 2456 2340 2509 quo
2387 2443 2544 2508 positi
2590 2446 2843 2496 miramur
2871 2445 2922 2496 in
2976 2445 3055 2498 his
3080 2460 3194 2513 qut:
3229 2445 3407 2499 oculus
3436 2465 3536 2500 non
3561 2450 3701 2514 cidit,

2155 2545 2244 2584 nec
2272 2532 2410 2584 auris
2436 2533 2654 2594 audivit,
2681 2543 2732 2585 et
2757 2531 2977 2600 reliqua.
3011 2531 3229 2602 Profecti
3246 2539 3309 2588 de
3327 2539 3502 2589 Arado
3527 2549 3706 2591 Castra-

2155 2620 2325 2673 metati
2351 2630 2471 2674 sunt
2498 2621 2550 2672 in
2578 2619 2858 2684 Macelotli,
2889 2622 2973 2690 qui
3003 2623 3377 2691 interpretatur
3421 2635 3611 2679 cat-tus.
3651 2626 3702 2679 In

2157 2706 2254 2762 hac
2278 2709 2416 2762 enim
2438 2709 2679 2762 consistit
2696 2709 2974 2764 multitudo
2995 2713 3316 2766 credentium
3339 2732 3351 2766 :
3374 2713 3515 2767 unde
3539 2725 3704 2783 potest

2155 2796 2349 2862 dicere,
2383 2796 2513 2852 Ecce
2532 2816 2680 2868 quant
2698 2799 2904 2862 bonum,
2927 2811 2972 2853 et
2998 2817 3150 2870 quam
3167 2803 3459 2869 jucundum
3482 2804 3704 2856 habitare

2155 2894 2340 2958 fratres
2375 2891 2427 2942 in
2483 2908 2662 2944 unum.
2701 2890 2927 2958 Profecti
2970 2893 3032 2943 de
3078 2891 3332 2944 Macelo":
3368 2906 3608 2946 venerunt
3652 2899 3701 2945 in

2159 2979 2340 3044 Thalli,
2367 2981 2454 3048 qui
2481 2981 2530 3032 in
2560 2994 2802 3047 pavorem
2834 2981 3074 3034 vertitur.
3123 2983 3423 3036 Ascendisti
3477 2985 3530 3036 in
3558 3001 3700 3037 tuon-

2158 3074 2262 3118 tem
2295 3066 2724 3133 pulcherrimum,
2748 3075 2962 3134 stupore
2991 3076 3044 3120 et
3086 3070 3343 3122 miraculo
3368 3069 3564 3124 Christi
3593 3088 3699 3124 uia-

2157 3154 2483 3222 gnitudinem
2515 3155 2786 3208 confiteris
2813 3173 2827 3210 :
2859 3157 3151 3210 nolialtum
3180 3173 3392 3225 sapere,
3435 3160 3530 3212 sed
3563 3163 3696 3213 time.

2157 3244 2402 3297 Dominus
2423 3245 2560 3299 enim
2583 3247 2808 3314 superbis
2838 3247 3040 3311 resistit,
3088 3245 3361 3300 humilibus
3409 3257 3577 3300 autem
3617 3251 3698 3300 dat

2155 3336 2390 3403 gratiam.
2421 3335 2603 3388 'Iimor
2629 3337 2769 3390 enim
2817 3346 2997 3390 custos
3026 3345 3104 3388 est
3146 3339 3422 3404 virtutum,
3451 3339 3695 3391 securitas

2154 3425 2217 3475 ad
2239 3426 2438 3491 lapsum
2457 3424 2647 3480 facilis.
2675 3424 2898 3494 Profecti
2916 3425 2977 3478 de
2995 3423 3159 3485 Thalli
3178 3438 3419 3480 venerunt
3442 3431 3493 3480 in
3520 3427 3689 3491 Titare,

2152 3527 2310 3579 quam
2342 3514 2579 3566 nonnulli
2627 3523 2837 3566 vertunt
2885 3514 2936 3566 in
2990 3515 3242 3566 malitiam
3274 3515 3354 3568 vel
3385 3507 3689 3582 pastursrrT:

2153 3599 2292 3669 quod
2327 3600 2549 3654 bcne'ad
2583 3602 2890 3669 praepositos
2932 3601 3284 3658 Ecclesiarum
3331 3604 3581 3667 refertur,
3617 3607 3688 3656 vel

2153 3691 2443 3744 custodiam
2474 3691 2686 3744 animrc.
2728 3691 2783 3745 Si
2828 3693 3074 3748 habueris
3123 3709 3396 3764 pavorem,
3451 3695 3689 3749 sollicitus

2153 3781 2258 3834 eris
2295 3797 2305 3832 :
2341 3780 2384 3833 si
2407 3781 2660 3834 sollicitus
2691 3782 2974 3845 fueris,leo
3005 3784 3055 3836 in
3086 3783 3260 3836 caulas
3292 3785 3474 3836 ovium
3500 3795 3688 3836 tuarum

2154 3886 2254 3922 non
2280 3872 2470 3939 poterit
2499 3873 2739 3932 introire.
2773 3884 2824 3925 et
2847 3886 3054 3940 omnem
3089 3873 3340 3926 malitiam
3392 3875 3584 3927 diaboli
3609 3888 3688 3940 po-

2153 3960 2279 4012 teris
2304 3960 2556 4028 effugere.
2592 3960 2814 4028 Profecti
2837 3962 2897 4012 de
2931 3961 3094 4016 Tliare
3140 3973 3481 4016 castrametatr
3511 3974 3619 4014 sunt
3645 3951 3710 4011 ἐπ’

2152 4050 2392 4115 Met/rica,
2416 4066 2531 4118 quas
2553 4054 2771 4104 vertitur
2795 4052 2846 4104 in
2870 4051 3202 4106 dulcedinem
3230 4071 3243 4104 :
3269 4053 3498 4106 Calcasti
3525 4067 3683 4113 uvam,

2152 4141 2337 4193 elisisti
2371 4140 2724 4201 insidiatores,
2758 4141 2943 4194 dulces
2991 4140 3193 4193 fructus
3238 4141 3482 4206 protinus
3510 4141 3689 4192 laboris

2151 4231 2506 4296 consequeris,
2550 4239 2609 4282 ut
2651 4232 2838 4284 merito
2866 4230 3030 4293 dicas,
3080 4230 3243 4295 Quam
3274 4230 3453 4282 dulcia
3475 4230 3690 4297 faucibus

2151 4325 2357 4388 nostris,
2387 4333 2440 4376 et
2468 4325 2686 4392 reliqua.
2723 4323 2945 4392 Profecti
2969 4326 3030 4375 de
3062 4322 3301 4386 Methica,
3334 4335 3503 4377 castra
3522 4339 3689 4393 posue-

2151 4426 2266 4468 runt
2309 4416 2359 4466 in
2406 4417 2647 4480 Asinaria,
2699 4428 2816 4479 qua:
2868 4416 3240 4482 interpretatur
3279 4417 3543 4468 festinans
3593 4422 3692 4465 :ut

508 4521 633 4560 nere
685 4508 876 4559 fuerint
920 4517 1134 4572 Opertae.
1163 4521 1328 4574 usque
1375 4508 1436 4557 ad
1469 4523 1658 4560 annum
1691 4509 1993 4574 pervenient
2029 4527 2041 4561 :
2079 4526 2125 4586 υ
2158 4517 2430 4574 postquam
2474 4503 2652 4558 dulces
2695 4504 2895 4557 fructus
2926 4505 3119 4558 laboris
3150 4507 3554 4567 messuerirnus,
3595 4521 3688 4555 non

507 4613 567 4650 ex
599 4611 703 4664 quo
728 4596 997 4661 discimus,
1052 4606 1167 4665 post
1224 4598 1458 4664 sepulcra
1507 4602 1942 4667 concupiscentiae
1993 4612 2048 4656 et

505 4687 759 4741 vestibula
810 4687 1031 4740 transire
1081 4687 1146 4739 ad
1197 4689 1576 4754 lignum,quod
1629 4691 1790 4744 multo
1817 4700 2047 4759 tempore

503 4779 728 4831 calorem
755 4787 925 4840 tenet;
957 4787 1048 4830 aut
1075 4778 1238 4830 simus
1294 4778 1553 4833 ferventes
1593 4782 1797 4846 spiritu,
1831 4793 1881 4834 et
1909 4785 2047 4837 claro

507 4863 679 4918 Sonitu
726 4865 1005 4933 Evangelia
1063 4865 1427 4929 pra-dicemus.
1478 4865 1700 4933 Profecti
1727 4870 1788 4920 de
1834 4870 2062 4945 liethma

508 4955 840 5005 rastrametati
867 4965 978 5015 sunt
1034 4956 1085 5005 in
1121 4954 1357 5006 Rernmon
1390 4954 1599 5016 Phares,
1648 4972 1764 5023 quae
1797 4959 2048 5026 interpre-

508 5049 649 5094 tatur
672 5041 791 5092 mali
824 5043 994 5106 punici
1025 5041 1237 5106 divisio,
1270 5044 1409 5112 quod
1439 5043 1526 5096 alii
1555 5046 1747 5096 malum
1777 5059 2047 5112 grauatum

507 5139 713 5185 vocant.
741 5130 850 5185 lloc
877 5140 1048 5186 autem
1088 5131 1333 5186 Ecclesiae
1355 5134 1607 5203 gremium
1631 5135 1911 5203 signiﬁcat,
1933 5154 2050 5204 quae

507 5237 715 5276 omnem
767 5221 968 5276 turbam
1020 5221 1344 5291 credentium
1393 5241 1488 5278 suo
1535 5225 1731 5281 cortice
1779 5227 1931 5294 tegit;
1963 5242 2050 5283 aut

508 5314 809 5366 varietatem
856 5313 1355 5377 consonantiamque
1412 5317 1706 5371 virtutum:
1741 5320 1877 5372 unde
1923 5322 2048 5373 seri-

508 5416 652 5468 ptum
675 5413 775 5460 est.
797 5404 1130 5456 multitudinis
1151 5414 1312 5456 autem
1333 5407 1636 5457 cras/entiam
1651 5417 1754 5459 erat
1770 5424 1856 5460 (ον
1873 5424 2045 5470 unum,

508 5506 552 5547 ct
594 5495 763 5546 anima
787 5509 904 5556 una,
939 5505 991 5546 et
1039 5497 1256 5563 reliqua.
1310 5494 1501 5563 Sicque
1530 5498 1677 5549 divisi
1709 5510 1829 5551 sunt
1861 5501 2050 5568 singuli

511 5588 719 5648 gradus,
754 5592 808 5635 ut
836 5597 1018 5635 omnes
1039 5585 1216 5636 eadem
1249 5599 1496 5653 compage
1524 5595 1816 5638 teneantur.
1853 5588 1914 5640 Et
1937 5605 2052 5653 pro-

515 5677 625 5739 frrii
674 5675 733 5726 de
768 5674 1005 5724 licunnon
1061 5671 1246 5724 Pharus
1279 5686 1510 5725 venerunt
1564 5673 1612 5725 in
1641 5674 1864 5740 Lrp/ma,
1897 5694 2050 5744 quant

519 5781 565 5813 in
602 5764 810 5815 latc:c:n
855 5776 1127 5827 possumus
1158 5771 1380 5812 vertere.
1420 5761 1657 5830 legimus
1707 5762 1973 5830 .{Igvpti-is
2001 5769 2049 5819 in

2149 4598 2313 4649 simus
2340 4596 2520 4663 quieti,
2553 4597 2809 4660 contenti,
2834 4596 2926 4648 sed
2960 4610 3169 4647 rursum
3209 4593 3273 4644 ad
3305 4593 3554 4647 ulteriora
3578 4590 3690 4660 pro-

2149 4693 2417 4753 perantes.
2449 4683 2820 4735 obliviscamur
2858 4681 3261 4748 przeteritorum,
3318 4689 3372 4734 et
3421 4682 3478 4735 in
3524 4683 3686 4736 futura

2147 4790 2240 4828 nos
2271 4774 2630 4828 extendamus.
2669 4770 2889 4840 Profecti
2908 4772 2971 4823 de
2987 4773 3204 4824 Asmona
3221 4775 3566 4827 castrametati
3582 4783 3688 4825 sunt

2145 4866 2196 4915 in
2227 4865 2500 4925 Maseroth,
2530 4877 2645 4931 qua:
2677 4862 3050 4928 interpretatur
3099 4863 3362 4916 vinculum
3389 4865 3509 4919 sive
3536 4864 3687 4916 disci-

2146 4953 2285 5020 plina
2315 4972 2325 5004 :
2359 4961 2414 5004 ut
2453 4953 2655 5015 festino
2702 4954 2878 5021 gradu’
2897 4967 3177 5021 pergamus
3204 4955 3268 5006 ad
3302 4955 3607 5022 magistros.
3641 4961 3688 5006 et

2149 5052 2410 5111 [incoepta
2444 5043 2689 5096 virtutum
2720 5043 2925 5098 vincula
2957 5043 3195 5112 putemus
3238 5054 3460 5106 aeterna,
3489 5043 3559 5096 de
3587 5044 3689 5112 qui-

2149 5135 2240 5184 bus
2270 5131 2425 5186 Isaias
2453 5133 2601 5196 dicit,
2639 5131 2760 5185 Post
2804 5141 2851 5186 te
2879 5133 3134 5186 mnbulant
3174 5133 3326 5182 vincti
3355 5134 3594 5185 manicis.
3624 5131 3690 5184 De

2149 5221 2402 5274 Maseroth
2427 5222 2767 5274 castrametati
2791 5232 2907 5275 sunt
2947 5223 3000 5273 in
3039 5219 3335 5282 Bareiaclia,
3368 5237 3491 5288 qua
3535 5224 3687 5277 inter-

2148 5313 2378 5379 pretatur
2405 5313 2537 5365 ﬁlius
2568 5313 2913 5376 necessitatis,
2963 5313 3074 5364 sive
3121 5311 3384 5375 stridoris,
3443 5315 3540 5384 qui
3580 5321 3688 5364 sunt

2150 5402 2237 5453 filii
2270 5401 2618 5463 necessitatis,
2650 5403 2882 5468 psalmus
2905 5405 3001 5451 iste
3027 5399 3293 5453 nosdocet
3327 5419 3339 5453 :
3373 5402 3571 5468 Marte
3594 5401 3688 5452 Do-

2148 5497 2397 5561 mino,/ilii
2430 5492 2544 5559 Dei,
2576 5493 2755 5558 afferte
2783 5492 2998 5544 Domino
3025 5491 3158 5556 filios
3198 5494 3433 5547 arietum.
3459 5497 3594 5561 Qua:
3619 5502 3690 5544 est

2152 5593 2288 5634 tanta
2322 5586 2766 5651 uecessitas,qu:e
2794 5581 3087 5634 uolentibus
3111 5585 3418 5651 imponitur,
3473 5586 3518 5637 si
3543 5583 3692 5636 scutis

2152 5675 2363 5728 vincula
2395 5675 2629 5727 veritatis
2659 5673 2982 5727 contendens
3005 5690 3122 5728 cum
3141 5677 3460 5728 adversariis
3493 5673 3687 5740 ligabrs.

2151 5777 2201 5818 ct
2235 5767 2432 5821 vinrtos
2455 5765 2609 5819 duces
2634 5764 3154 5828 :ulcaptivitattm,ct
3177 5764 3226 5818 iu
3254 5764 3454 5828 tempto
3491 5761 3689 5816 Danum
