3898 6260
234 409 300 463 ἹἹ
1000 386 1062 442 IN
1103 373 1649 440 PENTATEUIIIIUSI
1690 368 2170 424 COMJIENTARII.
2209 395 2279 408 —-
2317 365 2594 420 NUllElll.

3289 355 3389 407 578

195 528 390 575 omnes
412 513 586 567 dicent
612 504 856 574 gloriam.
888 499 1054 554 Porro
1076 508 1195 549 cum
1217 488 1570 545 convertimus
1610 481 1746 535 filios
1775 480 1817 534 Α
1849 476 2108 530 habentur
2135 490 2227 541 pro
2254 474 2377 526 illis.
2408 471 2615 538 Egressi
2643 469 2708 522 de
2746 474 2926 521 monte
2965 466 3070 519 llor
3110 481 3200 532 per
3241 480 3385 516 orant

199 571 476 666 stridoris,
503 598 569 653 ad
595 571 742 652 illum
770 589 954 657 refert,
975 585 1114 655 quod
1139 584 1283 637 illum
1315 581 1527 632 timores
1546 571 1750 639 suppli-

295 660 494 748 veteri's
522 688 646 747 loci.
676 683 759 736 ubi
799 686 871 734 est
898 679 1046 747 ﬂetus
1080 684 1126 726 et
1162 670 1351 725 stridor
1376 666 1620 723 dentium,
1652 660 1750 712 de-

203 749 450 840 serentes
465 794 533 834 es
558 772 754 830 diaboli
778 766 1018 827 vinculis.
1035 763 1244 818 Christo
1262 753 1584 811 credentium
1602 749 1752 802 turba

204 875 343 930 eolla
373 867 654 926 submittit.
710 856 932 928 Profecti
979 856 1040 910 de
1089 847 1384 913 Bareiucha,
1419 840 1756 914 castrantetati

204 971 330 1018 sunt
365 961 419 1014 in
461 965 626 1011 monte
655 949 880 1011 Golaad,
911 944 1063 1014 quod.
1091 942 1467 1006 interpretatur
1521 930 1754 990 nuntius,

203 1054 295 1108 vel
324 1050 611 1111 accinctus,
659 1042 743 1095 vel
781 1035 1033 1094 concisio.
1089 1028 1234 1085 Haud
1285 1026 1436 1080 aliter
1475 1032 1756 1090 possumus

208 1139 449 1210 magistri
470 1130 847 1202 discipulorum
875 1136 1033 1193 atque
1052 1117 1400 1181 credentium,
1433 1113 1553 1168 illos
1582 1111 1757 1164 facere

209 1200 358 1285 filios
380 1200 731 1282 necessitatis,
763 1217 861 1271 nisi
889 1219 1243 1284 prmeeptores
1271 1219 1451 1262 eorum
1481 1200 1758 1256 fecerimus

209 1314 630 1372 credulis-simus.
685 1308 739 1362 In
788 1303 1107 1358 occisionem
1165 1314 1268 1352 non
1324 1301 1532 1363 parcat,
1572 1303 1761 1342 manus

212 1418 394 1464 nostra
426 1418 651 1468 armum,
674 1409 765 1453 aut
794 1405 1088 1452 extremum
1116 1387 1368 1444 auriculae
1390 1385 1456 1440 de
1481 1398 1573 1437 ore
1594 1379 1761 1435 leonis

210 1498 516 1554 extrahere.
549 1492 699 1549 Unde
728 1496 785 1541 et
813 1482 973 1538 David
1003 1483 1054 1536 in
1085 1477 1340 1533 matutino
1379 1475 1524 1539 dicit,
1556 1469 1762 1536 inter/i-

211 1593 405 1659 ciebam
456 1603 624 1642 omnes
672 1591 950 1655 peccatores
1003 1586 1167 1630 teme.
1214 1572 1291 1626 De
1333 1567 1660 1624 nuntiatione
1710 1571 1764 1620 et

212 1681 546 1739 accinctione
589 1680 702 1730 lure
756 1669 985 1728 breviter
1031 1676 1312 1734 possumus
1363 1660 1587 1714 dicere:
1623 1654 1762 1724 quod

222 1774 363 1827 filios
389 1765 716 1824 necessitatis
743 1761 971 1832 grandes
998 1757 1062 1812 ad
1092 1755 1342 1809 virtutum
1370 1748 1609 1808 stimulos
1634 1760 1762 1815 sug-

219 1873 489 1931 geramus,
513 1871 634 1910 cum
665 1854 765 1907 illis
805 1844 1289 1904 deunntiaverimus
1317 1840 1504 1909 prima,
1529 1850 1588 1889 ac
1616 1834 1763 1887 futu-

223 1963 404 2006 rorum
453 1945 719 2000 accinctos
747 1942 797 1994 in
830 1939 967 1993 bello
996 1932 1328 1990 docuerimus
1369 1929 1554 1982 horum
1581 1925 1764 1983 tritnu.

225 2038 485 2108 Quicquid
511 2032 757 2101 magister
806 2029 1005 2092 fecerit,
1033 2026 1083 2078 in
1129 2033 1305 2077 monte
1332 2017 1586 2072 consistit.
1613 2014 1677 2068 Et
1706 2015 1769 2067 de

218 2106 423 2185 Calaad
447 2120 785 2178 castrametati
808 2128 922 2171 sunt
945 2117 995 2167 in
1026 2109 1350 2169 Ilietabatha,
1370 2122 1486 2174 quae
1510 2106 1771 2170 interpre-

221 2227 365 2272 tatur
393 2213 620 2270 bonitas.
646 2211 710 2264 Et
733 2223 851 2262 eum
877 2204 1174 2258 venerimus
1195 2201 1246 2253 in
1268 2200 1438 2251 virum
1457 2192 1765 2263 perfectum,

223 2309 275 2362 id
312 2316 392 2360 est
418 2304 469 2358 in
499 2300 876 2357 sacerdotalem
901 2295 1138 2365 gradum,
1170 2300 1224 2345 et
1244 2288 1412 2344 aetatis
1435 2281 1772 2355 plenitudinis

221 2396 446 2458 Christi,
478 2409 596 2446 cum
627 2389 787 2444 David
812 2387 1047 2440 dicamus
1082 2401 1095 2435 :
1125 2381 1191 2435 In
1221 2388 1268 2432 te
1319 2378 1532 2431 Domine
1555 2373 1769 2442 speravi,

228 2502 332 2540 non
361 2481 646 2549 confundar
671 2479 723 2530 in
764 2487 1021 2529 aeternum.
1051 2470 1235 2524 Pastor
1274 2466 1411 2520 enim
1443 2465 1599 2517 bonus
1627 2469 1774 2531 ponit

225 2576 450 2627 animum
494 2584 638 2623 suam
667 2583 757 2636 pro
784 2563 956 2617 ovibus
995 2561 1115 2614 suis.
1143 2558 1216 2609 De
1261 2553 1563 2607 Hietabatha
1587 2559 1778 2602 castra-

225 2660 399 2715 metati
443 2669 562 2713 sunt
599 2657 650 2709 in
698 2653 922 2714 Ebrona,
955 2666 1070 2717 que
1101 2648 1477 2711 interpretatur
1506 2639 1776 2700 transitus,

226 2751 313 2805 vel
343 2746 599 2802 transitio.
633 2745 707 2798 Ad
729 2745 864 2796 hanc
893 2740 1040 2816 venit
1063 2751 1221 2790 verus
1252 2733 1522 2794 trausitor,
1543 2727 1628 2795 qui
1651 2741 1781 2797 quo-

229 2840 359 2894 tidie
387 2835 712 2904 iugetuiscit;
756 2843 808 2886 et
849 2831 1021 2884 dicit:
1075 2827 1196 2880 "ac
1240 2826 1526 2878 recordatus
1563 2838 1694 2885 sum,
1735 2830 1780 2873 et

231 2930 391 2998 effudi
419 2930 470 2981 in
490 2943 567 2979 me
591 2927 808 2978 animum
836 2938 1019 2983 meant,
1039 2920 1278 2984 quoniam
1305 2917 1521 2968 transibo
1543 2915 1593 2965 in
1621 2913 1784 2964 locum

231 3018 541 3073 tabernaculi
568 3013 884 3067 admirabilis
913 3025 1066 3078 usque
1088 3010 1152 3060 ad
1174 3007 1374 3058 domum
1409 3001 1521 3055 Dei.
1553 2999 1786 3063 Denique

231 3119 286 3162 et
319 3109 507 3161 Paulus
533 3102 658 3157 dicit
691 3120 704 3155 :
731 3099 983 3173 Praeteriit
1018 3097 1149 3149 enim
1185 3096 1349 3163 ﬁgura
1392 3091 1544 3156 hujus
1589 3085 1783 3138 mundi.

1852 565 2012 618 maris
2042 564 2227 625 Rubri,
2273 571 2329 615 ut
2377 559 2652 615 circnireut
2705 566 2896 610 terram
2921 556 3066 608 Edon
3123 571 3135 606 :
3177 571 3240 607 ex
3289 571 3391 619 (για

1851 656 2160 718 Ostenditur,
2195 655 2245 707 in
2299 651 2486 705 finibus
2529 662 2682 702 terra:
2720 647 2973 701 Idumaeos
3017 659 3134 698 esse
3165 645 3382 712 positos.

1855 747 2058 801 Selmon
2091 751 2457 812 interpretatur
2487 739 2813 809 imagnucttla
2848 754 2863 790 :
2894 738 3013 806 quia
3044 737 3286 787 nimirum
3319 735 3386 786 ibi

1854 845 1937 889 est
1955 850 2202 904 0!!)78898
2230 835 2399 901 imago
2425 831 2729 892 Salvatoris,
2755 844 2844 895 per
2860 833 3154 892 serpentem
3175 838 3389 886 teretia,

1854 925 1942 994 qui
1974 927 2024 977 in
2055 925 2194 992 ligno
2216 922 2475 991 pependit.
2502 921 2661 974 Sinon
2718 919 3085 983 interpretatur
3135 930 3194 965 os
3229 931 3241 964 :
3274 913 3394 978 quia

1859 1025 2128 1085 postquam
2162 1014 2451 1079 passionem
2478 1012 2590 1065 Filii
2620 1010 2709 1064 Dei
2751 1007 3133 1076 cognoscimus,
3163 1003 3300 1072 quod
3328 1018 3393 1056 ex

1860 1108 2021 1162 corde
2052 1107 2336 1171 credimus,
2367 1119 2457 1156 ore
2488 1100 2904 1171 pronuntiamus.
2946 1095 3168 1163 Profecti
3207 1099 3268 1146 de
3304 1091 3394 1148 Si-

1861 1215 1984 1260 non,
2029 1205 2264 1251 uenerunt
2312 1198 2363 1248 in
2413 1194 2594 1256 Ubotlr,
2641 1191 2728 1260 qui
2779 1191 3148 1257 interpretatur
3193 1196 3398 1252 magus,

1861 1287 1972 1342 sive
1996 1287 2304 1354 pithonissa.
2333 1282 2484 1338 Unde
2526 1273 2866 1340 monstratur,
2911 1276 3028 1343 quia
3074 1283 3189 1342 post
3216 1271 3398 1339 imagi-

1864 1387 1981 1431 nem
2015 1376 2125 1440 Dei,
2145 1377 2230 1444 qui
2264 1376 2313 1427 in
2340 1373 2500 1427 corde
2526 1373 2726 1424 ratione
2751 1369 3002 1437 signatur,
3030 1374 3084 1418 et
3109 1361 3398 1417 confessio-

1866 1480 1982 1518 nem
2015 1465 2130 1517 lidei
2158 1478 2273 1532 qua:
2314 1463 2366 1515 in
2396 1476 2488 1514 ore
2512 1459 2799 1522 confertur,
2842 1461 3163 1523 consurgunt
3184 1465 3399 1518 serpeno

1865 1562 1966 1616 tes,
1997 1560 2050 1607 et
2077 1561 2215 1605 artes
2240 1548 2490 1604 malefica:
2531 1548 2595 1600 ad
2641 1545 2777 1599 bella
2814 1557 2910 1596 nos
2956 1549 3269 1610 prm'ocant;
3308 1537 3402 1590 sed

1866 1645 2006 1696 omni
2055 1644 2292 1696 custodia
2340 1651 2606 1694 servemus
2654 1649 2746 1688 cor
2798 1643 3055 1687 nostrum.
3098 1628 3320 1696 Profecit
3347 1628 3410 1678 de

1870 1727 2052 1794 Obotlt,
2085 1729 2423 1783 castrametati
2475 1736 2589 1780 sunt
2634 1726 2690 1778 in
2740 1720 3016 1777 Tealzarim
3044 1733 3064 1771 :
3091 1733 3205 1785 quae
3232 1709 3406 1780 sonat,

1797 1807 1840 1866 Β
1867 1835 2084 1875 acervos
2135 1820 2364 1886 lapidum
2411 1815 2816 1871 transeuntium.
2849 1812 2912 1866 lli
2955 1817 3079 1864 sunt
3111 1806 3298 1868 saucii,
3338 1804 3404 1856 ad
3462 1828 3471 1837 -

1867 1909 1994 1962 alias
2025 1908 2328 1961 mansiones
2357 1916 2473 1976 post
2501 1907 2654 1958 istum
2684 1901 2936 1956 mundum
2981 1895 3309 1951 festinantes.
3335 1889 3410 1943 De

1869 1997 2152 2051 Tealsarim
2181 2008 2415 2050 uenerunt
2443 2000 2495 2049 in
2528 1994 2688 2046 Dibon
2724 1992 2857 2051 Gud,
2886 1989 3022 2058 quod
3045 1989 3413 2053 interpretatur

1873 2089 2075 2143 lortiter
2120 2086 2382 2140 intellecta
2441 2085 2677 2138 tentatio.
2731 2081 2828 2136 Per
2871 2078 3010 2150 quod
3067 2075 3409 2144 significatur,

1858 2169 1991 2245 quia
2011 2191 2114 2230 non
2139 2175 2394 2228 debemus
2425 2172 2666 2240 ignorare
2695 2168 2890 2222 inimici
2929 2166 3171 2219 astutias.
3195 2163 3248 2216 Si
3273 2161 3411 2215 enim

1872 2268 2257 2334 intelligantur,
2289 2264 2572 2317 intellecta:
2623 2259 2827 2313 fortiter
2854 2263 3186 2326 superantur.
3211 2252 3284 2305 De
3327 2249 3420 2302 Di-

1874 2357 1970 2409 bon
1992 2354 2106 2408 Gud
2132 2352 2476 2406 castrantctuti
2493 2353 2544 2402 in
2570 2351 2746 2402 Almon
2767 2346 3070 2408 Deblataim,
3088 2349 3420 2406 contemptus

1877 2454 2147 2514 saltaruni,
2180 2451 2294 2502 sive
2319 2446 2747 2514 Opprohriorum.
2769 2443 2867 2496 l‘er
2897 2441 2995 2492 hoc
3019 2435 3286 2498 discimus,
3301 2446 3419 2486 om-

1880 2542 1964 2596 nia
1991 2540 2162 2593 dulcia
2193 2544 2248 2591 et
2291 2534 2566 2590 illecebras
2618 2532 2937 2596 voluptatum
2991 2527 3042 2579 in
3070 2521 3263 2576 mundo
3292 2533 3420 2572 con-

1881 2629 2208 2694 temnendas,
2231 2618 2469 2680 inebriari
2496 2639 2596 2676 non
2623 2622 2802 2674 debere
2826 2620 2961 2679 uino,
2982 2616 3033 2667 in
3053 2629 3149 2678 quo
3179 2619 3249 2664 est
3269 2609 3424 2662 luxu-

1879 2720 1978 2773 ria.
2010 2718 2159 2784 Quod
2187 2727 2358 2768 autem
2403 2711 2739 2781 opprobrium
2777 2702 3213 2762 contemnendum
3248 2698 3334 2761 sit,
3360 2711 3423 2750 ac

1888 2783 2263 2861 beatitudinem
2297 2804 2482 2869 pariat.
2513 2801 2750 2855 Salvator
2788 2794 3094 2864 plenissime
3134 2790 3304 2842 docet.
3352 2783 3429 2837 De

1887 2899 2103 2952 Almana
2134 2895 2439 2958 Deblataim,
2462 2889 2797 2945 castrametati
2819 2895 2932 2940 sunt
2954 2886 3006 2937 in
3025 2880 3274 2934 montibus
3293 2876 3428 2929 Aba-

1885 2986 1982 3043 rim
1999 2997 2170 3041 contra
2189 2986 2350 3037 Nubo.
2377 2983 2590 3037 Abarim
2615 2982 3018 3045 interpretantur
3038 2978 3242 3026 montes
3263 2974 3429 3019 trans-

1889 3083 2142 3132 euntium.
2176 3077 2321 3129 Nabo
2355 3075 2730 3138 interpretatur
2771 3063 3058 3124 c0uclusio,
3101 3063 3152 3112 in
3182 3073 3284 3127 qua
3312 3056 3430 3108 titti-

237 3198 444 3266 Egressi
474 3197 535 3246 de
565 3192 768 3245 Ebrona
797 3164 1133 3242 castrametati
1172 3191 1285 3235 sunt
1315 3182 1366 3232 in
1394 3179 1573 3231 Assion
1599 3173 1785 3237 Caber,
1813 3150 1860 3213 θ
1894 3178 1976 3221 tur
2012 3166 2118 3228 lex,
2151 3173 2206 3217 et
2233 3178 2333 3216 non
2365 3161 2631 3214 invenitur
2667 3156 2804 3208 illius
2845 3150 3096 3206 memoria
3129 3166 3143 3203 :
3171 3147 3430 3213 simulque

232 3264 356 3357 quze
383 3283 697 3337 transfertur
724 3281 776 3332 in
811 3280 985 3344 lingua
1015 3274 1205 3335 viridi,‘
1232 3271 1314 3324 vel
1369 3269 1435 3321 de
1458 3264 1791 3320 dubitatione

236 3353 490 3438 hominis,
524 3388 616 3441 per
642 3369 782 3439 quod
837 3365 1006 3421 seduli
1038 3373 1091 3416 et
1139 3359 1404 3429 diligentis
1439 3353 1671 3423 magistri
1697 3353 1792 3406 do-

236 3469 409 3543 ctrina
431 3471 770 3522 monstratur,
798 3457 1048 3512 caedentis
1073 3452 1214 3520 ligna
1245 3447 1510 3509 informia,
1539 3455 1590 3498 et
1613 3444 1793 3495 dolan-

239 3541 312 3613 tis
334 3555 679 3622 facientisque
703 3563 826 3603 vasa
850 3547 1055 3600 diversa
1085 3543 1138 3597 in
1160 3542 1318 3596 domo
1345 3552 1550 3607 magna.
1571 3534 1794 3588 Possunt

240 3649 383 3714 ligna
415 3643 677 3704 nationes,
709 3638 806 3691 viri
861 3637 1089 3692 saltuum
1120 3642 1176 3686 et
1203 3629 1436 3683 omnium
1487 3636 1680 3694 genera
1710 3636 1794 3673 ar-

238 3739 455 3798 borum,
502 3745 563 3785 ae
587 3745 679 3798 per
731 3727 831 3781 hoc
877 3724 1108 3794 gentium
1136 3722 1358 3788 figurare
1379 3710 1791 3766 multitudinem.

243 3829 527 3890 llucusque
547 3818 775 3873 solitudo
795 3815 1022 3869 Pharao.
1039 3809 1114 3862 De
1135 3808 1311 3861 Assion
1337 3803 1499 3857 (ἕαδεν
1519 3807 1795 3853 castrame-

241 3921 345 3972 tatt'
370 3889 485 3969 sunt
531 3912 583 3965 in
624 3911 875 3963 desertum
932 3901 1026 3958 Siti
1065 3914 1174 3967 qum
1199 3907 1271 3951 est
1299 3895 1477 3950 Gades.
1510 3889 1794 3956 Quaeritur,

243 4021 346 4061 cur
373 4013 554 4057 octava
604 3995 807 4051 mansio
853 3989 1069 4047 XXXVI
1095 4002 1214 4041 esse
1241 3985 1477 4045 dicatur;
1507 3978 1598 4032 sed
1625 3977 1797 4030 scien-

245 4099 374 4148 dum
407 4101 508 4150 est,
540 4088 673 4153 quod
709 4085 849 4152 prius
880 4097 971 4150 per
1000 4077 1223 4134 Samer
1257 4075 1483 4128 litteram
1533 4067 1798 4129 scribitur,

244 4178 727 4247 interpretatnrque
754 4176 927 4228 rubus.
962 4171 1042 4225 vel
1091 4168 1291 4221 odium.
1342 4164 1465 4216 llaac
1503 4169 1676 4213 autem
1708 4171 1800 4224 per

249 4272 401 4328 Zade
423 4250 663 4326 vertitur,
691 4281 803 4332 qua:
828 4263 880 4314 io
903 4259 1224 4321 mandatum,
1256 4255 1487 4320 illudque
1515 4249 1651 4318 quod
1676 4262 1801 4300 cou-

246 4360 509 4432 juugitur.
542 4356 722 4413 Gades,
747 4367 847 4403 non
877 4360 930 4403 ut
960 4351 1192 4416 plerique
1236 4356 1438 4413 putant,
1472 4348 1649 4394 sancta
1675 4334 1804 4389 dici-

249 4427 474 4514 tur,"sed
499 4447 690 4499 dicitur
717 4449 910 4495 mutata
940 4456 953 4492 :
995 4439 1061 4491 de
1089 4452 1189 4503 qua
1241 4437 1291 4487 in
1326 4433 1527 4500 psalmo
1560 4427 1803 4482 Davidico

248 4541 470 4602 dcitur,
492 4534 823 4590 Contnrouebit
847 4531 1094 4583 desertum
1121 4524 1314 4578 Cades.-
1343 4522 1397 4575 Si
1422 4529 1594 4572 autem
1623 4525 1798 4571 sancta

247 4634 654 4694 interpretatur,
687 4639 780 4691 per
800 4618 1138 4688 antiphrasim
1177 4609 1564 4678 intelligendum
1588 4615 1670 4661 est
1700 4623 1712 4659 :
1745 4615 1801 4658 ut

248 4716 452 4773 dicitur
494 4713 709 4773 bellum,
741 4710 880 4776 quod
919 4707 1134 4760 minime
1177 4704 1401 4764 bonum;
1453 4700 1620 4760 lucus,
1663 4695 1800 4764 quod

250 4803 478 4860 minime
508 4802 699 4852 luceat.
743 4798 794 4849 ln
826 4798 923 4849 hac
970 4795 1240 4848 mansione
1281 4791 1501 4864 moritur
1530 4785 1712 4846 Maria,
1752 4793 1801 4838 et

249 4903 477 4964 propter
502 4903 666 4955 aquas
693 4885 1120 4940 contradictionis
1142 4883 1344 4949 Moyses
1367 4889 1422 4932 et
1444 4881 1614 4930 Aaron
1641 4875 1805 4930 ollen-

251 4981 397 5035 dunt
421 4981 723 5033 Dominum.
751 4974 844 5028 Ubi
877 4983 1047 5026 autem
1081 4967 1491 5031 mandatom,ibi
1516 4975 1807 5032 peccatum.

255 5069 338 5122 ibi
364 5069 590 5129 offensa,
620 5067 687 5119 ibi
717 5079 880 5118 mors.
913 5061 989 5114 De
1031 5058 1186 5112 Cades
1239 5055 1573 5108 castrametati
1617 5062 1729 5108 sunt
1757 5054 1809 5106 in

259 5157 317 5213 11
328 5173 400 5218 or,
423 5157 512 5225 qui
535 5157 908 5223 interpretator
932 5165 1081 5206 mons
1110 5168 1121 5201 :
1144 5148 1288 5216 quasi
1317 5147 1597 5214 legeretur,
1621 5159 1810 5197 ascen-

257 5249 349 5304 dit
396 5249 444 5300 in
499 5258 725 5302 montem
758 5246 974 5308 montis,
1007 5245 1088 5296 vel
1131 5241 1182 5294 in
1222 5239 1417 5293 vertice
1469 5236 1658 5289 rnonlis
1684 5253 1695 5286 :
1723 5250 1814 5302 per

265 5339 410 5411 quod
434 5336 779 5407 significatur,
805 5338 944 5404 quod
996 5334 1062 5387 de
1114 5327 1390 5383 virtutibus
1433 5339 1534 5377 non
1565 5323 1814 5376 debemus

263 5444 390 5485 esse
415 5426 602 5488 securi,
633 5428 723 5478 sed
751 5439 960 5492 semper
986 5424 1035 5476 in
1087 5418 1378 5474 excelsiore
1427 5415 1588 5478 gradu
1617 5413 1680 5466 ad
1712 5414 1817 5465 vir-

266 5530 443 5574 tutum
472 5517 695 5571 culmina
729 5515 1060 5568 festinemus.
1093 5512 1167 5564 De
1209 5515 1370 5561 monte
1396 5504 1506 5556 Hor
1532 5514 1701 5560 castra
1731 5521 1818 5570 po-

266 5619 476 5664 suerunt
506 5609 556 5659 in
584 5606 843 5658 Selmona.
879 5603 1101 5670 Profecti
1130 5602 1190 5652 de
1231 5596 1469 5651 Selmoua
1509 5604 1742 5645 uenerunt
1769 5595 1819 5646 in

272 5698 459 5751 Sinon.
506 5696 596 5750 lla:
645 5694 758 5748 dua:
800 5693 1098 5746 mansiones
1153 5691 1201 5743 in
1251 5685 1432 5761 ordine
1462 5683 1690 5736 historic
1720 5701 1818 5736 non

1889 3257 2189 3320 considera,
2209 3253 2346 3323 quod
2376 3251 2627 3306 habitatio
2649 3245 3026 3300 transeuntium
3056 3242 3106 3295 in
3139 3250 3313 3293 monte
3332 3239 3430 3291 sita

1891 3357 2009 3411 est;
2038 3345 2129 3400 sed
2159 3355 2272 3410 post
2301 3341 2571 3395 montesin
2595 3336 2909 3402 campestria
2939 3330 3090 3385 Moab
3110 3339 3161 3383 et
3190 3324 3432 3381 Jordanis

1892 3434 2084 3490 ﬂuenta
2112 3432 2495 3487 descendimus.
2547 3426 2685 3479 Nihil
2732 3421 2872 3476 enim
2918 3431 3020 3472 tam
3079 3417 3428 3484 periculosum

1891 3531 1992 3584 est,
2016 3535 2166 3589 quam
2184 3514 2432 3584 jactantia
2457 3514 2704 3566 virtutum
2726 3517 2948 3561 tumens.
2968 3504 3190 3572 Profecti
3217 3503 3277 3554 de
3291 3514 3434 3553 iuon-

1893 3609 2022 3662 tibus
2050 3607 2271 3669 Abarim,
2302 3599 2638 3656 castrantctati
2662 3605 2776 3649 sunt
2823 3597 2872 3647 in
2898 3592 3251 3662 campestribus
3285 3589 3434 3641 Moab

1893 3699 1960 3750 ad
1986 3695 2425 3764 Jordanentjuzta
2452 3689 2687 3744 Jericlto:
2713 3686 2871 3753 ibique
2900 3684 3117 3752 ﬁxerunt
3148 3679 3379 3739 tentoria,
3409 3693 3439 3728 a

1896 3791 2043 3842 domo
2066 3787 2422 3842 sollicitudinis
2461 3799 2616 3850 usque
2655 3782 2720 3832 ad
2775 3777 3104 3831 Belsatltaim.
3155 3775 3254 3826 Per
3296 3786 3439 3823 cam-

1897 3880 2109 3947 pestria,
2135 3887 2190 3930 ut
2216 3875 2467 3936 diximus,
2496 3873 2799 3937 designatur
2840 3873 3020 3919 custos
3070 3863 3302 3916 omnium
3339 3861 3444 3913 vir-

1899 3981 2090 4030 tutum,
2135 3965 2433 4020 humilitas.
2492 3958 2804 4014 Belsathaim
2860 3957 3229 4023 interpretatur
3276 3951 3445 4005 luctus

1899 4061 2167 4130 spinarum
2195 4073 2206 4108 :
2241 4056 2378 4124 quod
2402 4052 2679 4124 significat,
2707 4049 2843 4118 quod
2876 4047 3096 4114 pristina
3123 4051 3330 4112 peccata
3350 4041 3444 4094 de-

1903 4153 2082 4205 bemus
2112 4149 2306 4214 lugere,
2336 4159 2454 4213 qua:
2478 4151 2602 4197 sunt
2618 4142 2780 4209 spina:
2805 4138 3120 4191 suffocantes
3149 4141 3437 4186 sementem

1905 4238 2128 4293 Domini.
2154 4236 2280 4288 Post
2306 4234 2416 4285 hare
2437 4231 2654 4284 docetur
2683 4227 2922 4293 populus,
2945 4233 3003 4276 ut
3029 4223 3163 4276 idola
3185 4222 3443 4284 destruat,

1901 4338 1954 4384 et
1982 4327 2120 4381 nulla
2145 4326 2212 4379 de
2257 4323 2519 4389 prioribus
2568 4299 2978 4372 habitationibus
3034 4319 3301 4365 reservent
3333 4329 3346 4365 :
3378 4312 3443 4362 ad

1905 4418 2302 4489 significandum
2333 4413 2472 4482 quod
2490 4427 2609 4465 cum
2633 4409 2695 4462 ad
2720 4420 2912 4462 terram
2943 4413 3138 4456 sancta:
3164 4400 3448 4469 repromis-

1905 4511 2070 4563 sionis
2100 4522 2191 4575 per
2215 4505 2367 4557 ﬁdem
2421 4499 2762 4568 ingredimur,
2812 4495 2967 4546 simul
3009 4505 3127 4545 cum
3157 4485 3446 4542 idololatria

1903 4601 2059 4655 etiam
2086 4596 2260 4650 omnia
2285 4594 2402 4646 vitia
2432 4590 2823 4656 extinguamus.

2439 4714 2660 4772 CAPUT
2701 4711 2909 4778 xxxv,

1976 4856 2101 4914 Post
2121 4857 2230 4910 hare
2259 4851 2575 4921 praecipitur,
2607 4855 2661 4900 ut
2685 4846 2866 4899 dentur
2890 4841 3069 4895 Levitis
3097 4839 3244 4892 urbes
3264 4840 3327 4890 ad
3354 4837 3447 4889 Ita-

1912 4950 2188 5010 bitandum,
2213 4952 2258 5002 et
2282 4940 2515 4996 suburbia
2541 4932 3140 4990 illarum:luereditntem
3178 4931 3306 4980 inter
3335 4929 3445 4994 fra-

1912 5051 2008 5096 tres
2034 5055 2149 5094 suos
2174 5051 2272 5088 sou
2299 5031 2563 5099 accipiunt.
2589 5027 2687 5081 Per
2708 5023 2844 5090 quod
2872 5022 2950 5075 his
2971 5019 3059 5088 qui
3090 5019 3265 5070 divino
3288 5013 3443 5065 titini-

1916 5131 2076 5186 sterio
2102 5144 2160 5179 ac
2185 5121 2476 5175 sacerdotio
2507 5120 2814 5182 funguntur,
2852 5109 3168 5178 prmcipitur,
3213 5113 3263 5154 ut
3300 5103 3446 5167 juxta

1919 5218 2244 5290 Apostolu‘m,
2272 5211 2504 5263 habentes
2531 5209 2710 5259 vietum
2750 5213 2794 5255 et
2835 5201 3060 5251 vestitum
3083 5235 3098 5258 ,
3134 5193 3211 5245 his
3236 5199 3453 5243 contents

1918 5279 2012 5364 sint
2038 5326 2054 5373 ;
2084 5316 2137 5359 ut
2165 5303 2357 5370 possint
2381 5314 2497 5351 eum
2531 5296 2691 5349 Paulo
2716 5292 2952 5358 apostolo
2997 5285 3172 5336 dicere
3196 5321 3212 5344 ,
3259 5279 3447 5333 Nostra

1916 5407 2080 5451 autem
2106 5391 2411 5445 conversatio
2435 5389 2482 5436 in
2512 5383 2647 5436 cwlis
2670 5387 2762 5431 est.
2784 5376 2985 5428 liabent
3013 5385 3185 5424 tamen
3204 5366 3452 5436 quasdam

1921 5487 2074 5540 urbes
2115 5489 2162 5531 et
2207 5479 2398 5530 vicolos
2446 5475 2506 5524 ad
2555 5465 2913 5521 habitandum.
2954 5459 3152 5530 Dignus
3191 5465 3262 5510 est
3324 5455 3454 5505 enim

1922 5571 2173 5642 operarius
2201 5569 2418 5620 mercede
2443 5578 2550 5613 sua.
