  <div class='ocr_page' id='page_1' title='image "/cluster/home/n/w/nwhite01/storage/ocr_20150623/90-91/uva.x000827075/841.png"; bbox 0 0 3898 6260; ppageno 0'>
   <div class='ocr_carea' id='block_1_1' title="bbox 515 215 619 273">
    <p class='ocr_par' dir='ltr' id='par_1_1' title="bbox 515 215 619 273">
     <span class='ocr_line' id='line_1_1' title="bbox 515 215 619 273; baseline 0.048 -6"><span class='ocrx_word' id='word_1_1' title='bbox 515 215 619 273; x_wconf 76' lang='lat'><strong>379</strong></span> 
     </span>
    </p>
   </div>
   <div class='ocr_carea' id='block_1_2' title="bbox 513 351 3424 383">
    <p class='ocr_par' dir='ltr' id='par_1_2' title="bbox 513 351 3424 383">
     <span class='ocr_line' id='line_1_2' title="bbox 513 351 3424 383; baseline 0.003 -24"><span class='ocrx_word' id='word_1_2' title='bbox 513 351 3424 383; x_wconf 50' lang='lat'><strong>.____________,_______.______.______._______________</strong></span> 
     </span>
    </p>
   </div>
   <div class='ocr_carea' id='block_1_3' title="bbox 1007 177 3214 296">
    <p class='ocr_par' dir='ltr' id='par_1_3' title="bbox 1007 177 3214 296">
     <span class='ocr_line' id='line_1_3' title="bbox 1007 177 3214 296; baseline -0.002 -30"><span class='ocrx_word' id='word_1_3' title='bbox 1007 211 1206 266; x_wconf 68' lang='lat' dir='ltr'><strong>sum</strong></span> <span class='ocrx_word' id='word_1_4' title='bbox 1250 205 1695 264; x_wconf 71' lang='lat' dir='ltr'><strong>VENERABILIS</strong></span> <span class='ocrx_word' id='word_1_5' title='bbox 1735 177 2009 260; x_wconf 66' lang='grc' dir='ltr'><strong>οιίειιυιιι</strong></span> <span class='ocrx_word' id='word_1_6' title='bbox 2053 203 2229 296; x_wconf 55' lang='lat' dir='ltr'><strong>rans</strong></span> <span class='ocrx_word' id='word_1_7' title='bbox 2269 210 2331 260; x_wconf 91' lang='grc' dir='ltr'><strong>ιι.</strong></span> <span class='ocrx_word' id='word_1_8' title='bbox 2359 235 2422 244; x_wconf 89' lang='grc'><strong>-</strong></span> <span class='ocrx_word' id='word_1_9' title='bbox 2456 205 2840 264; x_wconf 69' lang='lat' dir='ltr'><strong>exeuntes</strong></span> <span class='ocrx_word' id='word_1_10' title='bbox 2885 178 3214 268; x_wconf 65' lang='lat' dir='ltr'><strong>CENUINA.</strong></span> 
     </span>
    </p>
   </div>
   <div class='ocr_carea' id='block_1_4' title="bbox 3669 211 3771 264">
    <p class='ocr_par' dir='ltr' id='par_1_4' title="bbox 3669 211 3771 264">
     <span class='ocr_line' id='line_1_4' title="bbox 3669 211 3771 264; baseline 0 0"><span class='ocrx_word' id='word_1_11' title='bbox 3669 211 3771 264; x_wconf 59' lang='lat'><strong>335</strong></span> 
     </span>
    </p>
   </div>
   <div class='ocr_carea' id='block_1_5' title="bbox 866 459 3404 564">
    <p class='ocr_par' dir='ltr' id='par_1_5' title="bbox 866 459 3404 564">
     <span class='ocr_line' id='line_1_5' title="bbox 866 459 3404 564; baseline -0.003 -11"><span class='ocrx_word' id='word_1_12' title='bbox 866 465 1614 553; x_wconf 86' lang='lat' dir='ltr'><strong>EXPLANATIO</strong></span> <span class='ocrx_word' id='word_1_13' title='bbox 1688 463 1804 543; x_wconf 87' lang='lat' dir='ltr'><strong>IN</strong></span> <span class='ocrx_word' id='word_1_14' title='bbox 1880 459 2435 564; x_wconf 82' lang='lat' dir='ltr'><strong>QUINTUM</strong></span> <span class='ocrx_word' id='word_1_15' title='bbox 2510 461 2960 543; x_wconf 83' lang='lat' dir='ltr'><strong>LIBRUM</strong></span> <span class='ocrx_word' id='word_1_16' title='bbox 3018 462 3404 557; x_wconf 87' lang='lat' dir='ltr'><strong>MOSIS,</strong></span> 
     </span>
    </p>
   </div>
   <div class='ocr_carea' id='block_1_6' title="bbox 673 603 3610 696">
    <p class='ocr_par' dir='ltr' id='par_1_6' title="bbox 673 603 3610 696">
     <span class='ocr_line' id='line_1_6' title="bbox 673 603 3610 696; baseline -0.003 -16"><span class='ocrx_word' id='word_1_17' title='bbox 673 622 797 696; x_wconf 83' lang='lat' dir='ltr'><strong>Qui</strong></span> <span class='ocrx_word' id='word_1_18' title='bbox 829 620 1125 680; x_wconf 81' lang='lat' dir='ltr'><strong>Ilebraice</strong></span> <span class='ocrx_word' id='word_1_19' title='bbox 1154 618 1761 684; x_wconf 71' lang='lat' dir='ltr'><strong>ELLEHADDEBABIM,</strong></span> <span class='ocrx_word' id='word_1_20' title='bbox 1794 611 1997 677; x_wconf 64' lang='lat' dir='ltr'><strong>Graiae</strong></span> <span class='ocrx_word' id='word_1_21' title='bbox 2027 603 2614 687; x_wconf 58' lang='lat' dir='ltr'><strong>Deu&#39;r&#39;enortouwtu,</strong></span> <span class='ocrx_word' id='word_1_22' title='bbox 2640 614 2855 674; x_wconf 81' lang='lat' dir='ltr'><strong>Latine</strong></span> <span class='ocrx_word' id='word_1_23' title='bbox 2890 616 3145 676; x_wconf 67' lang='lat' dir='ltr'><strong>Aureus</strong></span> <span class='ocrx_word' id='word_1_24' title='bbox 3171 634 3298 677; x_wconf 68' lang='grc' dir='ltr'><strong>ιει</strong></span> <span class='ocrx_word' id='word_1_25' title='bbox 3329 617 3610 680; x_wconf 70' lang='grc' dir='ltr'><strong>αἰσίων.</strong></span> 
     </span>
    </p>
   </div>
   <div class='ocr_carea' id='block_1_7' title="bbox 1126 775 1466 842">
    <p class='ocr_par' dir='ltr' id='par_1_7' title="bbox 1126 775 1466 842">
     <span class='ocr_line' id='line_1_7' title="bbox 1126 775 1466 842; baseline -0.006 -12"><span class='ocrx_word' id='word_1_26' title='bbox 1126 775 1466 842; x_wconf 66' lang='lat' dir='ltr'><strong>CAPP.IJL</strong></span> 
     </span>
    </p>
   </div>
   <div class='ocr_carea' id='block_1_8' title="bbox 584 859 2074 935">
    <p class='ocr_par' dir='ltr' id='par_1_8' title="bbox 584 859 2074 935">
     <span class='ocr_line' id='line_1_8' title="bbox 584 859 2074 935; baseline -0.01 -5"><span class='ocrx_word' id='word_1_27' title='bbox 584 873 867 930; x_wconf 76' lang='lat' dir='ltr'><strong>Sciendum</strong></span> <span class='ocrx_word' id='word_1_28' title='bbox 890 885 1026 926; x_wconf 80' lang='lat' dir='ltr'><strong>sane.</strong></span> <span class='ocrx_word' id='word_1_29' title='bbox 1041 875 1139 932; x_wconf 79' lang='lat' dir='ltr'><strong>est,</strong></span> <span class='ocrx_word' id='word_1_30' title='bbox 1163 866 1298 935; x_wconf 88' lang='lat' dir='ltr'><strong>quod</strong></span> <span class='ocrx_word' id='word_1_31' title='bbox 1324 866 1374 920; x_wconf 91' lang='lat' dir='ltr'><strong>iu</strong></span> <span class='ocrx_word' id='word_1_32' title='bbox 1398 862 1807 920; x_wconf 87' lang='lat' dir='ltr'><strong>Deuteronomio</strong></span> <span class='ocrx_word' id='word_1_33' title='bbox 1827 859 2074 928; x_wconf 70' lang='lat' dir='ltr'><strong>repetitio</strong></span> 
     </span>
    </p>
   </div>
   <div class='ocr_carea' id='block_1_9' title="bbox 517 948 2074 1031">
    <p class='ocr_par' dir='ltr' id='par_1_9' title="bbox 517 948 2074 1031">
     <span class='ocr_line' id='line_1_9' title="bbox 517 948 2074 1031; baseline -0.01 -13"><span class='ocrx_word' id='word_1_34' title='bbox 517 973 597 1018; x_wconf 86' lang='lat' dir='ltr'><strong>est</strong></span> <span class='ocrx_word' id='word_1_35' title='bbox 626 960 1028 1031; x_wconf 69' lang='lat' dir='ltr'><strong>praecedentium</strong></span> <span class='ocrx_word' id='word_1_36' title='bbox 1065 964 1288 1027; x_wconf 77' lang='lat' dir='ltr'><strong>quatuor</strong></span> <span class='ocrx_word' id='word_1_37' title='bbox 1319 955 1570 1009; x_wconf 87' lang='lat' dir='ltr'><strong>librorum</strong></span> <span class='ocrx_word' id='word_1_38' title='bbox 1591 991 1607 1016; x_wconf 94' lang='lat'><strong>,</strong></span> <span class='ocrx_word' id='word_1_39' title='bbox 1637 961 1691 1006; x_wconf 90' lang='lat' dir='ltr'><strong>et</strong></span> <span class='ocrx_word' id='word_1_40' title='bbox 1718 959 1891 1005; x_wconf 89' lang='lat' dir='ltr'><strong>tamen</strong></span> <span class='ocrx_word' id='word_1_41' title='bbox 1933 948 1987 1003; x_wconf 93' lang='lat' dir='ltr'><strong>in</strong></span> <span class='ocrx_word' id='word_1_42' title='bbox 2016 961 2074 1003; x_wconf 88' lang='lat' dir='ltr'><strong>se</strong></span> 
     </span>
    </p>
   </div>
   <div class='ocr_carea' id='block_1_10' title="bbox 521 1040 2071 1119">
    <p class='ocr_par' dir='ltr' id='par_1_10' title="bbox 521 1040 2071 1119">
     <span class='ocr_line' id='line_1_10' title="bbox 521 1040 2071 1119; baseline -0.012 -11"><span class='ocrx_word' id='word_1_43' title='bbox 521 1055 681 1109; x_wconf 86' lang='lat' dir='ltr'><strong>multa</strong></span> <span class='ocrx_word' id='word_1_44' title='bbox 708 1051 914 1119; x_wconf 86' lang='lat' dir='ltr'><strong>propria</strong></span> <span class='ocrx_word' id='word_1_45' title='bbox 943 1047 1200 1102; x_wconf 90' lang='lat' dir='ltr'><strong>continet.</strong></span> <span class='ocrx_word' id='word_1_46' title='bbox 1229 1044 1378 1110; x_wconf 83' lang='lat' dir='ltr'><strong>Quod</strong></span> <span class='ocrx_word' id='word_1_47' title='bbox 1407 1044 1581 1096; x_wconf 83' lang='lat' dir='ltr'><strong>autem</strong></span> <span class='ocrx_word' id='word_1_48' title='bbox 1607 1040 2071 1095; x_wconf 90' lang='lat' dir='ltr'><strong>Deuteronomium</strong></span> 
     </span>
    </p>
   </div>
   <div class='ocr_carea' id='block_1_11' title="bbox 518 1131 2072 1204">
    <p class='ocr_par' dir='ltr' id='par_1_11' title="bbox 518 1131 2072 1204">
     <span class='ocr_line' id='line_1_11' title="bbox 518 1131 2072 1204; baseline -0.007 -8"><span class='ocrx_word' id='word_1_49' title='bbox 518 1140 745 1196; x_wconf 85' lang='lat' dir='ltr'><strong>secunda</strong></span> <span class='ocrx_word' id='word_1_50' title='bbox 778 1140 881 1203; x_wconf 83' lang='lat' dir='ltr'><strong>lex,</strong></span> <span class='ocrx_word' id='word_1_51' title='bbox 901 1139 983 1191; x_wconf 80' lang='lat' dir='ltr'><strong>vel</strong></span> <span class='ocrx_word' id='word_1_52' title='bbox 1005 1136 1210 1191; x_wconf 87' lang='lat' dir='ltr'><strong>iteratio</strong></span> <span class='ocrx_word' id='word_1_53' title='bbox 1230 1135 1358 1204; x_wconf 86' lang='lat' dir='ltr'><strong>legis</strong></span> <span class='ocrx_word' id='word_1_54' title='bbox 1375 1133 1568 1188; x_wconf 92' lang='lat' dir='ltr'><strong>dicitur</strong></span> <span class='ocrx_word' id='word_1_55' title='bbox 1585 1168 1601 1193; x_wconf 86' lang='lat'><strong>,</strong></span> <span class='ocrx_word' id='word_1_56' title='bbox 1627 1131 1910 1200; x_wconf 85' lang='lat' dir='ltr'><strong>signiﬁcat,</strong></span> <span class='ocrx_word' id='word_1_57' title='bbox 1931 1131 2072 1200; x_wconf 90' lang='lat' dir='ltr'><strong>quod</strong></span> 
     </span>
    </p>
   </div>
   <div class='ocr_carea' id='block_1_12' title="bbox 519 1224 2072 1286">
    <p class='ocr_par' dir='ltr' id='par_1_12' title="bbox 519 1224 2072 1286">
     <span class='ocr_line' id='line_1_12' title="bbox 519 1224 2072 1286; baseline -0.005 0"><span class='ocrx_word' id='word_1_58' title='bbox 519 1247 710 1286; x_wconf 86' lang='lat' dir='ltr'><strong>novum</strong></span> <span class='ocrx_word' id='word_1_59' title='bbox 739 1230 1135 1285; x_wconf 81' lang='lat' dir='ltr'><strong>Testamentum</strong></span> <span class='ocrx_word' id='word_1_60' title='bbox 1181 1225 1344 1280; x_wconf 79' lang='lat' dir='ltr'><strong>veleri</strong></span> <span class='ocrx_word' id='word_1_61' title='bbox 1389 1224 1716 1279; x_wconf 85' lang='lat' dir='ltr'><strong>succederet.</strong></span> <span class='ocrx_word' id='word_1_62' title='bbox 1757 1224 1859 1278; x_wconf 89' lang='lat' dir='ltr'><strong>Sed</strong></span> <span class='ocrx_word' id='word_1_63' title='bbox 1900 1234 2072 1278; x_wconf 88' lang='lat' dir='ltr'><strong>tamen</strong></span> 
     </span>
    </p>
   </div>
   <div class='ocr_carea' id='block_1_13' title="bbox 520 1315 2071 1389">
    <p class='ocr_par' dir='ltr' id='par_1_13' title="bbox 520 1315 2071 1389">
     <span class='ocr_line' id='line_1_13' title="bbox 520 1315 2071 1389; baseline -0.006 -12"><span class='ocrx_word' id='word_1_64' title='bbox 520 1322 813 1389; x_wconf 87' lang='lat' dir='ltr'><strong>sciendum,</strong></span> <span class='ocrx_word' id='word_1_65' title='bbox 833 1319 1021 1387; x_wconf 85' lang='lat' dir='ltr'><strong>quibus</strong></span> <span class='ocrx_word' id='word_1_66' title='bbox 1052 1317 1222 1372; x_wconf 90' lang='lat' dir='ltr'><strong>modis</strong></span> <span class='ocrx_word' id='word_1_67' title='bbox 1237 1315 1322 1370; x_wconf 86' lang='lat' dir='ltr'><strong>hic</strong></span> <span class='ocrx_word' id='word_1_68' title='bbox 1344 1315 1476 1370; x_wconf 88' lang='lat' dir='ltr'><strong>liber</strong></span> <span class='ocrx_word' id='word_1_69' title='bbox 1498 1315 1836 1386; x_wconf 86' lang='lat' dir='ltr'><strong>Evangelium</strong></span> <span class='ocrx_word' id='word_1_70' title='bbox 1857 1315 2071 1384; x_wconf 76' lang='lat' dir='ltr'><strong>ﬁguret:</strong></span> 
     </span>
    </p>
   </div>
   <div class='ocr_carea' id='block_1_14' title="bbox 520 1406 2078 1483">
    <p class='ocr_par' dir='ltr' id='par_1_14' title="bbox 520 1406 2078 1483">
     <span class='ocr_line' id='line_1_14' title="bbox 520 1406 2078 1483; baseline -0.005 -17"><span class='ocrx_word' id='word_1_71' title='bbox 520 1413 659 1483; x_wconf 83' lang='lat' dir='ltr'><strong>quod</strong></span> <span class='ocrx_word' id='word_1_72' title='bbox 691 1413 760 1465; x_wconf 91' lang='lat' dir='ltr'><strong>ita</strong></span> <span class='ocrx_word' id='word_1_73' title='bbox 790 1410 1004 1471; x_wconf 88' lang='lat' dir='ltr'><strong>dicitur,</strong></span> <span class='ocrx_word' id='word_1_74' title='bbox 1027 1408 1148 1478; x_wconf 87' lang='lat' dir='ltr'><strong>quia</strong></span> <span class='ocrx_word' id='word_1_75' title='bbox 1173 1407 1257 1463; x_wconf 89' lang='lat' dir='ltr'><strong>bic</strong></span> <span class='ocrx_word' id='word_1_76' title='bbox 1282 1407 1414 1461; x_wconf 86' lang='lat' dir='ltr'><strong>liber</strong></span> <span class='ocrx_word' id='word_1_77' title='bbox 1436 1406 1602 1460; x_wconf 76' lang='lat' dir='ltr'><strong>fuerat</strong></span> <span class='ocrx_word' id='word_1_78' title='bbox 1626 1408 1677 1460; x_wconf 92' lang='lat' dir='ltr'><strong>in</strong></span> <span class='ocrx_word' id='word_1_79' title='bbox 1700 1415 1906 1470; x_wconf 88' lang='lat' dir='ltr'><strong>natura,</strong></span> <span class='ocrx_word' id='word_1_80' title='bbox 1929 1415 2078 1459; x_wconf 86' lang='lat' dir='ltr'><strong>ante-</strong></span> 
     </span>
    </p>
   </div>
   <div class='ocr_carea' id='block_1_15' title="bbox 520 1494 2075 1569">
    <p class='ocr_par' dir='ltr' id='par_1_15' title="bbox 520 1494 2075 1569">
     <span class='ocr_line' id='line_1_15' title="bbox 520 1494 2075 1569; baseline -0.003 -18"><span class='ocrx_word' id='word_1_81' title='bbox 520 1515 676 1569; x_wconf 85' lang='lat' dir='ltr'><strong>quam</strong></span> <span class='ocrx_word' id='word_1_82' title='bbox 699 1499 880 1553; x_wconf 79' lang='lat' dir='ltr'><strong>luisset</strong></span> <span class='ocrx_word' id='word_1_83' title='bbox 898 1497 948 1552; x_wconf 91' lang='lat' dir='ltr'><strong>in</strong></span> <span class='ocrx_word' id='word_1_84' title='bbox 972 1496 1160 1551; x_wconf 85' lang='lat' dir='ltr'><strong>littera.</strong></span> <span class='ocrx_word' id='word_1_85' title='bbox 1179 1495 1232 1551; x_wconf 89' lang='lat' dir='ltr'><strong>In</strong></span> <span class='ocrx_word' id='word_1_86' title='bbox 1257 1496 1422 1551; x_wconf 91' lang='lat' dir='ltr'><strong>tribus</strong></span> <span class='ocrx_word' id='word_1_87' title='bbox 1437 1509 1646 1565; x_wconf 89' lang='lat' dir='ltr'><strong>quoque</strong></span> <span class='ocrx_word' id='word_1_88' title='bbox 1678 1495 1825 1550; x_wconf 90' lang='lat' dir='ltr'><strong>libris</strong></span> <span class='ocrx_word' id='word_1_89' title='bbox 1847 1494 1963 1559; x_wconf 81' lang='lat' dir='ltr'><strong>fuit,</strong></span> <span class='ocrx_word' id='word_1_90' title='bbox 1983 1509 2075 1547; x_wconf 87' lang='lat' dir='ltr'><strong>an-</strong></span> 
     </span>
    </p>
   </div>
   <div class='ocr_carea' id='block_1_16' title="bbox 522 1584 2076 1658">
    <p class='ocr_par' dir='ltr' id='par_1_16' title="bbox 522 1584 2076 1658">
     <span class='ocr_line' id='line_1_16' title="bbox 522 1584 2076 1658; baseline -0.005 -13"><span class='ocrx_word' id='word_1_91' title='bbox 522 1601 730 1658; x_wconf 88' lang='lat' dir='ltr'><strong>tequam</strong></span> <span class='ocrx_word' id='word_1_92' title='bbox 761 1589 944 1643; x_wconf 79' lang='lat' dir='ltr'><strong>luisset</strong></span> <span class='ocrx_word' id='word_1_93' title='bbox 967 1588 1015 1641; x_wconf 89' lang='lat' dir='ltr'><strong>in</strong></span> <span class='ocrx_word' id='word_1_94' title='bbox 1053 1602 1155 1640; x_wconf 90' lang='lat' dir='ltr'><strong>uno</strong></span> <span class='ocrx_word' id='word_1_95' title='bbox 1194 1584 1528 1656; x_wconf 89' lang='lat' dir='ltr'><strong>libro:quod</strong></span> <span class='ocrx_word' id='word_1_96' title='bbox 1575 1586 1735 1640; x_wconf 88' lang='lat' dir='ltr'><strong>etiam</strong></span> <span class='ocrx_word' id='word_1_97' title='bbox 1791 1584 2076 1653; x_wconf 90' lang='lat' dir='ltr'><strong>Evangelio</strong></span> 
     </span>
    </p>
   </div>
   <div class='ocr_carea' id='block_1_17' title="bbox 519 1673 2072 1745">
    <p class='ocr_par' dir='ltr' id='par_1_17' title="bbox 519 1673 2072 1745">
     <span class='ocr_line' id='line_1_17' title="bbox 519 1673 2072 1745; baseline -0.004 -12"><span class='ocrx_word' id='word_1_98' title='bbox 519 1680 763 1734; x_wconf 85' lang='lat' dir='ltr'><strong>convenit</strong></span> <span class='ocrx_word' id='word_1_99' title='bbox 787 1697 797 1730; x_wconf 93' lang='lat'>:</span> <span class='ocrx_word' id='word_1_100' title='bbox 819 1687 873 1731; x_wconf 89' lang='lat' dir='ltr'><strong>ut</strong></span> <span class='ocrx_word' id='word_1_101' title='bbox 898 1677 1090 1732; x_wconf 81' lang='lat' dir='ltr'><strong>Paulus</strong></span> <span class='ocrx_word' id='word_1_102' title='bbox 1114 1676 1205 1740; x_wconf 90' lang='lat' dir='ltr'><strong>ait,</strong></span> <span class='ocrx_word' id='word_1_103' title='bbox 1224 1675 1526 1745; x_wconf 83' lang='lat' dir='ltr'><strong>Segregatus</strong></span> <span class='ocrx_word' id='word_1_104' title='bbox 1547 1677 1598 1727; x_wconf 87' lang='lat' dir='ltr'><strong>in</strong></span> <span class='ocrx_word' id='word_1_105' title='bbox 1617 1674 1942 1744; x_wconf 81' lang='lat' dir='ltr'><strong>Erangelium</strong></span> <span class='ocrx_word' id='word_1_106' title='bbox 1962 1673 2072 1737; x_wconf 72' lang='lat' dir='ltr'><strong>Dei,</strong></span> 
     </span>
    </p>
   </div>
   <div class='ocr_carea' id='block_1_18' title="bbox 518 1761 2078 1837">
    <p class='ocr_par' dir='ltr' id='par_1_18' title="bbox 518 1761 2078 1837">
     <span class='ocr_line' id='line_1_18' title="bbox 518 1761 2078 1837; baseline -0.002 -18"><span class='ocrx_word' id='word_1_107' title='bbox 518 1767 652 1837; x_wconf 82' lang='lat' dir='ltr'><strong>quod</strong></span> <span class='ocrx_word' id='word_1_108' title='bbox 671 1777 784 1821; x_wconf 84' lang='lat' dir='ltr'><strong>ante</strong></span> <span class='ocrx_word' id='word_1_109' title='bbox 817 1766 1112 1836; x_wconf 75' lang='lat' dir='ltr'><strong>promiserat</strong></span> <span class='ocrx_word' id='word_1_110' title='bbox 1135 1778 1223 1831; x_wconf 82' lang='lat' dir='ltr'><strong>per</strong></span> <span class='ocrx_word' id='word_1_111' title='bbox 1243 1764 1513 1832; x_wconf 81' lang='lat' dir='ltr'><strong>prophetas</strong></span> <span class='ocrx_word' id='word_1_112' title='bbox 1538 1778 1676 1817; x_wconf 88' lang='lat' dir='ltr'><strong>suos.</strong></span> <span class='ocrx_word' id='word_1_113' title='bbox 1699 1761 1832 1818; x_wconf 82' lang='lat' dir='ltr'><strong>Tres</strong></span> <span class='ocrx_word' id='word_1_114' title='bbox 1871 1777 2078 1832; x_wconf 88' lang='lat' dir='ltr'><strong>quoque</strong></span> 
     </span>
    </p>
   </div>
   <div class='ocr_carea' id='block_1_19' title="bbox 521 1852 2078 1926">
    <p class='ocr_par' dir='ltr' id='par_1_19' title="bbox 521 1852 2078 1926">
     <span class='ocr_line' id='line_1_19' title="bbox 521 1852 2078 1926; baseline -0.004 -14"><span class='ocrx_word' id='word_1_115' title='bbox 521 1855 825 1926; x_wconf 72' lang='lat' dir='ltr'><strong>personaein</strong></span> <span class='ocrx_word' id='word_1_116' title='bbox 846 1856 944 1910; x_wconf 91' lang='lat' dir='ltr'><strong>boc</strong></span> <span class='ocrx_word' id='word_1_117' title='bbox 965 1855 1101 1908; x_wconf 85' lang='lat' dir='ltr'><strong>libro</strong></span> <span class='ocrx_word' id='word_1_118' title='bbox 1121 1863 1414 1922; x_wconf 77' lang='lat' dir='ltr'><strong>cooperatze</strong></span> <span class='ocrx_word' id='word_1_119' title='bbox 1435 1861 1604 1913; x_wconf 88' lang='lat' dir='ltr'><strong>crant.</strong></span> <span class='ocrx_word' id='word_1_120' title='bbox 1625 1852 1675 1905; x_wconf 90' lang='lat' dir='ltr'><strong>id</strong></span> <span class='ocrx_word' id='word_1_121' title='bbox 1693 1863 1794 1917; x_wconf 89' lang='lat' dir='ltr'><strong>est,</strong></span> <span class='ocrx_word' id='word_1_122' title='bbox 1816 1852 2004 1914; x_wconf 88' lang='lat' dir='ltr'><strong>Patris,</strong></span> <span class='ocrx_word' id='word_1_123' title='bbox 2023 1861 2078 1907; x_wconf 90' lang='lat' dir='ltr'><strong>ct</strong></span> 
     </span>
    </p>
   </div>
   <div class='ocr_carea' id='block_1_20' title="bbox 520 1939 2074 2016">
    <p class='ocr_par' dir='ltr' id='par_1_20' title="bbox 520 1939 2074 2016">
     <span class='ocr_line' id='line_1_20' title="bbox 520 1939 2074 2016; baseline -0.003 -16"><span class='ocrx_word' id='word_1_124' title='bbox 520 1945 708 2016; x_wconf 75' lang='lat' dir='ltr'><strong>Moysi,</strong></span> <span class='ocrx_word' id='word_1_125' title='bbox 744 1943 1016 2012; x_wconf 85' lang='lat' dir='ltr'><strong>plebisque</strong></span> <span class='ocrx_word' id='word_1_126' title='bbox 1037 1941 1123 1995; x_wconf 93' lang='lat' dir='ltr'><strong>cui</strong></span> <span class='ocrx_word' id='word_1_127' title='bbox 1155 1939 1515 1995; x_wconf 89' lang='lat' dir='ltr'><strong>annuutiatur.</strong></span> <span class='ocrx_word' id='word_1_128' title='bbox 1547 1940 1634 1994; x_wconf 88' lang='lat' dir='ltr'><strong>Sic</strong></span> <span class='ocrx_word' id='word_1_129' title='bbox 1660 1949 1712 1994; x_wconf 87' lang='lat' dir='ltr'><strong>et</strong></span> <span class='ocrx_word' id='word_1_130' title='bbox 1737 1941 2074 2010; x_wconf 79' lang='lat' dir='ltr'><strong>Evangelium</strong></span> 
     </span>
    </p>
   </div>
   <div class='ocr_carea' id='block_1_21' title="bbox 520 2028 2078 2100">
    <p class='ocr_par' dir='ltr' id='par_1_21' title="bbox 520 2028 2078 2100">
     <span class='ocr_line' id='line_1_21' title="bbox 520 2028 2078 2100; baseline -0.002 -14"><span class='ocrx_word' id='word_1_131' title='bbox 520 2031 734 2088; x_wconf 88' lang='lat' dir='ltr'><strong>totidem</strong></span> <span class='ocrx_word' id='word_1_132' title='bbox 759 2029 986 2086; x_wconf 90' lang='lat' dir='ltr'><strong>ostendit</strong></span> <span class='ocrx_word' id='word_1_133' title='bbox 1003 2043 1273 2099; x_wconf 85' lang='lat' dir='ltr'><strong>personas,</strong></span> <span class='ocrx_word' id='word_1_134' title='bbox 1287 2029 1336 2083; x_wconf 91' lang='lat' dir='ltr'><strong>id</strong></span> <span class='ocrx_word' id='word_1_135' title='bbox 1349 2028 1652 2095; x_wconf 87' lang='lat' dir='ltr'><strong>esthristi,</strong></span> <span class='ocrx_word' id='word_1_136' title='bbox 1665 2039 1888 2100; x_wconf 78' lang='lat' dir='ltr'><strong>quatuor</strong></span> <span class='ocrx_word' id='word_1_137' title='bbox 1905 2029 2078 2084; x_wconf 84' lang='lat' dir='ltr'><strong>Evan-</strong></span> 
     </span>
    </p>
   </div>
   <div class='ocr_carea' id='block_1_22' title="bbox 2092 770 3774 847">
    <p class='ocr_par' dir='ltr' id='par_1_22' title="bbox 2092 770 3774 847">
     <span class='ocr_line' id='line_1_22' title="bbox 2092 770 3774 847; baseline 0.011 -25"><span class='ocrx_word' id='word_1_138' title='bbox 2092 773 2147 829; x_wconf 66' lang='grc' dir='ltr'><strong>Δ</strong></span> <span class='ocrx_word' id='word_1_139' title='bbox 2174 770 2465 827; x_wconf 76' lang='lat' dir='ltr'><strong>absentiam</strong></span> <span class='ocrx_word' id='word_1_140' title='bbox 2496 775 2613 828; x_wconf 88' lang='lat' dir='ltr'><strong>aliis</strong></span> <span class='ocrx_word' id='word_1_141' title='bbox 2640 791 2853 846; x_wconf 91' lang='lat' dir='ltr'><strong>quoque</strong></span> <span class='ocrx_word' id='word_1_142' title='bbox 2881 779 3055 847; x_wconf 78' lang='lat' dir='ltr'><strong>aptius</strong></span> <span class='ocrx_word' id='word_1_143' title='bbox 3081 782 3309 847; x_wconf 85' lang='lat' dir='ltr'><strong>videtur,</strong></span> <span class='ocrx_word' id='word_1_144' title='bbox 3339 782 3384 837; x_wconf 88' lang='lat' dir='ltr'><strong>si</strong></span> <span class='ocrx_word' id='word_1_145' title='bbox 3409 783 3496 838; x_wconf 88' lang='lat' dir='ltr'><strong>hic</strong></span> <span class='ocrx_word' id='word_1_146' title='bbox 3530 783 3774 840; x_wconf 73' lang='lat' dir='ltr'><strong>dixisse:</strong></span> 
     </span>
    </p>
   </div>
   <div class='ocr_carea' id='block_1_23' title="bbox 2173 866 3771 932">
    <p class='ocr_par' dir='ltr' id='par_1_23' title="bbox 2173 866 3771 932">
     <span class='ocr_line' id='line_1_23' title="bbox 2173 866 3771 932; baseline 0.011 -18"><span class='ocrx_word' id='word_1_147' title='bbox 2173 876 2338 928; x_wconf 75' lang='lat' dir='ltr'><strong>voces,</strong></span> <span class='ocrx_word' id='word_1_148' title='bbox 2365 873 2418 916; x_wconf 93' lang='lat' dir='ltr'><strong>et</strong></span> <span class='ocrx_word' id='word_1_149' title='bbox 2443 878 2547 918; x_wconf 90' lang='lat' dir='ltr'><strong>non</strong></span> <span class='ocrx_word' id='word_1_150' title='bbox 2577 866 2746 918; x_wconf 71' lang='lat' dir='ltr'><strong>verba.</strong></span> <span class='ocrx_word' id='word_1_151' title='bbox 2777 867 2944 922; x_wconf 78' lang='lat' dir='ltr'><strong>Verba</strong></span> <span class='ocrx_word' id='word_1_152' title='bbox 2983 879 3156 924; x_wconf 88' lang='lat' dir='ltr'><strong>autem</strong></span> <span class='ocrx_word' id='word_1_153' title='bbox 3186 887 3324 926; x_wconf 82' lang='lat' dir='ltr'><strong>novo</strong></span> <span class='ocrx_word' id='word_1_154' title='bbox 3361 872 3771 932; x_wconf 79' lang='lat' dir='ltr'><strong>Testamento.</strong></span> 
     </span>
    </p>
   </div>
   <div class='ocr_carea' id='block_1_24' title="bbox 2176 949 3774 1024">
    <p class='ocr_par' dir='ltr' id='par_1_24' title="bbox 2176 949 3774 1024">
     <span class='ocr_line' id='line_1_24' title="bbox 2176 949 3774 1024; baseline 0.008 -20"><span class='ocrx_word' id='word_1_155' title='bbox 2176 949 2277 1006; x_wconf 85' lang='lat' dir='ltr'><strong>hoc</strong></span> <span class='ocrx_word' id='word_1_156' title='bbox 2300 960 2398 1014; x_wconf 74' lang='lat' dir='ltr'><strong>est.</strong></span> <span class='ocrx_word' id='word_1_157' title='bbox 2429 953 2710 1024; x_wconf 81' lang='lat' dir='ltr'><strong>Evangelia</strong></span> <span class='ocrx_word' id='word_1_158' title='bbox 2737 960 3094 1022; x_wconf 88' lang='lat' dir='ltr'><strong>conveniunt.</strong></span> <span class='ocrx_word' id='word_1_159' title='bbox 3125 961 3217 1016; x_wconf 87' lang='lat' dir='ltr'><strong>sed</strong></span> <span class='ocrx_word' id='word_1_160' title='bbox 3243 962 3407 1016; x_wconf 86' lang='lat' dir='ltr'><strong>etiam</strong></span> <span class='ocrx_word' id='word_1_161' title='bbox 3445 963 3518 1018; x_wconf 90' lang='lat' dir='ltr'><strong>de</strong></span> <span class='ocrx_word' id='word_1_162' title='bbox 3555 963 3685 1018; x_wconf 85' lang='lat' dir='ltr'><strong>hoc</strong></span> <span class='ocrx_word' id='word_1_163' title='bbox 3717 964 3774 1016; x_wconf 85' lang='lat' dir='ltr'><strong>li-</strong></span> 
     </span>
    </p>
   </div>
   <div class='ocr_carea' id='block_1_25' title="bbox 2175 1041 3771 1120">
    <p class='ocr_par' dir='ltr' id='par_1_25' title="bbox 2175 1041 3771 1120">
     <span class='ocr_line' id='line_1_25' title="bbox 2175 1041 3771 1120; baseline 0.006 -25"><span class='ocrx_word' id='word_1_164' title='bbox 2175 1041 2272 1096; x_wconf 91' lang='lat' dir='ltr'><strong>bro</strong></span> <span class='ocrx_word' id='word_1_165' title='bbox 2311 1046 2469 1097; x_wconf 66' lang='lat' dir='ltr'><strong>verba</strong></span> <span class='ocrx_word' id='word_1_166' title='bbox 2517 1057 2660 1099; x_wconf 88' lang='lat' dir='ltr'><strong>recte</strong></span> <span class='ocrx_word' id='word_1_167' title='bbox 2705 1047 2972 1113; x_wconf 90' lang='lat' dir='ltr'><strong>dicuntur,</strong></span> <span class='ocrx_word' id='word_1_168' title='bbox 3009 1051 3130 1118; x_wconf 81' lang='lat' dir='ltr'><strong>quia</strong></span> <span class='ocrx_word' id='word_1_169' title='bbox 3169 1049 3494 1120; x_wconf 81' lang='lat' dir='ltr'><strong>EVangelica</strong></span> <span class='ocrx_word' id='word_1_170' title='bbox 3541 1053 3771 1120; x_wconf 67' lang='lat' dir='ltr'><strong>eloquia</strong></span> 
     </span>
    </p>
   </div>
   <div class='ocr_carea' id='block_1_26' title="bbox 2176 1132 3772 1209">
    <p class='ocr_par' dir='ltr' id='par_1_26' title="bbox 2176 1132 3772 1209">
     <span class='ocr_line' id='line_1_26' title="bbox 2176 1132 3772 1209; baseline 0.006 -26"><span class='ocrx_word' id='word_1_171' title='bbox 2176 1132 2541 1200; x_wconf 71' lang='lat' dir='ltr'><strong>prmﬁgurant;</strong></span> <span class='ocrx_word' id='word_1_172' title='bbox 2579 1136 2657 1189; x_wconf 88' lang='lat' dir='ltr'><strong>vel</strong></span> <span class='ocrx_word' id='word_1_173' title='bbox 2687 1151 2752 1191; x_wconf 92' lang='lat' dir='ltr'><strong>eo</strong></span> <span class='ocrx_word' id='word_1_174' title='bbox 2779 1137 2920 1206; x_wconf 85' lang='lat' dir='ltr'><strong>quod</strong></span> <span class='ocrx_word' id='word_1_175' title='bbox 2963 1141 3128 1194; x_wconf 76' lang='lat' dir='ltr'><strong>verba</strong></span> <span class='ocrx_word' id='word_1_176' title='bbox 3160 1155 3339 1209; x_wconf 79' lang='lat' dir='ltr'><strong>postea</strong></span> <span class='ocrx_word' id='word_1_177' title='bbox 3379 1159 3490 1196; x_wconf 79' lang='lat' dir='ltr'><strong>non</strong></span> <span class='ocrx_word' id='word_1_178' title='bbox 3528 1144 3772 1196; x_wconf 74' lang='lat' dir='ltr'><strong>lui~scat</strong></span> 
     </span>
    </p>
   </div>
   <div class='ocr_carea' id='block_1_27' title="bbox 2176 1225 3770 1302">
    <p class='ocr_par' dir='ltr' id='par_1_27' title="bbox 2176 1225 3770 1302">
     <span class='ocr_line' id='line_1_27' title="bbox 2176 1225 3770 1302; baseline 0.008 -27"><span class='ocrx_word' id='word_1_179' title='bbox 2176 1225 2444 1288; x_wconf 86' lang='lat' dir='ltr'><strong>mutanda,</strong></span> <span class='ocrx_word' id='word_1_180' title='bbox 2467 1239 2583 1291; x_wconf 70' lang='lat' dir='ltr'><strong>qua:</strong></span> <span class='ocrx_word' id='word_1_181' title='bbox 2609 1225 2814 1280; x_wconf 81' lang='lat' dir='ltr'><strong>locutus</strong></span> <span class='ocrx_word' id='word_1_182' title='bbox 2838 1239 2921 1282; x_wconf 83' lang='lat' dir='ltr'><strong>est</strong></span> <span class='ocrx_word' id='word_1_183' title='bbox 2951 1228 3177 1299; x_wconf 77' lang='lat' dir='ltr'><strong>Moyses,</strong></span> <span class='ocrx_word' id='word_1_184' title='bbox 3202 1231 3254 1285; x_wconf 91' lang='lat' dir='ltr'><strong>in</strong></span> <span class='ocrx_word' id='word_1_185' title='bbox 3285 1232 3386 1286; x_wconf 80' lang='lat' dir='ltr'><strong>hoc</strong></span> <span class='ocrx_word' id='word_1_186' title='bbox 3428 1233 3770 1302; x_wconf 61' lang='lat' dir='ltr'><strong>dignitatem</strong></span> 
     </span>
    </p>
   </div>
   <div class='ocr_carea' id='block_1_28' title="bbox 2177 1317 3772 1391">
    <p class='ocr_par' dir='ltr' id='par_1_28' title="bbox 2177 1317 3772 1391">
     <span class='ocr_line' id='line_1_28' title="bbox 2177 1317 3772 1391; baseline 0.006 -24"><span class='ocrx_word' id='word_1_187' title='bbox 2177 1327 2414 1381; x_wconf 78' lang='lat' dir='ltr'><strong>persona:</strong></span> <span class='ocrx_word' id='word_1_188' title='bbox 2434 1317 2688 1370; x_wconf 86' lang='lat' dir='ltr'><strong>ostendit.</strong></span> <span class='ocrx_word' id='word_1_189' title='bbox 2715 1317 2796 1370; x_wconf 78' lang='lat' dir='ltr'><strong>Ad</strong></span> <span class='ocrx_word' id='word_1_190' title='bbox 2823 1320 3108 1373; x_wconf 76' lang='lat' dir='ltr'><strong>universum</strong></span> <span class='ocrx_word' id='word_1_191' title='bbox 3131 1320 3316 1374; x_wconf 76' lang='lat' dir='ltr'><strong>Israel.</strong></span> <span class='ocrx_word' id='word_1_192' title='bbox 3342 1324 3613 1391; x_wconf 74' lang='lat' dir='ltr'><strong>Corigrue</strong></span> <span class='ocrx_word' id='word_1_193' title='bbox 3639 1325 3772 1377; x_wconf 79' lang='lat' dir='ltr'><strong>dixit</strong></span> 
     </span>
    </p>
   </div>
   <div class='ocr_carea' id='block_1_29' title="bbox 2175 1401 3772 1475">
    <p class='ocr_par' dir='ltr' id='par_1_29' title="bbox 2175 1401 3772 1475">
     <span class='ocr_line' id='line_1_29' title="bbox 2175 1401 3772 1475; baseline 0.007 -19"><span class='ocrx_word' id='word_1_194' title='bbox 2175 1401 2240 1456; x_wconf 80' lang='lat' dir='ltr'><strong>ad</strong></span> <span class='ocrx_word' id='word_1_195' title='bbox 2271 1419 2445 1468; x_wconf 87' lang='lat' dir='ltr'><strong>omne,</strong></span> <span class='ocrx_word' id='word_1_196' title='bbox 2477 1407 2597 1474; x_wconf 84' lang='lat' dir='ltr'><strong>quia</strong></span> <span class='ocrx_word' id='word_1_197' title='bbox 2629 1407 2802 1461; x_wconf 91' lang='lat' dir='ltr'><strong>omnis</strong></span> <span class='ocrx_word' id='word_1_198' title='bbox 2831 1422 2936 1462; x_wconf 88' lang='lat' dir='ltr'><strong>non</strong></span> <span class='ocrx_word' id='word_1_199' title='bbox 2968 1408 3161 1464; x_wconf 90' lang='lat' dir='ltr'><strong>dicitur</strong></span> <span class='ocrx_word' id='word_1_200' title='bbox 3203 1410 3302 1464; x_wconf 91' lang='lat' dir='ltr'><strong>nisi</strong></span> <span class='ocrx_word' id='word_1_201' title='bbox 3348 1411 3420 1466; x_wconf 92' lang='lat' dir='ltr'><strong>de</strong></span> <span class='ocrx_word' id='word_1_202' title='bbox 3464 1414 3640 1466; x_wconf 80' lang='lat' dir='ltr'><strong>turba</strong></span> <span class='ocrx_word' id='word_1_203' title='bbox 3671 1453 3688 1475; x_wconf 91' lang='lat'><strong>,</strong></span> <span class='ocrx_word' id='word_1_204' title='bbox 3724 1427 3772 1468; x_wconf 78' lang='lat' dir='ltr'><strong>ut</strong></span> 
     </span>
    </p>
   </div>
   <div class='ocr_carea' id='block_1_30' title="bbox 2175 1493 3766 1571">
    <p class='ocr_par' dir='ltr' id='par_1_30' title="bbox 2175 1493 3766 1571">
     <span class='ocr_line' id='line_1_30' title="bbox 2175 1493 3766 1571; baseline 0.006 -25"><span class='ocrx_word' id='word_1_205' title='bbox 2175 1493 2259 1546; x_wconf 82' lang='lat' dir='ltr'><strong>alii</strong></span> <span class='ocrx_word' id='word_1_206' title='bbox 2289 1512 2300 1544; x_wconf 90' lang='lat'>:</span> <span class='ocrx_word' id='word_1_207' title='bbox 2331 1502 2494 1548; x_wconf 90' lang='lat' dir='ltr'><strong>totum</strong></span> <span class='ocrx_word' id='word_1_208' title='bbox 2527 1509 2652 1550; x_wconf 90' lang='lat' dir='ltr'><strong>vero</strong></span> <span class='ocrx_word' id='word_1_209' title='bbox 2675 1495 2739 1550; x_wconf 87' lang='lat' dir='ltr'><strong>ad</strong></span> <span class='ocrx_word' id='word_1_210' title='bbox 2769 1505 3051 1567; x_wconf 89' lang='lat' dir='ltr'><strong>utrumque</strong></span> <span class='ocrx_word' id='word_1_211' title='bbox 3085 1513 3386 1566; x_wconf 88' lang='lat' dir='ltr'><strong>numerum,</strong></span> <span class='ocrx_word' id='word_1_212' title='bbox 3420 1503 3545 1556; x_wconf 87' lang='lat' dir='ltr'><strong>sive</strong></span> <span class='ocrx_word' id='word_1_213' title='bbox 3575 1504 3766 1571; x_wconf 51' lang='lat' dir='ltr'><strong>sing»</strong></span> 
     </span>
    </p>
   </div>
   <div class='ocr_carea' id='block_1_31' title="bbox 2176 1581 3769 1659">
    <p class='ocr_par' dir='ltr' id='par_1_31' title="bbox 2176 1581 3769 1659">
     <span class='ocr_line' id='line_1_31' title="bbox 2176 1581 3769 1659; baseline 0.009 -25"><span class='ocrx_word' id='word_1_214' title='bbox 2176 1581 2376 1647; x_wconf 87' lang='lat' dir='ltr'><strong>raliter,</strong></span> <span class='ocrx_word' id='word_1_215' title='bbox 2417 1583 2528 1638; x_wconf 83' lang='lat' dir='ltr'><strong>sive</strong></span> <span class='ocrx_word' id='word_1_216' title='bbox 2560 1585 2850 1652; x_wconf 85' lang='lat' dir='ltr'><strong>pluraliter.</strong></span> <span class='ocrx_word' id='word_1_217' title='bbox 2883 1587 2938 1642; x_wconf 89' lang='lat' dir='ltr'><strong>lu</strong></span> <span class='ocrx_word' id='word_1_218' title='bbox 2967 1603 3032 1643; x_wconf 92' lang='lat' dir='ltr'><strong>eo</strong></span> <span class='ocrx_word' id='word_1_219' title='bbox 3061 1605 3184 1644; x_wconf 88' lang='lat' dir='ltr'><strong>vero</strong></span> <span class='ocrx_word' id='word_1_220' title='bbox 3221 1592 3364 1659; x_wconf 90' lang='lat' dir='ltr'><strong>quod</strong></span> <span class='ocrx_word' id='word_1_221' title='bbox 3410 1593 3656 1658; x_wconf 75' lang='lat' dir='ltr'><strong>dicitur,</strong></span> <span class='ocrx_word' id='word_1_222' title='bbox 3699 1595 3769 1649; x_wconf 67' lang='grc' dir='ltr'><em>ΔΑ</em></span> 
     </span>
    </p>
   </div>
   <div class='ocr_carea' id='block_1_32' title="bbox 2176 1668 3768 1750">
    <p class='ocr_par' dir='ltr' id='par_1_32' title="bbox 2176 1668 3768 1750">
     <span class='ocr_line' id='line_1_32' title="bbox 2176 1668 3768 1750; baseline 0.012 -31"><span class='ocrx_word' id='word_1_223' title='bbox 2176 1683 2374 1722; x_wconf 87' lang='lat' dir='ltr'><strong>onmem</strong></span> <span class='ocrx_word' id='word_1_224' title='bbox 2404 1668 2589 1741; x_wconf 87' lang='lat' dir='ltr'><strong>Israel,</strong></span> <span class='ocrx_word' id='word_1_225' title='bbox 2614 1675 2891 1742; x_wconf 83' lang='lat' dir='ltr'><strong>agentibus</strong></span> <span class='ocrx_word' id='word_1_226' title='bbox 2919 1688 3230 1746; x_wconf 84' lang='lat' dir='ltr'><strong>reparantur</strong></span> <span class='ocrx_word' id='word_1_227' title='bbox 3255 1679 3304 1732; x_wconf 88' lang='lat' dir='ltr'><strong>in</strong></span> <span class='ocrx_word' id='word_1_228' title='bbox 3336 1681 3570 1750; x_wconf 90' lang='lat' dir='ltr'><strong>ﬁguram</strong></span> <span class='ocrx_word' id='word_1_229' title='bbox 3600 1683 3768 1738; x_wconf 79' lang='lat' dir='ltr'><strong>Chri-</strong></span> 
     </span>
    </p>
   </div>
   <div class='ocr_carea' id='block_1_33' title="bbox 2176 1760 3766 1831">
    <p class='ocr_par' dir='ltr' id='par_1_33' title="bbox 2176 1760 3766 1831">
     <span class='ocr_line' id='line_1_33' title="bbox 2176 1760 3766 1831; baseline 0.009 -19"><span class='ocrx_word' id='word_1_230' title='bbox 2176 1760 2242 1813; x_wconf 87' lang='lat' dir='ltr'><strong>sti</strong></span> <span class='ocrx_word' id='word_1_231' title='bbox 2275 1761 2543 1831; x_wconf 82' lang='lat' dir='ltr'><strong>Evangclii</strong></span> <span class='ocrx_word' id='word_1_232' title='bbox 2570 1804 2585 1829; x_wconf 96' lang='lat'><strong>,</strong></span> <span class='ocrx_word' id='word_1_233' title='bbox 2631 1765 2696 1818; x_wconf 91' lang='lat' dir='ltr'><strong>ad</strong></span> <span class='ocrx_word' id='word_1_234' title='bbox 2725 1781 2935 1820; x_wconf 89' lang='lat' dir='ltr'><strong>omnem</strong></span> <span class='ocrx_word' id='word_1_235' title='bbox 2965 1769 3197 1823; x_wconf 85' lang='lat' dir='ltr'><strong>animam</strong></span> <span class='ocrx_word' id='word_1_236' title='bbox 3241 1770 3538 1826; x_wconf 88' lang='lat' dir='ltr'><strong>Dominum</strong></span> <span class='ocrx_word' id='word_1_237' title='bbox 3571 1775 3766 1829; x_wconf 79' lang='lat' dir='ltr'><strong>viden-</strong></span> 
     </span>
    </p>
   </div>
   <div class='ocr_carea' id='block_1_34' title="bbox 2177 1844 3768 1930">
    <p class='ocr_par' dir='ltr' id='par_1_34' title="bbox 2177 1844 3768 1930">
     <span class='ocr_line' id='line_1_34' title="bbox 2177 1844 3768 1930; baseline 0.009 -28"><span class='ocrx_word' id='word_1_238' title='bbox 2177 1858 2302 1912; x_wconf 89' lang='lat' dir='ltr'><strong>tcm,</strong></span> <span class='ocrx_word' id='word_1_239' title='bbox 2334 1850 2674 1921; x_wconf 84' lang='lat' dir='ltr'><strong>Evangelium</strong></span> <span class='ocrx_word' id='word_1_240' title='bbox 2706 1857 3078 1923; x_wconf 67' lang='lat' dir='ltr'><strong>praedicantem</strong></span> <span class='ocrx_word' id='word_1_241' title='bbox 3112 1869 3257 1915; x_wconf 89' lang='lat' dir='ltr'><strong>trans</strong></span> <span class='ocrx_word' id='word_1_242' title='bbox 3296 1860 3604 1918; x_wconf 82' lang='lat' dir='ltr'><strong>Jordauern</strong></span> <span class='ocrx_word' id='word_1_243' title='bbox 3635 1905 3654 1930; x_wconf 91' lang='lat'><strong>,</strong></span> <span class='ocrx_word' id='word_1_244' title='bbox 3701 1844 3768 1918; x_wconf 55' lang='lat' dir='ltr'><strong>sl-</strong></span> 
     </span>
    </p>
   </div>
   <div class='ocr_carea' id='block_1_35' title="bbox 2175 1939 3764 2018">
    <p class='ocr_par' dir='ltr' id='par_1_35' title="bbox 2175 1939 3764 2018">
     <span class='ocr_line' id='line_1_35' title="bbox 2175 1939 3764 2018; baseline 0.014 -27"><span class='ocrx_word' id='word_1_245' title='bbox 2175 1939 2423 2007; x_wconf 89' lang='lat' dir='ltr'><strong>gniﬁcat,</strong></span> <span class='ocrx_word' id='word_1_246' title='bbox 2481 1943 2594 1998; x_wconf 76' lang='lat' dir='ltr'><strong>lucc</strong></span> <span class='ocrx_word' id='word_1_247' title='bbox 2629 1948 2788 2000; x_wconf 88' lang='lat' dir='ltr'><strong>verba</strong></span> <span class='ocrx_word' id='word_1_248' title='bbox 2830 1959 2953 2003; x_wconf 82' lang='lat' dir='ltr'><strong>ante</strong></span> <span class='ocrx_word' id='word_1_249' title='bbox 2999 1950 3315 2018; x_wconf 77' lang='lat' dir='ltr'><strong>baptismum</strong></span> <span class='ocrx_word' id='word_1_250' title='bbox 3369 1952 3521 2008; x_wconf 84' lang='lat' dir='ltr'><strong>dicta</strong></span> <span class='ocrx_word' id='word_1_251' title='bbox 3575 1955 3764 2012; x_wconf 62' lang='lat' dir='ltr'><strong>fuisse</strong></span> 
     </span>
    </p>
   </div>
   <div class='ocr_carea' id='block_1_36' title="bbox 2175 2030 3767 2114">
    <p class='ocr_par' dir='ltr' id='par_1_36' title="bbox 2175 2030 3767 2114">
     <span class='ocr_line' id='line_1_36' title="bbox 2175 2030 3767 2114; baseline 0.011 -30"><span class='ocrx_word' id='word_1_252' title='bbox 2175 2030 2414 2086; x_wconf 76' lang='lat' dir='ltr'><strong>Solitutlo</strong></span> <span class='ocrx_word' id='word_1_253' title='bbox 2447 2049 2574 2089; x_wconf 92' lang='lat' dir='ltr'><strong>vero</strong></span> <span class='ocrx_word' id='word_1_254' title='bbox 2605 2036 2895 2092; x_wconf 72' lang='lat' dir='ltr'><strong>Ecclesium</strong></span> <span class='ocrx_word' id='word_1_255' title='bbox 2944 2039 3244 2108; x_wconf 88' lang='lat' dir='ltr'><strong>signiﬁcat,</strong></span> <span class='ocrx_word' id='word_1_256' title='bbox 3290 2043 3767 2114; x_wconf 74' lang='lat' dir='ltr'><strong>spiritualitcrqus</strong></span> 
     </span>
    </p>
   </div>
   <div class='ocr_carea' id='block_1_37' title="bbox 517 2103 3760 2195">
    <p class='ocr_par' dir='ltr' id='par_1_37' title="bbox 517 2103 3760 2195">
     <span class='ocr_line' id='line_1_37' title="bbox 517 2103 3760 2195; baseline 0.004 -20"><span class='ocrx_word' id='word_1_257' title='bbox 517 2125 840 2195; x_wconf 76' lang='lat' dir='ltr'><strong>gelistarum,</strong></span> <span class='ocrx_word' id='word_1_258' title='bbox 860 2133 908 2180; x_wconf 89' lang='lat' dir='ltr'><strong>et</strong></span> <span class='ocrx_word' id='word_1_259' title='bbox 927 2124 1270 2180; x_wconf 88' lang='lat' dir='ltr'><strong>audientium.</strong></span> <span class='ocrx_word' id='word_1_260' title='bbox 1289 2121 1346 2176; x_wconf 86' lang='lat' dir='ltr'><strong>In</strong></span> <span class='ocrx_word' id='word_1_261' title='bbox 1369 2125 1687 2193; x_wconf 82' lang='lat' dir='ltr'><strong>liocquoque</strong></span> <span class='ocrx_word' id='word_1_262' title='bbox 1702 2123 1962 2191; x_wconf 85' lang='lat' dir='ltr'><strong>principio</strong></span> <span class='ocrx_word' id='word_1_263' title='bbox 1977 2139 2073 2176; x_wconf 90' lang='lat' dir='ltr'><strong>no-</strong></span> <span class='ocrx_word' id='word_1_264' title='bbox 2111 2103 2150 2158; x_wconf 69' lang='grc' dir='ltr'><strong>Β</strong></span> <span class='ocrx_word' id='word_1_265' title='bbox 2179 2121 2245 2174; x_wconf 92' lang='lat' dir='ltr'><strong>ab</strong></span> <span class='ocrx_word' id='word_1_266' title='bbox 2273 2124 2519 2176; x_wconf 77' lang='lat' dir='ltr'><strong>Omnibus</strong></span> <span class='ocrx_word' id='word_1_267' title='bbox 2549 2126 2690 2178; x_wconf 90' lang='lat' dir='ltr'><strong>intus</strong></span> <span class='ocrx_word' id='word_1_268' title='bbox 2718 2127 2950 2179; x_wconf 82' lang='lat' dir='ltr'><strong>solitudo</strong></span> <span class='ocrx_word' id='word_1_269' title='bbox 2990 2103 3071 2181; x_wconf 70' lang='lat' dir='ltr'><strong>est</strong></span> <span class='ocrx_word' id='word_1_270' title='bbox 3093 2103 3274 2182; x_wconf 84' lang='lat' dir='ltr'><strong>contra</strong></span> <span class='ocrx_word' id='word_1_271' title='bbox 3306 2103 3556 2185; x_wconf 58' lang='lat' dir='ltr'><strong>liubrum</strong></span> <span class='ocrx_word' id='word_1_272' title='bbox 3591 2103 3760 2190; x_wconf 62' lang='lat' dir='ltr'><strong>mare.</strong></span> 
     </span>
    </p>
   </div>
   <div class='ocr_carea' id='block_1_38' title="bbox 521 2212 2077 2283">
    <p class='ocr_par' dir='ltr' id='par_1_38' title="bbox 521 2212 2077 2283">
     <span class='ocr_line' id='line_1_38' title="bbox 521 2212 2077 2283; baseline -0.001 -15"><span class='ocrx_word' id='word_1_273' title='bbox 521 2215 731 2270; x_wconf 84' lang='lat' dir='ltr'><strong>tandum</strong></span> <span class='ocrx_word' id='word_1_274' title='bbox 755 2225 856 2278; x_wconf 89' lang='lat' dir='ltr'><strong>est,</strong></span> <span class='ocrx_word' id='word_1_275' title='bbox 873 2214 994 2283; x_wconf 85' lang='lat' dir='ltr'><strong>quid</strong></span> <span class='ocrx_word' id='word_1_276' title='bbox 1027 2212 1374 2282; x_wconf 76' lang='lat' dir='ltr'><strong>iudicetquod</strong></span> <span class='ocrx_word' id='word_1_277' title='bbox 1403 2213 1861 2268; x_wconf 85' lang='lat' dir='ltr'><strong>Deuteronomium</strong></span> <span class='ocrx_word' id='word_1_278' title='bbox 1881 2214 2077 2267; x_wconf 86' lang='lat' dir='ltr'><strong>duode-</strong></span> 
     </span>
    </p>
   </div>
   <div class='ocr_carea' id='block_1_39' title="bbox 518 2304 2077 2374">
    <p class='ocr_par' dir='ltr' id='par_1_39' title="bbox 518 2304 2077 2374">
     <span class='ocr_line' id='line_1_39' title="bbox 518 2304 2077 2374; baseline -0.001 -16"><span class='ocrx_word' id='word_1_279' title='bbox 518 2307 621 2359; x_wconf 91' lang='lat' dir='ltr'><strong>cim</strong></span> <span class='ocrx_word' id='word_1_280' title='bbox 643 2307 826 2360; x_wconf 91' lang='lat' dir='ltr'><strong>diebus</strong></span> <span class='ocrx_word' id='word_1_281' title='bbox 849 2306 1114 2360; x_wconf 79' lang='lat' dir='ltr'><strong>scribitur.</strong></span> <span class='ocrx_word' id='word_1_282' title='bbox 1148 2305 1248 2360; x_wconf 85' lang='lat' dir='ltr'><strong>Per</strong></span> <span class='ocrx_word' id='word_1_283' title='bbox 1275 2304 1414 2374; x_wconf 90' lang='lat' dir='ltr'><strong>quod</strong></span> <span class='ocrx_word' id='word_1_284' title='bbox 1440 2304 1760 2370; x_wconf 85' lang='lat' dir='ltr'><strong>ostenditur,</strong></span> <span class='ocrx_word' id='word_1_285' title='bbox 1788 2307 1910 2374; x_wconf 87' lang='lat' dir='ltr'><strong>quia</strong></span> <span class='ocrx_word' id='word_1_286' title='bbox 1940 2309 2077 2358; x_wconf 87' lang='lat' dir='ltr'><strong>sicut</strong></span> 
     </span>
    </p>
   </div>
   <div class='ocr_carea' id='block_1_40' title="bbox 520 2385 2075 2463">
    <p class='ocr_par' dir='ltr' id='par_1_40' title="bbox 520 2385 2075 2463">
     <span class='ocr_line' id='line_1_40' title="bbox 520 2385 2075 2463; baseline 0 -15"><span class='ocrx_word' id='word_1_287' title='bbox 520 2394 978 2450; x_wconf 69' lang='grc' dir='ltr'><strong>Βυιιιι-τοιιοιιιίιιιιι</strong></span> <span class='ocrx_word' id='word_1_288' title='bbox 1004 2409 1096 2463; x_wconf 91' lang='lat' dir='ltr'><strong>pro</strong></span> <span class='ocrx_word' id='word_1_289' title='bbox 1116 2409 1183 2448; x_wconf 92' lang='lat' dir='ltr'><strong>eo</strong></span> <span class='ocrx_word' id='word_1_290' title='bbox 1204 2394 1341 2462; x_wconf 76' lang='lat' dir='ltr'><strong>quod</strong></span> <span class='ocrx_word' id='word_1_291' title='bbox 1363 2385 1590 2448; x_wconf 83' lang='lat' dir='ltr'><strong>secunda</strong></span> <span class='ocrx_word' id='word_1_292' title='bbox 1608 2394 1693 2446; x_wconf 79' lang='lat' dir='ltr'><strong>lex</strong></span> <span class='ocrx_word' id='word_1_293' title='bbox 1709 2404 1811 2457; x_wconf 90' lang='lat' dir='ltr'><strong>est,</strong></span> <span class='ocrx_word' id='word_1_294' title='bbox 1841 2397 2075 2461; x_wconf 74' lang='lat' dir='ltr'><strong>Evange-</strong></span> 
     </span>
    </p>
   </div>
   <div class='ocr_carea' id='block_1_41' title="bbox 518 2484 2078 2555">
    <p class='ocr_par' dir='ltr' id='par_1_41' title="bbox 518 2484 2078 2555">
     <span class='ocr_line' id='line_1_41' title="bbox 518 2484 2078 2555; baseline 0 -14"><span class='ocrx_word' id='word_1_295' title='bbox 518 2488 644 2541; x_wconf 81' lang='lat' dir='ltr'><strong>lium</strong></span> <span class='ocrx_word' id='word_1_296' title='bbox 667 2487 947 2555; x_wconf 88' lang='lat' dir='ltr'><strong>signiﬁcat:</strong></span> <span class='ocrx_word' id='word_1_297' title='bbox 975 2485 1053 2540; x_wconf 90' lang='lat' dir='ltr'><strong>sic</strong></span> <span class='ocrx_word' id='word_1_298' title='bbox 1078 2493 1130 2537; x_wconf 85' lang='lat' dir='ltr'><strong>et</strong></span> <span class='ocrx_word' id='word_1_299' title='bbox 1155 2487 1465 2539; x_wconf 90' lang='lat' dir='ltr'><strong>contestatio</strong></span> <span class='ocrx_word' id='word_1_300' title='bbox 1495 2484 1632 2538; x_wconf 88' lang='lat' dir='ltr'><strong>illius</strong></span> <span class='ocrx_word' id='word_1_301' title='bbox 1667 2485 1941 2539; x_wconf 80' lang='lat' dir='ltr'><strong>duodecim</strong></span> <span class='ocrx_word' id='word_1_302' title='bbox 1964 2487 2078 2541; x_wconf 87' lang='lat' dir='ltr'><strong>die-</strong></span> 
     </span>
    </p>
   </div>
   <div class='ocr_carea' id='block_1_42' title="bbox 521 2573 2078 2645">
    <p class='ocr_par' dir='ltr' id='par_1_42' title="bbox 521 2573 2078 2645">
     <span class='ocr_line' id='line_1_42' title="bbox 521 2573 2078 2645; baseline 0.001 -17"><span class='ocrx_word' id='word_1_303' title='bbox 521 2575 618 2628; x_wconf 89' lang='lat' dir='ltr'><strong>bus</strong></span> <span class='ocrx_word' id='word_1_304' title='bbox 633 2575 986 2643; x_wconf 84' lang='lat' dir='ltr'><strong>apostolorum</strong></span> <span class='ocrx_word' id='word_1_305' title='bbox 1002 2588 1280 2626; x_wconf 87' lang='lat' dir='ltr'><strong>numerum</strong></span> <span class='ocrx_word' id='word_1_306' title='bbox 1295 2573 1549 2640; x_wconf 75' lang='lat' dir='ltr'><strong>designat.</strong></span> <span class='ocrx_word' id='word_1_307' title='bbox 1565 2573 1804 2643; x_wconf 89' lang='lat' dir='ltr'><strong>Perquos</strong></span> <span class='ocrx_word' id='word_1_308' title='bbox 1816 2575 2078 2645; x_wconf 82' lang='lat' dir='ltr'><strong>signiﬁcat</strong></span> 
     </span>
    </p>
   </div>
   <div class='ocr_carea' id='block_1_43' title="bbox 517 2662 2076 2732">
    <p class='ocr_par' dir='ltr' id='par_1_43' title="bbox 517 2662 2076 2732">
     <span class='ocr_line' id='line_1_43' title="bbox 517 2662 2076 2732; baseline 0.002 -17"><span class='ocrx_word' id='word_1_309' title='bbox 517 2663 800 2718; x_wconf 80' lang='lat' dir='ltr'><strong>duodecim</strong></span> <span class='ocrx_word' id='word_1_310' title='bbox 828 2662 1095 2732; x_wconf 83' lang='lat' dir='ltr'><strong>apostolos</strong></span> <span class='ocrx_word' id='word_1_311' title='bbox 1115 2704 1129 2727; x_wconf 93' lang='lat'><strong>,</strong></span> <span class='ocrx_word' id='word_1_312' title='bbox 1173 2662 1378 2732; x_wconf 85' lang='lat' dir='ltr'><strong>abjecto</strong></span> <span class='ocrx_word' id='word_1_313' title='bbox 1405 2663 1536 2717; x_wconf 84' lang='lat' dir='ltr'><strong>Juda</strong></span> <span class='ocrx_word' id='word_1_314' title='bbox 1570 2665 1867 2732; x_wconf 88' lang='lat' dir='ltr'><strong>proditore,</strong></span> <span class='ocrx_word' id='word_1_315' title='bbox 1898 2682 1924 2716; x_wconf 89' lang='lat' dir='ltr'><strong>a</strong></span> <span class='ocrx_word' id='word_1_316' title='bbox 1971 2667 2076 2719; x_wconf 90' lang='lat' dir='ltr'><strong>Deo</strong></span> 
     </span>
    </p>
   </div>
   <div class='ocr_carea' id='block_1_44' title="bbox 519 2752 2078 2822">
    <p class='ocr_par' dir='ltr' id='par_1_44' title="bbox 519 2752 2078 2822">
     <span class='ocr_line' id='line_1_44' title="bbox 519 2752 2078 2822; baseline -0.001 -13"><span class='ocrx_word' id='word_1_317' title='bbox 519 2754 740 2809; x_wconf 88' lang='lat' dir='ltr'><strong>electos.</strong></span> <span class='ocrx_word' id='word_1_318' title='bbox 763 2752 854 2806; x_wconf 76' lang='lat' dir='ltr'><strong>Vel</strong></span> <span class='ocrx_word' id='word_1_319' title='bbox 877 2763 1021 2808; x_wconf 90' lang='lat' dir='ltr'><strong>certe</strong></span> <span class='ocrx_word' id='word_1_320' title='bbox 1037 2752 1296 2821; x_wconf 88' lang='lat' dir='ltr'><strong>signillcat</strong></span> <span class='ocrx_word' id='word_1_321' title='bbox 1314 2753 1544 2809; x_wconf 67' lang='lat' dir='ltr'><strong>Judaicte</strong></span> <span class='ocrx_word' id='word_1_322' title='bbox 1568 2753 1731 2822; x_wconf 89' lang='lat' dir='ltr'><strong>p&#39;ebis</strong></span> <span class='ocrx_word' id='word_1_323' title='bbox 1754 2755 1952 2822; x_wconf 85' lang='lat' dir='ltr'><strong>lapsum</strong></span> <span class='ocrx_word' id='word_1_324' title='bbox 1985 2773 1995 2806; x_wconf 94' lang='lat'>:</span> <span class='ocrx_word' id='word_1_325' title='bbox 2025 2765 2078 2809; x_wconf 85' lang='lat' dir='ltr'><strong>et</strong></span> 
     </span>
    </p>
   </div>
   <div class='ocr_carea' id='block_1_45' title="bbox 518 2842 2077 2912">
    <p class='ocr_par' dir='ltr' id='par_1_45' title="bbox 518 2842 2077 2912">
     <span class='ocr_line' id='line_1_45' title="bbox 518 2842 2077 2912; baseline -0.001 -16"><span class='ocrx_word' id='word_1_326' title='bbox 518 2844 572 2896; x_wconf 91' lang='lat' dir='ltr'><strong>in</strong></span> <span class='ocrx_word' id='word_1_327' title='bbox 599 2842 880 2912; x_wconf 85' lang='lat' dir='ltr'><strong>Evangelio</strong></span> <span class='ocrx_word' id='word_1_328' title='bbox 904 2859 996 2910; x_wconf 87' lang='lat' dir='ltr'><strong>per</strong></span> <span class='ocrx_word' id='word_1_329' title='bbox 1025 2842 1496 2911; x_wconf 80' lang='lat' dir='ltr'><strong>transgressionem</strong></span> <span class='ocrx_word' id='word_1_330' title='bbox 1531 2843 1769 2911; x_wconf 86' lang='lat' dir='ltr'><strong>Decalogi</strong></span> <span class='ocrx_word' id='word_1_331' title='bbox 1811 2845 2077 2897; x_wconf 85' lang='lat' dir='ltr'><strong>mandato-</strong></span> 
     </span>
    </p>
   </div>
   <div class='ocr_carea' id='block_1_46' title="bbox 518 2931 2077 3004">
    <p class='ocr_par' dir='ltr' id='par_1_46' title="bbox 518 2931 2077 3004">
     <span class='ocr_line' id='line_1_46' title="bbox 518 2931 2077 3004; baseline 0.001 -17"><span class='ocrx_word' id='word_1_332' title='bbox 518 2948 656 2987; x_wconf 87' lang='lat' dir='ltr'><strong>rum.</strong></span> <span class='ocrx_word' id='word_1_333' title='bbox 676 2931 780 2988; x_wconf 85' lang='lat' dir='ltr'><strong>Sed</strong></span> <span class='ocrx_word' id='word_1_334' title='bbox 801 2943 855 2988; x_wconf 90' lang='lat' dir='ltr'><strong>et</strong></span> <span class='ocrx_word' id='word_1_335' title='bbox 875 2932 1025 2997; x_wconf 87' lang='lat' dir='ltr'><strong>illud,</strong></span> <span class='ocrx_word' id='word_1_336' title='bbox 1043 2935 1181 3001; x_wconf 87' lang='lat' dir='ltr'><strong>quod</strong></span> <span class='ocrx_word' id='word_1_337' title='bbox 1207 2934 1260 2988; x_wconf 91' lang='lat' dir='ltr'><strong>in</strong></span> <span class='ocrx_word' id='word_1_338' title='bbox 1286 2932 1374 2988; x_wconf 93' lang='lat' dir='ltr'><strong>illo</strong></span> <span class='ocrx_word' id='word_1_339' title='bbox 1399 2934 1622 3001; x_wconf 87' lang='lat' dir='ltr'><strong>quatuor</strong></span> <span class='ocrx_word' id='word_1_340' title='bbox 1646 2935 1781 3000; x_wconf 90' lang='lat' dir='ltr'><strong>loca,</strong></span> <span class='ocrx_word' id='word_1_341' title='bbox 1806 2937 1942 2988; x_wconf 90' lang='lat' dir='ltr'><strong>inter</strong></span> <span class='ocrx_word' id='word_1_342' title='bbox 1961 2950 2077 3004; x_wconf 70' lang='lat' dir='ltr'><strong>qua:</strong></span> 
     </span>
    </p>
   </div>
   <div class='ocr_carea' id='block_1_47' title="bbox 521 3022 2077 3092">
    <p class='ocr_par' dir='ltr' id='par_1_47' title="bbox 521 3022 2077 3092">
     <span class='ocr_line' id='line_1_47' title="bbox 521 3022 2077 3092; baseline 0.003 -16"><span class='ocrx_word' id='word_1_343' title='bbox 521 3022 731 3076; x_wconf 89' lang='lat' dir='ltr'><strong>locutus</strong></span> <span class='ocrx_word' id='word_1_344' title='bbox 754 3033 835 3076; x_wconf 91' lang='lat' dir='ltr'><strong>est</strong></span> <span class='ocrx_word' id='word_1_345' title='bbox 860 3022 1088 3092; x_wconf 81' lang='lat' dir='ltr'><strong>Moyses,</strong></span> <span class='ocrx_word' id='word_1_346' title='bbox 1110 3023 1196 3076; x_wconf 91' lang='lat' dir='ltr'><strong>ubi</strong></span> <span class='ocrx_word' id='word_1_347' title='bbox 1220 3037 1408 3076; x_wconf 88' lang='lat' dir='ltr'><strong>aurum</strong></span> <span class='ocrx_word' id='word_1_348' title='bbox 1431 3026 1652 3076; x_wconf 90' lang='lat' dir='ltr'><strong>multum</strong></span> <span class='ocrx_word' id='word_1_349' title='bbox 1671 3026 1884 3091; x_wconf 82' lang='lat' dir='ltr'><strong>habent,</strong></span> <span class='ocrx_word' id='word_1_350' title='bbox 1913 3028 2077 3080; x_wconf 83' lang='lat' dir='ltr'><strong>Evan-</strong></span> 
     </span>
    </p>
   </div>
   <div class='ocr_carea' id='block_1_48' title="bbox 517 3111 2074 3182">
    <p class='ocr_par' dir='ltr' id='par_1_48' title="bbox 517 3111 2074 3182">
     <span class='ocr_line' id='line_1_48' title="bbox 517 3111 2074 3182; baseline -0.001 -14"><span class='ocrx_word' id='word_1_351' title='bbox 517 3113 744 3182; x_wconf 87' lang='lat' dir='ltr'><strong>gelicum</strong></span> <span class='ocrx_word' id='word_1_352' title='bbox 766 3123 1156 3168; x_wconf 85' lang='lat' dir='ltr'><strong>sacramentum</strong></span> <span class='ocrx_word' id='word_1_353' title='bbox 1179 3111 1446 3182; x_wconf 83' lang='lat' dir='ltr'><strong>designat,</strong></span> <span class='ocrx_word' id='word_1_354' title='bbox 1466 3113 1603 3179; x_wconf 76' lang='lat' dir='ltr'><strong>quod</strong></span> <span class='ocrx_word' id='word_1_355' title='bbox 1625 3114 1888 3182; x_wconf 85' lang='lat' dir='ltr'><strong>spirituali</strong></span> <span class='ocrx_word' id='word_1_356' title='bbox 1917 3131 2074 3170; x_wconf 87' lang='lat' dir='ltr'><strong>sensu</strong></span> 
     </span>
    </p>
   </div>
   <div class='ocr_carea' id='block_1_49' title="bbox 521 3205 2077 3275">
    <p class='ocr_par' dir='ltr' id='par_1_49' title="bbox 521 3205 2077 3275">
     <span class='ocr_line' id='line_1_49' title="bbox 521 3205 2077 3275; baseline 0.003 -17"><span class='ocrx_word' id='word_1_357' title='bbox 521 3206 705 3274; x_wconf 92' lang='lat' dir='ltr'><strong>pollet.</strong></span> <span class='ocrx_word' id='word_1_358' title='bbox 735 3205 844 3260; x_wconf 80' lang='lat' dir='ltr'><strong>Hoc</strong></span> <span class='ocrx_word' id='word_1_359' title='bbox 865 3221 1075 3275; x_wconf 88' lang='lat' dir='ltr'><strong>quoque</strong></span> <span class='ocrx_word' id='word_1_360' title='bbox 1100 3206 1566 3260; x_wconf 88' lang='lat' dir='ltr'><strong>Deuteronomium</strong></span> <span class='ocrx_word' id='word_1_361' title='bbox 1601 3206 1650 3259; x_wconf 92' lang='lat' dir='ltr'><strong>in</strong></span> <span class='ocrx_word' id='word_1_362' title='bbox 1681 3207 1886 3260; x_wconf 89' lang='lat' dir='ltr'><strong>duobus</strong></span> <span class='ocrx_word' id='word_1_363' title='bbox 1907 3208 2077 3262; x_wconf 89' lang='lat' dir='ltr'><strong>modis</strong></span> 
     </span>
    </p>
   </div>
   <div class='ocr_carea' id='block_1_50' title="bbox 520 3296 2073 3364">
    <p class='ocr_par' dir='ltr' id='par_1_50' title="bbox 520 3296 2073 3364">
     <span class='ocr_line' id='line_1_50' title="bbox 520 3296 2073 3364; baseline 0.001 -15"><span class='ocrx_word' id='word_1_364' title='bbox 520 3297 618 3350; x_wconf 90' lang='lat' dir='ltr'><strong>l&#39;uit</strong></span> <span class='ocrx_word' id='word_1_365' title='bbox 643 3296 962 3361; x_wconf 88' lang='lat' dir='ltr'><strong>obscurum,</strong></span> <span class='ocrx_word' id='word_1_366' title='bbox 989 3297 1039 3350; x_wconf 92' lang='lat' dir='ltr'><strong>id</strong></span> <span class='ocrx_word' id='word_1_367' title='bbox 1067 3304 1180 3362; x_wconf 90' lang='lat' dir='ltr'><strong>est,</strong></span> <span class='ocrx_word' id='word_1_368' title='bbox 1226 3298 1275 3350; x_wconf 92' lang='lat' dir='ltr'><strong>in</strong></span> <span class='ocrx_word' id='word_1_369' title='bbox 1309 3308 1492 3351; x_wconf 88' lang='lat' dir='ltr'><strong>natura</strong></span> <span class='ocrx_word' id='word_1_370' title='bbox 1521 3306 1576 3351; x_wconf 91' lang='lat' dir='ltr'><strong>et</strong></span> <span class='ocrx_word' id='word_1_371' title='bbox 1603 3298 1774 3352; x_wconf 61' lang='lat' dir='ltr'><strong>littera</strong></span> <span class='ocrx_word' id='word_1_372' title='bbox 1803 3315 1814 3350; x_wconf 89' lang='lat'><strong>:</strong></span> <span class='ocrx_word' id='word_1_373' title='bbox 1843 3298 1944 3352; x_wconf 79' lang='lat' dir='ltr'><strong>lioc</strong></span> <span class='ocrx_word' id='word_1_374' title='bbox 1964 3307 2073 3364; x_wconf 90' lang='lat' dir='ltr'><strong>est,</strong></span> 
     </span>
    </p>
   </div>
   <div class='ocr_carea' id='block_1_51' title="bbox 518 3384 2074 3457">
    <p class='ocr_par' dir='ltr' id='par_1_51' title="bbox 518 3384 2074 3457">
     <span class='ocr_line' id='line_1_51' title="bbox 518 3384 2074 3457; baseline 0.005 -21"><span class='ocrx_word' id='word_1_375' title='bbox 518 3385 730 3452; x_wconf 80' lang='lat' dir='ltr'><strong>quando</strong></span> <span class='ocrx_word' id='word_1_376' title='bbox 753 3384 852 3438; x_wconf 83' lang='lat' dir='ltr'><strong>fuit</strong></span> <span class='ocrx_word' id='word_1_377' title='bbox 877 3385 927 3438; x_wconf 91' lang='lat' dir='ltr'><strong>in</strong></span> <span class='ocrx_word' id='word_1_378' title='bbox 945 3395 1167 3454; x_wconf 90' lang='lat' dir='ltr'><strong>quatuor</strong></span> <span class='ocrx_word' id='word_1_379' title='bbox 1188 3386 1334 3441; x_wconf 83' lang='lat' dir='ltr'><strong>libris</strong></span> <span class='ocrx_word' id='word_1_380' title='bbox 1353 3389 1632 3457; x_wconf 87' lang='lat' dir='ltr'><strong>separatim</strong></span> <span class='ocrx_word' id='word_1_381' title='bbox 1657 3404 1672 3442; x_wconf 89' lang='lat'><strong>:</strong></span> <span class='ocrx_word' id='word_1_382' title='bbox 1695 3397 1822 3442; x_wconf 88' lang='lat' dir='ltr'><strong>tunc</strong></span> <span class='ocrx_word' id='word_1_383' title='bbox 1843 3404 1965 3443; x_wconf 89' lang='lat' dir='ltr'><strong>vero</strong></span> <span class='ocrx_word' id='word_1_384' title='bbox 1991 3405 2074 3443; x_wconf 93' lang='lat' dir='ltr'><strong>re—</strong></span> 
     </span>
    </p>
   </div>
   <div class='ocr_carea' id='block_1_52' title="bbox 520 3473 2072 3548">
    <p class='ocr_par' dir='ltr' id='par_1_52' title="bbox 520 3473 2072 3548">
     <span class='ocr_line' id='line_1_52' title="bbox 520 3473 2072 3548; baseline 0.006 -24"><span class='ocrx_word' id='word_1_385' title='bbox 520 3473 749 3537; x_wconf 84' lang='lat' dir='ltr'><strong>velatur,</strong></span> <span class='ocrx_word' id='word_1_386' title='bbox 777 3474 985 3541; x_wconf 88' lang='lat' dir='ltr'><strong>quando</strong></span> <span class='ocrx_word' id='word_1_387' title='bbox 1006 3490 1035 3527; x_wconf 90' lang='lat' dir='ltr'><strong>a</strong></span> <span class='ocrx_word' id='word_1_388' title='bbox 1057 3487 1273 3542; x_wconf 82' lang='lat' dir='ltr'><strong>quatuor</strong></span> <span class='ocrx_word' id='word_1_389' title='bbox 1291 3477 1436 3529; x_wconf 88' lang='lat' dir='ltr'><strong>libris</strong></span> <span class='ocrx_word' id='word_1_390' title='bbox 1457 3477 1731 3543; x_wconf 79' lang='lat' dir='ltr'><strong>excipitur.</strong></span> <span class='ocrx_word' id='word_1_391' title='bbox 1758 3478 1844 3532; x_wconf 90' lang='lat' dir='ltr'><strong>Sic</strong></span> <span class='ocrx_word' id='word_1_392' title='bbox 1865 3493 2072 3548; x_wconf 82' lang='lat' dir='ltr'><strong>quoque</strong></span> 
     </span>
    </p>
   </div>
   <div class='ocr_carea' id='block_1_53' title="bbox 519 3562 2068 3636">
    <p class='ocr_par' dir='ltr' id='par_1_53' title="bbox 519 3562 2068 3636">
     <span class='ocr_line' id='line_1_53' title="bbox 519 3562 2068 3636; baseline 0.005 -20"><span class='ocrx_word' id='word_1_393' title='bbox 519 3563 857 3632; x_wconf 71' lang='lat' dir='ltr'><strong>l&#39;lvangelium</strong></span> <span class='ocrx_word' id='word_1_394' title='bbox 900 3562 995 3616; x_wconf 84' lang='lat' dir='ltr'><strong>luit</strong></span> <span class='ocrx_word' id='word_1_395' title='bbox 1025 3579 1117 3632; x_wconf 86' lang='lat' dir='ltr'><strong>per</strong></span> <span class='ocrx_word' id='word_1_396' title='bbox 1143 3572 1383 3617; x_wconf 88' lang='lat' dir='ltr'><strong>naturam</strong></span> <span class='ocrx_word' id='word_1_397' title='bbox 1409 3573 1463 3619; x_wconf 91' lang='lat' dir='ltr'><strong>et</strong></span> <span class='ocrx_word' id='word_1_398' title='bbox 1484 3565 1732 3632; x_wconf 85' lang='lat' dir='ltr'><strong>litteram,</strong></span> <span class='ocrx_word' id='word_1_399' title='bbox 1761 3583 1925 3636; x_wconf 87' lang='lat' dir='ltr'><strong>usque</strong></span> <span class='ocrx_word' id='word_1_400' title='bbox 1945 3571 2068 3623; x_wconf 90' lang='lat' dir='ltr'><strong>dum</strong></span> 
     </span>
    </p>
   </div>
   <div class='ocr_carea' id='block_1_54' title="bbox 515 3650 2065 3726">
    <p class='ocr_par' dir='ltr' id='par_1_54' title="bbox 515 3650 2065 3726">
     <span class='ocr_line' id='line_1_54' title="bbox 515 3650 2065 3726; baseline 0.005 -21"><span class='ocrx_word' id='word_1_401' title='bbox 515 3665 704 3707; x_wconf 85' lang='lat' dir='ltr'><strong>sensus</strong></span> <span class='ocrx_word' id='word_1_402' title='bbox 729 3650 1070 3706; x_wconf 86' lang='lat' dir='ltr'><strong>denuntiatus</strong></span> <span class='ocrx_word' id='word_1_403' title='bbox 1095 3663 1198 3707; x_wconf 85' lang='lat' dir='ltr'><strong>est.</strong></span> <span class='ocrx_word' id='word_1_404' title='bbox 1234 3653 1359 3706; x_wconf 73' lang='grc' dir='ltr'><strong>Ηιεε</strong></span> <span class='ocrx_word' id='word_1_405' title='bbox 1385 3664 1500 3708; x_wconf 84' lang='lat' dir='ltr'><strong>sunt</strong></span> <span class='ocrx_word' id='word_1_406' title='bbox 1531 3655 1678 3708; x_wconf 81' lang='lat' dir='ltr'><strong>verba</strong></span> <span class='ocrx_word' id='word_1_407' title='bbox 1700 3697 1714 3718; x_wconf 87' lang='lat'><strong>,</strong></span> <span class='ocrx_word' id='word_1_408' title='bbox 1758 3666 1813 3710; x_wconf 90' lang='lat' dir='ltr'><strong>et</strong></span> <span class='ocrx_word' id='word_1_409' title='bbox 1848 3659 2065 3726; x_wconf 84' lang='lat' dir='ltr'><strong>reliqua.</strong></span> 
     </span>
    </p>
   </div>
   <div class='ocr_carea' id='block_1_55' title="bbox 516 3743 2070 3819">
    <p class='ocr_par' dir='ltr' id='par_1_55' title="bbox 516 3743 2070 3819">
     <span class='ocr_line' id='line_1_55' title="bbox 516 3743 2070 3819; baseline 0.004 -21"><span class='ocrx_word' id='word_1_410' title='bbox 516 3743 653 3799; x_wconf 86' lang='lat' dir='ltr'><strong>lluic</strong></span> <span class='ocrx_word' id='word_1_411' title='bbox 676 3745 954 3800; x_wconf 69' lang='grc' dir='ltr'><strong>ςειιιιθιιιὶιθ</strong></span> <span class='ocrx_word' id='word_1_412' title='bbox 981 3745 1033 3797; x_wconf 89' lang='lat' dir='ltr'><strong>in</strong></span> <span class='ocrx_word' id='word_1_413' title='bbox 1065 3759 1291 3813; x_wconf 86' lang='lat' dir='ltr'><strong>persona</strong></span> <span class='ocrx_word' id='word_1_414' title='bbox 1322 3744 1506 3815; x_wconf 74' lang='lat' dir='ltr'><strong>Moysi,</strong></span> <span class='ocrx_word' id='word_1_415' title='bbox 1533 3749 1673 3816; x_wconf 89' lang='lat' dir='ltr'><strong>quod</strong></span> <span class='ocrx_word' id='word_1_416' title='bbox 1703 3749 1846 3802; x_wconf 87' lang='lat' dir='ltr'><strong>enim</strong></span> <span class='ocrx_word' id='word_1_417' title='bbox 1877 3751 2070 3819; x_wconf 86' lang='lat' dir='ltr'><strong>aliquis</strong></span> 
     </span>
    </p>
   </div>
   <div class='ocr_carea' id='block_1_56' title="bbox 514 3833 2065 3907">
    <p class='ocr_par' dir='ltr' id='par_1_56' title="bbox 514 3833 2065 3907">
     <span class='ocr_line' id='line_1_56' title="bbox 514 3833 2065 3907; baseline 0.005 -19"><span class='ocrx_word' id='word_1_418' title='bbox 514 3834 584 3890; x_wconf 85' lang='lat' dir='ltr'><strong>de</strong></span> <span class='ocrx_word' id='word_1_419' title='bbox 626 3836 805 3902; x_wconf 72' lang='lat' dir='ltr'><strong>Maysc</strong></span> <span class='ocrx_word' id='word_1_420' title='bbox 829 3833 1083 3898; x_wconf 74' lang='lat' dir='ltr'><strong>dixisset,</strong></span> <span class='ocrx_word' id='word_1_421' title='bbox 1117 3837 1205 3889; x_wconf 89' lang='lat' dir='ltr'><strong>ille</strong></span> <span class='ocrx_word' id='word_1_422' title='bbox 1232 3836 1300 3889; x_wconf 90' lang='lat' dir='ltr'><strong>de</strong></span> <span class='ocrx_word' id='word_1_423' title='bbox 1327 3837 1503 3904; x_wconf 84' lang='lat' dir='ltr'><strong>seipso</strong></span> <span class='ocrx_word' id='word_1_424' title='bbox 1547 3839 1718 3904; x_wconf 81' lang='lat' dir='ltr'><strong>dixit,</strong></span> <span class='ocrx_word' id='word_1_425' title='bbox 1762 3841 1812 3894; x_wconf 90' lang='lat' dir='ltr'><strong>in</strong></span> <span class='ocrx_word' id='word_1_426' title='bbox 1846 3858 2065 3907; x_wconf 89' lang='lat' dir='ltr'><strong>persona</strong></span> 
     </span>
    </p>
   </div>
   <div class='ocr_carea' id='block_1_57' title="bbox 515 3925 2067 4003">
    <p class='ocr_par' dir='ltr' id='par_1_57' title="bbox 515 3925 2067 4003">
     <span class='ocr_line' id='line_1_57' title="bbox 515 3925 2067 4003; baseline 0.006 -23"><span class='ocrx_word' id='word_1_427' title='bbox 515 3925 734 3996; x_wconf 74' lang='lat' dir='ltr'><strong>Spiritus</strong></span> <span class='ocrx_word' id='word_1_428' title='bbox 766 3929 933 3986; x_wconf 82' lang='lat' dir='ltr'><strong>sancti</strong></span> <span class='ocrx_word' id='word_1_429' title='bbox 961 3939 1014 3983; x_wconf 90' lang='lat' dir='ltr'><strong>et</strong></span> <span class='ocrx_word' id='word_1_430' title='bbox 1040 3929 1388 3984; x_wconf 63' lang='lat' dir='ltr'><strong>trans-latoris.</strong></span> <span class='ocrx_word' id='word_1_431' title='bbox 1433 3930 1527 3986; x_wconf 83' lang='lat' dir='ltr'><strong>llic</strong></span> <span class='ocrx_word' id='word_1_432' title='bbox 1557 3948 1765 4003; x_wconf 91' lang='lat' dir='ltr'><strong>quoque</strong></span> <span class='ocrx_word' id='word_1_433' title='bbox 1809 3935 1942 3990; x_wconf 86' lang='lat' dir='ltr'><strong>liber</strong></span> <span class='ocrx_word' id='word_1_434' title='bbox 1969 3938 2067 3989; x_wconf 85' lang='lat' dir='ltr'><strong>ali-</strong></span> 
     </span>
    </p>
   </div>
   <div class='ocr_carea' id='block_1_58' title="bbox 516 4015 2065 4086">
    <p class='ocr_par' dir='ltr' id='par_1_58' title="bbox 516 4015 2065 4086">
     <span class='ocr_line' id='line_1_58' title="bbox 516 4015 2065 4086; baseline 0.005 -16"><span class='ocrx_word' id='word_1_435' title='bbox 516 4031 674 4083; x_wconf 73' lang='lat' dir='ltr'><strong>quam</strong></span> <span class='ocrx_word' id='word_1_436' title='bbox 715 4015 1166 4086; x_wconf 80' lang='lat' dir='ltr'><strong>imperfectionem</strong></span> <span class='ocrx_word' id='word_1_437' title='bbox 1221 4018 1416 4073; x_wconf 86' lang='lat' dir='ltr'><strong>habere</strong></span> <span class='ocrx_word' id='word_1_438' title='bbox 1459 4020 1668 4086; x_wconf 83' lang='lat' dir='ltr'><strong>dicitur,</strong></span> <span class='ocrx_word' id='word_1_439' title='bbox 1714 4023 1836 4076; x_wconf 91' lang='lat' dir='ltr'><strong>dum</strong></span> <span class='ocrx_word' id='word_1_440' title='bbox 1869 4040 1970 4078; x_wconf 90' lang='lat' dir='ltr'><strong>non</strong></span> <span class='ocrx_word' id='word_1_441' title='bbox 2002 4025 2065 4078; x_wconf 89' lang='lat' dir='ltr'><strong>ad</strong></span> 
     </span>
    </p>
   </div>
   <div class='ocr_carea' id='block_1_59' title="bbox 515 4102 2066 4182">
    <p class='ocr_par' dir='ltr' id='par_1_59' title="bbox 515 4102 2066 4182">
     <span class='ocr_line' id='line_1_59' title="bbox 515 4102 2066 4182; baseline 0.006 -25"><span class='ocrx_word' id='word_1_442' title='bbox 515 4102 687 4157; x_wconf 81' lang='lat' dir='ltr'><strong>decem</strong></span> <span class='ocrx_word' id='word_1_443' title='bbox 731 4105 968 4172; x_wconf 78' lang='lat' dir='ltr'><strong>pervenit</strong></span> <span class='ocrx_word' id='word_1_444' title='bbox 993 4122 1006 4157; x_wconf 89' lang='lat'>:</span> <span class='ocrx_word' id='word_1_445' title='bbox 1035 4106 1325 4173; x_wconf 82' lang='lat' dir='ltr'><strong>Augustino</strong></span> <span class='ocrx_word' id='word_1_446' title='bbox 1349 4109 1577 4176; x_wconf 87' lang='lat' dir='ltr'><strong>dicente,</strong></span> <span class='ocrx_word' id='word_1_447' title='bbox 1622 4112 1796 4165; x_wconf 80' lang='lat' dir='ltr'><strong>Omnis</strong></span> <span class='ocrx_word' id='word_1_448' title='bbox 1826 4115 2066 4182; x_wconf 79' lang='lat' dir='ltr'><strong>perfectio</strong></span> 
     </span>
    </p>
   </div>
   <div class='ocr_carea' id='block_1_60' title="bbox 516 4194 2066 4266">
    <p class='ocr_par' dir='ltr' id='par_1_60' title="bbox 516 4194 2066 4266">
     <span class='ocr_line' id='line_1_60' title="bbox 516 4194 2066 4266; baseline 0.012 -28"><span class='ocrx_word' id='word_1_449' title='bbox 516 4194 989 4248; x_wconf 57' lang='lat' dir='ltr'><strong>nancta/trama</strong></span> <span class='ocrx_word' id='word_1_450' title='bbox 1015 4195 1182 4246; x_wconf 82' lang='lat' dir='ltr'><strong>decem</strong></span> <span class='ocrx_word' id='word_1_451' title='bbox 1210 4206 1258 4247; x_wconf 88' lang='lat' dir='ltr'><strong>et</strong></span> <span class='ocrx_word' id='word_1_452' title='bbox 1286 4199 1508 4266; x_wconf 79' lang='lat' dir='ltr'><strong>triginta,</strong></span> <span class='ocrx_word' id='word_1_453' title='bbox 1535 4211 1580 4252; x_wconf 87' lang='lat' dir='ltr'><strong>et</strong></span> <span class='ocrx_word' id='word_1_454' title='bbox 1607 4213 1800 4254; x_wconf 83' lang='lat' dir='ltr'><strong>centum</strong></span> <span class='ocrx_word' id='word_1_455' title='bbox 1842 4214 1889 4256; x_wconf 79' lang='lat' dir='ltr'><strong>et</strong></span> <span class='ocrx_word' id='word_1_456' title='bbox 1930 4206 2066 4259; x_wconf 82' lang='lat' dir='ltr'><strong>mille</strong></span> 
     </span>
    </p>
   </div>
   <div class='ocr_carea' id='block_1_61' title="bbox 516 4276 2067 4359">
    <p class='ocr_par' dir='ltr' id='par_1_61' title="bbox 516 4276 2067 4359">
     <span class='ocr_line' id='line_1_61' title="bbox 516 4276 2067 4359; baseline 0.008 -23"><span class='ocrx_word' id='word_1_457' title='bbox 516 4283 759 4336; x_wconf 82' lang='lat' dir='ltr'><strong>consistit.</strong></span> <span class='ocrx_word' id='word_1_458' title='bbox 794 4276 894 4338; x_wconf 73' lang='lat' dir='ltr'><strong>Sed</strong></span> <span class='ocrx_word' id='word_1_459' title='bbox 918 4293 1090 4336; x_wconf 90' lang='lat' dir='ltr'><strong>tamen</strong></span> <span class='ocrx_word' id='word_1_460' title='bbox 1124 4283 1497 4352; x_wconf 79' lang='lat' dir='ltr'><strong>perfectionem</strong></span> <span class='ocrx_word' id='word_1_461' title='bbox 1525 4289 1699 4356; x_wconf 80' lang='lat' dir='ltr'><strong>liabet,</strong></span> <span class='ocrx_word' id='word_1_462' title='bbox 1727 4293 1851 4345; x_wconf 91' lang='lat' dir='ltr'><strong>dum</strong></span> <span class='ocrx_word' id='word_1_463' title='bbox 1876 4293 1926 4345; x_wconf 91' lang='lat' dir='ltr'><strong>in</strong></span> <span class='ocrx_word' id='word_1_464' title='bbox 1951 4295 2067 4359; x_wconf 82' lang='lat' dir='ltr'><strong>ipso</strong></span> 
     </span>
    </p>
   </div>
   <div class='ocr_carea' id='block_1_62' title="bbox 519 4371 2067 4450">
    <p class='ocr_par' dir='ltr' id='par_1_62' title="bbox 519 4371 2067 4450">
     <span class='ocr_line' id='line_1_62' title="bbox 519 4371 2067 4450; baseline 0.009 -27"><span class='ocrx_word' id='word_1_465' title='bbox 519 4371 699 4427; x_wconf 86' lang='lat' dir='ltr'><strong>ﬁnitur</strong></span> <span class='ocrx_word' id='word_1_466' title='bbox 737 4388 985 4426; x_wconf 86' lang='lat' dir='ltr'><strong>numerus</strong></span> <span class='ocrx_word' id='word_1_467' title='bbox 1016 4375 1293 4431; x_wconf 90' lang='lat' dir='ltr'><strong>librorum.</strong></span> <span class='ocrx_word' id='word_1_468' title='bbox 1341 4379 1796 4434; x_wconf 84' lang='lat' dir='ltr'><strong>Deutcronomium</strong></span> <span class='ocrx_word' id='word_1_469' title='bbox 1835 4383 2067 4450; x_wconf 77' lang='lat' dir='ltr'><strong>patribus</strong></span> 
     </span>
    </p>
   </div>
   <div class='ocr_carea' id='block_1_63' title="bbox 515 4463 2064 4535">
    <p class='ocr_par' dir='ltr' id='par_1_63' title="bbox 515 4463 2064 4535">
     <span class='ocr_line' id='line_1_63' title="bbox 515 4463 2064 4535; baseline 0.008 -20"><span class='ocrx_word' id='word_1_470' title='bbox 515 4473 570 4515; x_wconf 82' lang='lat' dir='ltr'><strong>et</strong></span> <span class='ocrx_word' id='word_1_471' title='bbox 598 4463 719 4518; x_wconf 90' lang='lat' dir='ltr'><strong>liliis</strong></span> <span class='ocrx_word' id='word_1_472' title='bbox 748 4463 943 4520; x_wconf 90' lang='lat' dir='ltr'><strong>dictum</strong></span> <span class='ocrx_word' id='word_1_473' title='bbox 973 4475 1083 4532; x_wconf 87' lang='lat' dir='ltr'><strong>est,</strong></span> <span class='ocrx_word' id='word_1_474' title='bbox 1129 4471 1264 4535; x_wconf 90' lang='lat' dir='ltr'><strong>quod</strong></span> <span class='ocrx_word' id='word_1_475' title='bbox 1299 4471 1430 4525; x_wconf 90' lang='lat' dir='ltr'><strong>bene</strong></span> <span class='ocrx_word' id='word_1_476' title='bbox 1467 4472 1714 4525; x_wconf 90' lang='lat' dir='ltr'><strong>convenit</strong></span> <span class='ocrx_word' id='word_1_477' title='bbox 1753 4474 1816 4525; x_wconf 89' lang='lat' dir='ltr'><strong>ad</strong></span> <span class='ocrx_word' id='word_1_478' title='bbox 1869 4483 2064 4527; x_wconf 89' lang='lat' dir='ltr'><strong>terram</strong></span> 
     </span>
    </p>
   </div>
   <div class='ocr_carea' id='block_1_64' title="bbox 521 4553 2060 4627">
    <p class='ocr_par' dir='ltr' id='par_1_64' title="bbox 521 4553 2060 4627">
     <span class='ocr_line' id='line_1_64' title="bbox 521 4553 2060 4627; baseline 0.008 -26"><span class='ocrx_word' id='word_1_479' title='bbox 521 4553 883 4616; x_wconf 68' lang='lat' dir='ltr'><strong>repromissum</strong></span> <span class='ocrx_word' id='word_1_480' title='bbox 911 4572 923 4606; x_wconf 94' lang='lat'>:</span> <span class='ocrx_word' id='word_1_481' title='bbox 951 4565 1010 4615; x_wconf 83' lang='lat' dir='ltr'><strong>ut</strong></span> <span class='ocrx_word' id='word_1_482' title='bbox 1037 4567 1137 4622; x_wconf 83' lang='lat' dir='ltr'><strong>cSt,</strong></span> <span class='ocrx_word' id='word_1_483' title='bbox 1189 4557 1288 4622; x_wconf 82' lang='lat' dir='ltr'><strong>Qui</strong></span> <span class='ocrx_word' id='word_1_484' title='bbox 1333 4559 1506 4627; x_wconf 79' lang='lat' dir='ltr'><strong>fecerit</strong></span> <span class='ocrx_word' id='word_1_485' title='bbox 1548 4561 1673 4624; x_wconf 66' lang='lat' dir='ltr'><strong>hac,</strong></span> <span class='ocrx_word' id='word_1_486' title='bbox 1699 4562 1823 4614; x_wconf 74' lang='lat' dir='ltr'><strong>vivet</strong></span> <span class='ocrx_word' id='word_1_487' title='bbox 1859 4564 1909 4614; x_wconf 86' lang='lat' dir='ltr'><strong>in</strong></span> <span class='ocrx_word' id='word_1_488' title='bbox 1939 4564 2060 4616; x_wconf 85' lang='lat' dir='ltr'><strong>illis.</strong></span> 
     </span>
    </p>
   </div>
   <div class='ocr_carea' id='block_1_65' title="bbox 521 4639 2065 4724">
    <p class='ocr_par' dir='ltr' id='par_1_65' title="bbox 521 4639 2065 4724">
     <span class='ocr_line' id='line_1_65' title="bbox 521 4639 2065 4724; baseline 0.009 -31"><span class='ocrx_word' id='word_1_489' title='bbox 521 4639 664 4694; x_wconf 75' lang='lat' dir='ltr'><strong>Filnis</strong></span> <span class='ocrx_word' id='word_1_490' title='bbox 684 4642 904 4720; x_wconf 83' lang='lat' dir='ltr'><strong>dicitur:</strong></span> <span class='ocrx_word' id='word_1_491' title='bbox 931 4646 1112 4699; x_wconf 77' lang='lat' dir='ltr'><strong>Audite</strong></span> <span class='ocrx_word' id='word_1_492' title='bbox 1134 4648 1258 4713; x_wconf 70' lang='lat' dir='ltr'><strong>hac,</strong></span> <span class='ocrx_word' id='word_1_493' title='bbox 1283 4658 1336 4702; x_wconf 88' lang='lat' dir='ltr'><strong>ut</strong></span> <span class='ocrx_word' id='word_1_494' title='bbox 1355 4649 1641 4702; x_wconf 78' lang='lat' dir='ltr'><strong>custodiant</strong></span> <span class='ocrx_word' id='word_1_495' title='bbox 1666 4651 1761 4717; x_wconf 77' lang='lat' dir='ltr'><strong>ﬁlii</strong></span> <span class='ocrx_word' id='word_1_496' title='bbox 1781 4655 1930 4706; x_wconf 73' lang='lat' dir='ltr'><strong>vestri</strong></span> <span class='ocrx_word' id='word_1_497' title='bbox 1954 4663 2065 4724; x_wconf 85' lang='lat' dir='ltr'><strong>post</strong></span> 
     </span>
    </p>
   </div>
   <div class='ocr_carea' id='block_1_66' title="bbox 2180 2211 3760 2284">
    <p class='ocr_par' dir='ltr' id='par_1_66' title="bbox 2180 2211 3760 2284">
     <span class='ocr_line' id='line_1_66' title="bbox 2180 2211 3760 2284; baseline 0.009 -22"><span class='ocrx_word' id='word_1_498' title='bbox 2180 2211 2232 2263; x_wconf 93' lang='lat' dir='ltr'><strong>In</strong></span> <span class='ocrx_word' id='word_1_499' title='bbox 2267 2211 2365 2264; x_wconf 83' lang='lat' dir='ltr'><strong>hoc</strong></span> <span class='ocrx_word' id='word_1_500' title='bbox 2392 2212 2740 2280; x_wconf 85' lang='lat' dir='ltr'><strong>signiﬁcatur,</strong></span> <span class='ocrx_word' id='word_1_501' title='bbox 2771 2216 2909 2282; x_wconf 91' lang='lat' dir='ltr'><strong>quod</strong></span> <span class='ocrx_word' id='word_1_502' title='bbox 2943 2217 2992 2268; x_wconf 86' lang='lat' dir='ltr'><strong>bi</strong></span> <span class='ocrx_word' id='word_1_503' title='bbox 3022 2218 3210 2284; x_wconf 79' lang='lat' dir='ltr'><strong>quibus</strong></span> <span class='ocrx_word' id='word_1_504' title='bbox 3235 2219 3348 2271; x_wconf 76' lang='lat' dir='ltr'><strong>luce</strong></span> <span class='ocrx_word' id='word_1_505' title='bbox 3380 2221 3552 2274; x_wconf 84' lang='lat' dir='ltr'><strong>verba</strong></span> <span class='ocrx_word' id='word_1_506' title='bbox 3587 2223 3760 2276; x_wconf 76' lang='lat' dir='ltr'><strong>histo-</strong></span> 
     </span>
    </p>
   </div>
   <div class='ocr_carea' id='block_1_67' title="bbox 2177 2300 3760 2375">
    <p class='ocr_par' dir='ltr' id='par_1_67' title="bbox 2177 2300 3760 2375">
     <span class='ocr_line' id='line_1_67' title="bbox 2177 2300 3760 2375; baseline 0.009 -25"><span class='ocrx_word' id='word_1_507' title='bbox 2177 2300 2376 2352; x_wconf 76' lang='lat' dir='ltr'><strong>rialiter</strong></span> <span class='ocrx_word' id='word_1_508' title='bbox 2420 2301 2683 2366; x_wconf 88' lang='lat' dir='ltr'><strong>dicuntur,</strong></span> <span class='ocrx_word' id='word_1_509' title='bbox 2729 2303 2951 2357; x_wconf 70' lang='lat' dir='ltr'><strong>fuis~ent</strong></span> <span class='ocrx_word' id='word_1_510' title='bbox 2996 2319 3025 2357; x_wconf 92' lang='lat' dir='ltr'><strong>c</strong></span> <span class='ocrx_word' id='word_1_511' title='bbox 3065 2306 3250 2359; x_wconf 86' lang='lat' dir='ltr'><strong>ntrarii</strong></span> <span class='ocrx_word' id='word_1_512' title='bbox 3305 2307 3605 2375; x_wconf 73' lang='lat' dir='ltr'><strong>baptismo,</strong></span> <span class='ocrx_word' id='word_1_513' title='bbox 3645 2311 3760 2364; x_wconf 81' lang='lat' dir='ltr'><strong>sive</strong></span> 
     </span>
    </p>
   </div>
   <div class='ocr_carea' id='block_1_68' title="bbox 2179 2386 3851 2463">
    <p class='ocr_par' dir='ltr' id='par_1_68' title="bbox 2179 2386 3851 2463">
     <span class='ocr_line' id='line_1_68' title="bbox 2179 2386 3851 2463; baseline 0.009 -28"><span class='ocrx_word' id='word_1_514' title='bbox 2179 2386 2415 2438; x_wconf 49' lang='lat' dir='ltr'><strong>veritatis</strong></span> <span class='ocrx_word' id='word_1_515' title='bbox 2440 2386 2607 2456; x_wconf 84' lang='lat' dir='ltr'><strong>legis,</strong></span> <span class='ocrx_word' id='word_1_516' title='bbox 2656 2406 2773 2456; x_wconf 74' lang='lat' dir='ltr'><strong>qua:</strong></span> <span class='ocrx_word' id='word_1_517' title='bbox 2818 2390 2920 2444; x_wconf 89' lang='lat' dir='ltr'><strong>illis</strong></span> <span class='ocrx_word' id='word_1_518' title='bbox 2961 2393 3083 2444; x_wconf 80' lang='lat' dir='ltr'><strong>data</strong></span> <span class='ocrx_word' id='word_1_519' title='bbox 3112 2401 3212 2446; x_wconf 90' lang='lat' dir='ltr'><strong>est.</strong></span> <span class='ocrx_word' id='word_1_520' title='bbox 3251 2392 3396 2448; x_wconf 83' lang='lat' dir='ltr'><strong>Inter</strong></span> <span class='ocrx_word' id='word_1_521' title='bbox 3437 2395 3682 2463; x_wconf 71' lang='lat' dir='ltr'><strong>Pharon,</strong></span> <span class='ocrx_word' id='word_1_522' title='bbox 3713 2411 3759 2450; x_wconf 87' lang='lat' dir='ltr'><strong>et</strong></span> 
     </span>
    </p>
   </div>
   <div class='ocr_carea' id='block_1_69' title="bbox 2144 2474 3851 2554">
    <p class='ocr_par' dir='ltr' id='par_1_69' title="bbox 2144 2474 3851 2554">
     <span class='ocr_line' id='line_1_69' title="bbox 2144 2474 3851 2554; baseline 0.007 -28"><span class='ocrx_word' id='word_1_523' title='bbox 2144 2497 2147 2500; x_wconf 85' lang='lat'><strong><em>-</em></strong></span> <span class='ocrx_word' id='word_1_524' title='bbox 2178 2474 2393 2544; x_wconf 73' lang='lat' dir='ltr'><strong>&#39;l&#39;opltel,</strong></span> <span class='ocrx_word' id='word_1_525' title='bbox 2418 2486 2464 2530; x_wconf 89' lang='lat' dir='ltr'><strong>et</strong></span> <span class='ocrx_word' id='word_1_526' title='bbox 2496 2476 2668 2529; x_wconf 77' lang='lat' dir='ltr'><strong>Laba-i</strong></span> <span class='ocrx_word' id='word_1_527' title='bbox 2689 2519 2706 2545; x_wconf 93' lang='lat'><strong>,</strong></span> <span class='ocrx_word' id='word_1_528' title='bbox 2735 2491 2781 2533; x_wconf 88' lang='lat' dir='ltr'><strong>et</strong></span> <span class='ocrx_word' id='word_1_529' title='bbox 2809 2480 3052 2546; x_wconf 66' lang='grc' dir='ltr'><strong>Διανοιιι,</strong></span> <span class='ocrx_word' id='word_1_530' title='bbox 3097 2497 3321 2550; x_wconf 87' lang='lat' dir='ltr'><strong>quorum</strong></span> <span class='ocrx_word' id='word_1_531' title='bbox 3379 2485 3756 2554; x_wconf 74' lang='lat' dir='ltr'><strong>interpretatio</strong></span> <span class='ocrx_word' id='word_1_532' title='bbox 3850 2529 3851 2554; x_wconf 18' lang='grc' dir='ltr'><strong>ᾗ</strong></span> 
     </span>
    </p>
   </div>
   <div class='ocr_carea' id='block_1_70' title="bbox 2175 2562 3750 2643">
    <p class='ocr_par' dir='ltr' id='par_1_70' title="bbox 2175 2562 3750 2643">
     <span class='ocr_line' id='line_1_70' title="bbox 2175 2562 3750 2643; baseline 0.006 -23"><span class='ocrx_word' id='word_1_533' title='bbox 2175 2576 2278 2629; x_wconf 83' lang='lat' dir='ltr'><strong>est,</strong></span> <span class='ocrx_word' id='word_1_534' title='bbox 2309 2576 2512 2632; x_wconf 87' lang='lat' dir='ltr'><strong>auctus,</strong></span> <span class='ocrx_word' id='word_1_535' title='bbox 2545 2569 2761 2635; x_wconf 88' lang='lat' dir='ltr'><strong>insulsa,</strong></span> <span class='ocrx_word' id='word_1_536' title='bbox 2792 2562 3078 2635; x_wconf 84' lang='lat' dir='ltr'><strong>dealbatio,</strong></span> <span class='ocrx_word' id='word_1_537' title='bbox 3106 2581 3160 2626; x_wconf 90' lang='lat' dir='ltr'><strong>et</strong></span> <span class='ocrx_word' id='word_1_538' title='bbox 3185 2573 3321 2625; x_wconf 87' lang='lat' dir='ltr'><strong>atria</strong></span> <span class='ocrx_word' id='word_1_539' title='bbox 3344 2614 3359 2635; x_wconf 91' lang='lat'><strong>,</strong></span> <span class='ocrx_word' id='word_1_540' title='bbox 3383 2575 3475 2643; x_wconf 89' lang='lat' dir='ltr'><strong>qui</strong></span> <span class='ocrx_word' id='word_1_541' title='bbox 3529 2587 3750 2643; x_wconf 72' lang='lat' dir='ltr'><strong>quamor</strong></span> 
     </span>
    </p>
   </div>
   <div class='ocr_carea' id='block_1_71' title="bbox 2178 2659 3851 2734">
    <p class='ocr_par' dir='ltr' id='par_1_71' title="bbox 2178 2659 3851 2734">
     <span class='ocr_line' id='line_1_71' title="bbox 2178 2659 3851 2734; baseline 0.007 -26"><span class='ocrx_word' id='word_1_542' title='bbox 2178 2663 2399 2721; x_wconf 88' lang='lat' dir='ltr'><strong>mentes,</strong></span> <span class='ocrx_word' id='word_1_543' title='bbox 2433 2668 2487 2710; x_wconf 91' lang='lat' dir='ltr'><strong>ut</strong></span> <span class='ocrx_word' id='word_1_544' title='bbox 2516 2671 2672 2726; x_wconf 85' lang='lat' dir='ltr'><strong>supra</strong></span> <span class='ocrx_word' id='word_1_545' title='bbox 2703 2659 2965 2727; x_wconf 70' lang='lat' dir='ltr'><strong>diximus,</strong></span> <span class='ocrx_word' id='word_1_546' title='bbox 2994 2670 3219 2730; x_wconf 86' lang='lat' dir='ltr'><strong>quatuor</strong></span> <span class='ocrx_word' id='word_1_547' title='bbox 3247 2662 3541 2732; x_wconf 81' lang='lat' dir='ltr'><strong>Evangelia</strong></span> <span class='ocrx_word' id='word_1_548' title='bbox 3576 2666 3750 2734; x_wconf 85' lang='lat' dir='ltr'><strong>signi-</strong></span> <span class='ocrx_word' id='word_1_549' title='bbox 3850 2663 3851 2680; x_wconf 63' lang='lat'>‘</span> 
     </span>
    </p>
   </div>
   <div class='ocr_carea' id='block_1_72' title="bbox 2176 2745 3749 2819">
    <p class='ocr_par' dir='ltr' id='par_1_72' title="bbox 2176 2745 3749 2819">
     <span class='ocr_line' id='line_1_72' title="bbox 2176 2745 3749 2819; baseline 0.006 -21"><span class='ocrx_word' id='word_1_550' title='bbox 2176 2745 2371 2807; x_wconf 70' lang='lat' dir='ltr'><strong>licunt,</strong></span> <span class='ocrx_word' id='word_1_551' title='bbox 2418 2762 2447 2800; x_wconf 88' lang='lat' dir='ltr'><strong>a</strong></span> <span class='ocrx_word' id='word_1_552' title='bbox 2494 2748 2683 2815; x_wconf 84' lang='lat' dir='ltr'><strong>quibus</strong></span> <span class='ocrx_word' id='word_1_553' title='bbox 2715 2748 2948 2803; x_wconf 85' lang='lat' dir='ltr'><strong>Ecclesia</strong></span> <span class='ocrx_word' id='word_1_554' title='bbox 2991 2761 3212 2819; x_wconf 87' lang='lat' dir='ltr'><strong>augetur</strong></span> <span class='ocrx_word' id='word_1_555' title='bbox 3252 2752 3303 2805; x_wconf 90' lang='lat' dir='ltr'><strong>in</strong></span> <span class='ocrx_word' id='word_1_556' title='bbox 3335 2751 3462 2807; x_wconf 87' lang='lat' dir='ltr'><strong>ﬁde.</strong></span> <span class='ocrx_word' id='word_1_557' title='bbox 3509 2752 3749 2816; x_wconf 70' lang='lat' dir='ltr'><strong>Insulsa,</strong></span> 
     </span>
    </p>
   </div>
   <div class='ocr_carea' id='block_1_73' title="bbox 2176 2837 3754 2910">
    <p class='ocr_par' dir='ltr' id='par_1_73' title="bbox 2176 2837 3754 2910">
     <span class='ocr_line' id='line_1_73' title="bbox 2176 2837 3754 2910; baseline 0.005 -21"><span class='ocrx_word' id='word_1_558' title='bbox 2176 2845 2358 2889; x_wconf 86' lang='lat' dir='ltr'><strong>contra</strong></span> <span class='ocrx_word' id='word_1_559' title='bbox 2391 2837 2517 2889; x_wconf 83' lang='lat' dir='ltr'><strong>vitia</strong></span> <span class='ocrx_word' id='word_1_560' title='bbox 2556 2850 2611 2893; x_wconf 93' lang='lat' dir='ltr'><strong>et</strong></span> <span class='ocrx_word' id='word_1_561' title='bbox 2637 2838 2929 2892; x_wconf 81' lang='lat' dir='ltr'><strong>diabolum.</strong></span> <span class='ocrx_word' id='word_1_562' title='bbox 2965 2837 3212 2892; x_wconf 84' lang='lat' dir='ltr'><strong>Dealbata</strong></span> <span class='ocrx_word' id='word_1_563' title='bbox 3237 2880 3254 2904; x_wconf 93' lang='lat'><strong>,</strong></span> <span class='ocrx_word' id='word_1_564' title='bbox 3300 2840 3352 2893; x_wconf 91' lang='lat' dir='ltr'><strong>in</strong></span> <span class='ocrx_word' id='word_1_565' title='bbox 3401 2843 3674 2910; x_wconf 80' lang='lat' dir='ltr'><strong>baptismo</strong></span> <span class='ocrx_word' id='word_1_566' title='bbox 3704 2855 3754 2897; x_wconf 86' lang='lat' dir='ltr'><strong>et</strong></span> 
     </span>
    </p>
   </div>
   <div class='ocr_carea' id='block_1_74' title="bbox 2153 2929 3746 2995">
    <p class='ocr_par' dir='ltr' id='par_1_74' title="bbox 2153 2929 3746 2995">
     <span class='ocr_line' id='line_1_74' title="bbox 2153 2929 3746 2995; baseline 0.001 -13"><span class='ocrx_word' id='word_1_567' title='bbox 2153 2929 2502 2995; x_wconf 58' lang='lat' dir='ltr'><strong>zpenitentia,</strong></span> <span class='ocrx_word' id='word_1_568' title='bbox 2544 2937 2598 2982; x_wconf 91' lang='lat' dir='ltr'><strong>et</strong></span> <span class='ocrx_word' id='word_1_569' title='bbox 2637 2930 3046 2984; x_wconf 83' lang='lat' dir='ltr'><strong>resurrectione.</strong></span> <span class='ocrx_word' id='word_1_570' title='bbox 3081 2930 3248 2993; x_wconf 78' lang='lat' dir='ltr'><strong>Atria,</strong></span> <span class='ocrx_word' id='word_1_571' title='bbox 3282 2929 3333 2982; x_wconf 91' lang='lat' dir='ltr'><strong>id</strong></span> <span class='ocrx_word' id='word_1_572' title='bbox 3364 2940 3467 2993; x_wconf 89' lang='lat' dir='ltr'><strong>est,</strong></span> <span class='ocrx_word' id='word_1_573' title='bbox 3509 2931 3746 2985; x_wconf 81' lang='lat' dir='ltr'><strong>Ecclesia</strong></span> 
     </span>
    </p>
   </div>
   <div class='ocr_carea' id='block_1_75' title="bbox 2177 3017 3747 3087">
    <p class='ocr_par' dir='ltr' id='par_1_75' title="bbox 2177 3017 3747 3087">
     <span class='ocr_line' id='line_1_75' title="bbox 2177 3017 3747 3087; baseline 0.001 -18"><span class='ocrx_word' id='word_1_574' title='bbox 2177 3019 2258 3070; x_wconf 79' lang='lat' dir='ltr'><strong>vel</strong></span> <span class='ocrx_word' id='word_1_575' title='bbox 2294 3017 2651 3087; x_wconf 84' lang='lat' dir='ltr'><strong>Evangelium.</strong></span> <span class='ocrx_word' id='word_1_576' title='bbox 2675 3018 2736 3072; x_wconf 84' lang='lat' dir='ltr'><strong>lli</strong></span> <span class='ocrx_word' id='word_1_577' title='bbox 2762 3018 2923 3072; x_wconf 86' lang='lat' dir='ltr'><strong>etiam</strong></span> <span class='ocrx_word' id='word_1_578' title='bbox 2968 3028 3173 3071; x_wconf 89' lang='lat' dir='ltr'><strong>mentes</strong></span> <span class='ocrx_word' id='word_1_579' title='bbox 3202 3018 3627 3087; x_wconf 78' lang='lat' dir='ltr'><strong>quadriformem</strong></span> <span class='ocrx_word' id='word_1_580' title='bbox 3659 3020 3747 3070; x_wconf 74' lang='lat' dir='ltr'><strong>lio-</strong></span> 
     </span>
    </p>
   </div>
   <div class='ocr_carea' id='block_1_76' title="bbox 2178 3104 3745 3177">
    <p class='ocr_par' dir='ltr' id='par_1_76' title="bbox 2178 3104 3745 3177">
     <span class='ocr_line' id='line_1_76' title="bbox 2178 3104 3745 3177; baseline 0.001 -17"><span class='ocrx_word' id='word_1_581' title='bbox 2178 3111 2373 3161; x_wconf 88' lang='lat' dir='ltr'><strong>minem</strong></span> <span class='ocrx_word' id='word_1_582' title='bbox 2397 3107 2697 3176; x_wconf 86' lang='lat' dir='ltr'><strong>signiﬁcare</strong></span> <span class='ocrx_word' id='word_1_583' title='bbox 2728 3116 2968 3176; x_wconf 86' lang='lat' dir='ltr'><strong>possunt,</strong></span> <span class='ocrx_word' id='word_1_584' title='bbox 3001 3119 3228 3177; x_wconf 87' lang='lat' dir='ltr'><strong>quatuor</strong></span> <span class='ocrx_word' id='word_1_585' title='bbox 3269 3104 3539 3163; x_wconf 80' lang='lat' dir='ltr'><strong>creaturis</strong></span> <span class='ocrx_word' id='word_1_586' title='bbox 3572 3113 3745 3164; x_wconf 76' lang='lat' dir='ltr'><strong>consi-</strong></span> 
     </span>
    </p>
   </div>
   <div class='ocr_carea' id='block_1_77' title="bbox 2176 3197 3741 3268">
    <p class='ocr_par' dir='ltr' id='par_1_77' title="bbox 2176 3197 3741 3268">
     <span class='ocr_line' id='line_1_77' title="bbox 2176 3197 3741 3268; baseline 0.001 -17"><span class='ocrx_word' id='word_1_587' title='bbox 2176 3205 2437 3268; x_wconf 85' lang='lat' dir='ltr'><strong>stentem,</strong></span> <span class='ocrx_word' id='word_1_588' title='bbox 2468 3198 2683 3252; x_wconf 77' lang='lat' dir='ltr'><strong>hinnido</strong></span> <span class='ocrx_word' id='word_1_589' title='bbox 2709 3198 2929 3264; x_wconf 88' lang='lat' dir='ltr'><strong>scilicet,</strong></span> <span class='ocrx_word' id='word_1_590' title='bbox 2960 3208 3014 3253; x_wconf 92' lang='lat' dir='ltr'><strong>et</strong></span> <span class='ocrx_word' id='word_1_591' title='bbox 3043 3198 3213 3263; x_wconf 92' lang='lat' dir='ltr'><strong>arido,</strong></span> <span class='ocrx_word' id='word_1_592' title='bbox 3243 3197 3440 3267; x_wconf 81' lang='lat' dir='ltr'><strong>frigido</strong></span> <span class='ocrx_word' id='word_1_593' title='bbox 3463 3211 3518 3253; x_wconf 82' lang='lat' dir='ltr'><strong>et</strong></span> <span class='ocrx_word' id='word_1_594' title='bbox 3551 3201 3741 3260; x_wconf 73' lang='lat' dir='ltr'><strong>calido,</strong></span> 
     </span>
    </p>
   </div>
   <div class='ocr_carea' id='block_1_78' title="bbox 2173 3277 3741 3364">
    <p class='ocr_par' dir='ltr' id='par_1_78' title="bbox 2173 3277 3741 3364">
     <span class='ocr_line' id='line_1_78' title="bbox 2173 3277 3741 3364; baseline 0.003 -20"><span class='ocrx_word' id='word_1_595' title='bbox 2173 3277 2256 3344; x_wconf 76' lang='lat' dir='ltr'><strong>cui</strong></span> <span class='ocrx_word' id='word_1_596' title='bbox 2290 3291 2626 3360; x_wconf 66' lang='lat' dir='ltr'><strong>Evangelium</strong></span> <span class='ocrx_word' id='word_1_597' title='bbox 2668 3291 2999 3364; x_wconf 70' lang='lat' dir='ltr'><strong>prtedicatur.</strong></span> <span class='ocrx_word' id='word_1_598' title='bbox 3047 3290 3328 3346; x_wconf 77' lang='lat' dir='ltr'><strong>Duodecim</strong></span> <span class='ocrx_word' id='word_1_599' title='bbox 3364 3309 3568 3362; x_wconf 79' lang='lat' dir='ltr'><strong>quoque</strong></span> <span class='ocrx_word' id='word_1_600' title='bbox 3607 3296 3741 3360; x_wconf 79' lang='lat' dir='ltr'><strong>dies,</strong></span> 
     </span>
    </p>
   </div>
   <div class='ocr_carea' id='block_1_79' title="bbox 2176 3381 3737 3453">
    <p class='ocr_par' dir='ltr' id='par_1_79' title="bbox 2176 3381 3737 3453">
     <span class='ocr_line' id='line_1_79' title="bbox 2176 3381 3737 3453; baseline 0.004 -19"><span class='ocrx_word' id='word_1_601' title='bbox 2176 3381 2454 3438; x_wconf 90' lang='lat' dir='ltr'><strong>duodecim</strong></span> <span class='ocrx_word' id='word_1_602' title='bbox 2487 3385 2766 3453; x_wconf 80' lang='lat' dir='ltr'><strong>prophetas</strong></span> <span class='ocrx_word' id='word_1_603' title='bbox 2786 3385 3100 3452; x_wconf 84' lang='lat' dir='ltr'><strong>signiﬁcant.</strong></span> <span class='ocrx_word' id='word_1_604' title='bbox 3134 3385 3292 3439; x_wconf 73' lang='grc' dir='ltr'><strong>σοι·εὸ</strong></span> <span class='ocrx_word' id='word_1_605' title='bbox 3324 3401 3451 3440; x_wconf 87' lang='lat' dir='ltr'><strong>vero</strong></span> <span class='ocrx_word' id='word_1_606' title='bbox 3489 3386 3637 3442; x_wconf 87' lang='lat' dir='ltr'><strong>unde</strong></span> <span class='ocrx_word' id='word_1_607' title='bbox 3659 3390 3737 3442; x_wconf 77' lang='lat' dir='ltr'><strong>les</strong></span> 
     </span>
    </p>
   </div>
   <div class='ocr_carea' id='block_1_80' title="bbox 2178 3474 3740 3546">
    <p class='ocr_par' dir='ltr' id='par_1_80' title="bbox 2178 3474 3740 3546">
     <span class='ocr_line' id='line_1_80' title="bbox 2178 3474 3740 3546; baseline 0.001 -20"><span class='ocrx_word' id='word_1_608' title='bbox 2178 3474 2439 3542; x_wconf 80' lang='lat' dir='ltr'><strong>incipitur,</strong></span> <span class='ocrx_word' id='word_1_609' title='bbox 2481 3488 2799 3546; x_wconf 77' lang='lat' dir='ltr'><strong>synagogam</strong></span> <span class='ocrx_word' id='word_1_610' title='bbox 2850 3476 3207 3542; x_wconf 86' lang='lat' dir='ltr'><strong>demonstrat,</strong></span> <span class='ocrx_word' id='word_1_611' title='bbox 3254 3490 3286 3530; x_wconf 83' lang='lat' dir='ltr'><strong>a</strong></span> <span class='ocrx_word' id='word_1_612' title='bbox 3331 3490 3435 3545; x_wconf 89' lang='lat' dir='ltr'><strong>qua</strong></span> <span class='ocrx_word' id='word_1_613' title='bbox 3479 3477 3569 3531; x_wconf 77' lang='lat' dir='ltr'><strong>les</strong></span> <span class='ocrx_word' id='word_1_614' title='bbox 3621 3477 3740 3531; x_wconf 86' lang='lat' dir='ltr'><strong>novi</strong></span> 
     </span>
    </p>
   </div>
   <div class='ocr_carea' id='block_1_81' title="bbox 2173 3564 2819 3619">
    <p class='ocr_par' dir='ltr' id='par_1_81' title="bbox 2173 3564 2819 3619">
     <span class='ocr_line' id='line_1_81' title="bbox 2173 3564 2819 3619; baseline -0.002 -1"><span class='ocrx_word' id='word_1_615' title='bbox 2173 3564 2495 3619; x_wconf 84' lang='lat' dir='ltr'><strong>Testamen..</strong></span> <span class='ocrx_word' id='word_1_616' title='bbox 2525 3565 2819 3619; x_wconf 83' lang='lat' dir='ltr'><strong>inchoatur.</strong></span> 
     </span>
    </p>
   </div>
   <div class='ocr_carea' id='block_1_82' title="bbox 2243 3651 3735 3723">
    <p class='ocr_par' dir='ltr' id='par_1_82' title="bbox 2243 3651 3735 3723">
     <span class='ocr_line' id='line_1_82' title="bbox 2243 3651 3735 3723; baseline 0.002 -20"><span class='ocrx_word' id='word_1_617' title='bbox 2243 3651 2345 3705; x_wconf 86' lang='lat' dir='ltr'><strong>Per</strong></span> <span class='ocrx_word' id='word_1_618' title='bbox 2367 3656 2496 3706; x_wconf 72' lang='lat' dir='ltr'><strong>siam</strong></span> <span class='ocrx_word' id='word_1_619' title='bbox 2519 3655 2722 3718; x_wconf 78' lang='lat' dir='ltr'><strong>montis,</strong></span> <span class='ocrx_word' id='word_1_620' title='bbox 2740 3664 2789 3707; x_wconf 87' lang='lat' dir='ltr'><strong>et</strong></span> <span class='ocrx_word' id='word_1_621' title='bbox 2815 3653 3030 3722; x_wconf 83' lang='lat' dir='ltr'><strong>reliqua.</strong></span> <span class='ocrx_word' id='word_1_622' title='bbox 3061 3654 3169 3709; x_wconf 89' lang='lat' dir='ltr'><strong>lloc</strong></span> <span class='ocrx_word' id='word_1_623' title='bbox 3190 3654 3530 3710; x_wconf 79' lang='lat' dir='ltr'><strong>stabilitatem</strong></span> <span class='ocrx_word' id='word_1_624' title='bbox 3562 3654 3735 3723; x_wconf 54' lang='grc' dir='ltr'><strong>[θεὶς.</strong></span> 
     </span>
    </p>
   </div>
   <div class='ocr_carea' id='block_1_83' title="bbox 2171 3742 3732 3813">
    <p class='ocr_par' dir='ltr' id='par_1_83' title="bbox 2171 3742 3732 3813">
     <span class='ocr_line' id='line_1_83' title="bbox 2171 3742 3732 3813; baseline 0 -16"><span class='ocrx_word' id='word_1_625' title='bbox 2171 3758 2236 3797; x_wconf 89' lang='lat' dir='ltr'><strong>eo</strong></span> <span class='ocrx_word' id='word_1_626' title='bbox 2263 3743 2400 3812; x_wconf 89' lang='lat' dir='ltr'><strong>quod</strong></span> <span class='ocrx_word' id='word_1_627' title='bbox 2444 3752 2645 3795; x_wconf 89' lang='lat' dir='ltr'><strong>mutata</strong></span> <span class='ocrx_word' id='word_1_628' title='bbox 2673 3753 2814 3795; x_wconf 88' lang='lat' dir='ltr'><strong>esset</strong></span> <span class='ocrx_word' id='word_1_629' title='bbox 2855 3742 3026 3796; x_wconf 88' lang='lat' dir='ltr'><strong>littera</strong></span> <span class='ocrx_word' id='word_1_630' title='bbox 3071 3745 3134 3795; x_wconf 88' lang='lat' dir='ltr'><strong>ad</strong></span> <span class='ocrx_word' id='word_1_631' title='bbox 3173 3758 3426 3808; x_wconf 86' lang='lat' dir='ltr'><strong>sensum;</strong></span> <span class='ocrx_word' id='word_1_632' title='bbox 3474 3747 3558 3797; x_wconf 80' lang='lat' dir='ltr'><strong>rel</strong></span> <span class='ocrx_word' id='word_1_633' title='bbox 3599 3747 3732 3813; x_wconf 85' lang='lat' dir='ltr'><strong>quod</strong></span> 
     </span>
    </p>
   </div>
   <div class='ocr_carea' id='block_1_84' title="bbox 2175 3831 3731 3902">
    <p class='ocr_par' dir='ltr' id='par_1_84' title="bbox 2175 3831 3731 3902">
     <span class='ocr_line' id='line_1_84' title="bbox 2175 3831 3731 3902; baseline 0.001 -16"><span class='ocrx_word' id='word_1_634' title='bbox 2175 3833 2511 3898; x_wconf 72' lang='lat' dir='ltr'><strong>Evangelium</strong></span> <span class='ocrx_word' id='word_1_635' title='bbox 2559 3832 2709 3900; x_wconf 82' lang='lat' dir='ltr'><strong>cujus</strong></span> <span class='ocrx_word' id='word_1_636' title='bbox 2751 3831 2967 3902; x_wconf 87' lang='lat' dir='ltr'><strong>ﬁguram</strong></span> <span class='ocrx_word' id='word_1_637' title='bbox 3023 3833 3106 3885; x_wconf 79' lang='lat' dir='ltr'><strong>llic</strong></span> <span class='ocrx_word' id='word_1_638' title='bbox 3161 3834 3294 3886; x_wconf 86' lang='lat' dir='ltr'><strong>liber</strong></span> <span class='ocrx_word' id='word_1_639' title='bbox 3351 3845 3514 3897; x_wconf 81' lang='lat' dir='ltr'><strong>tenet,</strong></span> <span class='ocrx_word' id='word_1_640' title='bbox 3579 3837 3731 3889; x_wconf 74' lang='lat' dir='ltr'><strong>vitam</strong></span> 
     </span>
    </p>
   </div>
   <div class='ocr_carea' id='block_1_85' title="bbox 2169 3922 3729 3988">
    <p class='ocr_par' dir='ltr' id='par_1_85' title="bbox 2169 3922 3729 3988">
     <span class='ocr_line' id='line_1_85' title="bbox 2169 3922 3729 3988; baseline 0.001 -14"><span class='ocrx_word' id='word_1_641' title='bbox 2169 3923 2494 3975; x_wconf 81' lang='lat' dir='ltr'><strong>ascensionis</strong></span> <span class='ocrx_word' id='word_1_642' title='bbox 2533 3937 2626 3988; x_wconf 85' lang='lat' dir='ltr'><strong>per</strong></span> <span class='ocrx_word' id='word_1_643' title='bbox 2672 3922 2826 3974; x_wconf 89' lang='lat' dir='ltr'><strong>ﬁdem</strong></span> <span class='ocrx_word' id='word_1_644' title='bbox 2879 3923 2944 3974; x_wconf 88' lang='lat' dir='ltr'><strong>ad</strong></span> <span class='ocrx_word' id='word_1_645' title='bbox 2999 3923 3192 3975; x_wconf 63' lang='lat' dir='ltr'><strong>etclam</strong></span> <span class='ocrx_word' id='word_1_646' title='bbox 3237 3923 3534 3977; x_wconf 84' lang='lat' dir='ltr'><strong>denuntiat.</strong></span> <span class='ocrx_word' id='word_1_647' title='bbox 3571 3926 3675 3979; x_wconf 78' lang='lat' dir='ltr'><strong>Lex</strong></span> <span class='ocrx_word' id='word_1_648' title='bbox 3704 3943 3729 3975; x_wconf 88' lang='lat' dir='ltr'><strong>a</strong></span> 
     </span>
    </p>
   </div>
   <div class='ocr_carea' id='block_1_86' title="bbox 2170 4010 3731 4083">
    <p class='ocr_par' dir='ltr' id='par_1_86' title="bbox 2170 4010 3731 4083">
     <span class='ocr_line' id='line_1_86' title="bbox 2170 4010 3731 4083; baseline 0.001 -19"><span class='ocrx_word' id='word_1_649' title='bbox 2170 4021 2346 4064; x_wconf 85' lang='lat' dir='ltr'><strong>rnonte</strong></span> <span class='ocrx_word' id='word_1_650' title='bbox 2376 4010 2498 4063; x_wconf 89' lang='lat' dir='ltr'><strong>Sina</strong></span> <span class='ocrx_word' id='word_1_651' title='bbox 2532 4010 2794 4077; x_wconf 81' lang='lat' dir='ltr'><strong>incipjtur,</strong></span> <span class='ocrx_word' id='word_1_652' title='bbox 2822 4018 2876 4064; x_wconf 89' lang='lat' dir='ltr'><strong>et</strong></span> <span class='ocrx_word' id='word_1_653' title='bbox 2905 4011 2954 4063; x_wconf 91' lang='lat' dir='ltr'><strong>in</strong></span> <span class='ocrx_word' id='word_1_654' title='bbox 2989 4019 3167 4065; x_wconf 89' lang='lat' dir='ltr'><strong>monte</strong></span> <span class='ocrx_word' id='word_1_655' title='bbox 3194 4011 3329 4080; x_wconf 81' lang='lat' dir='ltr'><strong>Seyr</strong></span> <span class='ocrx_word' id='word_1_656' title='bbox 3359 4014 3564 4068; x_wconf 89' lang='lat' dir='ltr'><strong>ﬁnitur.</strong></span> <span class='ocrx_word' id='word_1_657' title='bbox 3600 4015 3731 4083; x_wconf 73' lang='lat' dir='ltr'><strong>Seyr</strong></span> 
     </span>
    </p>
   </div>
   <div class='ocr_carea' id='block_1_87' title="bbox 2168 4101 3726 4170">
    <p class='ocr_par' dir='ltr' id='par_1_87' title="bbox 2168 4101 3726 4170">
     <span class='ocr_line' id='line_1_87' title="bbox 2168 4101 3726 4170; baseline 0.003 -16"><span class='ocrx_word' id='word_1_658' title='bbox 2168 4116 2340 4156; x_wconf 81' lang='lat' dir='ltr'><strong>autem</strong></span> <span class='ocrx_word' id='word_1_659' title='bbox 2375 4103 2571 4170; x_wconf 88' lang='lat' dir='ltr'><strong>pilosus</strong></span> <span class='ocrx_word' id='word_1_660' title='bbox 2603 4103 3005 4170; x_wconf 86' lang='lat' dir='ltr'><strong>interpretatur,</strong></span> <span class='ocrx_word' id='word_1_661' title='bbox 3051 4116 3155 4170; x_wconf 90' lang='lat' dir='ltr'><strong>quo</strong></span> <span class='ocrx_word' id='word_1_662' title='bbox 3190 4101 3456 4157; x_wconf 85' lang='lat' dir='ltr'><strong>iudicatur</strong></span> <span class='ocrx_word' id='word_1_663' title='bbox 3483 4105 3726 4158; x_wconf 80' lang='lat' dir='ltr'><strong>martali-</strong></span> 
     </span>
    </p>
   </div>
   <div class='ocr_carea' id='block_1_88' title="bbox 2170 4192 3724 4258">
    <p class='ocr_par' dir='ltr' id='par_1_88' title="bbox 2170 4192 3724 4258">
     <span class='ocr_line' id='line_1_88' title="bbox 2170 4192 3724 4258; baseline 0.003 -15"><span class='ocrx_word' id='word_1_664' title='bbox 2170 4203 2268 4244; x_wconf 81' lang='lat' dir='ltr'><strong>tas.</strong></span> <span class='ocrx_word' id='word_1_665' title='bbox 2313 4193 2460 4247; x_wconf 88' lang='lat' dir='ltr'><strong>Sicut</strong></span> <span class='ocrx_word' id='word_1_666' title='bbox 2485 4193 2626 4246; x_wconf 87' lang='lat' dir='ltr'><strong>enim</strong></span> <span class='ocrx_word' id='word_1_667' title='bbox 2658 4193 2741 4245; x_wconf 82' lang='lat' dir='ltr'><strong>lex</strong></span> <span class='ocrx_word' id='word_1_668' title='bbox 2781 4193 2968 4246; x_wconf 62' lang='lat' dir='ltr'><strong>litterae</strong></span> <span class='ocrx_word' id='word_1_669' title='bbox 2997 4192 3062 4246; x_wconf 89' lang='lat' dir='ltr'><strong>de</strong></span> <span class='ocrx_word' id='word_1_670' title='bbox 3092 4192 3435 4248; x_wconf 87' lang='lat' dir='ltr'><strong>immolaudis</strong></span> <span class='ocrx_word' id='word_1_671' title='bbox 3476 4195 3724 4258; x_wconf 73' lang='lat' dir='ltr'><strong>victimis,</strong></span> 
     </span>
    </p>
   </div>
   <div class='ocr_carea' id='block_1_89' title="bbox 2168 4283 3722 4353">
    <p class='ocr_par' dir='ltr' id='par_1_89' title="bbox 2168 4283 3722 4353">
     <span class='ocr_line' id='line_1_89' title="bbox 2168 4283 3722 4353; baseline 0.004 -19"><span class='ocrx_word' id='word_1_672' title='bbox 2168 4293 2222 4335; x_wconf 93' lang='lat' dir='ltr'><strong>et</strong></span> <span class='ocrx_word' id='word_1_673' title='bbox 2259 4283 2324 4336; x_wconf 83' lang='lat' dir='ltr'><strong>de</strong></span> <span class='ocrx_word' id='word_1_674' title='bbox 2371 4285 2639 4338; x_wconf 87' lang='lat' dir='ltr'><strong>occisione</strong></span> <span class='ocrx_word' id='word_1_675' title='bbox 2690 4283 2902 4337; x_wconf 89' lang='lat' dir='ltr'><strong>illorum</strong></span> <span class='ocrx_word' id='word_1_676' title='bbox 2935 4283 3025 4353; x_wconf 91' lang='lat' dir='ltr'><strong>qui</strong></span> <span class='ocrx_word' id='word_1_677' title='bbox 3076 4284 3351 4351; x_wconf 81' lang='lat' dir='ltr'><strong>proximos</strong></span> <span class='ocrx_word' id='word_1_678' title='bbox 3395 4287 3722 4348; x_wconf 78' lang='lat' dir='ltr'><strong>occiderent.</strong></span> 
     </span>
    </p>
   </div>
   <div class='ocr_carea' id='block_1_90' title="bbox 2169 4375 3724 4449">
    <p class='ocr_par' dir='ltr' id='par_1_90' title="bbox 2169 4375 3724 4449">
     <span class='ocr_line' id='line_1_90' title="bbox 2169 4375 3724 4449; baseline 0.006 -25"><span class='ocrx_word' id='word_1_679' title='bbox 2169 4385 2490 4439; x_wconf 51' lang='lat' dir='ltr'><strong>protect-erat</strong></span> <span class='ocrx_word' id='word_1_680' title='bbox 2531 4391 2544 4426; x_wconf 91' lang='lat'><strong><em>:</em></strong></span> <span class='ocrx_word' id='word_1_681' title='bbox 2589 4375 2666 4429; x_wconf 90' lang='lat' dir='ltr'><strong>sic</strong></span> <span class='ocrx_word' id='word_1_682' title='bbox 2703 4375 3041 4443; x_wconf 83' lang='lat' dir='ltr'><strong>Evangelium</strong></span> <span class='ocrx_word' id='word_1_683' title='bbox 3083 4375 3148 4429; x_wconf 91' lang='lat' dir='ltr'><strong>de</strong></span> <span class='ocrx_word' id='word_1_684' title='bbox 3174 4379 3446 4433; x_wconf 89' lang='lat' dir='ltr'><strong>occisione</strong></span> <span class='ocrx_word' id='word_1_685' title='bbox 3478 4395 3724 4449; x_wconf 72' lang='lat' dir='ltr'><strong>peccato-</strong></span> 
     </span>
    </p>
   </div>
   <div class='ocr_carea' id='block_1_91' title="bbox 2168 4465 3723 4545">
    <p class='ocr_par' dir='ltr' id='par_1_91' title="bbox 2168 4465 3723 4545">
     <span class='ocr_line' id='line_1_91' title="bbox 2168 4465 3723 4545; baseline 0.01 -27"><span class='ocrx_word' id='word_1_686' title='bbox 2168 4479 2281 4518; x_wconf 90' lang='lat' dir='ltr'><strong>rum</strong></span> <span class='ocrx_word' id='word_1_687' title='bbox 2307 4473 2361 4516; x_wconf 90' lang='lat' dir='ltr'><strong>et</strong></span> <span class='ocrx_word' id='word_1_688' title='bbox 2387 4465 2628 4518; x_wconf 88' lang='lat' dir='ltr'><strong>vitiorum</strong></span> <span class='ocrx_word' id='word_1_689' title='bbox 2655 4474 2757 4520; x_wconf 87' lang='lat' dir='ltr'><strong>est.</strong></span> <span class='ocrx_word' id='word_1_690' title='bbox 2781 4465 3136 4536; x_wconf 87' lang='lat' dir='ltr'><strong>Quadraginta</strong></span> <span class='ocrx_word' id='word_1_691' title='bbox 3161 4477 3335 4522; x_wconf 82' lang='lat' dir='ltr'><strong>autem</strong></span> <span class='ocrx_word' id='word_1_692' title='bbox 3359 4476 3512 4538; x_wconf 84' lang='lat' dir='ltr'><strong>anni,</strong></span> <span class='ocrx_word' id='word_1_693' title='bbox 3535 4479 3723 4545; x_wconf 78' lang='lat' dir='ltr'><strong>quibus</strong></span> 
     </span>
    </p>
   </div>
   <div class='ocr_carea' id='block_1_92' title="bbox 2167 4558 3721 4628">
    <p class='ocr_par' dir='ltr' id='par_1_92' title="bbox 2167 4558 3721 4628">
     <span class='ocr_line' id='line_1_92' title="bbox 2167 4558 3721 4628; baseline 0.008 -17"><span class='ocrx_word' id='word_1_694' title='bbox 2167 4558 2429 4612; x_wconf 87' lang='lat' dir='ltr'><strong>laboriose</strong></span> <span class='ocrx_word' id='word_1_695' title='bbox 2480 4559 2704 4627; x_wconf 86' lang='lat' dir='ltr'><strong>peractis</strong></span> <span class='ocrx_word' id='word_1_696' title='bbox 2730 4559 2794 4612; x_wconf 94' lang='lat' dir='ltr'><strong>ad</strong></span> <span class='ocrx_word' id='word_1_697' title='bbox 2834 4569 3025 4614; x_wconf 86' lang='lat' dir='ltr'><strong>terram</strong></span> <span class='ocrx_word' id='word_1_698' title='bbox 3058 4561 3497 4628; x_wconf 88' lang='lat' dir='ltr'><strong>repromissionis</strong></span> <span class='ocrx_word' id='word_1_699' title='bbox 3529 4570 3628 4623; x_wconf 88' lang='lat' dir='ltr'><strong>ﬁlii</strong></span> <span class='ocrx_word' id='word_1_700' title='bbox 3656 4571 3721 4622; x_wconf 76' lang='lat' dir='ltr'><strong>ls-</strong></span> 
     </span>
    </p>
   </div>
   <div class='ocr_carea' id='block_1_93' title="bbox 2167 4651 3719 4726">
    <p class='ocr_par' dir='ltr' id='par_1_93' title="bbox 2167 4651 3719 4726">
     <span class='ocr_line' id='line_1_93' title="bbox 2167 4651 3719 4726; baseline 0.007 -24"><span class='ocrx_word' id='word_1_701' title='bbox 2167 4652 2271 4703; x_wconf 86' lang='lat' dir='ltr'><strong>rael</strong></span> <span class='ocrx_word' id='word_1_702' title='bbox 2303 4659 2684 4718; x_wconf 87' lang='lat' dir='ltr'><strong>pervenerunt,</strong></span> <span class='ocrx_word' id='word_1_703' title='bbox 2733 4651 2993 4722; x_wconf 73' lang='lat' dir='ltr'><strong>signiﬁcat</strong></span> <span class='ocrx_word' id='word_1_704' title='bbox 3033 4661 3195 4707; x_wconf 84' lang='lat' dir='ltr'><strong>totum</strong></span> <span class='ocrx_word' id='word_1_705' title='bbox 3237 4665 3447 4723; x_wconf 85' lang='lat' dir='ltr'><strong>tempus</strong></span> <span class='ocrx_word' id='word_1_706' title='bbox 3491 4673 3600 4726; x_wconf 85' lang='lat' dir='ltr'><strong>quo</strong></span> <span class='ocrx_word' id='word_1_707' title='bbox 3633 4659 3719 4712; x_wconf 85' lang='lat' dir='ltr'><strong>Ec-</strong></span> 
     </span>
    </p>
   </div>
   <div class='ocr_carea' id='block_1_94' title="bbox 521 4737 3718 4814">
    <p class='ocr_par' dir='ltr' id='par_1_94' title="bbox 521 4737 3718 4814">
     <span class='ocr_line' id='line_1_94' title="bbox 521 4737 3718 4814; baseline 0.003 -20"><span class='ocrx_word' id='word_1_708' title='bbox 521 4758 626 4794; x_wconf 76' lang='lat' dir='ltr'><strong>vos.</strong></span> <span class='ocrx_word' id='word_1_709' title='bbox 660 4737 909 4794; x_wconf 84' lang='lat' dir='ltr'><strong>Futuram</strong></span> <span class='ocrx_word' id='word_1_710' title='bbox 940 4753 1115 4797; x_wconf 88' lang='lat' dir='ltr'><strong>autem</strong></span> <span class='ocrx_word' id='word_1_711' title='bbox 1146 4743 1418 4810; x_wconf 83' lang='lat' dir='ltr'><strong>Evangelii</strong></span> <span class='ocrx_word' id='word_1_712' title='bbox 1452 4743 1749 4796; x_wconf 83' lang='lat' dir='ltr'><strong>mercedem</strong></span> <span class='ocrx_word' id='word_1_713' title='bbox 1791 4742 2069 4797; x_wconf 85' lang='lat' dir='ltr'><strong>animabus</strong></span> <span class='ocrx_word' id='word_1_714' title='bbox 2101 4791 2145 4814; x_wconf 59' lang='grc' dir='ltr'><strong>η</strong></span> <span class='ocrx_word' id='word_1_715' title='bbox 2166 4745 2322 4797; x_wconf 90' lang='lat' dir='ltr'><strong>clesia</strong></span> <span class='ocrx_word' id='word_1_716' title='bbox 2361 4743 2626 4797; x_wconf 82' lang='lat' dir='ltr'><strong>laboribus</strong></span> <span class='ocrx_word' id='word_1_717' title='bbox 2665 4743 2828 4809; x_wconf 87' lang='lat' dir='ltr'><strong>vivit,</strong></span> <span class='ocrx_word' id='word_1_718' title='bbox 2857 4759 2976 4813; x_wconf 76' lang='lat' dir='ltr'><strong>qua:</strong></span> <span class='ocrx_word' id='word_1_719' title='bbox 3003 4744 3274 4799; x_wconf 74' lang='lat' dir='ltr'><strong>denarium</strong></span> <span class='ocrx_word' id='word_1_720' title='bbox 3309 4748 3571 4813; x_wconf 57' lang='lat' dir='ltr'><strong>praedicat</strong></span> <span class='ocrx_word' id='word_1_721' title='bbox 3594 4793 3610 4814; x_wconf 92' lang='lat'><strong>,</strong></span> <span class='ocrx_word' id='word_1_722' title='bbox 3647 4749 3718 4803; x_wconf 89' lang='lat' dir='ltr'><strong>lo-</strong></span> 
     </span>
    </p>
   </div>
   <div class='ocr_carea' id='block_1_95' title="bbox 522 4829 2070 4899">
    <p class='ocr_par' dir='ltr' id='par_1_95' title="bbox 522 4829 2070 4899">
     <span class='ocr_line' id='line_1_95' title="bbox 522 4829 2070 4899; baseline 0.003 -16"><span class='ocrx_word' id='word_1_723' title='bbox 522 4830 573 4884; x_wconf 90' lang='lat' dir='ltr'><strong>in</strong></span> <span class='ocrx_word' id='word_1_724' title='bbox 618 4829 850 4885; x_wconf 76' lang='lat' dir='ltr'><strong>futurum</strong></span> <span class='ocrx_word' id='word_1_725' title='bbox 902 4832 1232 4897; x_wconf 86' lang='lat' dir='ltr'><strong>promiserat.</strong></span> <span class='ocrx_word' id='word_1_726' title='bbox 1289 4831 1418 4883; x_wconf 88' lang='lat' dir='ltr'><strong>Dum</strong></span> <span class='ocrx_word' id='word_1_727' title='bbox 1476 4841 1649 4884; x_wconf 84' lang='lat' dir='ltr'><strong>autem</strong></span> <span class='ocrx_word' id='word_1_728' title='bbox 1703 4832 1942 4899; x_wconf 87' lang='lat' dir='ltr'><strong>ﬁguravit</strong></span> <span class='ocrx_word' id='word_1_729' title='bbox 1986 4833 2070 4887; x_wconf 85' lang='lat' dir='ltr'><strong>hic</strong></span> 
     </span>
    </p>
   </div>
   <div class='ocr_carea' id='block_1_96' title="bbox 526 4918 2066 4992">
    <p class='ocr_par' dir='ltr' id='par_1_96' title="bbox 526 4918 2066 4992">
     <span class='ocr_line' id='line_1_96' title="bbox 526 4918 2066 4992; baseline -0.001 -17"><span class='ocrx_word' id='word_1_730' title='bbox 526 4921 860 4992; x_wconf 80' lang='lat' dir='ltr'><strong>Evangelium</strong></span> <span class='ocrx_word' id='word_1_731' title='bbox 893 4919 1044 4980; x_wconf 87' lang='lat' dir='ltr'><strong>liber,</strong></span> <span class='ocrx_word' id='word_1_732' title='bbox 1075 4919 1161 4970; x_wconf 91' lang='lat' dir='ltr'><strong>ubi</strong></span> <span class='ocrx_word' id='word_1_733' title='bbox 1205 4929 1288 4971; x_wconf 87' lang='lat' dir='ltr'><strong>est</strong></span> <span class='ocrx_word' id='word_1_734' title='bbox 1321 4918 1616 4986; x_wconf 85' lang='lat' dir='ltr'><strong>proprietas</strong></span> <span class='ocrx_word' id='word_1_735' title='bbox 1658 4919 2066 4988; x_wconf 87' lang='lat' dir='ltr'><strong>uniuscujusque</strong></span> 
     </span>
    </p>
   </div>
   <div class='ocr_carea' id='block_1_97' title="bbox 526 5005 2067 5074">
    <p class='ocr_par' dir='ltr' id='par_1_97' title="bbox 526 5005 2067 5074">
     <span class='ocr_line' id='line_1_97' title="bbox 526 5005 2067 5074; baseline -0.003 -10"><span class='ocrx_word' id='word_1_736' title='bbox 526 5011 661 5064; x_wconf 88' lang='lat' dir='ltr'><strong>libri.</strong></span> <span class='ocrx_word' id='word_1_737' title='bbox 691 5011 840 5066; x_wconf 82' lang='lat' dir='ltr'><strong>Prior</strong></span> <span class='ocrx_word' id='word_1_738' title='bbox 860 5021 1035 5064; x_wconf 80' lang='lat' dir='ltr'><strong>autem</strong></span> <span class='ocrx_word' id='word_1_739' title='bbox 1059 5007 1193 5060; x_wconf 87' lang='lat' dir='ltr'><strong>liber</strong></span> <span class='ocrx_word' id='word_1_740' title='bbox 1217 5005 1467 5074; x_wconf 61' lang='lat' dir='ltr'><strong>praedicat</strong></span> <span class='ocrx_word' id='word_1_741' title='bbox 1493 5007 1786 5060; x_wconf 87' lang='lat' dir='ltr'><strong>doctrinam</strong></span> <span class='ocrx_word' id='word_1_742' title='bbox 1808 5010 2067 5073; x_wconf 63' lang='grc' dir='ltr'><strong>(τοι-βοῆς,</strong></span> 
     </span>
    </p>
   </div>
   <div class='ocr_carea' id='block_1_98' title="bbox 2168 4833 3718 4906">
    <p class='ocr_par' dir='ltr' id='par_1_98' title="bbox 2168 4833 3718 4906">
     <span class='ocr_line' id='line_1_98' title="bbox 2168 4833 3718 4906; baseline 0.005 -19"><span class='ocrx_word' id='word_1_743' title='bbox 2168 4849 2282 4887; x_wconf 88' lang='lat' dir='ltr'><strong>cum</strong></span> <span class='ocrx_word' id='word_1_744' title='bbox 2330 4835 2461 4903; x_wconf 88' lang='lat' dir='ltr'><strong>legis</strong></span> <span class='ocrx_word' id='word_1_745' title='bbox 2506 4833 2769 4888; x_wconf 90' lang='lat' dir='ltr'><strong>observat.</strong></span> <span class='ocrx_word' id='word_1_746' title='bbox 2817 4833 3175 4901; x_wconf 82' lang='lat' dir='ltr'><strong>Quaternum,</strong></span> <span class='ocrx_word' id='word_1_747' title='bbox 3225 4845 3441 4902; x_wconf 88' lang='lat' dir='ltr'><strong>propter</strong></span> <span class='ocrx_word' id='word_1_748' title='bbox 3494 4849 3718 4906; x_wconf 83' lang='lat' dir='ltr'><strong>quatuor</strong></span> 
     </span>
    </p>
   </div>
   <div class='ocr_carea' id='block_1_99' title="bbox 2169 4925 3712 5002">
    <p class='ocr_par' dir='ltr' id='par_1_99' title="bbox 2169 4925 3712 5002">
     <span class='ocr_line' id='line_1_99' title="bbox 2169 4925 3712 5002; baseline 0 -24"><span class='ocrx_word' id='word_1_749' title='bbox 2169 4925 2467 4994; x_wconf 87' lang='lat' dir='ltr'><strong>Evangelia.</strong></span> <span class='ocrx_word' id='word_1_750' title='bbox 2510 4925 2698 4980; x_wconf 85' lang='lat' dir='ltr'><strong>Decies</strong></span> <span class='ocrx_word' id='word_1_751' title='bbox 2726 4935 2899 4980; x_wconf 87' lang='lat' dir='ltr'><strong>autem</strong></span> <span class='ocrx_word' id='word_1_752' title='bbox 2921 4936 3170 4991; x_wconf 89' lang='lat' dir='ltr'><strong>quatuor,</strong></span> <span class='ocrx_word' id='word_1_753' title='bbox 3193 4927 3544 5002; x_wconf 67' lang='lat' dir='ltr'><strong>quadraginta</strong></span> <span class='ocrx_word' id='word_1_754' title='bbox 3575 4945 3712 4989; x_wconf 66' lang='lat' dir='ltr'><strong>sum,</strong></span> 
     </span>
    </p>
   </div>
   <div class='ocr_carea' id='block_1_100' title="bbox 2169 5013 3712 5094">
    <p class='ocr_par' dir='ltr' id='par_1_100' title="bbox 2169 5013 3712 5094">
     <span class='ocr_line' id='line_1_100' title="bbox 2169 5013 3712 5094; baseline 0.006 -26"><span class='ocrx_word' id='word_1_755' title='bbox 2169 5016 2400 5086; x_wconf 86' lang='lat' dir='ltr'><strong>Denique</strong></span> <span class='ocrx_word' id='word_1_756' title='bbox 2447 5028 2498 5071; x_wconf 92' lang='lat' dir='ltr'><strong>et</strong></span> <span class='ocrx_word' id='word_1_757' title='bbox 2527 5017 2777 5071; x_wconf 83' lang='lat' dir='ltr'><strong>Dominus</strong></span> <span class='ocrx_word' id='word_1_758' title='bbox 2820 5014 3165 5083; x_wconf 72' lang='lat' dir='ltr'><strong>quadraginta</strong></span> <span class='ocrx_word' id='word_1_759' title='bbox 3205 5013 3395 5077; x_wconf 80' lang='lat' dir='ltr'><strong>diebus</strong></span> <span class='ocrx_word' id='word_1_760' title='bbox 3434 5027 3712 5094; x_wconf 82' lang='lat' dir='ltr'><strong>jejuuavit,</strong></span> 
     </span>
    </p>
   </div>
   <div class='ocr_carea' id='block_1_101' title="bbox 526 5095 2071 5186">
    <p class='ocr_par' dir='ltr' id='par_1_101' title="bbox 526 5095 2069 5162">
     <span class='ocr_line' id='line_1_101' title="bbox 526 5095 2069 5162; baseline -0.003 -9"><span class='ocrx_word' id='word_1_761' title='bbox 526 5102 574 5153; x_wconf 91' lang='lat' dir='ltr'><strong>id</strong></span> <span class='ocrx_word' id='word_1_762' title='bbox 599 5110 698 5162; x_wconf 87' lang='lat' dir='ltr'><strong>est,</strong></span> <span class='ocrx_word' id='word_1_763' title='bbox 727 5100 1136 5154; x_wconf 88' lang='lat' dir='ltr'><strong>immolationem</strong></span> <span class='ocrx_word' id='word_1_764' title='bbox 1170 5095 1533 5158; x_wconf 70' lang='lat' dir='ltr'><strong>vicimarum;</strong></span> <span class='ocrx_word' id='word_1_765' title='bbox 1561 5105 1612 5148; x_wconf 91' lang='lat' dir='ltr'><strong>et</strong></span> <span class='ocrx_word' id='word_1_766' title='bbox 1635 5097 1698 5147; x_wconf 92' lang='lat' dir='ltr'><strong>de</strong></span> <span class='ocrx_word' id='word_1_767' title='bbox 1725 5095 1916 5157; x_wconf 83' lang='lat' dir='ltr'><strong>littera,</strong></span> <span class='ocrx_word' id='word_1_768' title='bbox 1949 5096 2069 5162; x_wconf 90' lang='lat' dir='ltr'><strong>quia</strong></span> 
     </span>
    </p>
   </div>
   <div class='ocr_carea' id='block_1_102' title="bbox 2173 5095 3713 5186">
    <p class='ocr_par' dir='ltr' id='par_1_102' title="bbox 2173 5109 3713 5186">
     <span class='ocr_line' id='line_1_102' title="bbox 2173 5109 3713 5186; baseline 0.008 -30"><span class='ocrx_word' id='word_1_769' title='bbox 2173 5112 2220 5156; x_wconf 87' lang='lat' dir='ltr'><strong>et</strong></span> <span class='ocrx_word' id='word_1_770' title='bbox 2245 5109 2482 5161; x_wconf 83' lang='lat' dir='ltr'><strong>esuriens</strong></span> <span class='ocrx_word' id='word_1_771' title='bbox 2513 5116 2741 5162; x_wconf 90' lang='lat' dir='ltr'><strong>tentatus</strong></span> <span class='ocrx_word' id='word_1_772' title='bbox 2764 5114 2846 5159; x_wconf 84' lang='lat' dir='ltr'><strong>est</strong></span> <span class='ocrx_word' id='word_1_773' title='bbox 2872 5119 2884 5156; x_wconf 89' lang='lat'><strong>:</strong></span> <span class='ocrx_word' id='word_1_774' title='bbox 2911 5114 2964 5156; x_wconf 89' lang='lat' dir='ltr'><strong>ut</strong></span> <span class='ocrx_word' id='word_1_775' title='bbox 2995 5109 3302 5165; x_wconf 84' lang='lat' dir='ltr'><strong>ostenderet</strong></span> <span class='ocrx_word' id='word_1_776' title='bbox 3331 5114 3486 5168; x_wconf 84' lang='lat' dir='ltr'><strong>nobis</strong></span> <span class='ocrx_word' id='word_1_777' title='bbox 3513 5117 3564 5169; x_wconf 92' lang='lat' dir='ltr'><strong>in</strong></span> <span class='ocrx_word' id='word_1_778' title='bbox 3594 5129 3713 5186; x_wconf 64' lang='lat' dir='ltr'><strong>p18-</strong></span> 
     </span>
    </p>
   </div>
   <div class='ocr_carea' id='block_1_103' title="bbox 526 5186 2068 5267">
    <p class='ocr_par' dir='ltr' id='par_1_103' title="bbox 526 5186 2068 5267">
     <span class='ocr_line' id='line_1_103' title="bbox 526 5186 2068 5267; baseline -0.002 -26"><span class='ocrx_word' id='word_1_779' title='bbox 526 5190 658 5241; x_wconf 72' lang='lat' dir='ltr'><strong>dixit</strong></span> <span class='ocrx_word' id='word_1_780' title='bbox 698 5190 860 5255; x_wconf 88' lang='lat' dir='ltr'><strong>prior,</strong></span> <span class='ocrx_word' id='word_1_781' title='bbox 899 5189 997 5252; x_wconf 82' lang='lat' dir='ltr'><strong>Qui</strong></span> <span class='ocrx_word' id='word_1_782' title='bbox 1032 5186 1211 5241; x_wconf 86' lang='lat' dir='ltr'><strong>occidit</strong></span> <span class='ocrx_word' id='word_1_783' title='bbox 1241 5187 1527 5267; x_wconf 73' lang='lat' dir='ltr'><strong>prpximurn</strong></span> <span class='ocrx_word' id='word_1_784' title='bbox 1565 5202 1750 5250; x_wconf 87' lang='lat' dir='ltr'><strong>suum,</strong></span> <span class='ocrx_word' id='word_1_785' title='bbox 1795 5186 2068 5238; x_wconf 79' lang='lat' dir='ltr'><strong>occidetur.</strong></span> 
     </span>
    </p>
   </div>
   <div class='ocr_carea' id='block_1_104' title="bbox 527 5279 2072 5346">
    <p class='ocr_par' dir='ltr' id='par_1_104' title="bbox 527 5279 2072 5346">
     <span class='ocr_line' id='line_1_104' title="bbox 527 5279 2072 5346; baseline -0.002 -11"><span class='ocrx_word' id='word_1_786' title='bbox 527 5282 675 5335; x_wconf 78' lang='lat' dir='ltr'><strong>Alter</strong></span> <span class='ocrx_word' id='word_1_787' title='bbox 715 5295 817 5331; x_wconf 91' lang='lat' dir='ltr'><strong>non</strong></span> <span class='ocrx_word' id='word_1_788' title='bbox 843 5279 910 5332; x_wconf 91' lang='lat' dir='ltr'><strong>de</strong></span> <span class='ocrx_word' id='word_1_789' title='bbox 939 5281 1142 5346; x_wconf 81' lang='lat' dir='ltr'><strong>littera,</strong></span> <span class='ocrx_word' id='word_1_790' title='bbox 1169 5283 1260 5335; x_wconf 89' lang='lat' dir='ltr'><strong>sed</strong></span> <span class='ocrx_word' id='word_1_791' title='bbox 1291 5282 1355 5336; x_wconf 93' lang='lat' dir='ltr'><strong>de</strong></span> <span class='ocrx_word' id='word_1_792' title='bbox 1385 5295 1538 5336; x_wconf 88' lang='lat' dir='ltr'><strong>sensu</strong></span> <span class='ocrx_word' id='word_1_793' title='bbox 1563 5297 1578 5345; x_wconf 88' lang='lat'><strong>;</strong></span> <span class='ocrx_word' id='word_1_794' title='bbox 1624 5296 1724 5335; x_wconf 90' lang='lat' dir='ltr'><strong>non</strong></span> <span class='ocrx_word' id='word_1_795' title='bbox 1765 5280 1833 5334; x_wconf 92' lang='lat' dir='ltr'><strong>de</strong></span> <span class='ocrx_word' id='word_1_796' title='bbox 1879 5295 2038 5333; x_wconf 81' lang='lat' dir='ltr'><strong>carne</strong></span> <span class='ocrx_word' id='word_1_797' title='bbox 2058 5321 2072 5345; x_wconf 87' lang='lat'><strong>,</strong></span> 
     </span>
    </p>
   </div>
   <div class='ocr_carea' id='block_1_105' title="bbox 529 5367 2071 5437">
    <p class='ocr_par' dir='ltr' id='par_1_105' title="bbox 529 5367 2071 5437">
     <span class='ocr_line' id='line_1_105' title="bbox 529 5367 2071 5437; baseline -0.001 -15"><span class='ocrx_word' id='word_1_798' title='bbox 529 5369 620 5422; x_wconf 85' lang='lat' dir='ltr'><strong>sed</strong></span> <span class='ocrx_word' id='word_1_799' title='bbox 649 5367 716 5421; x_wconf 89' lang='lat' dir='ltr'><strong>de</strong></span> <span class='ocrx_word' id='word_1_800' title='bbox 737 5367 943 5430; x_wconf 82' lang='lat' dir='ltr'><strong>anima;</strong></span> <span class='ocrx_word' id='word_1_801' title='bbox 977 5384 1077 5421; x_wconf 89' lang='lat' dir='ltr'><strong>non</strong></span> <span class='ocrx_word' id='word_1_802' title='bbox 1107 5370 1172 5423; x_wconf 91' lang='lat' dir='ltr'><strong>de</strong></span> <span class='ocrx_word' id='word_1_803' title='bbox 1203 5370 1561 5426; x_wconf 70' lang='lat' dir='ltr'><strong>immolatione</strong></span> <span class='ocrx_word' id='word_1_804' title='bbox 1589 5371 1811 5433; x_wconf 88' lang='lat' dir='ltr'><strong>carnali,</strong></span> <span class='ocrx_word' id='word_1_805' title='bbox 1836 5370 1926 5422; x_wconf 90' lang='lat' dir='ltr'><strong>sed</strong></span> <span class='ocrx_word' id='word_1_806' title='bbox 1961 5370 2071 5437; x_wconf 87' lang='lat' dir='ltr'><strong>spi-</strong></span> 
     </span>
    </p>
   </div>
   <div class='ocr_carea' id='block_1_106' title="bbox 532 5441 2070 5526">
    <p class='ocr_par' dir='ltr' id='par_1_106' title="bbox 532 5441 2070 5526">
     <span class='ocr_line' id='line_1_106' title="bbox 532 5441 2070 5526; baseline -0.001 -13"><span class='ocrx_word' id='word_1_807' title='bbox 532 5441 741 5521; x_wconf 80' lang='lat' dir='ltr'><strong>rituali;</strong></span> <span class='ocrx_word' id='word_1_808' title='bbox 772 5471 874 5510; x_wconf 90' lang='lat' dir='ltr'><strong>non</strong></span> <span class='ocrx_word' id='word_1_809' title='bbox 905 5456 969 5509; x_wconf 93' lang='lat' dir='ltr'><strong>de</strong></span> <span class='ocrx_word' id='word_1_810' title='bbox 1000 5456 1135 5511; x_wconf 87' lang='lat' dir='ltr'><strong>bono</strong></span> <span class='ocrx_word' id='word_1_811' title='bbox 1161 5462 1548 5526; x_wconf 67' lang='lat' dir='ltr'><strong>praescnti,’sed</strong></span> <span class='ocrx_word' id='word_1_812' title='bbox 1585 5460 1651 5514; x_wconf 87' lang='lat' dir='ltr'><strong>de</strong></span> <span class='ocrx_word' id='word_1_813' title='bbox 1673 5460 1848 5513; x_wconf 81' lang='lat' dir='ltr'><strong>futuro</strong></span> <span class='ocrx_word' id='word_1_814' title='bbox 1878 5461 2070 5526; x_wconf 71' lang='lat' dir='ltr'><strong>praedi-</strong></span> 
     </span>
    </p>
   </div>
   <div class='ocr_carea' id='block_1_107' title="bbox 2167 5193 3710 5263">
    <p class='ocr_par' dir='ltr' id='par_1_107' title="bbox 2167 5193 3710 5263">
     <span class='ocr_line' id='line_1_107' title="bbox 2167 5193 3710 5263; baseline 0.007 -20"><span class='ocrx_word' id='word_1_815' title='bbox 2167 5194 2260 5244; x_wconf 89' lang='lat' dir='ltr'><strong>teri</strong></span> <span class='ocrx_word' id='word_1_816' title='bbox 2271 5200 2321 5244; x_wconf 90' lang='lat' dir='ltr'><strong>to</strong></span> <span class='ocrx_word' id='word_1_817' title='bbox 2349 5205 2581 5263; x_wconf 88' lang='lat' dir='ltr'><strong>tempore</strong></span> <span class='ocrx_word' id='word_1_818' title='bbox 2597 5195 2792 5249; x_wconf 87' lang='lat' dir='ltr'><strong>debere</strong></span> <span class='ocrx_word' id='word_1_819' title='bbox 2813 5193 3039 5249; x_wconf 75' lang='lat' dir='ltr'><strong>tolerare</strong></span> <span class='ocrx_word' id='word_1_820' title='bbox 3062 5197 3400 5256; x_wconf 81' lang='lat' dir='ltr'><strong>tentationes.</strong></span> <span class='ocrx_word' id='word_1_821' title='bbox 3429 5203 3607 5256; x_wconf 77' lang='lat' dir='ltr'><strong>Prima</strong></span> <span class='ocrx_word' id='word_1_822' title='bbox 3621 5203 3710 5262; x_wconf 78' lang='lat' dir='ltr'><strong>dir.</strong></span> 
     </span>
    </p>
   </div>
   <div class='ocr_carea' id='block_1_108' title="bbox 2142 5284 3710 5369">
    <p class='ocr_par' dir='ltr' id='par_1_108' title="bbox 2142 5284 3710 5369">
     <span class='ocr_line' id='line_1_108' title="bbox 2142 5284 3710 5369; baseline 0.008 -35"><span class='ocrx_word' id='word_1_823' title='bbox 2142 5292 2212 5369; x_wconf 15' lang='lat' dir='ltr'><strong>let</strong></span> <span class='ocrx_word' id='word_1_824' title='bbox 2246 5284 2465 5354; x_wconf 86' lang='lat' dir='ltr'><strong>reliqua.</strong></span> <span class='ocrx_word' id='word_1_825' title='bbox 2506 5288 2806 5355; x_wconf 89' lang='lat' dir='ltr'><strong>Congruum</strong></span> <span class='ocrx_word' id='word_1_826' title='bbox 2847 5287 3040 5354; x_wconf 82' lang='lat' dir='ltr'><strong>quippe</strong></span> <span class='ocrx_word' id='word_1_827' title='bbox 3085 5286 3182 5342; x_wconf 77' lang='lat' dir='ltr'><strong>fuit</strong></span> <span class='ocrx_word' id='word_1_828' title='bbox 3212 5292 3387 5359; x_wconf 88' lang='lat' dir='ltr'><strong>primo</strong></span> <span class='ocrx_word' id='word_1_829' title='bbox 3415 5293 3506 5347; x_wconf 82' lang='lat' dir='ltr'><strong>die</strong></span> <span class='ocrx_word' id='word_1_830' title='bbox 3550 5294 3710 5360; x_wconf 76' lang='lat' dir='ltr'><strong>legem</strong></span> 
     </span>
    </p>
   </div>
   <div class='ocr_carea' id='block_1_109' title="bbox 2165 5373 3709 5447">
    <p class='ocr_par' dir='ltr' id='par_1_109' title="bbox 2165 5373 3709 5447">
     <span class='ocr_line' id='line_1_109' title="bbox 2165 5373 3709 5447; baseline 0.004 -22"><span class='ocrx_word' id='word_1_831' title='bbox 2165 5373 2325 5440; x_wconf 82' lang='lat' dir='ltr'><strong>loqui.</strong></span> <span class='ocrx_word' id='word_1_832' title='bbox 2375 5375 2477 5429; x_wconf 74' lang='lat' dir='ltr'><strong>L‘ex</strong></span> <span class='ocrx_word' id='word_1_833' title='bbox 2520 5378 2584 5428; x_wconf 91' lang='lat' dir='ltr'><strong>de</strong></span> <span class='ocrx_word' id='word_1_834' title='bbox 2624 5375 2902 5443; x_wconf 83' lang='lat' dir='ltr'><strong>primitivis</strong></span> <span class='ocrx_word' id='word_1_835' title='bbox 2943 5375 3237 5446; x_wconf 85' lang='lat' dir='ltr'><strong>imperavit,</strong></span> <span class='ocrx_word' id='word_1_836' title='bbox 3267 5383 3348 5434; x_wconf 84' lang='lat' dir='ltr'><strong>vel</strong></span> <span class='ocrx_word' id='word_1_837' title='bbox 3377 5395 3445 5434; x_wconf 86' lang='lat' dir='ltr'><strong>eo</strong></span> <span class='ocrx_word' id='word_1_838' title='bbox 3474 5380 3613 5447; x_wconf 82' lang='lat' dir='ltr'><strong>quod</strong></span> <span class='ocrx_word' id='word_1_839' title='bbox 3639 5379 3709 5431; x_wconf 78' lang='lat' dir='ltr'><strong>lu</strong></span> 
     </span>
    </p>
   </div>
   <div class='ocr_carea' id='block_1_110' title="bbox 2163 5463 3711 5534">
    <p class='ocr_par' dir='ltr' id='par_1_110' title="bbox 2163 5463 3711 5534">
     <span class='ocr_line' id='line_1_110' title="bbox 2163 5463 3711 5534; baseline 0.003 -21"><span class='ocrx_word' id='word_1_840' title='bbox 2163 5464 2262 5515; x_wconf 86' lang='lat' dir='ltr'><strong>illis</strong></span> <span class='ocrx_word' id='word_1_841' title='bbox 2293 5465 2373 5516; x_wconf 81' lang='lat' dir='ltr'><strong>lux</strong></span> <span class='ocrx_word' id='word_1_842' title='bbox 2408 5465 2622 5527; x_wconf 74' lang='lat' dir='ltr'><strong>luisset,</strong></span> <span class='ocrx_word' id='word_1_843' title='bbox 2654 5463 2696 5515; x_wconf 89' lang='lat' dir='ltr'><strong>si</strong></span> <span class='ocrx_word' id='word_1_844' title='bbox 2728 5471 2898 5515; x_wconf 87' lang='lat' dir='ltr'><strong>tamen</strong></span> <span class='ocrx_word' id='word_1_845' title='bbox 2927 5465 3061 5530; x_wconf 80' lang='lat' dir='ltr'><strong>quod</strong></span> <span class='ocrx_word' id='word_1_846' title='bbox 3095 5465 3245 5534; x_wconf 83' lang='lat' dir='ltr'><strong>plebs</strong></span> <span class='ocrx_word' id='word_1_847' title='bbox 3275 5476 3460 5523; x_wconf 87' lang='lat' dir='ltr'><strong>essent</strong></span> <span class='ocrx_word' id='word_1_848' title='bbox 3495 5483 3508 5518; x_wconf 91' lang='lat'><strong>:</strong></span> <span class='ocrx_word' id='word_1_849' title='bbox 3543 5466 3628 5520; x_wconf 77' lang='lat' dir='ltr'><strong>vol</strong></span> <span class='ocrx_word' id='word_1_850' title='bbox 3655 5480 3711 5518; x_wconf 79' lang='lat' dir='ltr'><strong>eo</strong></span> 
     </span>
    </p>
   </div>
   <div class='ocr_carea' id='block_1_111' title="bbox 528 5547 3702 5624">
    <p class='ocr_par' dir='ltr' id='par_1_111' title="bbox 528 5547 3702 5624">
     <span class='ocr_line' id='line_1_111' title="bbox 528 5547 3702 5624; baseline 0.003 -22"><span class='ocrx_word' id='word_1_851' title='bbox 528 5559 631 5602; x_wconf 87' lang='lat' dir='ltr'><strong>cat.</strong></span> <span class='ocrx_word' id='word_1_852' title='bbox 679 5547 776 5603; x_wconf 82' lang='lat' dir='ltr'><strong>l’cr</strong></span> <span class='ocrx_word' id='word_1_853' title='bbox 817 5547 1091 5601; x_wconf 74' lang='lat' dir='ltr'><strong>historiam</strong></span> <span class='ocrx_word' id='word_1_854' title='bbox 1141 5559 1193 5603; x_wconf 90' lang='lat' dir='ltr'><strong>et</strong></span> <span class='ocrx_word' id='word_1_855' title='bbox 1231 5564 1441 5603; x_wconf 82' lang='lat' dir='ltr'><strong>sensum</strong></span> <span class='ocrx_word' id='word_1_856' title='bbox 1468 5590 1482 5615; x_wconf 90' lang='lat'><strong>,</strong></span> <span class='ocrx_word' id='word_1_857' title='bbox 1515 5566 1604 5618; x_wconf 81' lang='lat' dir='ltr'><strong>per</strong></span> <span class='ocrx_word' id='word_1_858' title='bbox 1651 5547 1978 5616; x_wconf 70' lang='lat' dir='ltr'><strong>prmscutiam</strong></span> <span class='ocrx_word' id='word_1_859' title='bbox 2021 5559 2066 5602; x_wconf 90' lang='lat' dir='ltr'><strong>ct</strong></span> <span class='ocrx_word' id='word_1_860' title='bbox 2163 5553 2295 5620; x_wconf 76' lang='lat' dir='ltr'><strong>quod</strong></span> <span class='ocrx_word' id='word_1_861' title='bbox 2331 5555 2513 5624; x_wconf 77' lang='lat' dir='ltr'><strong>ligarat</strong></span> <span class='ocrx_word' id='word_1_862' title='bbox 2555 5552 2890 5622; x_wconf 75' lang='lat' dir='ltr'><strong>Evangeliqu</strong></span> <span class='ocrx_word' id='word_1_863' title='bbox 2935 5552 3109 5608; x_wconf 81' lang='lat' dir='ltr'><strong>datum</strong></span> <span class='ocrx_word' id='word_1_864' title='bbox 3152 5557 3201 5608; x_wconf 88' lang='lat' dir='ltr'><strong>in</strong></span> <span class='ocrx_word' id='word_1_865' title='bbox 3250 5555 3335 5609; x_wconf 80' lang='lat' dir='ltr'><strong>die</strong></span> <span class='ocrx_word' id='word_1_866' title='bbox 3379 5554 3502 5609; x_wconf 79' lang='lat' dir='ltr'><strong>novi</strong></span> <span class='ocrx_word' id='word_1_867' title='bbox 3534 5553 3702 5609; x_wconf 61' lang='lat' dir='ltr'><strong>Testa-</strong></span> 
     </span>
    </p>
   </div>
  </div>
