3898 6260
93 244 194 300 531

735 238 798 293 ΙΝ
840 236 1286 294 ΡΕΝΤΛΪΕυϐη
1300 239 1333 291 U
1346 239 1390 292 Μ
1431 235 1643 292 ευιιιιι

1747 237 1912 291 ἈΜΒ
1956 267 2022 278 -
2065 238 2665 294 DEUTERONUMIUM-

3205 243 3303 298 382

95 353 284 407 tnetiti.
313 351 487 405 l’rimo
514 339 598 402 die
624 359 851 404 veterem
881 348 1402 416 signilic:u,sccunda
1435 362 1648 400 novum.
1679 350 1724 405 Α
1759 347 2172 414 prmdicavcrunt
2209 348 2447 400 universa
2493 347 2812 415 supradicta.
2849 348 3083 402 Decauus
3127 362 3300 406 autem

93 442 318 496 Locutus
343 451 414 493 est
457 440 678 508 Moyses,
721 448 774 493 et
814 439 1034 506 reliqua.
1069 437 1193 491 llaec
1224 435 1480 490 sententia
1508 433 1650 489 Jorzn

95 531 237 599 regis
257 529 482 592 dicit-tr,
516 528 602 597 qui
635 544 736 580 non
765 528 902 581 videt
935 542 1054 580 eum
1084 541 1238 594 quem
1270 524 1608 592 prosequitur
1634 538 1648 585 ;

92 632 154 676 et
198 638 302 676 non
330 620 434 674 illis
476 620 768 673 admittitur
798 621 860 671 ad
915 619 1248 684 praesentiam
1280 619 1419 685 regis
1448 615 1651 678 venire,

90 717 192 768 sed
228 729 319 782 per
360 712 520 764 alium
566 713 726 764 verba
771 714 911 778 reg’s
950 710 1016 762 ad
1042 709 1186 762 illum
1222 709 1500 762 mittuntur
1535 723 1547 758 :
1579 707 1654 759 sic

93 804 194 870 ι)ιεί
225 803 439 870 Moysen
470 801 628 853 verba
663 799 754 854 Dei
782 799 845 851 ad
877 798 1362 868 Israelniittuutur.
1398 796 1518 849 Ideo
1549 809 1651 848 non

87 895 312 960 dicitur,
361 895 564 947 locutus
617 901 700 944 est
753 891 914 953 Deus,
963 890 1079 953 sed,
1122 889 1284 958 Moysi
1330 889 1532 941 Ierutus
1572 896 1656 940 est

88 986 240 1042 Dens
273 1010 284 1039 ;
331 988 450 1055 quia
481 987 704 1054 populus
735 986 827 1040 Dei
859 983 1230 1052 conspectibns
1260 982 1358 1036 fuit
1385 982 1650 1048 indiguus.

84 1078 179 1130 Ad
206 1077 340 1144 ﬁlios
365 1073 549 1131 Israel.
584 1075 706 1130 ldeo
733 1091 835 1132 non
862 1075 928 1128 ad
961 1073 1155 1139 Israel,
1184 1073 1276 1126 sed
1307 1071 1370 1124 ad
1405 1071 1540 1124 ﬁlios
1567 1069 1652 1121 di-

84 1170 256 1231 citur,
301 1168 437 1237 quod
473 1169 523 1221 in
561 1168 874 1226 adcretione
921 1163 1181 1218 idolorum
1226 1161 1440 1214 luerunt
1470 1159 1649 1223 divisi,

81 1260 175 1314 vel
206 1260 347 1328 quod
377 1267 744 1312 sexcentorum
777 1257 995 1310 millium
1025 1256 1092 1309 de
1122 1253 1351 1323 Egypto
1372 1246 1654 1321 egredieri-

80 1350 224 1402 tinm
245 1392 259 1416 ,
292 1349 383 1402 ﬁlii
413 1358 612 1404 tantum
649 1348 712 1401 ad
744 1357 938 1402 terram
981 1346 1346 1416 promissionis
1387 1358 1651 1412 pervene-

80 1449 239 1502 runt,
269 1451 488 1506 excepto
518 1437 713 1505 Caleph
739 1437 1005 1502 etlosue;
1030 1437 1112 1491 vel
1143 1437 1222 1491 sic
1252 1432 1651 1501 intelligendum

79 1541 196 1597 est,
223 1532 359 1600 quod
385 1525 532 1595 dicit,
557 1531 624 1583 ad
653 1526 788 1599 ﬁlios
821 1530 981 1584 Israel
1026 1546 1044 1584 :
1081 1531 1231 1600 quasi
1263 1529 1512 1591 dixisset,
1546 1544 1651 1582 non

80 1619 159 1671 ad
199 1629 400 1685 gentes.
453 1619 638 1672 Omnia
677 1629 987 1688 praeceperat
1023 1619 1123 1674 illi.
1177 1620 1288 1674 lloc
1334 1619 1651 1682 ostenditur,

1752 439 1972 508 imperat
1998 454 2156 508 super
2179 441 2385 502 decem,
2417 441 2589 508 signat
2615 439 2799 493 decem
2831 442 2986 494 verba
3021 443 3148 509 legis
3178 461 3302 496 tiar-

1752 541 1974 584 rantcm.
1997 532 2137 585 Ordo
2160 544 2331 586 autem
2363 535 2629 586 crescendi
2653 544 2732 587 est
2763 534 2811 585 in
2838 534 3061 587 tribunis
3093 545 3146 588 et
3175 554 3303 590 cen-

1754 623 2064 681 tmionibus.
2097 635 2144 675 ct
2167 635 2247 676 est
2273 641 2444 692 quoqu
2466 641 2477 672 ε
2501 625 2631 676 ordo
2661 624 2932 679 credendi.
2959 628 3191 690 Quatuor
3213 643 3302 679 au-

1755 721 1857 764 tem
1887 712 2096 764 ordines
2117 753 2128 773 ,
2158 729 2379 780 quorum
2413 712 2726 781 principium
2765 728 2987 782 quatuor
3019 716 3298 783 Evangelia

1755 799 1808 852 in
1834 816 2048 854 nurnero
2071 802 2305 868 figurant,
2338 819 2454 869 qum
2484 815 2708 872 quatuor
2735 805 2954 858 virtutes
2989 805 3301 872 principiles

1755 889 2061 957 docuerunt,
2081 892 2132 944 id
2158 903 2258 956 est,
2285 892 2569 957 Justitiam,
2595 894 2953 958 Prudentiam,
2978 897 3305 964 Temperan-

1755 978 1900 1042 tiam,
1934 979 2335 1034 Fortitudinem.
2373 983 2576 1051 Moyses
2607 998 2733 1036 vero
2761 984 3025 1038 Christum
3059 986 3230 1053 signat
3252 988 3299 1036 in

1755 1073 2012 1126 electione
2043 1073 2337 1140 principum
2374 1091 2388 1128 :
2443 1076 2706 1142 principes
2739 1091 2947 1145 quoque.
2985 1079 3072 1144 qui
3103 1078 3306 1146 eligun-

1757 1168 1858 1223 tur,
1882 1161 2161 1215 dnodecim
2183 1165 2404 1230 apostoli
2430 1163 2736 1233 ﬁgurantur,
2763 1180 2881 1219 eum
2900 1177 3124 1235 quatuor
3140 1169 3306 1221 Evan-

1752 1251 1903 1318 geliis
1930 1266 1957 1303 a
1989 1250 2198 1304 Οιιι-ἰτιο
2229 1253 2446 1316 electos,
2481 1255 2544 1307 ad
2569 1255 2908 1323 principatum
2939 1271 3097 1323 super
3125 1257 3306 1309 Eccle-

1755 1347 1907 1394 siam.
1951 1340 2017 1393 Et
2059 1342 2194 1410 quod
2237 1342 2434 1408 justum
2481 1351 2555 1395 est
2595 1344 2840 1411 judicate.
2895 1344 3015 1398 llam
3046 1345 3302 1398 sententia

1753 1431 1999 1498 aequitate
2037 1429 2221 1498 jndicii
2265 1429 2483 1497 judicat,
2514 1433 2789 1498 apostolos
2831 1447 3039 1502 quoque
3071 1434 3254 1503 ﬁgurat
3288 1452 3301 1486 :

1755 1522 1943 1586 quibus
1959 1521 2167 1586 dicitur,
2195 1521 2458 1586 Sedebitis,
2480 1530 2528 1576 et
2541 1523 2842 1594 judicabitis
2859 1524 3123 1578 duodecim
3151 1526 3300 1580 tribtu

1756 1613 1938 1669 Israel.
1987 1619 2233 1681 Ascendc,
2275 1617 2324 1670 id
2352 1628 2433 1670 est
2483 1620 2533 1671 in
2565 1620 2865 1672 summitate
2913 1620 3304 1686 perfecturum:

79 1710 230 1776 quod
261 1725 364 1762 non
396 1710 570 1777 majus
600 1725 768 1779 neque
795 1712 991 1775 minus,
1021 1726 1176 1779 quam
1211 1721 1262 1764 ut
1291 1711 1512 1776 audivit,
1538 1710 1651 1764 edi-
1683 1725 1727 1784 Β
1755 1709 1906 1762 aliter
1936 1707 2166 1762 ascende
2196 1718 2248 1760 et
2291 1709 2498 1776 posside
2519 1749 2534 1772 ,
2567 1709 2617 1762 id
2648 1696 2728 1764 eSt
2759 1711 3006 1774 pranniis.
3052 1711 3201 1765 Sicut
3233 1713 3303 1764 lu-

79 1808 238 1853 ceret
266 1799 390 1853 illis.
426 1798 701 1867 Postquam
729 1802 992 1868 percussit,
1019 1809 1072 1854 et
1099 1801 1316 1866 reliqua.
1347 1804 1538 1866 Aptum
1571 1802 1648 1851 vi-

79 1891 244 1943 detur
270 1890 456 1960 Moysi
483 1891 690 1945 edicere
721 1891 858 1958 plebi
890 1891 1198 1953 Israelitico,
1225 1901 1503 1958 postquam
1548 1891 1660 1945 illis.

79 1981 361 2034 vietoriatn
387 1981 531 2034 dedit
555 1982 622 2035 de
653 1981 789 2035 Seon
821 1991 875 2035 et
910 1983 1007 2049 03,
1041 1990 1098 2035 ut
1127 1982 1260 2034 bene
1289 1981 1534 2035 audirent
1567 1980 1646 2035 le-

79 2088 228 2140 gem.
260 2070 537 2140 Percussit,
568 2073 616 2126 id
646 2082 728 2126 est
758 2081 1062 2145 corporeet
1088 2073 1286 2125 anima.
1317 2070 1450 2125 Scon
1483 2080 1528 2123 et
1558 2087 1647 2122 rex

81 2161 513 2223 Amorrlta’orum,
567 2162 861 2216 dannOnem
912 2177 1088 2232 regem
1143 2161 1376 2232 gentium
1436 2164 1644 2229 ligarat,

81 2253 170 2305 vel
199 2267 414 2307 sensum
464 2253 682 2318 malum,
735 2268 913 2322 regem
948 2253 1210 2307 vitiorum.
1264 2253 1472 2321 Moyses
1519 2251 1648 2318 ﬁgu-

83 2357 202 2395 ram
275 2343 470 2397 Christi
515 2343 808 2411 signiﬁcat,
861 2342 1194 2407 supradictos
1240 2343 1646 2410 percutieutem,

81 2433 199 2487 sive
237 2420 449 2487 sensum
482 2436 696 2488 bonum.
731 2434 892 2502 Coepit
935 2433 1138 2502 Moyses
1164 2436 1439 2502 explanare
1465 2434 1644 2504 legem,

81 2535 138 2576 et
169 2525 390 2593 reliqua.
427 2524 975 2592 Dignitatemindicat
1004 2524 1191 2594 Moysi,
1224 2524 1344 2577 dum
1375 2523 1447 2578 illi
1492 2523 1644 2591 plana

83 2613 258 2666 fuerat
286 2614 391 2675 lex,
423 2622 475 2664 et
505 2612 616 2680 ipse
643 2612 893 2680 explanat
925 2612 1136 2679 populo.
1164 2613 1215 2665 in
1244 2627 1307 2664 co
1326 2614 1463 2680 quod
1487 2613 1641 2666 dicit:

84 2701 343 2753 Dominus
375 2701 511 2755 Deus
539 2703 724 2756 suadet
752 2699 909 2768 plebi.
963 2699 1182 2753 Locutus
1209 2712 1279 2755 est
1305 2704 1371 2754 ad
1397 2719 1509 2765 nos,
1534 2704 1640 2770 dig-

85 2793 227 2842 nitas
255 2805 491 2856 persona:
517 2793 568 2844 in
598 2791 696 2844 hoc
721 2791 1036 2844 ostenditur.
1069 2792 1297 2859 Sufﬁciat
1328 2792 1482 2854 vobis,
1505 2793 1643 2860 quod

84 2884 137 2933 in
171 2891 337 2934 monte
381 2882 473 2934 ltoc
505 2883 760 2934 mansistis
794 2898 812 2934 :
852 2896 912 2934 ac
959 2882 1003 2935 si
1031 2881 1232 2936 diceret
1268 2900 1279 2934 ί
1310 2883 1407 2949 Qui
1441 2881 1643 2948 indigni

85 2973 216 3025 estis"
245 2972 480 3024 habitare
505 2971 557 3024 in
585 2980 744 3035 terra,
769 2969 849 3024 vel
875 2985 968 3038 per
999 2969 1098 3023 hoc
1126 2970 1472 3040 signiﬁcatur,
1497 2973 1641 3041 quod

1752 1809 1897 1850 cutus
1938 1807 2011 1850 est
2049 1796 2298 1851 Dominus
2327 1799 2458 1852 Deus
2486 1809 2620 1862 tuus,
2670 1798 2720 1853 id
2752 1811 2831 1853 est
2861 1802 3187 1867 prophetarit
3215 1815 3299 1852 vo.

1748 1887 1846 1940 bis.
1867 1887 2038 1939 Nolite
2059 1903 2290 1952 metuere,
2317 1890 2365 1941 id
2384 1899 2464 1944 est
2483 1891 2643 1945 corde
2665 1908 2678 1954 ;
2703 1908 2859 1960 neque
2883 1893 3122 1957 paventis,
3152 1894 3200 1945 id
3222 1905 3305 1948 est

1748 1978 1797 2030 in
1828 1992 1937 2031 ore.
1981 1977 2203 2046 Cumque
2232 1996 2395 2032 sermo
2423 1982 2686 2046 placuisset
2715 2021 2729 2042 ,
2762 1982 2812 2034 in
2846 1983 2946 2036 hoc
2977 1984 3138 2045 plebis
3165 1983 3303 2051 judi-

1746 2068 1881 2121 cium
1912 2069 2183 2122 indicatur.
2219 2071 2336 2123 Misi
2361 2087 2423 2123 ea:
2454 2073 2587 2124 vobis
2618 2073 2881 2125 duodecim
2910 2074 3066 2140 viros,
3097 2084 3148 2125 et
3183 2077 3304 2128 reli-

1745 2173 1866 2225 qua.
1917 2155 2016 2223 Qui
2045 2161 2321 2213 duodecim
2355 2161 2450 2214 viri
2478 2201 2492 2222 ,
2533 2163 2620 2226 qui
2665 2163 2753 2214 tali
2779 2179 2999 2217 numero
3027 2166 3303 2218 duodecim

1747 2249 2016 2316 apostolos
2048 2261 2259 2317 possunt
2293 2253 2607 2319 signiﬁcare.
2661 2251 2824 2306 Vallis
2844 2264 3010 2306 autem
3039 2253 3185 2317 botri,
3212 2269 3304 2320 per

1751 2338 2180 2401 anticipationem
2205 2340 2342 2393 dicta
2366 2349 2465 2394 est.
2503 2341 2686 2394 Betros
2709 2352 2882 2396 autem
2906 2342 3145 2406 superius
3169 2342 3308 2396 dixi-

1748 2445 1865 2484 mus
1888 2432 2208 2499 signiﬁcare,
2239 2449 2352 2497 qua!
2379 2433 2600 2498 apostoli
2631 2435 2832 2486 duabus
2861 2435 3116 2498 vectibus,
3149 2433 3198 2488 id
3223 2445 3304 2488 est

1745 2521 1945 2573 duabus
1973 2523 2173 2591 legibus
2202 2522 2534 2590 przedicando
2564 2532 2855 2587 portantur.
2889 2526 2962 2577 Ab
2984 2527 3218 2593 aquilone
3236 2528 3303 2579 ad

1747 2613 2017 2678 dexteram,
2051 2615 2101 2668 id
2125 2624 2207 2668 est
2235 2627 2428 2682 apertze
2450 2616 2772 2672 inﬁdelitatis
2796 2633 2960 2685 usque
2985 2619 3051 2671 ad
3073 2620 3300 2674 calorem

1748 2702 1886 2764 ﬁdei,
1913 2713 2060 2769 atque
2087 2704 2285 2756 dixistis
2309 2721 2326 2756 :
2360 2705 2478 2756 Utlit
2513 2721 2596 2757 ros
2623 2704 2892 2760 Dominus.
2934 2707 3057 2760 ll:ec
3086 2720 3302 2761 sentcn-

1748 2793 1813 2844 tia
1845 2793 2091 2858 populum
2125 2795 2451 2848 incredulum
2481 2797 2828 2850 demonstrat.
2871 2794 3096 2866 Cumque
3119 2800 3297 2852 audis-

1747 2890 1816 2932 set
1849 2879 2096 2936 Dominus
2115 2898 2283 2937 vocem
2305 2901 2590 2938 sermonum
2623 2904 2641 2939 :
2670 2887 2866 2940 auditio
2915 2886 3123 2942 Domini
3153 2904 3300 2942 more

1747 2971 1971 3024 hominis
2015 2973 2204 3026 dicitur
2246 2990 2531 3027 sermonum
2575 2988 2851 3031 vestrorum
2894 2995 2912 3032 :
2959 2980 3080 3047 quia
3113 2981 3297 3034 nonin

87 3074 268 3118 essent
294 3064 492 3133 indigni
522 3065 570 3117 in
601 3063 715 3131 lege
739 3062 940 3116 Domini
966 3062 1275 3117 inhabitare.
1298 3063 1637 3130 Revertimini,
1669 3063 1715 3128 ο
1745 3060 1945 3115 unitate
1976 3063 2147 3118 audivi
2173 3078 2284 3129 θος,
2306 3075 2356 3117 ιιι
2389 3065 2599 3130 dicitur,
2626 3068 2778 3138 turba
2801 3084 2904 3125 non
2936 3071 3090 3124 unius
3117 3072 3304 3124 volun-

86 3155 134 3208 id
166 3163 252 3208 est
281 3155 329 3207 in
363 3162 570 3221 peccata
606 3162 772 3205 vestra
799 3153 866 3203 ad
898 3151 1197 3221 [Egyptunu
1228 3153 1394 3205 Aliter
1425 3155 1641 3208 reverti-

87 3242 214 3296 mini
249 3257 342 3310 per
367 3241 628 3297 Abraham
651 3281 664 3305 ,
693 3241 866 3306 Isaae,
910 3252 962 3294 et
992 3242 1154 3294 locob
1181 3283 1194 3304 ,
1220 3244 1334 3296 sive
1366 3260 1459 3310 per
1484 3247 1646 3296 histo-

88 3339 222 3389 riam
257 3347 310 3394 et
335 3349 572 3390 sensum.
619 3333 680 3385 Et
708 3335 884 3397 venite,
936 3333 984 3385 id
1031 3344 1112 3385 est
1152 3333 1368 3386 venistis
1399 3335 1460 3386 ad
1495 3350 1643 3388 mon-

89 3440 192 3482 tem
229 3447 241 3482 :
279 3428 329 3481 id
374 3439 475 3494 est,
505 3429 723 3483 venistis
754 3431 816 3482 ad
865 3431 1159 3498 superbiam
1217 3432 1640 3485 Amorrharorum

89 3530 141 3573 ct
173 3518 439 3572 vitiorum.
489 3516 544 3572 Si
588 3528 762 3571 autem
809 3523 858 3570 ln
892 3519 1080 3571 bonam
1117 3530 1316 3587 partem
1365 3521 1642 3572 annuntia-

91 3623 230 3671 nms,
283 3606 418 3660 sicut
464 3605 707 3669 dicimus,
760 3606 837 3658 Ad
882 3617 1119 3670 montem,
1173 3606 1222 3659 id
1251 3617 1351 3672 est,
1378 3607 1440 3658 ad
1484 3607 1638 3659 ﬁdem

92 3699 519 3753 Amorrhteorum
541 3739 556 3762 ,
591 3697 641 3750 id
670 3706 752 3752 est
781 3709 1114 3766 peccatoi-um
1141 3738 1157 3763 ,
1185 3700 1304 3766 quia
1334 3699 1399 3751 de
1423 3709 1643 3762 peccato

90 3799 310 3840 ornatur
340 3786 570 3840 Ecclesia
594 3786 644 3839 in
677 3785 798 3849 ﬁde,
823 3794 1080 3839 etetetera
1111 3785 1161 3839 in
1194 3786 1326 3839 loca.
1355 3788 1430 3839 Ad
1454 3797 1643 3840 caztera

92 3875 215 3926 vitia
251 3875 546 3938 humiliora,
572 3873 637 3927 ad
666 3882 912 3928 montana
936 3889 964 3927 a
986 3875 1099 3943 lege
1131 3877 1243 3938 Dei,
1266 3886 1316 3929 et
1343 3876 1641 3941 humiliora,

93 3966 140 4014 ιιι
169 3975 253 4019 est
285 3972 512 4033 peccata.
537 3965 724 4020 Contra
745 3965 1018 4030 meridiem,
1053 3965 1102 4019 id
1131 3975 1213 4020 est
1243 3967 1641 4032 pr05peritatem

95 4055 248 4122 hujus
281 4056 481 4110 mundi.
516 4055 578 4109 Et
599 4057 752 4126 juxta
776 4057 936 4121 littus,
967 4056 1017 4109 id
1047 4065 1148 4121 est,
1174 4066 1325 4110 teme
1357 4060 1532 4122 maris,
1566 4059 1644 4110 in-

91 4146 220 4212 quit,
247 4147 436 4200 tradidi
472 4148 626 4209 trabis,
661 4147 712 4199 id
750 4153 849 4209 est,
897 4148 1242 4213 prophetiam.
1284 4146 1634 4214 lngredimiui,

95 4234 140 4284 id
170 4247 272 4299 est,
316 4237 367 4288 in
411 4235 722 4298 Ecclesiam,
756 4235 839 4288 vel
883 4235 948 4286 ad
983 4233 1136 4287 ﬁdem
1182 4235 1444 4302 Evangelii
1481 4236 1558 4289 vel
1591 4236 1640 4288 in

94 4338 308 4390 regnum
333 4325 582 4378 caelorum
605 4341 619 4387 ;
647 4333 692 4376 et
720 4323 992 4391 possidere,
1019 4321 1069 4376 id
1099 4331 1180 4378 est
1199 4333 1380 4377 contra
1409 4339 1470 4377 ac
1491 4324 1533 4377 si
1561 4325 1639 4378 di-

1749 3153 1886 3205 tatis.
1941 3155 2108 3208 Aliter
2151 3170 2285 3208 unus
2337 3169 2672 3224 peccatorum
2731 3160 2881 3213 multi
2933 3173 3204 3222 vocantur,
3249 3175 3302 3215 ct

1747 3246 1890 3296 multi
1915 3244 1936 3312 j
1962 3255 2174 3297 istorum
2206 3261 2336 3298 unus
2366 3257 2601 3300 vocatur.
2637 3247 2836 3300 Prmter
2863 3249 3084 3313 (Ialeph,
3113 3251 3198 3316 qui
3235 3252 3295 3300 ﬁ-

1747 3349 1926 3402 gurant
1960 3333 2291 3401 pmnitentize
2323 3343 2486 3387 tenet.
2525 3333 2587 3386 Et
2625 3335 2718 3402 ipsi
2749 3336 2880 3387 dabo
2913 3348 3094 3388 (errant
3119 3377 3132 3400 ,
3166 3352 3226 3390 ac
3255 3338 3297 3389 si

1745 3423 1970 3486 diceret,
2027 3439 2128 3474 non
2189 3423 2401 3475 vocabis
2453 3441 2465 3476 :
2519 3434 2576 3476 nt
2613 3425 2824 3489 dicitur,
2873 3425 3023 3478 Multi
3067 3436 3184 3478 sunt
3215 3444 3300 3479 eo-

1744 3512 1863 3575 cati,
1895 3519 1996 3563 etc.
2049 3511 2211 3576 Quam
2242 3513 2450 3564 calcavit
2495 3530 2582 3582 pes
2628 3526 2804 3579 vester,
2848 3515 2931 3568 hic.
2971 3517 3296 3584 intelligitur,

1744 3599 1880 3666 quod
1913 3600 2011 3652 nisi
2041 3601 2156 3668 quis
2198 3601 2609 3656 cansideraverit
2659 3618 2874 3668 regnum
2929 3603 3016 3656 Dei
3059 3619 3152 3670 per
3178 3621 3297 3657 cre-

1745 3688 2018 3744 dulitatem
2049 3692 2454 3758 praedicationis,
2485 3709 2586 3744 non
2618 3693 2834 3744 intrabit
2860 3693 2909 3744 in
2938 3708 3155 3759 regnum
3181 3708 3289 3746 crn-

1747 3782 1935 3833 lorum.
1980 3781 2092 3834 Bini
2141 3791 2396 3836 vocantur
2422 3782 2487 3834 ad
2531 3793 2724 3834 terram
2759 3783 3092 3850 promissam,
3142 3782 3191 3834 id
3219 3791 3299 3836 est

1744 3870 1939 3940 Caleph
1993 3882 2046 3927 et
2083 3873 2263 3926 .lostie.
2297 3872 2406 3926 Diui
2435 3873 2589 3926 etiam
2619 3873 2813 3926 intrant
2845 3873 2895 3926 in
2929 3888 3149 3941 regnum
3181 3887 3292 3926 ca:-

1746 3963 2018 4026 lorom,’id
2043 3971 2127 4018 est
2161 3965 2248 4031 qui
2281 3964 2410 4016 duas
2450 3964 2594 4032 leges
2637 3964 2875 4030 implent,
2909 3963 3214 4016 innocentes
3240 3972 3295 4015 et

1745 4054 2063 4119 pceoitentes
2086 4092 2100 4116 ,
2130 4055 2240 4106 sive
2268 4068 2461 4120 corpus
2490 4062 2546 4107 et
2590 4055 2782 4106 anima.
2827 4051 3074 4120 Egressus
3119 4055 3296 4106 Amor-

1743 4143 1926 4206 rliarus,
1951 4143 2036 4206 qui
2062 4143 2251 4194 habitat
2279 4145 2328 4196 in
2358 4144 2604 4196 montibus
2627 4187 2642 4210 ,
2673 4144 2723 4198 id
2754 4156 2852 4207 εει,
2885 4143 3115 4198 haeretici
3148 4143 3293 4196 habi-

1745 4243 1914 4287 tantes
1946 4235 1996 4286 in
2025 4248 2169 4301 super
2186 4234 2304 4290 biis.

2368 4325 2590 4382 CAPUT
2627 4326 2712 4382 ΙΙΙ.

93 4423 251 4477 ceret,
286 4428 388 4466 non
419 4427 513 4482 pro
537 4413 686 4467 vobis
718 4432 729 4465 :
759 4415 877 4482 quia
908 4428 1010 4466 non
1048 4414 1334 4478 meruistis,
1375 4416 1468 4469 sed
1519 4430 1632 4484 ιιι-ου
1671 4405 1716 4462 υ
1811 4417 1943 4484 Scyr
1967 4431 2154 4469 nomen
2185 4417 2284 4469 loci
2315 4427 2417 4480 est,
2449 4426 2502 4470 et
2542 4416 2730 4469 llornia
2764 4415 3022 4475 similiter,
3051 4429 3169 4482 qna-
3197 4413 3290 4468 Ee-

96 4512 210 4568 pter
250 4501 579 4557 dilectionem
611 4511 812 4571 patrum
854 4514 1170 4557 vestrorum.
1221 4504 1386 4557 Addat
1415 4507 1639 4559 adhunc

96 4605 373 4655 numerum,
407 4605 572 4656 usque
600 4594 730 4643 sicut
759 4593 951 4645 locutus
976 4602 1046 4645 est
1071 4609 1090 4644 :
1115 4593 1164 4645 id
1196 4603 1295 4659 est,
1326 4596 1402 4648 sic
1428 4597 1527 4648 erit
1555 4611 1638 4650 se-

98 4696 211 4734 nien
241 4694 384 4736 tuum
412 4682 544 4736 sicut
573 4684 739 4736 stellae
766 4685 905 4736 coeli.
940 4682 1065 4733 Date
1089 4699 1153 4736 ea:
1180 4684 1331 4748 vobis,
1364 4686 1412 4738 id
1443 4697 1522 4740 est
1547 4687 1640 4740 eli-

96 4773 198 4834 gite
223 4789 288 4826 ex
319 4774 464 4825 vobis
489 4791 502 4826 ε
531 4774 659 4826 viros
679 4774 944 4842 sapientes,
964 4773 1013 4824 id
1041 4783 1120 4826 est
1146 4775 1194 4826 in
1220 4776 1332 4843 lege
1359 4784 1410 4828 et
1431 4787 1636 4844 gnatos,

100 4863 194 4914 hoc
237 4873 319 4915 est
372 4865 422 4916 in
478 4865 630 4918 rebus
683 4863 874 4931 plebis,
924 4873 976 4916 et
1029 4877 1251 4931 quorum
1307 4869 1636 4917 conversatéo

101 4955 306 5018 probata
336 4953 423 5005 sit.
465 4955 716 5008 Tribunus
755 4958 965 5018 dicitur,
992 4958 1078 5022 qui
1107 4955 1261 5006 tribui
1308 4957 1550 5020 imperat,
1581 4968 1634 5008 ut

99 5041 209 5105 alii;
241 5041 500 5111 signiﬁcat
527 5044 790 5110 doctores,
825 5049 876 5099 in
912 5047 1075 5100 tribus
1100 5043 1296 5113 legibus
1324 5045 1476 5097 tidem
1512 5046 1633 5098 'l‘ri-

101 5130 270 5184 uitatis
296 5132 566 5216 docentes.
610 5135 861 5192 Centurio
911 5154 1053 5197 vero,
1086 5139 1170 5207 qui
1217 5151 1376 5203 super
1421 5147 1627 5191 centum

101 5219 183 5281 δι’,
199 5222 454 5290 signiﬁcat
480 5225 721 5278 dot-tores
747 5231 832 5297 qui
857 5219 1140 5300 praedicant
1163 5229 1374 5294 praemia
1397 5229 1632 5284 Ctelestia

104 5309 147 5357 iii
178 5311 369 5376 futuro,
401 5314 479 5366 vel
510 5317 811 5382 centuplum
844 5321 894 5372 in
928 5321 1191 5389 presenti.
1233 5320 1637 5388 Quinquagens-

106 5398 228 5449 ian
252 5415 408 5468 super
436 5403 808 5471 quinquaginta
831 5409 1073 5462 similiter
1094 5409 1335 5462 doctores
1359 5409 1636 5474 signiﬁcat,

106 5493 452 5550 liuanitentiam
515 5501 876 5564 praedicantes.
933 5503 1298 5572 Unusquisque
1345 5515 1515 5554 autem
1574 5519 1635 5556 cx

119 5581 320 5653 tubicine
369 5589 606 5646 sensibus
664 5593 712 5645 in
757 5593 1002 5660 apostolis
1055 5595 1316 5663 impletur.
1371 5593 1468 5658 Ipsi
1499 5592 1633 5646 cnim

1745 4505 1962 4559 clesiam
1994 4505 2312 4574 signiﬁcant,
2355 4519 2510 4572 quam
2549 4515 2846 4570 peccatores
2890 4514 3289 4572 persequuntur.

1741 4599 1826 4650 Sic
1851 4596 2045 4664 juravit
2075 4596 2348 4656 Dontinus,
2377 4605 2431 4648 ut
2457 4609 2581 4647 vero
2608 4594 2740 4648 dixit
2767 4612 2778 4645 :
2814 4594 2931 4647 Non
2955 4594 3134 4647 videbit
3157 4611 3292 4662 quis-

1741 4688 1896 4754 piam,
1924 4694 1975 4738 et
2005 4685 2224 4753 reliqua.
2259 4687 2430 4750 Arhog
2461 4699 2612 4737 mons
2639 4694 2737 4737 est.
2767 4685 2931 4738 Aroer
2957 4685 3162 4747 civitas,
3197 4686 3293 4738 Ga-

1740 4775 1854 4828 laad
1888 4779 2048 4841 regio.
2083 4775 2229 4828 llloah
2255 4775 2319 4827 ab
2341 4775 2641 4829 Occidente.
2676 4776 2840 4828 Basan
2873 4778 3058 4830 civitas
3091 4777 3156 4830 de
3181 4794 3288 4830 nie-

1739 4865 1825 4917 dio
1871 4867 2038 4918 tribus
2073 4867 2327 4930 lllanassc,
2361 4876 2558 4920 certam
2603 4867 2911 4922 divisionem
2954 4869 3110 4922 habet
3149 4867 3281 4921 inter

1738 4973 1928 5024 corpus
1979 4969 2031 5014 et
2081 4961 2331 5025 animam,
2367 4961 2504 5015 inter
2534 4962 2789 5015 actualem
2825 4971 2876 5015 et
2921 4963 3284 5026 contemplati-

1741 5069 1859 5107 vam
1896 5056 2070 5122 vitam,
2101 5055 2236 5109 inter
2264 5056 2535 5109 historiam
2565 5065 2615 5109 et
2645 5071 2876 5120 sensum,
2911 5055 3052 5121 regio
3080 5063 3133 5106 et
3160 5055 3285 5105 civi-

1740 5154 1871 5200 tates
1919 5157 1972 5200 et
2011 5156 2196 5201 cuncta
2243 5147 2427 5199 Busan.
2468 5146 2688 5199 Gessum
2732 5146 2843 5196 fons
2873 5153 2972 5208 est,
3012 5152 3066 5196 et
3095 5143 3281 5209 Magali

1737 5236 1903 5290 locus.
1935 5238 2060 5307 Jayr
2087 5247 2138 5290 et
2166 5238 2357 5290 Machir
2385 5251 2518 5289 unus
2539 5237 2616 5287 vir
2644 5243 2744 5287 est.
2774 5233 2938 5299 Usque
2952 5233 3019 5284 ad
3041 5234 3282 5295 medium,

1741 5327 1790 5379 id
1813 5336 1894 5379 est
1926 5327 2173 5380 sacerdos
2213 5341 2376 5394 usque
2407 5325 2468 5376 ad
2503 5331 2807 5378 torrentem.
2843 5321 3002 5385 Eboc,
3035 5322 3083 5374 id
3106 5331 3184 5374 est
3213 5320 3276 5375 ad

1741 5415 2068 5470 occidentem
2093 5431 2256 5483 usque
2283 5415 2344 5468 ad
2372 5413 2674 5466 lordanem.
2709 5412 2786 5466 Ad
2813 5411 3111 5478 aquilonem
3136 5425 3289 5465 vene-

1742 5515 1862 5556 runt
1891 5506 1952 5558 ad
1998 5505 2354 5565 occidentem,
2397 5512 2447 5556 ct
2480 5508 2643 5570 usque
2675 5502 2736 5556 ad
2770 5516 2913 5555 mare
2941 5499 3154 5554 deserti.
3205 5498 3282 5553 Asl

1745 5595 2069 5649 occidentem
2119 5595 2328 5652 Suirdos
2391 5594 2600 5648 inutilis.
2660 5590 2856 5646 l‘ascha
2909 5591 2970 5646 ad
3017 5591 3281 5646 dexterum
