3898 6260
582 360 688 414 3δῦ

1079 351 1282 410 ΒΕὓᾹίέ
1322 343 1772 404 VENEllABiLIS
1808 335 2086 434 OPEI‘UI
2126 333 2162 389 Ρ

2272 333 2303 389 5
2342 333 2406 391 11.
2441 365 2510 378 --
2548 333 2928 392 EKEGETICA
2965 331 3287 388 GENUINA.

583 481 806 539 partem.
838 467 1081 539 Expediri
1099 510 1116 534 ,
1145 480 1311 535 usque
1339 464 1458 524 hoc,
1486 465 1738 528 iumenta.
1782 456 1839 511 in
1867 455 1964 509 bac
2005 447 2214 526 δοκι-,Δ
2241 458 2362 505 ante
2386 449 2686 510 Jordanem.
2707 449 2836 504 fides
2861 449 3014 505 trium
3040 447 3235 518 legum,
3257 447 3342 500 vel
3371 444 3510 497 fides
3534 441 3801 495 ττίηἱυιις

583 565 743 618 tentia
768 564 862 615 tria
892 559 1261 622 ostenduntur,
1286 555 1336 610 id
1364 561 1465 621 est,
1488 551 1742 619 inemptiu
1767 548 1818 601 in
1849 543 2134 614 baptismo,

586 656 854 721 possessio
884 655 936 706 in
972 651 1075 704 fide
1095 690 1110 711 ,
1158 649 1402 702 voluntas
1432 646 1483 698 in
1516 635 1816 697 elei-alioue
1846 634 2040 690 mentis
2067 634 2131 686 ad

583 759 838 816 superna.
868 740 1209 806 Proculusque
1227 752 1336 791 sum
1371 734 1665 794 Dominum,
1696 731 1744 783 id
1761 737 1842 782 est
1859 735 1919 781 ut
1941 734 2134 780 terram

586 833 1007 904 repromissionis
1042 832 1282 884 intraret.
1325 825 1527 895 Cepisti
1577 827 1834 879 ostendere
1870 835 2011 874 seruo
2049 827 2135 869 tua

587 921 984 994 magnitudinem
1033 928 1170 972 tuam
1213 931 1231 970 :
1275 915 1326 971 id
1371 925 1455 970 est
1500 914 1553 968 in
1594 911 1919 969 vestimentis
1946 907 2138 963 mentis

588 1012 844 1084 portantis
871 1010 939 1064 de
966 1008 1192 1078 Asigypto
1221 1007 1270 1059 in
1301 1005 1430 1070 mari
1460 1013 1513 1059 et
1537 1004 1590 1058 in
1620 1011 1801 1072 petra;
1823 1010 1878 1054 et
1899 998 1952 1052 in
1979 1011 2138 1051 manu

592 1101 895 1165 fortissima,
922 1097 974 1152 id
1003 1107 1083 1151 est
1111 1097 1162 1150 in
1194 1109 1392 1165 pugnas
1420 1102 1602 1149 contra
1632 1090 2000 1148 Amalechilas.
2033 1087 2136 1142 Ne-

591 1207 694 1262 que
721 1192 863 1246 enim
892 1189 1140 1244 Dominus
1167 1189 1298 1241 alius
1328 1188 1405 1240 vel
1439 1189 1488 1239 in
1512 1185 1648 1240 coelo
1674 1202 1684 1236 :
1719 1183 1837 1236 ideo
1864 1182 1964 1236 hoc
1986 1180 2138 1244 dicit,

591 1281 729 1347 quod
762 1279 951 1334 multos
974 1280 1026 1332 in
1069 1277 1299 1348 Egypto
1327 1277 1568 1340 viderunt
1595 1274 1755 1337 deos,
1785 1274 1872 1341 qui
1903 1287 2006 1327 non
2041 1285 2139 1338 po-

593 1379 802 1426 tuerunt
823 1369 1028 1424 saivare
1054 1367 1281 1436 plebem,
1309 1367 1406 1420 nisi
1441 1365 1713 1438 Dominus,
1747 1363 1893 1417 velut
1922 1378 1973 1416 tn
1999 1371 2138 1415 terra

593 1466 870 1534 imaginem
901 1457 1046 1516 bovis
1081 1461 1341 1523 viderunt.
1387 1459 1443 1512 in
1474 1464 1573 1514 hoc
1606 1468 1780 1512 autem
1811 1455 2003 1509 itinere
2029 1454 2140 1523 ple-

594 1555 776 1610 nituiio
801 1547 1113 1616 ostenditur,
1141 1551 1193 1605 id
1221 1560 1301 1605 est
1330 1564 1426 1619 pro
1456 1551 1532 1603 eis
1554 1550 1640 1617 qui
1671 1547 1998 1604 transierunt
2023 1545 2143 1601 Jor-

596 1647 782 1701 danem
805 1685 822 1711 ,
848 1654 904 1702 et
923 1644 1192 1713 plenitudo
1217 1642 1268 1698 in
1293 1641 1376 1697 his
1408 1641 1494 1711 qni
1527 1648 1899 1696 remanserunt
1924 1639 1974 1693 in
2003 1648 2142 1693 terra

597 1737 770 1793 Monii.
817 1735 1031 1791 Plenam
1079 1735 1220 1789 enim
1263 1733 1315 1788 in
1347 1743 1544 1787 terram
1574 1732 1944 1799 repromissum
1977 1744 2139 1783 vene.

2235 553 2362 624 ante
2385 541 2697 613 baptismum
2718 540 2993 596 indicatur.

2848 629 3069 685 CAPUT
3106 627 3171 682 γ.

2309 723 2373 774 ιιιί
2400 722 2614 774 vidimus
2643 721 2774 790 facie
2803 720 2871 774 ad
2901 721 3099 788 faciem.
3132 719 3242 780 Iioc
3269 732 3335 771 ex
3366 730 3612 783 persona
3651 712 3790 782 Inv:

2236 819 2437 866 tantum
2463 813 2675 867 dicitur.
2712 812 2775 865 Et
2795 813 2988 867 medius
3016 812 3110 879 fui.
3132 821 3183 865 et
3209 810 3435 876 reliqua.
3460 808 3560 863 Sic
3582 819 3636 861 et
3669 807 3802 859 Chr;-

2237 911 2347 958 stus
2376 903 2638 958 mediator.
2659 903 2746 958 Dei
2775 911 2828 957 et
2852 902 3142 955 hominum.
3168 899 3434 953 Timuistis
3452 901 3597 950 enim
3620 899 3798 967 igua.

2239 993 2294 1047 In
2325 989 2422 1050 hoc
2447 994 2651 1062 plebem
2691 1007 2861 1047 suam.
2914 989 3034 1044 Non
3061 989 3362 1056 usurpatis.
3405 987 3578 1040 id.est
3603 1003 3719 1039 non
3753 988 3802 1036 ti-

2239 1097 2402 1149 meas,
2453 1092 2509 1137 ut
2552 1082 2847 1138 sanctifices
2875 1081 3020 1135 illum
3050 1079 3274 1132 victimis
3298 1078 3411 1132 sive
3457 1091 3666 1141 opere.
3721 1077 3802 1129 Sc

2238 1174 2409 1229 diebus
2433 1174 2713 1244 operaberis
2739 1183 2943 1226 terram.
2973 1169 3099 1224 llrec
3118 1169 3378 1223 sententia
3401 1168 3652 1236 figuram
3683 1177 3804 1217 vete-

2243 1267 2319 1321 ris
2342 1264 2666 1319 Testamenti
2695 1272 2855 1326 tenet,
2882 1261 3138 1327 septimus
3165 1259 3280 1314 dies
3314 1258 3554 1320 sabbati,
3594 1256 3800 1324 ﬁgurae

2243 1354 2362 1409 novi
2391 1353 2734 1416 Testamenti,
2761 1352 2814 1406 in
2843 1367 2942 1420 qua
2971 1352 3101 1420 legis
3128 1349 3435 1418 spirituales
3477 1347 3706 1399 hostias
3729 1347 3804 1399 fte-

2244 1446 2388 1499 mino
2407 1444 2698 1498 offerimus.
2725 1442 2837 1496 Non
2865 1441 3188 1496 declinamus
3206 1437 3274 1492 ad
3303 1438 3629 1498 dexteram,
3664 1436 3716 1487 id
3745 1447 3804 1488 est

2244 1537 2306 1589 ad
2322 1551 2503 1589 vanam
2519 1533 2761 1603 gloriam;
2781 1545 2949 1598 neque
2964 1530 3030 1582 ad
3044 1528 3332 1590 sinistram,
3355 1526 3654 1581 adoranda
3667 1525 3804 1580 idea.

2845 1617 3068 1674 CAPUT
3109 1615 3192 1671 Vl.

2323 1712 2509 1779 Diliges
2542 1709 2812 1763 Dominum
2851 1705 3013 1761 Deum
3041 1715 3201 1759 tuum.
3231 1703 3528 1771 imperatio
3555 1714 3617 1759 et
3650 1706 3806 1772 protr}-

597 1835 758 1882 runt:
785 1825 925 1896 quod
954 1824 1210 1894 significat
1234 1823 1608 1892 plenitudinem
1631 1775 1781 1889 legis,
1807 1835 1924 1888 quae
1953 1819 2143 1886 populo
2177 1775 2225 1836 Β
2252 1802 2380 1896 bimo
2405 1775 2581 1896 Ῐιὶ-Ιιξο
2604 1799 2861 1896 “me”?
2892 1797 3210 1896 οξῑθηάξιιιτο
3246 1797 3563 1866 Ιπιρρηιίο.
3587 1798 3724 1851 dum
3745 1799 3808 1848 di-

596 1918 717 1972 data
746 1925 827 1970 est
855 1917 905 1969 in
928 1913 1326 1982 plenitudinem,
1354 1912 1478 1966 dum
1507 1925 1692 1966 sensus
1715 1897 1960 1965 defuerit.
1983 1911 2149 1982 Aliter

597 2019 930 2066 remanentes
958 2006 1010 2062 in
1056 2015 1196 2061 terra
1233 2005 1406 2070 Moab,
1433 2002 1694 2074 significat
1735 2004 1850 2058 illos
1893 2003 1980 2072 qui
2026 2011 2150 2057 ante

601 2105 768 2168 legem
800 2104 850 2157 in
885 2103 996 2170 lege
1023 2101 1250 2164 fuerunt,
1283 2107 1342 2153 ut
1379 2097 1665 2163 Abraham,
1699 2097 1843 2152 Isaac
1870 2103 1926 2150 et
1951 2095 2146 2159 Jacob;

598 2194 683 2248 vel
711 2203 897 2263 gentes
922 2207 1038 2259 qum
1070 2199 1423 2258 pervenerunt
1449 2188 1513 2242 ad
1543 2188 1892 2254 baptismum;
1925 2186 2006 2239 vel
2032 2184 2152 2238 illos

601 2284 691 2352 qui
718 2293 900 2336 contra
943 2282 1262 2349 baptismum
1308 2279 1463 2341 fiunt,
1499 2277 1582 2331 vel
1613 2277 1756 2331 videt
1783 2275 2032 2344 populum
2061 2275 2150 2342 qui

604 2389 709 2429 non
734 2372 1071 2428 crediderunt
1092 2370 1323 2434 Christo,
1353 2383 1470 2423 cum
1500 2368 1614 2436 lege
1643 2364 1909 2436 baptismi.
1931 2365 2151 2420 Terram

604 2479 732 2521 vero
760 2463 1134 2532 repromissum
1165 2460 1455 2518 intrantes.
1501 2457 1800 2527 significant
1829 2440 2152 2521 baptismum

604 2556 942 2624 accipientes,
973 2563 1026 2609 et
1055 2554 1105 2607 in
1137 2552 1368 2607 Ecclesia
1389 2559 1678 2604 manentes.
1708 2546 1960 2610 Reversio
1979 2553 2152 2598 autem

603 2646 814 2699 illorum
835 2684 851 2711 ,
883 2644 935 2697 in
983 2657 1082 2708 qua
1117 2641 1238 2695 facit
1269 2653 1435 2710 pugna
1467 2649 1590 2691 ante
1617 2645 1671 2692 et
1712 2645 1853 2690 retro
1885 2653 1896 2688 :
1938 2634 2156 2689 demon-

603 2742 739 2789 strat
765 2747 994 2803 pugnam
1020 2729 1256 2794 corporis
1285 2738 1336 2782 et
1359 2729 1567 2783 animus.
1597 2727 1656 2780 Hi
1683 2740 1891 2794 quoque
1921 2724 2049 2778 fiunt
2076 2723 2158 2775 in-

607 2834 690 2879 ter
713 2824 866 2882 Moab
890 2862 906 2886 ,
951 2829 1006 2876 et
1044 2822 1181 2875 inter
1211 2827 1404 2874 terram
1451 2816 1897 2883 repromissionis,
1940 2815 2157 2882 figuram

608 2914 921 2984 populorum
955 2920 1174 2976 possunt
1201 2919 1401 2970 tenere,
1433 2904 1849 2975 pervenientium
1875 2904 1941 2959 ad
1982 2903 2159 2958 unita-

606 3014 718 3059 tem
747 3003 878 3070 legis
900 2999 1110 3054 ChriSti.
1143 2997 1262 3053 Non
1283 2998 1412 3050 enim
1439 2996 1670 3050 transibis
1689 2994 1965 3048 Iordanem
1987 2995 2157 3047 istum.

2249 1895 2402 1959 citur,
2448 1891 2670 1964 Diliges;
2713 1889 3018 1958 prohibitio,
3057 1887 3178 1943 Non
3217 1888 3397 1959 diliges
3445 1888 3577 1941 deos
3609 1889 3806 1940 alie-aes.

2248 1983 2436 2048 Aliter,
2475 1983 2585 2036 Non
2631 1980 2837 2048 diliges,
2875 1988 2933 2033 ut
2969 1977 3198 2033 dilexisti
3225 1987 3373 2033 ante.
3421 1978 3560 2032 llaec
3609 1991 3807 2046 quoque

2248 2073 2507 2128 sententia
2555 2071 2806 2140 praecellit
2860 2069 3036 2134 aliud,
3073 2068 3157 2123 ubi
3203 2068 3401 2123 dicitur
3448 2085 3466 2121 :
3516 2066 3649 2121 Non
3699 2068 3808 2119 ads-

2249 2166 2382 2220 rabis
2420 2166 2537 2218 deos
2580 2164 2768 2218 alienos
2796 2202 2813 2230 ,
2861 2161 3002 2229 quod
3045 2160 3273 2227 pertinet
3313 2157 3380 2211 ad
3409 2155 3560 2228 epos
3597 2158 3806 2212 deserti.

2251 2254 2400 2324 Quod
2451 2267 2580 2309 vero
2636 2253 2722 2306 hic
2777 2250 3004 2314 dicitur,
3057 2248 3123 2303 ad
3175 2260 3307 2315 opus
3368 2256 3545 2301 terrae
3601 2249 3809 2314 pertinet

2254 2343 2632 2415 promissionis.
2687 2342 2764 2396 Ex
2819 2353 3046 2408 persona
3091 2353 3301 2408 quoque
3344 2337 3562 2393 veteris
3612 2337 3807 2393 dicitur.

2254 2437 2376 2492 Non
2421 2432 2617 2488 habrbis
2644 2431 2762 2486 deos
2793 2428 3030 2483 alienos:
3061 2428 3139 2483 Ex
3177 2440 3409 2498 persona
3433 2427 3591 2489 novi,
3620 2424 3806 2494 Diliga.

2254 2537 2309 2584 et
2330 2526 2548 2596 reliqua.
2584 2523 2726 2579 More
2749 2536 2958 2594 quoque
2981 2520 3196 2576 artificis
3215 2518 3433 2575 dilectio
3466 2520 3709 2584 primum
3736 2533 3805 2585 pe-

2257 2621 2419 2688 nitur,
2449 2601 2668 2690 quia‘sit
2696 2618 2932 2673 omnium
2973 2614 3337 2669 mandatorum
3384 2612 3802 2666 fundamentum.

2259 2711 2332 2765 Ita
2395 2709 2537 2764 enim
2586 2707 2775 2762 artifex
2831 2703 3224 2760 fundamentum
3281 2701 3458 2772 primo
3515 2703 3711 2773 ponit,
3766 2709 3806 2751 rt

2260 2798 2450 2855 deinde
2513 2797 2736 2853 aedificat
2791 2795 3023 2850 domum.
3076 2793 3166 2857 Sic
3214 2798 3270 2848 et
3328 2807 3434 2850 nos
3479 2793 3650 2854 decet
3708 2798 3811 2852 diie-
3864 2793 3865 2857 1

2262 2891 2491 2946 ctionem
2546 2888 2943 2944 fundamentum
2979 2885 3208 2955 primum
3255 2900 3478 2957 ponere,
3533 2903 3600 2943 ae
3643 2888 3810 2944 deinde

2264 2984 2402 3039 bona
2465 2996 2628 3050 opera
2672 2981 2963 3041 instituere.
3016 2981 3101 3036 se
3143 2992 3248 3037 toto
3290 2982 3481 3044 corde,
3542 2981 3599 3036 id
3655 2992 3730 3036 est
3766 2997 3812 3034 ex

613 3092 744 3147 Dum
770 3091 923 3144 aliter
953 3088 1066 3143 lucc
1107 3087 1366 3142 sententia
1399 3085 1726 3154 intelligitur.
1763 3080 1992 3152 Requies
2019 3079 2161 3138 enim
2195 3099 2237 3159 ρ
2268 3084 2541 3146 partequa
2561 3088 2755 3141 corpus
2774 3074 3055 3127 animatur.
3085 3073 3166 3125 Ea:
3191 3071 3382 3133 enim,
3422 3070 3529 3125 hac
3544 3081 3709 3161 parte
3731 3086 3812 3135 qua

609 3184 820 3239 videtur
842 3226 856 3247 ,
887 3191 938 3237 et
963 3183 1071 3250 jam
1112 3183 1243 3234 visio
1274 3179 1478 3233 Domini
1519 3193 1623 3234 non
1665 3177 1944 3233 habitabit.
1997 3175 2167 3232 Aliter
2271 3165 2582 3236 intelligitur
2606 3179 2768 3233 super
2791 3177 3001 3219 omnem
3029 3169 3342 3217 creaturam.
3368 3159 3440 3214 Et
3468 3177 3539 3215 ex
3560 3159 3675 3215 tota
3702 3160 3812 3230 farti

612 3275 751 3329 visio
781 3288 875 3344 pro
904 3271 1130 3327 vindicta
1165 3268 1502 3340 intelligenda
1532 3278 1615 3324 est
1637 3311 1650 3335 ,
1684 3283 1783 3322 nec
1806 3274 2080 3336 peccatum
2111 3265 2164 3318 in

613 3367 846 3421 futurum
879 3362 1248 3419 vindicaretur.

1222 3449 1446 3506 CAPUT
1485 3448 1570 3503 iV.

686 3545 891 3600 Custodi
912 3559 1029 3612 ergo
1051 3543 1362 3605 temetipsum
1386 3554 1404 3592 :
1434 3537 1484 3590 id
1512 3544 1594 3590 est
1619 3534 1682 3587 ab
1706 3529 1970 3586 adorando
1993 3526 2164 3582 idola:

620 3649 736 3701 qum
767 3635 1040 3692 viderunt,
1072 3631 1121 3682 id
1166 3639 1247 3683 est
1275 3629 1328 3681 in
1354 3625 1744 3692 scriptionibus.
1773 3619 1989 3674 Ardebat
2017 3632 2173 3684 usque

618 3726 686 3778 ad
705 3704 904 3778 omium.
936 3719 1284 3791 llyperbolice
1313 3717 1413 3771 hoc
1441 3716 1592 3768 dixit.
1635 3713 1815 3765 Vocem
1841 3711 2077 3763 arborum
2108 3709 2172 3761 il-

621 3819 720 3871 lius
748 3814 982 3877 audistis,
1009 3810 1057 3872 id
1087 3819 1165 3864 est
1188 3809 1389 3877 legem;
1426 3806 1502 3858 vel
1527 3805 1611 3858 hic
1636 3818 1755 3872 pars
1781 3817 1876 3869 pro
1903 3810 2012 3855 toto
2036 3799 2172 3853 dici-

625 3919 730 3969 tur,
753 3915 806 3959 et
827 3906 1048 3957 formam
1076 3899 1282 3968 penitus
1307 3913 1410 3952 non
1445 3895 1664 3949 vidistis.
1695 3893 1936 3947 Forsitan
1965 3888 2102 3944 enim
2129 3887 2174 3940 si

624 3996 881 4050 vidissent
905 3993 1159 4054 formam,
1186 3990 1433 4043 fecissent
1482 3987 1761 4055 imaginem
1789 4003 1802 4038 :
1834 4001 1936 4038 non
1971 3981 2176 4037 vidistis

623 4085 849 4152 aliquam
902 4079 1299 4135 similitudinem
1366 4076 1656 4145 maiestatis
1709 4073 1799 4128 Dei
1839 4074 1998 4126 illius.
2044 4073 2177 4124 Deus

622 4175 913 4238 tumulator,
970 4172 1019 4225 id
1067 4180 1150 4224 est
1193 4168 1402 4237 quando
1447 4183 1550 4222 non
1599 4165 1904 4221 excedimus
1960 4162 2176 4217 modum

628 4263 849 4332 peccati.
882 4261 1045 4314 Testes
1074 4262 1246 4313 invoro
1271 4258 1446 4314 mlunt
1470 4269 1514 4312 et
1539 4267 1745 4320 terram,
1777 4255 1827 4308 id
1850 4263 1933 4309 est
1955 4254 2005 4306 in
2028 4254 2180 4306 ausi-

629 4355 700 4405 lio
730 4353 873 4409 bino.
901 4349 1282 4415 Terret'plebem
1305 4387 1319 4410 ,
1347 4347 1396 4400 id
1425 4357 1506 4400 est
1529 4348 1688 4399 verbo
1717 4346 1806 4399 Dei
1834 4385 1850 4408 ,
1880 4354 1931 4396 et
1953 4359 2176 4410 persona

2271 3258 2467 3321 tudine,
2493 3255 2546 3311 id
2568 3265 2651 3312 est
2680 3264 2827 3326 parte
2851 3254 3088 3323 corporis
3115 3270 3130 3319 ;
3159 3262 3216 3308 ut
3245 3252 3577 3308 extollerent
3602 3250 3808 3307 altitudi-

2269 3364 2388 3404 nem
2417 3358 2781 3404 creaturarum
2809 3347 3034 3401 similem
3063 3344 3225 3400 fuisse
3245 3343 3515 3398 altitudini
3539 3343 3809 3414 Creatoris.

2269 3442 2461 3509 Aptum
2493 3447 2669 3492 autem
2699 3437 2798 3492 fuit
2823 3439 2990 3491 tribus
3016 3437 3147 3492 locis
3181 3433 3432 3502 imperari
3460 3433 3808 3490 dilecﬁonem.

2272 3528 2324 3582 in
2347 3529 2504 3582 corde
2533 3538 2586 3582 et
2609 3527 2785 3581 anima
2823 3511 2879 3582 et
2919 3525 3245 3588 fortitudine,
3274 3525 3399 3578 dum
3428 3532 3532 3578 tres
3569 3515 3812 3577 habitatio-

2272 3635 2380 3684 nes,
2412 3619 2463 3696 id
2504 3631 2586 3674 est
2613 3618 2902 3690 Egyptum
2943 3626 2995 3673 et
3021 3631 3278 3679 eremum,
3309 3624 3363 3670 et
3411 3624 3618 3669 terram
3659 3626 3814 3696 repro-

2272 3693 2541 3766 missionis
2570 3683 2888 3768 babiierunt.
2939 3709 3107 3764 Aliter
3135 3707 3350 3769 dicitur,
3386 3705 3556 3759 corde
3591 3713 3643 3758 et
3667 3683 3812 3755 an’itm

2275 3817 2370 3870 pro
2409 3815 2514 3854 uno
2551 3800 2840 3869 accipitur;
2883 3807 2937 3853 et
2988 3796 3314 3858 fortitudine,
3345 3793 3609 3848 secundo.
3649 3795 3812 3858 Δμωω

2276 3899 2357 3946 est
2383 3892 2546 3955 enim,
2577 3900 2633 3944 ut
2657 3891 2862 3944 duobus
2882 3888 3012 3944 locis
3032 3885 3244 3942 dilectio
3262 3883 3352 3948 sit,
3375 3883 3503 3938 dum
3531 3896 3721 3936 omnes
3739 3883 3816 3932 ho-

2277 3983 2444 4044 mines
2476 3981 2676 4034 duabus
2716 3978 3011 4032 consistunt
3036 3972 3366 4035 substantiis,
3404 3970 3587 4024 anima
3633 3981 3689 4025 et
3719 3986 3812 4023 eor.

2277 4091 2405 4144 pore
2429 4093 2442 4140 ;
2475 4074 2560 4130 vel
2589 4073 2792 4127 duabus
2817 4070 2954 4135 aliis,
2973 4069 3022 4121 id
3047 4075 3130 4120 est
3151 4079 3286 4132 pane
3312 4062 3431 4117 sine
3459 4060 3756 4122 fermento;
3776 4069 3815 4112 et

2279 4143 2439 4217 manu
2468 4173 2575 4229 tua,
2599 4162 2740 4217 idest
2760 4175 2919 4230 opere
2934 4166 3043 4211 tuo.
3066 4155 3129 4208 In
3158 4153 3365 4215 lumine,
3388 4143 3444 4206 id
3474 4159 3562 4207 est
3589 4153 3645 4207 in
3663 4163 3813 4220 opere.

2855 4249 3050 4311 CAPP.
3091 4245 3345 4301 VII-XIII.

2349 4344 2480 4398 Cum
2509 4357 2634 4396 vero
2662 4341 2724 4394 ad
2768 4338 3030 4395 Abraham
3063 4337 3314 4392 Dominus
3341 4335 3410 4389 de
3439 4336 3628 4391 futuro
3659 4336 3811 4400 laques

3715 326 3801 379 iiii

629 4458 724 4496 sua
754 4441 946 4495 coelum
974 4449 1028 4494 et
1055 4449 1286 4501 terram;
1337 4451 1396 4491 ac
1437 4437 1480 4490 si
1522 4436 1721 4489 diceret
1763 4453 1776 4486 :
1823 4433 1992 4486 Testes
2045 4433 2177 4486 uocis
2207 4452 2261 4513 ι)
2286 4445 2468 4499 retur,
2514 4449 2618 4488 non
2665 4443 2869 4502 septem
2908 4441 3115 4501 gentes,
3162 4428 3254 4484 sed
3302 4427 3488 4481 decem
3521 4428 3810 4485 dinumerat,

628 4544 774 4589 erunt
803 4533 978 4586 ccelum
1006 4540 1052 4583 et
1083 4540 1237 4591 terra,
1266 4527 1396 4596 quod
1417 4527 1460 4580 si
1485 4525 1810 4578 adoraveritis
1833 4523 1950 4577 deos
1970 4524 2177 4584 alienos,

630 4625 825 4678 cmium
851 4621 1059 4676 vocabis
1083 4661 1096 4682 ,
1122 4636 1218 4671 non
1250 4619 1385 4685 pluet
1413 4632 1564 4684 super
1594 4619 1775 4666 terram
1797 4654 1810 4677 ,
1843 4624 1890 4665 et
1919 4624 2054 4666 terra
2083 4629 2182 4664 non

633 4714 929 4785 {terminabit
953 4713 1167 4780 fructum
1191 4725 1353 4762 suum.
1387 4708 1452 4759 Et
1479 4707 1670 4768 dicetis,
1708 4706 1921 4769 Quando
1943 4705 2186 4756 adorave-

640 4807 740 4857 rint
769 4805 885 4856 liic.’
913 4803 982 4856 Ili
1021 4811 1135 4855 sunt
1167 4810 1330 4864 testes,
1357 4798 1441 4866 qui
1492 4797 1708 4850 invocati
1736 4804 1853 4849 sunt
1893 4810 2043 4862 super
2074 4809 2182 4858 nos,

638 4894 682 4946 si
719 4893 1098 4960 adoraverimus
1133 4890 1250 4942 deos
1277 4889 1488 4942 alienos.
1529 4886 1694 4939 Aliter
1717 4886 1907 4940 coelum
1936 4892 1991 4939 et
2020 4865 2186 4948 terra,“

642 4985 866 5039 animam
914 4994 967 5037 et
994 4997 1182 5048 t‘orptts
1227 4981 1523 5050 significare
1554 4987 1791 5044 possunt,
1838 4976 1921 5028 vel
1952 4977 2190 5028 incarna-

643 5079 836 5131 tionem
873 5081 925 5127 ct
950 5073 1299 5134 divinitatem,
1334 5071 1416 5125 vel
1451 5072 1614 5140 legem
1647 5071 1828 5124 litterae
1856 5077 1910 5124 et
1945 5067 2064 5120 novi
2090 5067 2190 5119 Te-

646 5165 913 5224 stomenti,
944 5179 1059 5231 quae
1103 5179 1203 5215 non
1233 5161 1428 5223 vident,
1459 5178 1554 5214 nec
1583 5161 1818 5215 audiunt.
1863 5159 1916 5212 In
1945 5158 2043 5210 hac
2070 5171 2189 5209 sen-

646 5258 805 5311 tentia
857 5256 1151 5320 prrecavet‘,
1194 5252 1329 5322 quod
1381 5252 1570 5304 multas
1621 5251 1872 5320 imagines
1927 5250 2188 5303 idolorum

644 5346 780 5413 apud
810 5344 1132 5398 Chananmos
1155 5345 1427 5397 vidissent.
1461 5341 1562 5400 Per
1582 5345 1895 5405 tentationes,
1928 5342 1976 5395 id
2004 5348 2102 5403 est,
2134 5349 2191 5392 ut

648 5439 700 5490 in
750 5435 1020 5488 Mannaan.
1071 5435 1133 5488 Et
1180 5437 1229 5488 in
1277 5436 1688 5504 alienigenarum,
1723 5435 1770 5487 id
1800 5445 1881 5488 est
1913 5432 2187 5488 Amalech.

649 5530 832 5597 Signa,
861 5529 905 5580 id
929 5536 1010 5581 est
1039 5528 1245 5595 figuras.
1275 5529 1434 5595 Atque
1461 5536 1708 5596 portenta,
1737 5536 1793 5580 ut
1822 5527 1912 5580 fuit
1949 5537 2188 5592 serpens.

651 5618 926 5673 Robustum
955 5633 1188 5680 manum,
1222 5617 1575 5684 brachiumque
1618 5625 1899 5679 extentum,
1949 5615 1998 5667 id
2030 5621 2109 5666 est
2141 5613 2188 5663 in

649 5721 865 5774 pugnas.
927 5709 1023 5763 Per
1073 5716 1175 5761 tres
1222 5707 1454 5760 civitates
1500 5723 1626 5774 quas
1673 5705 1932 5773 superavit
1987 5706 2189 5772 Moyses

2287 4541 2505 4594 quarum
2532 4534 2726 4579 terram
2761 4538 2943 4578 semen
2975 4522 3115 4574 illius
3151 4518 3446 4588 possideret
3481 4536 3493 4570 :
3523 4520 3621 4587 qui
3659 4533 3810 4572 nume-

2289 4629 2379 4668 rus
2425 4613 2626 4679 adjecta
2666 4609 2962 4665 idololatria
2991 4607 3247 4676 gentium,
3285 4605 3621 4673 blasphemia
3644 4606 3810 4662 ludar

2291 4717 2427 4765 rum,
2468 4700 2834 4755 haereticorum
2883 4711 3084 4762 errore,
3139 4695 3414 4751 verissime
3463 4694 3810 4764 adimpletnr:

2292 4794 2479 4864 quibus
2543 4793 2710 4847 donec
2767 4792 3027 4848 intellectu
3064 4789 3363 4861 'Egyptuut
3415 4793 3810 4844 commemorat.
3864 4855 3865 4870 χ

2294 4880 2583 4940 multitudo.
2600 4878 2859 4947 subjacet.

2362 4977 2416 5033 Si
2446 4988 2617 5047 autem
2660 4975 2774 5043 quis
2816 4988 3060 5046 egressus
3092 4974 3161 5027 de
3193 4971 3446 5040 Egypto,
3499 4968 3564 5023 ad
3615 4979 3811 5024 meum

2292 5066 2580 5137 perveniat,
2611 5065 2868 5132 spirituali
2903 5063 3056 5117 trium
3080 5061 3282 5114 dierum
3328 5060 3551 5126 itinere,
3585 5059 3657 5114 de
3682 5061 3813 5118 impu-

2292 5160 2534 5241 gnatione
2561 5159 2788 5224 gentium
2815 5154 3116 5208 liberabitur
3145 5169 3157 5203 :
3198 5167 3316 5220 quae
3340 5161 3542 5218 septem
3586 5148 3814 5219 princip-

2291 5239 2511 5306 iia'vitia
2541 5249 2782 5316 figurant,
2815 5258 2930 5313 qua:
2964 5259 3056 5309 per
3101 5241 3191 5296 Dei
3231 5242 3452 5309 gratiam
3489 5239 3811 5309 deliquisse!
3864 5299 3865 5316 1

2295 5342 2445 5394 miles
2474 5340 2654 5393 vincit.
2685 5335 2834 5402 Quod
2865 5348 2992 5388 vero
3021 5333 3219 5386 numeri
3249 5332 3478 5399 majores
3513 5343 3642 5384 esse
3667 5328 3813 5381 dies!»

2295 5442 2397 5493 tur,
2441 5431 2550 5483 haec
2581 5427 2716 5480 ratio
2759 5433 2860 5485 est,
2907 5423 3026 5488 quia
3064 5421 3209 5488 plura
3251 5419 3376 5473 vitia
3409 5433 3568 5486 quam
3605 5417 3798 5469 virtute!

2296 5520 2447 5586 Quod
2471 5519 2679 5582 dicitur,
2711 5513 2829 5568 Non
2855 5513 2947 5566 ibis
2978 5528 3090 5564 cum
3135 5512 3228 5572 eis,
3281 5510 3331 5564 id
3384 5517 3468 5563 est
3497 5508 3552 5563 in
3576 5499 3816 5559 adeundo

2296 5611 2457 5675 idola,
2492 5604 2882 5674 intelligendum
2912 5610 3012 5657 est.
3056 5601 3357 5668 Scissusque
3384 5599 3557 5667 fortis,
3581 5595 3639 5650 id
3667 5603 3742 5651 est
3761 5591 3815 5642 iti-

2294 5717 2418 5757 nere
2450 5697 2708 5755 Jordnnis.
2744 5693 2852 5749 sive
2879 5693 2928 5748 in
2963 5692 3166 5761 pugnis.
3201 5688 3411 5756 Auferat
3444 5683 3745 5741 Dominae
3767 5690 3812 5728 ε(-

3858 909 3862 947 i
