3898 6260
98 435 224 489 385

99 544 167 594 id
196 547 279 593 est
303 530 676 604 plenitudinem
716 527 870 588 hanc,

101 630 170 682 i~|
204 597 488 682 cstdecem
520 621 693 687 plagas
721 613 954 684 Egypti.
1006 609 1123 663 Nm
1153 615 1315 675 parcet
1355 601 1454 654 illis
1485 597 1656 651 oculus

95 729 257 778 suns.
288 725 341 771 et
368 713 588 781 reliqua.
622 707 677 762 In
712 706 814 760 hoc
840 705 1047 758 illorum
1077 695 1347 765 cupiditati
1377 698 1655 760 prmcavet.

99 807 292 861 Nolite
333 778 596 862 metuere,
627 797 744 864 quia
778 795 931 848 timor
960 789 1376 858 impcriectorum
1406 788 1507 834 est.
1541 778 1658 830 Non

101 904 293 964 parcet
315 893 484 946 oculus
507 899 661 940 tuus:
693 885 740 953 id
771 897 874 947 est,
923 881 1023 935 diis
1053 879 1276 938 illorum,
1311 872 1360 924 id
1392 879 1493 934 est,
1516 866 1663 932 cupi-

105 963 260 1040 tiitas
286 996 370 1039 tua
403 983 544 1036 vitiis
570 979 798 1033 illorum.
826 974 1121 1034 Crabrones,
1153 969 1204 1020 id
1227 975 1307 1020 cst
1336 963 1458 1016 mali
1491 972 1664 1013 mores

106 1076 352 1128 illorutn.
409 1072 544 1125 Deus
591 1082 802 1137 magnus
844 1066 910 1117 ad
948 1062 1227 1121 libandum,
1257 1067 1304 1109 et
1348 1052 1582 1106 terribilis
1610 1051 1664 1101 in

103 1167 361 1219 rinditta.
388 1160 536 1228 Quod
575 1173 699 1212 vero
723 1155 879 1219 dicit,
914 1153 989 1204 De
1015 1149 1240 1219 gentibus
1278 1161 1378 1197 non
1417 1141 1662 1204 delcndis,

109 1257 316 1325 pariter
342 1268 404 1306 ne
442 1255 569 1320 forte
599 1248 754 1311 bestia
800 1241 1250 1311 multiplicarentur
1284 1243 1459 1287 contra
1502 1230 1619 1282 illos
1647 1241 1667 1280 :

105 1317 418 1401 'cavendum
442 1317 592 1395 nobis
611 1351 728 1392 esse
755 1332 1007 1397 ostendit,
1040 1343 1106 1382 ne
1135 1317 1266 1380 forte
1287 1319 1670 1389 expulsispec-

115 1438 266 1492 catis
290 1452 317 1488 a
343 1449 500 1490 carne
529 1443 728 1491 nostra,
769 1435 822 1480 et
850 1430 1067 1492 repente
1091 1414 1374 1485 superatis,
1420 1409 1672 1464 accedant

113 1535 311 1580 eontra
343 1537 440 1575 nos
470 1517 648 1574 bestia:
675 1513 1004 1584 spirituales,
1037 1508 1138 1560 hoc
1162 1513 1244 1558 est
1266 1501 1511 1572 iactantia
1535 1535 1553 1564 ,
1585 1497 1670 1551 vel

115 1614 402 1679 superbia,
431 1611 509 1665 vel
540 1619 684 1663 certe
713 1619 843 1658 vana
869 1601 1054 1671 gloria,
1083 1612 1198 1668 quae
1224 1593 1548 1649 surrexerint
1573 1603 1674 1642 ma-

113 1709 232 1774 jori
266 1707 438 1760 labore
464 1699 888 1767 exstirpabuutur
914 1707 1070 1762 quam
1101 1686 1328 1744 carnalia
1357 1684 1504 1737 vitia.
1544 1679 1675 1735 Loth

117 1772 276 1850 enim
299 1805 352 1848 et
379 1795 431 1847 in
457 1803 634 1845 mon'e
667 1787 868 1857 positus
910 1779 1187 1836 concubitu
1216 1774 1415 1830 nefario
1443 1772 1675 1842 pollutus

495 1844 739 1933 Sodomis
768 1872 1009 1926 habitans
1053 1881 1112 1922 se
1155 1861 1435 1927 continuit,
1468 1869 1526 1913 ut
1574 1873 1677 1912 non
1707 1844 1754 1902 Β

126 1945 402 2040 peccaret.
447 1969 523 2020 Ac
564 1979 658 2034 per
701 1964 802 2016 hoc
841 1959 1188 2026 quodcunque
1211 1952 1391 2004 vitium
1421 1945 1687 2014 expuleri-

135 2037 286 2122 inus,
316 2060 490 2112 statim
512 2056 628 2108 loco
657 2053 797 2107 illius
826 2051 1088 2119 plantetur
1117 2045 1285 2098 virtus
1315 2059 1327 2094 :
1359 2053 1425 2094 ne
1454 2037 1590 2092 forte
1613 2051 1690 2091 re-

131 2151 323 2220 pulsus
371 2146 606 2216 spiritus,
659 2146 848 2196 iterum
894 2145 1164 2192 revertens
1197 2131 1430 2186 inveniat
1475 2128 1688 2182 domum

129 2248 372 2293 swstram
403 2242 692 2288 vacantem.
730 2227 903 2296 Dispe,
952 2225 1001 2278 id
1041 2234 1120 2278 est
1160 2235 1324 2292 genus
1368 2219 1688 2285 viperarum,

127 2327 286 2398 quod
334 2323 700 2379 hereticorum
746 2327 890 2374 tenet
933 2320 1150 2384 ﬁguram
1179 2354 1195 2379 ,
1247 2312 1336 2382 qui
1383 2311 1690 2364 Trinitatem

137 2415 540 2482 lilaspliemans,
599 2409 737 2480 quod
791 2408 889 2462 sub
933 2407 1229 2474 iuramento
1279 2400 1540 2471 pollicitus
1587 2407 1691 2452 est.

135 2508 295 2561 Jurat
344 2504 590 2577 Dominus
639 2516 731 2572 per
763 2499 1019 2567 seipsum,
1054 2498 1173 2565 quia
1201 2509 1302 2547 non
1335 2492 1493 2546 habet
1535 2490 1693 2542 alium

135 2596 415 2660 altiorem,
440 2608 536 2662 per
562 2606 717 2660 quem
743 2591 902 2657 juret.
944 2586 1025 2639 En
1066 2583 1268 2638 Domini
1300 2582 1389 2635 Dei
1415 2579 1488 2634 tui
1518 2581 1695 2633 emtum

137 2695 243 2748 est,
298 2696 360 2735 ac
414 2681 458 2734 si
513 2681 734 2741 diceret,
785 2677 943 2730 habet
988 2674 1236 2726 Dominus
1287 2678 1618 2736 potestatem,
1651 2666 1696 2719 si
1763 2690 1765 2692 ·

145 2777 297 2844 pluat
321 2772 510 2826 uelum
541 2808 556 2829 ,
584 2781 650 2820 an
679 2781 781 2820 non
811 2779 968 2830 super
995 2775 1110 2814 nos.
1144 2760 1207 2812 Et
1247 2759 1424 2811 mlum
1453 2758 1563 2811 caeli
1587 2796 1602 2817 ,
1643 2754 1694 2808 id

145 2875 238 2934 est
278 2862 446 2915 stella:
491 2876 506 2911 :
556 2859 708 2911 aliter
748 2870 841 2923 per
880 2852 1070 2907 caelum
1101 2848 1270 2918 angeli
1313 2848 1692 2915 intelliguntur.

145 2931 360 3013 Cotlutn
395 2961 520 3003 vero
547 2945 690 3010 coeli,
730 2943 916 2996 animae
943 2949 1240 2994 sanctorum
1262 2976 1277 3002 ,
1319 2947 1376 2987 ut
1402 2941 1503 2988 est.
1533 2931 1695 2986 Stella

151 3044 300 3098 enim
346 3055 376 3094 a
415 3037 564 3093 stella
590 3036 770 3090 dill'ert
815 3029 866 3087 in
887 3032 1142 3094 claritate,
1175 3029 1242 3081 ita
1281 3035 1338 3080 et
1381 3021 1697 3078 resurrectio

150 3140 506 3191 mortuorum,
560 3125 640 3179 vel
684 3121 906 3177 historia
935 3129 984 3173 et
1011 3121 1231 3178 sensus,
1261 3126 1313 3170 et
1336 3121 1472 3166 terra
1493 3150 1508 3173 ,
1538 3109 1699 3166 idest

152 3223 356 3275 fructus
378 3229 530 3272 terra
554 3254 569 3282 ,
595 3214 675 3268 vel
702 3225 894 3280 corpus
920 3220 969 3263 ct
991 3207 1160 3261 anima
1181 3245 1198 3268 ,
1227 3213 1280 3258 et
1299 3203 1470 3256 omnia
1499 3213 1616 3268 qua:
1645 3197 1697 3250 in

163 3312 244 3365 eis
272 3317 416 3372 sunt,
447 3306 500 3360 id
529 3314 609 3359 est
636 3303 802 3358 Adam
827 3315 945 3356 cum
972 3311 1070 3351 suo
1089 3308 1299 3365 genere.

232 3397 372 3451 Deus
400 3409 613 3465 magnus
643 3433 659 3457 ,
692 3391 742 3444 id
771 3399 854 3444 est
890 3390 940 3443 in
969 3386 1218 3456 Egypto.

233 3487 300 3540 Et
323 3495 514 3556 potens,
546 3483 596 3538 id
623 3490 706 3536 est
728 3481 779 3533 in
805 3478 957 3532 mari.
1158 3472 1160 3474 ’

238 3575 519 3640 Terribilis,
547 3583 727 3645 contra
757 3567 1029 3624 Amalech.

238 3663 341 3728 Qui
379 3643 616 3730 personas
654 3674 754 3710 non
782 3655 998 3724 accipit,
1029 3649 1338 3718 vituperavit
1367 3647 1449 3699 hic
1475 3643 1709 3714 plebem,
1775 3674 1778 3675 ν

164 3755 257 3825 qui
292 3743 539 3822 personas
563 3746 850 3815 acciperet.
1016 3805 1018 3810 ν

244 3815 363 3910 Ipse
388 3849 457 3892 est
472 3836 592 3888 laus
613 3843 716 3898 tua,
748 3832 799 3885 id
828 3839 929 3894 est,
955 3815 1021 3882 ut
1039 3827 1208 3896 ipsum
1235 3822 1436 3878 laudes.

247 3931 392 3985 Mare
412 3927 662 3990 Rubrum,
693 3923 1097 3993 propterlinmm
1127 3915 1474 3972 rubicundum
1502 3914 1714 3968 dicitur.

247 4019 414 4072 I’ones
440 4015 799 4070 benedictiortes
842 4025 990 4086 super
1017 4018 1254 4061 montem.
1306 4005 1428 4059 llaec
1456 4008 1717 4058 sententia

175 4110 392 4178 respicit
427 4110 490 4161 ad
536 4107 710 4160 locum
742 4103 827 4157 ubi
858 4102 1082 4157 dicitur:
1126 4098 1291 4152 Testes
1319 4098 1494 4151 invoco
1540 4094 1721 4148 calum

175 4216 224 4256 et
252 4212 455 4266 terram,
485 4199 570 4252 sed
597 4199 698 4250 duo
723 4203 914 4260 montes
943 4193 994 4244 in
1021 4189 1352 4244 testimonium
1375 4191 1716 4258 proferantur,

176 4297 254 4345 Ac
281 4290 322 4342 si
351 4289 551 4343 diceret
578 4303 589 4337 :
622 4283 889 4337 llahehitis
916 4279 1305 4332 benedictiones
1332 4290 1490 4342 super
1529 4287 1624 4326 vos
1649 4289 1653 4292 ν
1676 4271 1720 4323 si

183 4386 351 4449 legem
384 4378 584 4433 Domini
613 4369 986 4434 custodieritis,
1023 4381 1077 4422 et
1104 4362 1493 4422 male’dictiones
1548 4362 1592 4416 si
1618 4375 1719 4414 non

181 4448 561 4524 etiSIodieritis.
617 4463 782 4517 Aliter
831 4459 1128 4513 benedictio
1179 4449 1354 4521 super
1399 4461 1606 4505 montes
1655 4448 1720 4500 ad

186 4559 347 4611 Israel
379 4557 633 4624 pertinet,
681 4549 983 4604 maledictio
1023 4561 1149 4600 vero
1194 4548 1256 4597 ad
1283 4543 1628 4597 Chananaos.
1662 4538 1724 4594 lii

182 4660 396 4716 quoque
424 4651 627 4696 montes
668 4641 718 4693 in
750 4648 890 4692 terra
935 4634 1356 4705 repromissionis
1393 4649 1510 4687 esse
1545 4632 1728 4686 dicun-

189 4752 298 4800 tur,
339 4747 390 4790 et
420 4733 506 4786 alii
537 4731 836 4785 nominibus
863 4729 1120 4781 nominari
1145 4767 1161 4789 ,
1193 4729 1242 4780 id
1273 4735 1384 4790 est,
1418 4723 1646 4778 Libanus
1678 4725 1727 4777 iu

189 4842 339 4897 parte
367 4823 635 4892 Aquilonis
658 4861 672 4881 ,
722 4829 777 4873 et
806 4817 1034 4870 Libanus
1080 4818 1249 4869 minor
1289 4818 1341 4868 in
1371 4816 1551 4868 dextra
1584 4821 1731 4881 parte

189 4914 425 4984 ejusdem
453 4919 629 4965 terra.
667 4905 771 4960 Sed
803 4904 870 4956 ab
896 4903 1012 4954 aliis
1042 4899 1249 4964 dicitur,
1280 4902 1420 4983 quod
1450 4902 1500 4955 hi
1525 4910 1731 4963 montes

194 5012 434 5058 nontam
482 4996 829 5053 historialiter
867 4993 1088 5045 fuissent
1132 4980 1381 5056 quani'ad
1413 4993 1734 5042 tcstitlcatio-

197 5108 319 5149 nem
351 5090 724 5145 benedictionis
748 5097 799 5141 et
822 5082 1200 5140 maledictionis
1221 5082 1486 5133 dicuntur.
1518 5081 1749 5148 Mystice,

200 5193 375 5237 autern
414 5182 465 5233 hi
494 5181 600 5232 duo
648 5186 854 5231 montes
899 5190 993 5243 pro
1022 5171 1225 5226 duabus
1271 5169 1472 5234 legibus
1519 5176 1741 5235 possunt

204 5272 389 5339 accipi.
437 5267 596 5322 Gebal
639 5280 737 5333 pro
768 5263 952 5330 veteri,
977 5262 1065 5330 qni
1108 5259 1388 5314 vindictam
1451 5257 1738 5308 commisit.

202 5359 444 5417 Gasarim
484 5370 579 5424 pro
617 5368 782 5417 novo,
825 5353 910 5421 qui
941 5349 1316 5419 indulgentiam
1366 5344 1563 5399 docuit.
1618 5344 1745 5398 Pos-

207 5458 331 5506 sunt
375 5447 531 5502 etiam
581 5443 632 5497 bi
677 5450 882 5495 montes
927 5442 1276 5496 summitatem
1306 5436 1655 5503 perfecturum
1693 5442 1746 5487 et

207 5539 505 5607 superbiam
534 5533 815 5603 impiorum
841 5530 1201 5585 demonstrare
1220 5568 1234 5592 ,
1285 5526 1363 5579 vel
1393 5524 1529 5594 quod
1563 5524 1614 5578 in
1647 5524 1750 5578 tlne

210 5633 398 5685 dicitur
429 5631 544 5684 vita:
569 5645 583 5681 :
625 5625 804 5681 Venite
827 5665 840 5689 ,
873 5623 1116 5677 benedicti
1145 5623 1314 5676 Patris
1361 5621 1476 5683 mei,
1501 5618 1751 5689 possidete

213 5714 416 5797 regnum
443 5724 577 5793 quod
624 5729 849 5792 paratum
880 5702 950 5769 est
995 5715 1162 5778 robis,‘
1195 5723 1245 5768 et
1274 5713 1488 5781 reliqua.
1525 5709 1618 5762 Et:
1654 5707 1750 5774 lle,

745 419 809 473 ΙΝ
852 405 1339 471 PENI‘ATEUCIIU
1353 404 1395 458 Μ
1436 397 1703 456 ΕΟΜΜΕὲ

1816 394 1924 448 nu.
1965 381 2032 432 ἓ-
2073 388 2674 447 υιςυιι-,ιιυδοιιιωι

905 533 959 577 et
1005 517 1331 574 inﬁrmitates
1378 511 1650 578 pessimas.
1685 507 1730 564 Α
1759 503 2036 567 maledicti,
2067 503 2118 554 in
2145 503 2308 570 ignem
2327 509 2583 552 wternunt.
2628 495 2790 549 Aliter
2823 492 2982 544 Gebal
3017 506 3109 558 pro
3137 492 3298 542 male-

3199 377 3301 432 διισ

1761 593 2012 655 dictione,
2056 606 2148 658 pro
2179 599 2326 658 parte
2363 588 2536 641 carnis
2569 585 2778 653 ponitur
2800 623 2813 644 ,
2863 583 2997 633 sicut
3026 592 3078 633 ct
3109 579 3298 631 Paulus

1759 682 2028 752 apostolus
2053 680 2152 734 ait:
2186 679 2305 733 Scio
2332 677 2464 745 quod
2492 691 2590 728 non
2616 683 2686 725 est
2716 675 2893 724 bonum
2924 671 2973 721 in
2991 683 3138 721 carne
3159 681 3290 718 mea.

1761 772 1996 826 Gazarim
2026 785 2143 823 cum
2185 767 2548 823 benedictione
2567 805 2582 830 ,
2635 777 2727 832 pro
2757 763 2926 815 anima
2957 761 3008 813 in
3039 760 3125 812 illo
3155 758 3291 814 loco.

1764 862 1812 914 id
1841 870 1939 921 est,
1970 861 2018 912 in
2043 860 2170 914 Silo.
2911 905 2922 908 _

1835 952 1887 1004 In
1918 952 2013 1002 hac
2034 946 2288 1001 sententia
2313 952 2592 1012 praecavet,
2624 942 2761 1010 quod
2791 954 2833 993 δι
2863 938 3214 1005 unusquisque
3243 936 3296 988 in

1766 1042 1923 1096 domo
1952 1056 2044 1093 sua
2072 1039 2365 1092 immolaret
2389 1080 2403 1103 ,
2432 1035 2570 1088 idola
2600 1035 2845 1088 iecissent
2864 1077 2877 1098 ,
2933 1031 3065 1084 filios
3092 1041 3146 1082 et
3169 1028 3301 1081 tilias

1768 1133 2137 1187 comburentes
2167 1131 2295 1197 igni.
2348 1127 2459 1180 Non
2483 1125 2618 1193 quod
2645 1124 2743 1176 hoc
2771 1121 2996 1190 [Egyptii
3026 1121 3299 1184 fecissent,

1768 1221 1860 1275 sed
1891 1218 2174 1274 Cbananmi
2203 1220 2444 1272 obrutum
2483 1215 2788 1282 negabitur,
2816 1213 2865 1265 id
2896 1221 2972 1264 est
3001 1225 3188 1264 sensus
3218 1220 3306 1277 te-

1770 1312 2048 1364 stimoniis.
2085 1309 2287 1379 Egressi
2315 1317 2427 1362 sunt
2451 1308 2542 1373 ﬁlii
2569 1295 2714 1359 Elinb
2734 1343 2749 1368 ,
2799 1304 2847 1357 id
2878 1312 2958 1358 est
2996 1301 3084 1354 lilii
3113 1300 3301 1368 iniqui,

1769 1403 1852 1456 vel
1882 1401 1969 1455 lilii
1999 1409 2350 1468 peccatorum.

2352 1505 2572 1561 CAPUT
2609 1504 2746 1559 XIV.

1846 1624 1895 1679 Ν
1901 1640 1966 1678 an
1989 1623 2143 1692 {acies
2172 1620 2422 1674 calvitium
2452 1634 2602 1690 super
2624 1629 2894 1670 mortuum.
2925 1614 3035 1669 Hoc
3063 1614 3306 1667 historia-

1777 1716 1896 1770 liter
1944 1713 2280 1769 manifestum
2323 1720 2420 1764 est.
2483 1707 2835 1775 Spiritualiter
2877 1716 3045 1774 potest
3092 1704 3314 1772 intelligi

1779 1804 1916 1872 quod
1945 1803 2071 1857 dicit
2095 1843 2111 1866 ,
2137 1815 2208 1856 nc
2237 1798 2431 1853 radatis
2461 1801 2708 1852 moi-lates
2733 1799 2993 1850 voluntate
3022 1809 3179 1848 causa
3204 1795 3319 1847 dia-

1788 1891 1892 1947 boli
1931 1892 2010 1946 vel
2043 1889 2308 1953 lueretici,
2359 1887 2498 1955 quod
2540 1880 2747 1940 induas
2779 1895 2950 1953 partes
2981 1883 3196 1952 ungulas
3224 1881 3322 1935 lin-

1785 1983 1937 2047 duut,
1968 1981 2016 2033 id
2044 1988 2143 2043 est,
2176 1979 2264 2048 qui
2294 1977 2463 2031 credit
2491 1976 2620 2030 duas
2659 1977 2801 2042 leges
2820 2015 2835 2037 ,
2863 1975 2952 2028 sed
2981 1973 3211 2027 divinam
3241 1971 3326 2023 di-

1789 2073 2066 2126 lectionem
2095 2085 2196 2123 non
2225 2069 2465 2138 implent,
2496 2076 2587 2121 aut
2612 2069 2867 2120 actualem
2918 2073 3008 2117 aut
3037 2063 3324 2132 theoricam

1788 2163 1991 2225 vitam,
2015 2160 2100 2217 vel
2131 2136 2542 2212 Incarnationctn
2585 2165 2639 2209 et
2681 2155 3004 2208 divinitatem
3030 2193 3046 2218 ,
3088 2163 3140 2205 et
3168 2136 3328 2205 rumi-
3373 2196 3376 2200 .

1788 2262 1879 2305 nat
1907 2252 1958 2305 in
1987 2263 2166 2316 opere.
2197 2245 2498 2310 Comedetis,
2523 2245 2570 2312 id
2603 2253 2680 2296 cst
2707 2240 2989 2303 credendo,
3022 2241 3083 2293 de
3110 2239 3187 2292 his
3211 2254 3327 2308 qua:

1788 2344 2059 2405 ruminant,
2100 2347 2145 2392 et
2174 2337 2413 2408 ungulam
2434 2337 2650 2403 ﬁndunt,
2682 2334 2730 2385 id
2754 2341 2834 2385 est
2860 2331 2925 2384 tle
2967 2332 3047 2383 his
3073 2331 3162 2398 qui
3192 2330 3330 2394 quod

1789 2429 2010 2484 credunt
2042 2427 2221 2492 corde,
2247 2440 2405 2493 opere
2431 2439 2533 2476 non
2551 2421 2817 2476 ditl‘erunt.
2851 2417 3117 2482 Pinnulas,
3147 2417 3196 2471 id
3228 2427 3334 2479 est,

1793 2517 2033 2573 mandata
2085 2517 2250 2584 legis;
2295 2523 2344 2568 et
2393 2516 2713 2581 squammas,
2767 2510 2817 2563 id
2865 2517 2949 2563 est
2994 2507 3335 2576 cogitationes

1793 2609 1984 2663 multas
2007 2623 2022 2673 ;
2053 2621 2220 2660 omnes
2242 2604 2481 2668 mundus,
2508 2601 2559 2656 id
2584 2611 2667 2655 est
2690 2611 2918 2664 sanctos,
2949 2601 3036 2669 qui
3066 2599 3182 2653 ideo
3209 2613 3338 2652 aves

1792 2698 2039 2752 dicuntur
2061 2738 2077 2760 ,
2109 2695 2227 2761 quia
2265 2693 2666 2760 cogitationibus
2689 2700 2741 2746 et
2765 2693 3010 2758 operibus
3043 2689 3251 2742 mundis
3271 2689 3337 2741 ad

1793 2800 2018 2854 superna
2049 2783 2243 2835 volant.
2296 2783 2438 2832 Aves
2465 2779 2744 2832 immundae
2767 2817 2782 2841 ,
2835 2779 3109 2830 haereticos
3146 2775 3340 2842 signiﬁ-

1793 2884 1936 2931 cant.
1986 2872 2149 2927 Juxta
2175 2887 2330 2941 genus
2365 2886 2507 2923 suum
2529 2909 2543 2933 ,
2587 2869 2636 2921 id
2667 2875 2748 2922 est
2791 2867 2836 2920 si
2866 2866 3115 2920 acciderit
3141 2865 3342 2934 aliquid

1797 2966 1935 3036 quod
1963 2964 2037 3018 illi
2069 2962 2242 3016 simile
2266 2961 2336 3015 sit
2378 2960 2427 3013 in
2458 2958 2620 3012 forma
2643 2997 2658 3024 ,
2689 2973 2791 3011 non
2821 2955 3125 3025 prohibetur
3149 2948 3344 3011 niside

1797 3070 1988 3126 genere
2016 3055 2249 3108 illorum.
2297 3052 2492 3106 Omnes
2520 3049 2691 3104 autem
2740 3062 2865 3101 aves
2904 3044 3187 3113 immunda:
3216 3061 3347 3112 quas

1800 3143 2051 3208 diximus,
2068 3143 2272 3197 diversa
2286 3155 2479 3210 genera
2498 3138 2859 3193 haereticorum
2873 3136 3183 3205 signiliCant.
3198 3135 3349 3202 Quod

1804 3236 1966 3290 vestis
1994 3233 2151 3288 Israel
2179 3234 2228 3286 in
2259 3245 2438 3286 eremo
2465 3229 2604 3284 nulla
2630 3236 2891 3282 vetustate
2916 3225 3108 3280 defecit
3128 3265 3144 3291 ,
3174 3234 3349 3294 potest

1808 3332 2033 3397 tlgurare
2063 3325 2290 3379 futuram
2342 3317 2887 3386 incorruptibilitatem
2925 3329 3233 3382 corporum,
3261 3313 3350 3367 ubi

1807 3418 1893 3470 illa
1923 3431 2039 3485 qum
2068 3410 2421 3479 corruptibilis
2450 3417 2573 3461 sunt
2615 3406 2730 3460 sine
2776 3403 3113 3475 corruptione
3139 3414 3348 3468 perma-

1812 3505 2026 3560 nebunt.
2067 3502 2214 3566 Quod
2258 3512 2386 3551 vero
2430 3495 2655 3548 dicitur:
2703 3490 2824 3546 Non
2852 3505 3030 3559 coqucs
3058 3489 3256 3542 [tardum
3299 3490 3353 3542 in

1811 3595 1939 3646 lacte
1962 3591 2135 3642 matris
2155 3601 2281 3651 aute,
2308 3582 2536 3655 Ostendit
2560 3581 2698 3652 quod
2716 3596 2870 3653 quem
2896 3579 3075 3635 hadus
3096 3579 3357 3648 signiﬁcat

1812 3691 2024 3752 nonest
2051 3678 2354 3748 coquendus
2399 3677 2452 3730 in
2491 3675 2626 3729 lacte
2652 3674 2836 3727 matris
2861 3687 2970 3726 sua:
2990 3712 3005 3735 ,
3037 3670 3088 3725 id
3117 3677 3219 3738 est,
3247 3685 3354 3724 non

1815 3769 2114 3842 purgandus
2171 3764 2528 3821 mediocribus
2580 3765 2828 3819 Ecclesia:
2886 3760 3216 3831 disciplinis,
3263 3761 3355 3814 sed

1817 3859 2196 3915 austerioribus
2221 3855 2498 3926 prmceptis
2527 3854 2664 3909 illius
2690 3861 2897 3922 peccata
2926 3850 3189 3922 purganda
3211 3859 3354 3916 sunt,

1820 3966 1877 4012 ut
1898 3957 1984 4026 qui
2000 3969 2092 4024 per
2111 3953 2336 4007 lascivire
2360 3949 2710 4004 blandimenta
2734 3961 2791 4000 se
2811 3945 3035 4015 perdidit
3056 3943 3255 3997 fortiori
3277 3944 3357 3996 di-

1820 4046 2040 4114 sciplina
2065 4058 2122 4097 se
2152 4042 2396 4102 redimat,
2426 4048 2483 4090 ut
2513 4036 2688 4090 cmteri
2714 4036 2948 4089 videntes
2991 4035 3226 4089 timeant.
3256 4031 3359 4085 Per

1819 4136 2062 4190 decimam
2092 4138 2278 4199 partem
2307 4143 2453 4195 quam
2484 4124 2727 4177 Dominus
2753 4140 2784 4175 a
2817 4125 3003 4192 papula
3042 4121 3257 4188 postulat
3281 4119 3356 4173 si-

1821 4221 2132 4291 gniﬁcantur
2157 4217 2336 4274 decem
2357 4226 2559 4274 sensus,
2587 4223 2717 4276 quos
2741 4211 3092 4276 unusquisque
3121 4218 3356 4262 nostrum

1823 4309 2043 4365 reddere
2089 4305 2244 4360 debet
2272 4303 2510 4382 Domino.
2554 4300 2698 4352 Anno
2733 4297 2878 4350 tertio
2919 4298 3074 4350 alium
3122 4299 3362 4350 decimam

1826 4397 2099 4467 separabis.
2133 4390 2418 4447 Postulatio
2445 4398 2619 4442 autem
2646 4401 2783 4439 anno
2810 4386 2986 4449 tertio,
3004 4385 3235 4439 ostendit
3266 4385 3365 4439 Do-

1757 4514 1804 4572 ι)
1829 4491 2027 4543 minum
2060 4483 2433 4555 prtevidcntem
2459 4480 2589 4533 bella
2609 4479 2730 4531 illis.
2761 4476 2951 4530 Futura
2979 4476 3117 4528 cnim
3145 4477 3195 4528 in
3226 4485 3362 4527 terra

1831 4576 2252 4648 repromissionis
2280 4587 2417 4626 anno
2465 4572 2618 4623 tertio
2663 4570 2833 4621 dixit:
2887 4567 3146 4634 Usqttequo
3192 4579 3366 4616 eorum

1829 4673 1982 4724 ttinere
2011 4662 2311 4719 creverunt?
2361 4660 2450 4712 Vel
2483 4673 2573 4726 pro
2629 4657 2793 4709 tribus
2836 4656 2985 4722 annis
3009 4698 3024 4720 ,
3063 4653 3282 4722 QUIbUS,
3311 4662 3371 4706 ιιι

1832 4760 2096 4821 dixerunt,
2121 4755 2331 4806 fuerunt
2352 4748 2514 4801 tribus
2540 4747 2721 4798 ltubcn
2745 4755 2797 4798 et
2817 4745 2957 4821 Gad,
2972 4754 3023 4797 et
3044 4744 3254 4797 dimidia
3279 4733 3396 4795 tri-i

1835 4851 1930 4903 bus
1959 4848 2195 4902 Manassc
2244 4842 2293 4892 in
2321 4849 2455 4890 terra
2485 4833 2904 4903 repromissionis
2949 4819 2998 4885 in
3039 4835 3224 4901 pugnis
3263 4845 3370 4883 ma-

1835 4920 1968 5009 gnis.
2005 4932 2271 5003 Sepurabis
2299 4928 2418 4982 mihi
2454 4930 2608 4980 aliant
2637 4925 2898 4987 decimam,
2944 4923 2993 4976 id
3025 4935 3104 4977 est
3131 4922 3371 4976 sat-crdo-

1837 5033 1993 5092 tibus,
2026 5043 2086 5080 ac
2113 5024 2156 5076 si
2187 5036 2277 5090 per
2301 5021 2397 5072 hoc
2423 5015 2779 5070 sacerdotibus
2808 5014 3044 5067 diceret.-

2207 5215 2211 5220 ,
2423 5150 2644 5213 CAPUT
2682 5148 2796 5204 xv.

1911 5250 2036 5303 Cum
2065 5248 2150 5298 tibi
2174 5243 2398 5298 venditus
2429 5241 2577 5311 fuerit
2619 5239 2771 5308 [mter
2807 5245 2922 5290 tuus
2966 5234 3227 5287 Hrbrteus.
3282 5234 3380 5288 Per

1845 5341 2061 5395 fratrem
2101 5331 2284 5390 sensus
2309 5332 2628 5400 intelligitur.
2662 5329 2912 5394 llebrtcus
2933 5327 3191 5380 transiens
3219 5325 3380 5380 inter-

1850 5437 2099 5497 pretatur.
2137 5424 2350 5478 llebrma
2379 5463 2394 5488 ,
2427 5423 2476 5477 id
2505 5433 2586 5475 est
2615 5413 3221 5483 animauniuscujusque
3267 5429 3372 5483 pcr-

1852 5520 1972 5573 lccti
2004 5517 2069 5569 de
2098 5507 2385 5581 gentilitate
2410 5553 2423 5575 ,
2463 5514 2528 5566 ad
2560 5513 2871 5580 baptismum
2904 5507 3183 5561 transiens.

1927 5609 2026 5661 Per
2050 5615 2246 5672 septem
2269 5617 2451 5665 annos,
2486 5603 2673 5670 quibus
2696 5601 2889 5654 servire
2912 5598 3232 5666 pratcipitur,
3265 5596 3390 5650 acti-

1860 5717 1933 5755 vm
1957 5700 2074 5753 vita!
2096 5694 2341 5766 perfectio
2361 5693 2678 5762 designatur.
3062 5677 3065 5680 ’
