3898 6260
545 460 648 514 5;:7

1042 456 1238 512 ΒΕΒΑΞ
1279 454 1723 510 VENERABILIS
1759 452 2032 510 OPERUM
2075 453 2248 510 PARS
2281 457 2347 526 ,ll.
2389 485 2456 498 —
2497 457 2872 513 EXEGETICA
2915 459 3228 517 GENUJNA.

3667 462 3774 515 281

622 571 718 624 Per
748 570 1030 638 septimum
1061 584 1288 635 annum,
1319 583 1424 639 quo
1445 567 1760 632 dimittitur,
1793 567 1962 620 activa
1992 569 2096 618 vita
2127 569 2173 626 Α
2199 570 2574 623 convertimur.
2611 570 2670 623 Et
2696 571 3004 638 simpliciter
3023 586 3141 625 cum
3173 573 3617 642 delinquentium
3651 575 3782 626 vitia

540 675 872 729 exprimitur.

616 751 807 816 Sicque
834 749 976 803 auris
1015 749 1154 802 illius
1185 747 1369 802 subula
1418 746 1748 816 perforatur,
1780 745 1903 799 dum
1949 759 2098 798 mens

543 840 833 893 subtilitate
858 839 1060 892 timoris
1101 842 1410 906 percutitur.

614 933 783 984 Aliter
803 945 895 983 sex
939 930 1060 981 anui
1090 943 1178 982 sex
1211 938 1394 982 mtates
1422 925 1598 980 tnttndi
1634 926 1950 994 signiﬁcant.
1999 924 2095 976 Sc-

551 1021 747 1089 ptimus
779 1037 904 1074 vero
938 1035 1106 1073 annus
1134 1021 1270 1074 diem
1299 1019 1475 1087 judicii
1497 1019 1768 1085 designat:
1799 1015 1980 1069 subula
2012 1029 2096 1068 sa-

549 1115 821 1180 pientiam,
845 1127 945 1180 qua
969 1113 1130 1174 auris,
1155 1111 1202 1164 id
1225 1121 1306 1164 est
1331 1123 1538 1172 sensits,
1564 1105 1881 1174 perforatur.
1905 1105 2094 1168 .lanua,

549 1208 600 1260 id
629 1218 711 1260 est
742 1206 871 1259 fides
897 1206 1081 1258 domus
1108 1216 1210 1258 tua:
1231 1243 1244 1267 ,
1280 1204 1327 1256 id
1356 1209 1436 1257 est
1462 1205 1731 1257 Ecclesim.
1764 1201 2093 1269 Primogeui-

546 1305 628 1348 tus
659 1310 792 1362 opus
841 1297 1128 1362 perlectum
1178 1294 1456 1362 signiﬁcat.
1507 1293 1655 1358 Quod
1707 1303 1880 1346 autem
1929 1291 2091 1343 dicit:

552 1383 804 1450 Quidquid
854 1384 1220 1446 niasculinum,
1284 1383 1580 1437 ostenditur
1617 1382 1754 1450 quod
1797 1395 1900 1434 non
1935 1380 2096 1434 debe-

554 1486 667 1524 mus
696 1486 827 1539 opus
853 1473 1008 1524 molle
1033 1471 1140 1524 Deo
1166 1470 1378 1525 oﬁ‘erre.
1408 1472 1578 1525 Sexus
1602 1486 1810 1540 quoque
1833 1468 2098 1522 masculus

547 1577 760 1617 sensum
809 1562 1093 1629 perfectum
1137 1564 1356 1618 indicat.
1401 1562 1552 1628 Quod
1582 1573 1756 1615 autem
1785 1561 1936 1613 dicit:
1980 1558 2098 1611 Non

547 1648 825 1721 op‘erabcris
855 1654 902 1705 ii
928 1653 1253 1721 primogenita
1277 1652 1433 1715 bovis,
1470 1661 1518 1704 et
1539 1667 1638 1703 non
1666 1649 1890 1702 (audebis
1912 1649 2098 1717 primo-

544 1745 710 1810 gcrr'ta
735 1746 898 1795 ovium
925 1753 1147 1810 tuarum,
1176 1742 1408 1795 ostendit
1431 1740 1568 1810 quod
1598 1740 1642 1794 si
1673 1740 1797 1808 quid
1825 1741 2098 1792 robustum

549 1832 826 1899 incipimus
851 1846 1100 1885 exercere
1122 1873 1138 1896 ,
1183 1841 1238 1886 et
1269 1832 1368 1884 hoc
1407 1831 1736 1898 signiﬁcatur
1767 1831 1817 1881 in
1842 1828 2099 1895 primoge-

2197 673 2289 712 sua
2322 659 2615 713 intentione.
2645 660 2950 715 referamus.
3007 661 3108 716 Sed
3136 663 3341 716 securis
3396 677 3601 716 manus
3645 665 3780 731 ﬁgit,

2196 762 2314 800 cum
2344 763 2460 802 sese
2489 750 2776 816 increpatio
2805 750 2921 818 plus
2951 766 3106 818 quam
3139 767 3359 805 necesse
3401 761 3496 805 est
3525 752 3581 804 in
3615 766 3778 818 aspe-

2197 837 2404 890 ritatem
2433 840 2706 905 pertrahit.
2741 838 2960 894 Ferrum
2993 855 3198 910 quoque
3227 842 3292 894 de
3334 841 3630 895 manubrio
3656 857 3772 908 pro-

2196 925 2339 990 silit,
2368 942 2484 980 cum
2513 930 2580 981 de
2607 929 2937 982 ('ox-rectione
2981 944 3160 982 sermo
3211 929 3398 983 durior
3424 929 3675 984 excedit.
3710 930 3776 982 Et

2198 1013 2405 1068 unicum
2438 1019 2695 1084 peremit,
2739 1017 2826 1083 qui
2868 1017 3158 1070 auditorem
3203 1031 3357 1069 suum
3393 1018 3613 1086 prolata
3641 1033 3778 1071 con-

2199 1103 2411 1156 tumelia
2463 1119 2491 1155 a
2539 1105 2795 1172 spirituali
2851 1106 3134 1158 dilectione
3180 1104 3454 1158 intezﬁcit.
3515 1106 3776 1175 Cori-cpia

2198 1208 2421 1259 namque
2451 1208 2598 1246 mean
2628 1194 2692 1247 ad
2721 1193 2898 1247 odium
2923 1195 3148 1263 proruit,
3178 1195 3222 1248 si
3256 1196 3376 1247 huic
3406 1195 3777 1248 immoderata

2197 1282 2486 1351 increpatio
2517 1288 2634 1353 pius
2683 1297 2840 1352 quam
2868 1284 3050 1339 debuit
3079 1284 3282 1352 adjicit.
3331 1283 3442 1338 Sed
3479 1284 3526 1337 is
3554 1287 3652 1357 qui
3699 1287 3779 1337 in-

2200 1386 2354 1431 caute
2377 1379 2510 1446 ligna
2543 1379 2788 1445 percutit,
2817 1388 2870 1432 et
2892 1378 3190 1445 proximum
3218 1376 3536 1446 exstinguit,
3558 1377 3631 1429 ad
3665 1385 3780 1430 trs

2199 1483 2411 1522 necesse
2435 1479 2516 1522 est
2545 1471 2698 1524 urbes
2738 1467 2927 1535 fugiat,
2960 1476 3018 1522 ut
3045 1470 3096 1522 in
3138 1483 3238 1521 una
3269 1468 3480 1521 illarum
3512 1467 3780 1522 defensus

2198 1559 2378 1621 vivat,
2425 1556 2572 1624 quasi
2621 1558 2684 1610 ad
2718 1557 3037 1625 paenitentia:
3085 1558 3310 1610 lamenta
3339 1573 3649 1612 conversus
3672 1599 3685 1620 .
3723 1559 3777 1611 in

2199 1649 2398 1701 unitate
2425 1648 2735 1702 sacramenti
2757 1650 2854 1701 sub
2876 1663 2997 1716 spe,
3043 1649 3144 1702 ﬁde
3172 1661 3226 1703 et
3246 1648 3510 1704 cbsritate
3534 1650 3776 1706 abscon-

2199 1739 2357 1791 ditur.
2410 1737 2548 1792 Ileus
2581 1736 2864 1806 perpetrati
2909 1737 3174 1792 homicidii
3207 1753 3310 1793 non
3335 1751 3582 1806 tenetur,
3610 1757 3776 1811 quem

2201 1829 2478 1891 invenerit,
2508 1844 2610 1881 non
2639 1830 2850 1883 oceidit.
2881 1827 3010 1896 Quia
3041 1845 3159 1883 cum
3182 1831 3452 1885 districtus
3473 1830 3649 1899 judex
3681 1850 3776 1886 vc-

547 1921 656 1974 nito
685 1920 870 1983 bovis;
921 1920 1000 1971 vel
1043 1934 1162 1973 cum
1194 1919 1296 1972 vita
1338 1932 1512 1972 nostra
1563 1917 1756 1986 aliquid
1809 1916 2095 1970 innocuum
2130 1910 2172 1969 Β
2204 1921 2358 1982 nerit,
2390 1924 2477 1987 qui
2508 1932 2566 1972 se
2597 1920 2747 1973 nobis
2775 1928 3092 1988 permaturae
3117 1921 3443 1976 consortium
3471 1923 3677 1990 juusit,
3707 1926 3774 1976 ab

548 2011 795 2074 inchoat,
827 2011 1042 2079 dignum
1085 2021 1165 2064 est
1214 2019 1268 2062 ut
1295 2009 1536 2062 humanis
1561 2011 1759 2077 oculis,
1802 2009 1951 2078 quasi
1980 2009 2098 2062 sub-

544 2103 703 2154 ducto
731 2102 924 2154 vellere
958 2116 1060 2153 non
1089 2101 1413 2153 ostendatur.
1468 2100 1578 2154 lloc
1606 2100 1745 2154 enim
1776 2099 2100 2170 significatur

549 2205 639 2258 per
657 2191 754 2244 hoc
773 2190 910 2258 quod
929 2171 1145 2243 dicitur:
1175 2189 1290 2241 Non
1315 2190 1537 2242 tondebis
1554 2190 1888 2258 primogenita
1911 2190 2096 2242 ouium.

545 2281 728 2335 Cmcus
769 2285 1009 2348 populum
1042 2281 1287 2349 gentileiu
1317 2282 1612 2349 signiﬁcare
1637 2291 1840 2347 potest,
1869 2281 1956 2348 qui
2003 2293 2096 2346 po-

547 2372 732 2425 tuisset
761 2371 896 2422 viam
921 2371 1104 2422 salutis
1135 2373 1351 2432 intrare,
1380 2371 1422 2423 si
1447 2369 1683 2422 vidisset.
1714 2366 2095 2420 Claudus‘vero

543 2462 732 2515 dicitur
750 2461 835 2529 qui
857 2475 959 2514 non
978 2461 1161 2530 implet
1181 2472 1453 2528 utramque
1471 2461 1824 2520 dilectionem;
1850 2461 1935 2524 qui
1960 2457 2100 2510 videt

542 2552 752 2622 quidem
778 2562 933 2620 viam,
983 2556 1076 2608 sed
1105 2571 1206 2607 non
1229 2554 1461 2607 ambulat
1487 2552 1538 2604 in
1566 2566 1648 2605 ea.
1684 2552 1864 2603 Potest
1889 2564 2100 2616 Quoque

543 2645 760 2697 claudus
803 2644 1048 2712 populum
1097 2644 1373 2696 .lndaicum
1419 2639 1742 2708 signiﬁcare,
1796 2643 2096 2714 credentem

549 2739 751 2782 tantum
777 2733 1027 2794 litteram,
1058 2743 1106 2783 et
1137 2745 1240 2782 non
1269 2743 1499 2783 sensum.
1533 2727 1692 2792 Quasi
1717 2742 1903 2794 capra,
1936 2727 1984 2779 id
2018 2735 2098 2780 est

551 2823 817 2884 Ecclesia;
847 2832 891 2874 et
917 2838 1092 2884 cerro,
1127 2822 1174 2872 id
1204 2829 1285 2874 est
1313 2821 1668 2888 apostolorum
1713 2820 1924 2887 populo.
1959 2817 2096 2872 San-

543 2911 742 2978 guinem
768 2912 972 2962 illorum
1019 2927 1116 2962 non
1140 2912 1399 2972 comedas,
1448 2908 1533 2961 sed
1556 2908 1786 2972 e/I‘undas
1818 2909 1866 2958 in
1891 2917 2093 2958 tcrram.

547 3001 647 3054 Per
677 3003 774 3052 hoc
800 3000 1061 3053 indicatur
1093 3015 1186 3052 uos
1214 3009 1460 3067 oportere
1489 3013 1806 3068 magnOpere
1852 2999 1918 3051 de
1941 2997 2097 3050 meri-

547 3090 614 3141 tis
645 3089 994 3155 interpretari,
1028 3091 1118 3142 sed
1167 3090 1214 3140 iu
1241 3087 1494 3154 judicium
1527 3088 1773 3142 Ecclesia:
1800 3087 2084 3141 effundere.

544 3176 839 3231 Observabis
872 3195 1108 3243 mensem,
1143 3178 1192 3230 id
1215 3188 1295 3231 est
1318 3177 1598 3245 jejunium.

1057 3269 1252 3321 CAPP.
1281 3267 1608 3320 XVLXVIII.

619 3356 994 3410 Solemuitatem
1021 3372 1217 3425 quoque
1245 3357 1700 3423 tabernaculorum,
1731 3357 1778 3410 id
1809 3366 1888 3410 est
1916 3374 2096 3412 mense

543 3445 886 3512 Septembris.
911 3443 976 3499 In
997 3445 1312 3500 solemnitate
1332 3449 1634 3516 Azymorum
1651 3487 1666 3511 ,
1691 3448 1738 3500 id
1765 3459 1844 3500 est
1875 3448 2091 3502 Pascha.

544 3535 1022 3601 llebdomadarum,
1056 3537 1105 3588 id
1145 3547 1226 3591 est
1276 3539 1728 3608 quinquagesima.
1776 3539 1923 3605 Quod
1975 3555 2098 3591 vero

545 3626 771 3678 dicitur:
808 3625 928 3679 Non
952 3629 1201 3695 plautabis
1222 3629 1416 3693 lucum,
1458 3646 1615 3696 neque
1643 3647 1836 3684 omnem
1869 3632 2098 3684 arborem

546 3717 701 3782 juxta
726 3717 885 3769 altare
923 3717 1125 3771 Domini
1149 3717 1242 3771 Dei
1271 3721 1365 3784 tui,
1399 3721 1655 3788 signiﬁcat
1679 3724 1816 3791 quod
1845 3725 1981 3776 circa
2005 3723 2098 3776 do-

547 3807 797 3860 minicam
823 3809 976 3862 [idem
1009 3811 1134 3862 nihil
1167 3812 1216 3862 in
1246 3810 1418 3863 verbis
1449 3811 1817 3874 infructuosis,
1847 3813 1973 3865 nihil
2005 3829 2090 3865 au-

547 3895 756 3950 dientia
781 3899 1067 3962 smeularis,
1097 3898 1222 3951 nihil
1274 3898 1634 3951 illecebrosum
1673 3898 1924 3952 debemus
1953 3915 2096 3953 com-

549 3999 764 4052 ponere.
823 3987 932 4040 lloc
953 3989 1091 4039 enim
1131 3987 1426 4054 signiﬁcant
1471 3987 1609 4055 ligna
1662 4002 1938 4041 nemorosa
1982 3991 2097 4042 sine

540 4075 652 4129 ullo
682 4075 871 4130 fructu.
905 4078 1007 4132 Sed
1041 4078 1149 4131 sola
1185 4079 1378 4145 pietate
1406 4079 1645 4132 veritatis
1671 4081 1944 4133 scientiam
1971 4097 2097 4147 prte-

539 4166 819 4224 dicationis
845 4179 1136 4223 teneamus.
1168 4169 1300 4223 Illud
1333 4181 1511 4226 autem
1546 4171 1682 4240 quod
1709 4171 1900 4226 dicitur
1923 4189 1937 4226 :
1964 4172 2093 4226 Pro-

540 4259 742 4325 phetam
761 4260 824 4311 de
846 4267 990 4327 gente
1017 4268 1103 4311 tua
1121 4298 1135 4322 ,
1155 4260 1282 4312 sicut
1310 4276 1409 4324 me,
1432 4262 1692 4315 suscitabit
1737 4262 1898 4329 Deus,
1930 4280 2094 4332 quan-

542 4363 701 4412 quam
727 4347 874 4413 juxta
905 4349 1177 4400 historiam
1206 4350 1270 4403 de
1298 4350 1458 4404 Josne
1481 4353 1584 4404 dici
1610 4364 1798 4419 potest,
1835 4366 2003 4410 tamen
2027 4357 2092 4411 de

543 4435 754 4488 Christo
791 4436 1062 4490 manifesta
1092 4438 1360 4502 praphctia
1392 4450 1503 4500 est,
1536 4444 1623 4507 qui
1655 4457 1811 4495 verus
1843 4446 2088 4510 propheta

542 4525 608 4576 de
634 4533 788 4592 gente
819 4523 976 4577 Israel
1005 4533 1152 4578 ortus
1174 4537 1273 4582 est.
1326 4530 1386 4581 Et
1408 4531 1543 4584 sicut
1572 4532 1775 4601 Moyses
1821 4535 2088 4603 dispensa-

543 4623 624 4665 tor
651 4621 765 4666 erat
791 4616 981 4666 veteris
1007 4613 1345 4684 Testamenti,
1372 4620 1443 4672 ita
1472 4631 1522 4674 et
1549 4619 1786 4676 Christus
1825 4627 1960 4678 novi.
1997 4627 2093 4681 De-

543 4701 698 4769 nique
752 4702 803 4755 in
858 4703 1147 4774 Evangelia
1203 4707 1454 4764 Dominus
1503 4711 1664 4765 dicit:
1719 4715 1779 4768 Si
1831 4717 2093 4770 crederetis

542 4788 733 4862 Moysi,
747 4795 1012 4848 crederetis
1034 4807 1079 4849 et
1100 4799 1243 4863 milii,
1269 4800 1332 4853 de
1351 4817 1428 4854 me
1448 4805 1576 4855 enim
1599 4804 1683 4857 ille
1701 4808 2090 4874 scripsit.Quod-

541 4897 643 4947 que
672 4882 818 4946 dicit,
845 4886 986 4938 Sicut
1009 4904 1107 4949 me,
1133 4891 1420 4943 secundum
1443 4907 1676 4956 carnem,
1700 4904 1752 4948 et
1782 4911 1880 4950 non
1909 4914 2090 4951 secun-

509 4968 663 5023 ‘dum
719 4971 1044 5028 divinitatem
1101 4978 1497 5045 intelligendum
1553 4991 1655 5035 est.
1708 4986 1856 5050 Quod
1912 4998 2084 5041 autem

543 5061 794 5124 promittit
836 5061 1088 5118 Dominus
1132 5068 1383 5121 ultionem
1434 5071 1482 5122 in
1515 5069 1629 5124 illos
1657 5073 1743 5140 qui
1778 5075 1931 5128 verba
1971 5071 2085 5142 pro-

541 5149 746 5218 phetae,
798 5151 848 5203 id
876 5161 958 5206 est
1003 5153 1192 5208 Christi
1220 5200 1233 5223 ,
1266 5161 1447 5213 audire
1491 5163 1718 5227 nollent,
1750 5167 2086 5222 camininati.»

540 5251 658 5305 est,
692 5243 962 5311 plebisque
1010 5243 1202 5297 Christi
1247 5249 1423 5301 verba.
1480 5251 1574 5305 llic
1599 5264 1678 5305 est
1711 5248 1892 5309 autem
1934 5273 2087 5312 verus

542 5329 822 5396 Propheta,
854 5335 918 5386 dc
946 5350 1049 5399 quo
1074 5333 1266 5390 dicitur
1291 5354 1304 5388 :
1340 5337 1389 5390 Ν
1397 5356 1459 5390 an
1487 5353 1556 5392 est
1589 5342 1838 5412 l’wplteta
1864 5349 1970 5403 siue
1997 5351 2085 5403 lio-

542 5432 684 5481 uarc,
713 5421 810 5469 nisi
844 5421 894 5472 in
923 5440 957 5489 ρ
975 5425 1086 5476 .tria
1112 5441 1220 5477 sua.

1112 5513 1330 5569 CAPUT
1370 5516 1503 5574 XIX.

615 5595 689 5647 De
716 5597 802 5647 illa
820 5599 906 5664 qui
928 5615 1038 5652 cum
1065 5604 1225 5655 amico
1244 5621 1334 5658 suo
1360 5609 1652 5676 simpliciter
1681 5618 1812 5670 vadit
1834 5621 1885 5671 iu
1911 5621 2086 5674 silvam

543 5681 608 5731 ad
634 5684 778 5777 ,ιν-(α
811 5684 1016 5739 cedrino
1036 5727 1051 5753 ,
1101 5704 1148 5745 et
1178 5693 1396 5760 reliqua.
1431 5699 1508 5752 Ad
1541 5702 1722 5758 silvam
1746 5706 1938 5777 quippe
1966 5726 2082 5764 cum

545 5769 712 5822 stuic'i
740 5772 895 5836 imus,
920 5777 1126 5843 quoties
1164 5781 1228 5833 ad
1260 5779 1507 5838 intuenda
1535 5769 2081 5854 subditorum-delicta

2200 2009 2292 2062 illo
2333 2009 2698 2076 proculdubio
2734 2011 2902 2077 culpae
2941 2021 3142 2064 reatum
3190 2027 3293 2065 non
3343 2022 3568 2080 expetet
3611 2030 3771 2082 quem

2196 2096 2295 2150 sub
2321 2097 2460 2151 illius
2481 2097 2632 2151 venia
2663 2113 2814 2164 spes,
2840 2098 3003 2165 ﬁdes,
3036 2099 3300 2166 cbaritas,
3332 2101 3644 2156 abscondit.
3676 2104 3774 2160 Se-

2195 2173 2370 2250 quitur
2395 2201 2404 2235 :
2443 2183 2561 2237 Non
2583 2185 2729 2238 stabit
2758 2187 3095 2240 testimonium
3135 2190 3288 2242 unius
3315 2202 3495 2242 contra
3525 2192 3768 2260 aliquem,

2196 2275 2285 2328 sed
2304 2276 2354 2327 in
2372 2291 2457 2328 ore
2474 2276 2690 2329 duorum
2711 2279 2785 2330 uel
2806 2280 2960 2331 trium
2981 2278 3174 2331 testium
3193 2281 3342 2333 stabit
3362 2295 3518 2334 omne
3540 2284 3767 2335 verbm.

2200 2367 2342 2421 Licet
2368 2367 2699 2420 bistorialiter
2748 2368 3135 2422 observandum
3163 2379 3300 2436 ‘est,
3353 2379 3538 2425 tamen
3585 2383 3767 2425 contra

2197 2456 2458 2525 quoslibet
2486 2457 2674 2522 impios
2716 2458 2799 2510 vel
2824 2459 3099 2513 Iuereticos
3127 2459 3329 2528 agimus
3371 2473 3594 2514 sanetas
3628 2462 3768 2516 Scri-

2199 2555 2375 2612 pturas
2401 2546 2452 2597 in
2482 2545 2698 2598 dubium
2730 2547 2924 2600 vocari.
2975 2546 3172 2600 Sensus
3213 2546 3406 2615 quippe
3436 2551 3610 2602 posui
3634 2560 3767 2604 atte-

2197 2635 2352 2685 statio
2373 2634 2485 2686 sine
2508 2633 2589 2687 his
2611 2628 2829 2687 testibus
2856 2649 2958 2688 non
2984 2636 3142 2689 habet
3163 2635 3341 2691 ﬁdem.
3367 2637 3610 2690 Adhibct
3633 2638 3763 2691 dans

2200 2731 2353 2776 testes
2386 2767 2399 2787 ,
2427 2724 2631 2776 scilicet
2662 2723 2820 2777 Vetus
2846 2734 2898 2780 et
2929 2723 3171 2789 Novum;
3213 2726 3408 2780 adhibe
3439 2727 3608 2781 etiam
3639 2742 3761 2797 qua-

2199 2820 2315 2865 tuor
2341 2811 2618 2880 Evangelia
2637 2853 2650 2872 .
2677 2821 2957 2882 prophetas
2977 2857 2991 2879 ,
3024 2818 3320 2884 apostolum
3343 2857 3357 2880 ,
3386 2819 3584 2887 sicque
3610 2820 3763 2873 Stabit

2195 2917 2350 2954 omne
2367 2903 2604 2955 verbum.
2625 2902 2794 2957 Addet
2815 2919 2900 2958 res
2927 2907 3056 2958 alias
3087 2907 3138 2960 in
3164 2915 3298 2962 terra
3333 2913 3682 2976 repromissa,
3712 2910 3761 2962 id

2193 3002 2274 3044 est
2296 2992 2657 3046 credulitatem
2693 2994 2883 3061 Patris,
2905 3006 2958 3049 et
2985 2997 3126 3063 Filii,
3155 3012 3202 3052 et
3227 2998 3459 3068 Spiritus
3485 3003 3679 3054 sancti.
3707 3004 3759 3052 tu

2195 3091 2330 3133 terra
2365 3083 2610 3136 Ecclesiae
2635 3097 2748 3151 post
2775 3088 3090 3154 baptismum
3117 3089 3272 3142 stabit
3301 3092 3584 3155 sacerdos,
3612 3094 3661 3145 id
3687 3104 3760 3144 est

2198 3170 2279 3220 lex
2306 3167 2386 3220 vel
2416 3170 2689 3234 Ch-istus,
2725 3175 2806 3225 vel
2839 3177 3195 3243 unusquisque
3238 3178 3425 3232 doctor
3473 3182 3754 3247 perfectus.

2123 3241 2173 3305 ο
2200 3260 2517 3312 czmlirmans
2547 3275 2649 3312 non
2679 3271 2859 3314 contra
2891 3263 3166 3320 hmreticos
3188 3310 3200 3331 ,
3230 3267 3503 3322 dmmmes
3524 3311 3540 3335 ,
3577 3273 3660 3324 vel
3687 3277 3759 3323 vi-

2199 3349 2297 3413 tia;
2329 3349 2489 3403 duces
2515 3363 2640 3403 vero
2666 3352 2952 3420 prapltetm,
2983 3355 3066 3408 vel
3095 3359 3336 3424 apostoli,
3366 3357 3750 3428 intelliguntur.

2791 3465 3012 3521 CAPUT
3054 3468 3166 3522 XX.

2270 3549 2557 3618 Ejiciuntur
2593 3569 2650 3605 c1
2679 3555 2856 3619 prwlio
2894 3558 2978 3624 qui
3019 3573 3195 3610 novam
3222 3553 3429 3612 domum
3471 3564 3754 3630 trdiﬁcasr-

2196 3647 2340 3703 runt,
2374 3639 2524 3691 simul
2549 3641 2636 3707 qui
2661 3643 2849 3695 vineam
2883 3644 3229 3714 plantaveruut
3252 3689 3267 3710 ,
3294 3659 3384 3700 aut
3412 3651 3505 3718 qui
3545 3668 3754 3705 uxorm

2197 3729 2590 3795 desponderant,
2620 3731 2740 3800 quia
2765 3748 2868 3786 non
2896 3745 3065 3800 potest
3091 3735 3279 3790 divinae
3306 3741 3509 3794 militize
3530 3745 3751 3804 servire,

2195 3816 2282 3884 qui
2305 3817 2468 3870 servit
2497 3822 2720 3888 negotiis
2747 3825 3110 3880 smcularibus.
3150 3826 3314 3882 Homo
3339 3845 3535 3899 quoque
3574 3833 3753 3899 formi-

2196 3905 2397 3959 dolosus
2425 3920 2471 3961 et
2491 3911 2698 3979 pavidus
2726 3915 3018 3982 projicietur
3043 3932 3072 3969 e
3091 3933 3280 3986 pugna,
3301 3934 3365 3970 ne
3391 3935 3568 3983 parere
3597 3924 3755 3988 faciat

2196 3996 2350 4048 corda
2375 3999 2592 4064 fratrum
2614 4016 2835 4054 suorum.
2866 4002 2978 4055 Non
3007 4014 3180 4072 potest
3206 4007 3440 4073 arripere
3463 4011 3753 4074 Spiritualis

2197 4087 2398 4140 militia:
2427 4103 2674 4158 pugnam,
2703 4094 2822 4161 quia
2845 4095 3016 4150 adhuc
3049 4097 3272 4152 terrenis
3299 4100 3548 4164 operibus
3577 4103 3752 4168 timet,

2195 4189 2260 4228 ne
2285 4177 2417 4231 forte
2446 4180 2576 4234 alios
2602 4182 2669 4237 ab
2697 4186 2994 4253 evangelica
3028 4188 3350 4254 perfectione
3380 4205 3480 4243 suo
3505 4196 3752 4261 exemplo

2195 4276 2425 4320 revocet.
2477 4267 2631 4324 Tales
2660 4274 2799 4326 enim
2830 4289 2934 4328 non
2966 4288 3181 4344 possunt
3227 4278 3360 4332 bella
3392 4279 3660 4347 prmliare.
3693 4283 3752 4338 Si

2191 4361 2392 4425 quando
2428 4365 2693 4417 accesseris
2739 4366 2804 4416 ad
2846 4368 3234 4436 oppugnandam
3277 4369 3644 4439 civitatem,“
3672 4384 3751 4427 est

2191 4454 2426 4516 corporis
2456 4451 2508 4506 in
2538 4468 2670 4521 aqua
2701 4457 2908 4511 civitate
2939 4457 3168 4519 liaaretici
3195 4500 3209 4523 ,
3241 4460 3322 4512 vel
3351 4458 3496 4513 vitia.
3553 4460 3749 4528 Oﬂ'eres

2121 4567 2168 4624 ο
2194 4537 2270 4590 illi
2295 4543 2513 4607 primum
2541 4560 2748 4611 pacem,
2797 4545 2847 4597 id
2879 4556 2961 4600 est
3003 4545 3268 4599 Christum
3314 4547 3378 4598 ad
3401 4548 3744 4605 credendum.

2199 4626 2260 4679 Si
2288 4633 2525 4697 receperit
2555 4648 2709 4701 usque
2731 4644 2920 4702 portas,
2953 4634 3001 4685 id
3032 4643 3111 4687 est
3137 4633 3254 4688 ﬁdei
3290 4636 3371 4690 vel
3404 4640 3746 4707 pmritentiar,

2197 4724 2244 4767 et
2269 4720 2442 4770 serviet
2467 4721 2574 4783 tibi,
2602 4727 2875 4787 percutias,
2911 4722 2958 4774 id
2990 4731 3071 4776 est
3100 4725 3148 4778 in
3174 4728 3476 4792 pcenitentia
3522 4732 3600 4786 vel
3635 4734 3746 4786 vin-

2198 4806 2354 4858 dicta.
2416 4809 2623 4862 Generis
2670 4810 2963 4878 masculini,
3010 4812 3079 4866 id.
3107 4825 3188 4868 c:t
3215 4818 3302 4885 qui
3341 4827 3464 4871 sunt
3504 4823 3742 4887 superbi.

2195 4900 2388 4963 Absque
2419 4900 2704 4954 mulieribus
2724 4943 2737 4964 ,
2788 4901 2970 4967 absque
2983 4904 3223 4973 jumentt's
3242 4947 3256 4968 ,
3305 4917 3350 4960 et
3393 4925 3492 4960 non
3515 4914 3752 4965 succida

2192 4986 2420 5048 arbores,
2468 4987 2515 5039 id
2539 4997 2624 5041 est
2666 5001 2875 5048 sanctos
2913 4994 3100 5061 quibus
3155 4996 3291 5049 vesci
3342 5005 3548 5066 potest,
3582 4999 3633 5054 id
3663 5013 3744 5056 est

2188 5079 2482 5144 prmceptis,
2516 5079 2716 5146 absque
2742 5080 3016 5135 animabus
3064 5093 3114 5135 et
3137 5084 3380 5137 mollibus
3418 5090 3665 5144 sensibus
3689 5103 3742 5147 et

2186 5165 2553 5235 simplicibus;
2610 5185 2696 5223 uec
2724 5172 3048 5225 scecularibus
3075 5173 3333 5229 devastare
3357 5177 3506 5234 debes
3528 5221 3546 5248 ,
3579 5181 3629 5238 id
3658 5194 3743 5238 est

2189 5262 2520 5327 pteuitcntes.

2756 5353 2976 5408 CAPUT
3014 5355 3151 5410 XXI.

2260 5438 2474 5502 Quando
2501 5441 2753 5495 inventum
2775 5444 2927 5511 fuerit
2954 5444 3167 5501 Ito-tim}
3187 5448 3416 5513 cedatur,
3441 5460 3493 5504 et
3514 5452 3737 5524 reliqua.

2097 5529 2101 5535 '
2189 5528 2296 5581 Hoc
2325 5529 2386 5582 ad
2410 5533 2632 5585 cadaVer
2658 5533 2820 5585 Adam
2841 5549 2960 5588 cum
2974 5551 3072 5590 suo
3095 5551 3292 5606 genere
3320 5550 3493 5606 potest
3518 5542 3738 5601 demn-

2188 5619 2342 5671 strari
2370 5634 2385 5684 ;
2414 5622 2561 5688 cujus
2590 5622 2739 5674 credis
2763 5638 2881 5677 reus
2905 5625 3192 5694 ignoratur.
3223 5628 3270 5682 id
3294 5639 3379 5682 est
3396 5631 3645 5685 diabolus
3668 5634 3738 5689 ab

2187 5707 2484 5763 hominibus
2523 5712 2573 5764 in
2607 5722 2750 5779 parte
2783 5715 2938 5769 bona.
2969 5715 3193 5791 Maiores
3220 5729 3346 5774 natu
3370 5731 3418 5775 et
3441 5724 3655 5786 iudices.
3683 5739 3737 5780 et

2187 5804 2455 5872 prophetae
2488 5814 2539 5859 et
2563 5805 2786 5874 apostoli
2814 5791 3186 5882 intelliguntur.
3230 5813 3402 5869 Locus
3445 5824 3623 5873 autem
3649 5830 3736 5872 ca-
