3898 6260
61 451 175 504 δςοι

697 456 762 509 IN
809 455 1355 521 l‘l‘INTAngUCIiLISl
1397 458 1882 518 (λυιιιιιεΝιΑιιιι.
1925 494 1985 505 -—
2035 466 2632 528 DEUTI’.RUNUMIU.\L

3175 488 3277 541 500

50 563 271 614 das-eris
304 568 429 620 Athe
462 569 765 634 paradisus,
812 571 999 624 civitas
1027 572 1295 626 civitatum
1325 572 1490 625 lude.
1525 572 1612 626 γε·
1641 575 1682 630 Α
1716 588 1794 628 cst
1814 578 1861 630 in
1892 581 2138 646 vindicta,
2158 583 2235 636 vel
2267 586 2767 652 pmoiteutimCitius
2787 593 2999 647 cadum
3021 613 3117 649 nou
3137 601 3274 654 di'brl

48 653 160 703 tul-1
193 661 277 704 Cal
301 667 424 706 caro
451 654 672 718 Christi,
697 674 810 724 qum
853 659 1033 730 jugum
1063 663 1260 730 peccati
1306 679 1408 718 non
1437 665 1609 726 traxit,

51 754 153 795 nec
190 752 385 796 terram
412 745 569 798 scidit
597 762 830 813 vomere,
861 751 910 802 id
935 760 1015 804 est
1039 762 1158 804 nata
1188 755 1302 806 sine
1326 754 1420 806 viri
1451 755 1608 807 coitu.

47 829 116 883 Et
142 836 365 885 educunt
393 835 533 887 illam
564 836 614 888 in
642 838 819 890 vallem
844 855 1074 907 asperam
1103 851 1254 911 atque
1275 861 1525 907 saxosum,
1558 846 1608 898 id

44 934 128 976 est
157 923 330 976 Judzci
378 926 441 977 ad
484 926 733 981 humilem
783 933 955 985 crucis
1006 937 1300 999 passionem
1347 954 1608 1003 asperam,

43 1015 234 1066 mundi
269 1016 496 1081 peccatis
517 1027 569 1070 et
600 1018 970 1074 teutationihus
994 1003 1255 1078 saaosam.
1287 1019 1446 1080 \‘allis
1468 1031 1606 1082 enim

40 1102 348 1158 animarum
400 1105 746 1163 humilitatem
792 1113 1088 1180 signiﬁcare
1127 1128 1332 1186 potest,
1384 1137 1500 1188 qua!
1529 1135 1609 1177 est

41 1207 234 1260 aspera
266 1205 450 1248 cantra
478 1197 765 1266 diabolum,
793 1216 929 1272 'qure
961 1222 1226 1275 nunquam
1253 1219 1393 1262 arata
1423 1223 1524 1277 est,
1557 1212 1606 1266 id

40 1292 121 1334 est
151 1295 181 1335 a
207 1283 514 1339 doctoribus
550 1287 720 1343 cultro
748 1301 801 1346 et
830 1307 1042 1348 vomere
1068 1299 1258 1351 veteris
1283 1309 1336 1353 et
1360 1303 1479 1354 novi
1509 1303 1608 1358 Te-

40 1373 316 1426 stamenti.
357 1375 505 1441 Quod
537 1391 711 1433 autem
757 1381 923 1445 dicit,
961 1384 1022 1436 In
1059 1385 1152 1439 illa
1194 1391 1377 1443 cervice
1416 1393 1600 1457 vitultc,

40 1461 476 1527 lirzedicationem
533 1466 914 1525 lncarnalionis
957 1476 1206 1528 ostendit.
1262 1481 1605 1548 Accedentque

40 1558 346 1619 sacerdotes,
381 1555 430 1608 id
460 1568 541 1610 est
570 1559 660 1612 filii
684 1559 828 1623 Levi.
862 1564 944 1617 vel
975 1567 1198 1630 apostoli
1221 1554 1242 1633 l;
1275 1571 1349 1624 vel
1373 1574 1423 1623 in
1453 1589 1602 1625 mun-

40 1643 181 1708 tlum,
211 1645 262 1696 id
286 1655 366 1698 est
391 1648 639 1715 sanguis;
671 1651 907 1704 lavabunt
935 1670 1114 1709 manus
1138 1675 1277 1714 suus.
1305 1661 1353 1714 id
1381 1671 1462 1714 est
1483 1677 1605 1732 ope~

40 1747 90 1783 ra
120 1748 216 1800 per
239 1732 398 1788 [idem
431 1735 832 1804 Incarnationis,
867 1751 920 1794 et
947 1742 1165 1799 dicent:
1204 1746 1391 1802 Manus
1419 1761 1604 1807 thslt'lB

40 1836 133 1873 non
160 1821 457 1889 e/I'uderunt
502 1829 802 1898 sanguinem
843 1831 1001 1897 hunc,
1024 1835 1174 1902 quasi
1195 1836 1432 1894 dicereut
1455 1861 1466 1895 :
1489 1844 1600 1898 Non

1718 682 2010 732 permanere
2029 672 2080 723 in
2109 673 2421 740 patibula,id
2441 686 2521 729 est
2551 677 2599 730 in
2619 688 2854 745 peccato.
2885 682 2990 737 Sed
3007 689 3274 755 sepeliet"

1717 755 1886 807 eadem
1914 758 2011 820 die,
2029 759 2075 811 id
2101 771 2180 813 est
2203 761 2251 813 in
2279 777 2412 816 novo
2437 778 2525 831 per
2543 767 2923 831 pmnitentiam.
2956 769 3275 830 Contamina-

1716 841 1788 894 bis
1806 853 1950 898 terra!
1961 847 2134 912 fetore,
2152 849 2199 902 id
2214 860 2294 904 est
2313 861 2444 904 terra
2459 856 2630 906 cordis
2649 855 2861 925 ;fetorc,
2880 860 2930 914 id
2944 872 3023 916 est
3037 879 3270 933 peccata.

2293 941 2515 997 CAPUT
2547 944 2709 999 XXII.

1787 1019 1904 1074 Non
1931 1023 2114 1078 videbis
2163 1026 2365 1094 bovem,
2397 1046 2562 1100 usque
2584 1075 2598 1098 ,
2653 1029 2718 1087 de
2740 1038 2920 1091 omisso
2945 1041 3120 1109 fratris
3151 1046 3222 1098 tui
3246 1061 3266 1101 :

1714 1109 1813 1163 hoc
1866 1112 2065 1167 doctori
2110 1115 2316 1172 dicitur.
2370 1120 2727 1189 Spiritualitcr
2778 1128 2871 1182 bos
2908 1131 3090 1202 jugum
3137 1135 3265 1205 legis

1710 1201 2053 1257 sustinentem
2077 1205 2399 1262 demonstrat
2427 1227 2440 1273 ;
2475 1213 2622 1279 ovis,
2656 1201 3028 1285 innocentem;
3057 1201 3259 1293 asinus,

1709 1290 1959 1355 populum
2014 1295 2262 1361 gentium.
2320 1297 2637 1356 Vestimenta
2681 1319 2855 1362 autem
2913 1326 3070 1377 Opera
3117 1327 3259 1371 sunt.

1708 1377 1950 1432 Christus
1977 1392 2150 1436 autem
2197 1384 2357 1440 frater
2384 1397 2496 1454 est,
2542 1392 2604 1444 ad
2636 1408 2792 1462 quem
2833 1397 2942 1452 haec
2972 1404 3143 1458 omnia
3169 1420 3264 1471 per

1707 1468 1997 1523 doctrinam
2029 1473 2150 1527 boni
2178 1476 2410 1531 doctoris
2435 1480 2695 1536 dicuntur.
2721 1486 2868 1551 Quod
2894 1501 3068 1544 autem
3098 1468 3257 1548 dicit:

1708 1559 1829 1613 Non
1854 1563 2090 1619 induatur
2119 1577 2249 1620 veste
2270 1569 2420 1635 virili,
2454 1575 2683 1627 ostendit
2713 1575 2835 1630 ιιξυά
2865 1581 3003 1646 quod
3039 1582 3260 1648 Aposto-

1706 1650 1785 1704 lus
1814 1653 1883 1705 ait
1910 1672 1921 1705 :
1959 1654 2076 1708 Non
2105 1659 2339 1727 permitto
2369 1663 2569 1716 mulieri
2597 1665 2774 1720 docere
2802 1669 2852 1720 in
2880 1668 3125 1724 Ecclesia.
3159 1673 3260 1728 Ne-

1709 1758 1808 1811 que
1831 1747 1970 1798 enim
2003 1751 2352 1804 sacerdotium
2378 1793 2400 1830 ,
2428 1768 2596 1822 neque
2624 1755 2861 1812 doctrina
2891 1759 3098 1816 feminis
3118 1803 3132 1827 ,
3161 1779 3258 1818 nec

1707 1833 1756 1885 in
1781 1833 2015 1890 Ecclesia
2043 1841 2382 1908 conceditur;
2413 1841 2504 1898 sed
2541 1861 2638 1900 nec
2659 1850 2736 1901 vir
2757 1850 2914 1904 debet
2942 1850 3085 1904 indui
3111 1864 3256 1908 veste

40 1915 288 1979 apostoli,
319 1930 488 1982 neque
526 1919 694 1972 sancti
744 1919 1043 1978 en‘uderunt
1095 1930 1402 1997 sanguinem
1443 1934 1596 1989 ειη-ί-
1631 1922 1670 1980 Β
1702 1923 1948 1981 feminea.
1975 1929 2121 1996 Quod
2144 1933 2282 1985 enim
2308 1932 2388 1986 vir
2411 1946 2510 1999 εει,
2542 1946 2595 1990 et
2616 1939 2963 2006 principatum
2991 1944 3127 2009 gerit
3155 1942 3256 1997 Ec-

40 2005 118 2057 Iti.
158 2004 222 2056 Et
259 2009 524 2073 auferatur
551 2008 614 2061 ab
634 2009 737 2064 illis
760 2013 971 2081 sanguis
992 2025 1182 2070 reatus.
1209 2019 1430 2089 Sanguis
1449 2026 1596 2079 Chri-

40 2094 101 2146 sti
131 2108 228 2162 pro
260 2097 456 2149 mundo
484 2094 684 2152 eﬂ'usus
712 2108 809 2156 est.
862 2100 942 2154 Tu
969 2113 1139 2156 autem
1174 2109 1369 2163 alienus
1405 2113 1504 2166 eris
1531 2114 1592 2165 ab

40 2182 312 2238 innocentis
355 2201 567 2251 cruore,
620 2188 670 2242 id
710 2199 790 2243 est
839 2206 947 2246 non
986 2196 1210 2263 aposmli
1262 2213 1356 2264 pro
1399 2203 1594 2256 mundo

40 2277 168 2336 passi
198 2286 344 2332 sunt.
377 2278 667 2347 Sequitur:
702 2282 763 2336 Si
792 2284 976 2339 exieris
997 2286 1064 2338 ad
1090 2289 1274 2341 bellum
1300 2303 1476 2346 contra
1499 2295 1590 2346 ini-

40 2365 184 2418 micos
211 2375 327 2419 tuos
345 2408 360 2431 ,
414 2376 458 2422 et
497 2371 762 2424 tradiderit
789 2372 1034 2429 Dominus
1073 2377 1124 2428 in
1149 2394 1325 2432 manus
1351 2390 1485 2446 tuas,
1508 2401 1593 2436 ca-

40 2453 190 2520 ptivos
235 2473 430 2524 quoque
465 2459 692 2523 duxerit,
746 2471 792 2515 et
820 2464 1007 2518 videbis
1050 2467 1101 2520 in
1143 2485 1349 2522 numero
1387 2472 1591 2527 illorum

40 2545 288 2596 mulierem
334 2548 636 2616 pulchram,
683 2562 733 2605 et
767 2552 990 2621 reliqua.
1042 2557 1225 2610 llicuut
1271 2559 1466 2628 Judaei,
1503 2565 1592 2630 qui

40 2631 164 2687 hanc
191 2634 469 2689 historiam
501 2649 749 2706 servant,
799 2643 923 2710 qttid
975 2647 1193 2699 rationis
1223 2647 1380 2702 habet
1409 2653 1591 2706 mulie-

40 2737 142 2776 rem
171 2724 456 2791 decalvari,
482 2739 536 2782 et
565 2729 680 2797 ejus
711 2733 930 2799 ungulas
952 2734 1222 2788 abscindi?
1250 2738 1360 2791 Mos
1388 2751 1585 2803 autem,

40 2813 78 2867 si
109 2814 378 2870 mulierem
439 2818 709 2886 pulchram
736 2861 750 2883 ,
795 2820 844 2874 id
874 2833 955 2875 est
986 2828 1214 2878 animam
1256 2844 1373 2894 quae
1419 2847 1446 2880 a
1484 2832 1589 2885 Deo

40 2903 244 2967 pulchra
273 2914 449 2960 creata
482 2918 593 2970 cst,
643 2908 694 2960 in
723 2913 904 2977 gentili
937 2916 1342 2971 conversatione
1379 2921 1585 2974 inveni-

40 3010 174 3059 mus,
228 3007 280 3050 et
313 2998 503 3051 sociari
558 2999 701 3052 illam
751 3003 1073 3058 voluerimus
1118 3010 1327 3073 corpori
1360 3009 1582 3078 Christi,

40 3089 269 3156 deposito
308 3089 622 3146 idololatriae
649 3096 812 3161 cultu,
844 3096 1089 3151 induatur
1118 3099 1424 3168 lugubribus
1479 3119 1587 3172 poe-

40 3179 262 3234 nitentia:
305 3180 646 3238 indumentis.
681 3184 869 3254 Deﬂeat
913 3197 1101 3253 patrem
1127 3199 1173 3242 et
1214 3201 1456 3257 matrem,
1486 3193 1587 3248 hoc

1699 2017 1891 2081 rlesize,
1928 2035 2024 2074 nec
2050 2022 2207 2077 debet
2229 2024 2428 2094 aliquid
2463 2026 2748 2084 femineum
2777 2030 2860 2085 vel
2895 2032 3052 2087 molle
3077 2032 3129 2087 in
3158 2048 3250 2087 sua

1695 2107 1928 2161 doctrina
1958 2112 2166 2167 habere.
2910 2177 2916 2186 ,

1765 2197 1824 2252 Si
1851 2201 2150 2268 ambulans,
2191 2221 2393 2273 mque,
2443 2219 2490 2260 et
2519 2208 2668 2277 longo
2708 2210 2844 2264 viras
2884 2220 3121 2278 tempore.
3163 2214 3254 2267 Via

1694 2285 1833 2340 hunc
1862 2293 2109 2344 mundum
2155 2293 2481 2350 demonstrat
2509 2337 2523 2358 ,
2555 2301 2713 2352 arbor
2743 2305 3043 2367 Superbiam
3065 2347 3079 2371 ,
3115 2315 3252 2359 tetra

1693 2377 1922 2429 carnalia
1972 2379 2063 2433 des
2084 2381 2270 2446 deria,
2324 2385 2475 2437 nidus
2523 2388 3024 2454 conversationem,
3082 2406 3251 2446 mater

1695 2464 2102 2537 uniuseujusque
2128 2484 2340 2526 carnem
2374 2474 2599 2529 hominis
2626 2475 3018 2533 incumbentem
3047 2482 3098 2532 in
3128 2497 3249 2548 pee-

1693 2567 1829 2620 eato,
1864 2559 2074 2630 longum
2106 2573 2340 2634 tempus,
2383 2567 2614 2622 futurum
2646 2570 2920 2625 sarculum.
2968 2572 3096 2625 Cum
3123 2576 3250 2626 auli-

1693 2647 1912 2713 ﬁcarerit
1933 2652 2136 2705 domum
2157 2671 2358 2720 novum,
2387 2657 2437 2710 id
2460 2668 2541 2710 est
2563 2658 2790 2712 animam
2823 2660 2901 2714 vel
2928 2660 3245 2728 Ecclesiant;

1692 2737 1879 2805 faciens
1907 2755 2101 2792 murum
2121 2783 2134 2806 ,
2163 2744 2212 2795 id
2242 2755 2323 2798 est
2365 2747 2520 2812 fidei;
2553 2764 2651 2800 non
2683 2749 2975 2816 effundatur
3001 2753 3210 2822 sanguis
3231 2791 3248 2816 ,

1695 2826 1741 2874 id
1774 2836 1852 2878 est
1883 2827 2071 2882 bonum
2104 2835 2341 2888 naturale
2369 2850 2398 2887 a
2429 2836 2639 2891 diabolo
2669 2841 2750 2894 vel
2783 2841 3051 2906 lueretico,
3082 2841 3131 2895 id
3163 2851 3245 2896 est

1694 2913 1918 2968 Ecclesia
1955 2927 2061 2981 tua,
2093 2921 2170 2973 vel
2199 2924 2372 2978 anima
2405 2934 2511 2979 tua.
2545 2927 2664 2980 Non
2705 2946 2838 2982 seres
2861 2933 3054 2984 vineam
3085 2942 3245 2998 tuam,

1691 3002 1738 3054 id
1769 3012 1848 3055 est
1875 3003 2169 3060 doctrinam
2202 3010 2428 3077 Spiritus
2454 3015 2661 3080 sancti,
2693 3032 2753 3070 ac
2784 3019 2828 3071 si
2858 3019 3057 3073 diceret
3083 3037 3097 3071 :
3131 3022 3245 3075 Non

1692 3091 1848 3145 facies
1880 3093 2012 3145 bona
2060 3104 2112 3147 et
2141 3098 2276 3149 mala
2306 3101 2462 3153 simul
2511 3102 2641 3156 fleri.
2691 3106 2840 3170 Quod
2873 3118 3086 3160 autem:
3124 3107 3246 3160 Non
3307 3143 3310 3147 λ
3370 3151 3374 3155 .

1689 3184 1855 3237 orabis
1905 3185 1956 3236 in
1985 3185 2104 3238 bove
2127 3187 2275 3240 simul
2326 3199 2372 3243 et
2397 3195 2578 3260 asino,
2620 3196 2878 3264 signiﬁcat
2922 3199 3053 3252 duos
3081 3214 3243 3268 popu-

40 3276 128 3330 cst,
171 3272 478 3324 memoriam
529 3271 684 3340 hujus
737 3274 943 3337 tuundi,
994 3287 1046 3330 et
1075 3279 1380 3346 gentilitatis
1405 3282 1585 3338 illece-

1696 3277 1787 3329 los.
1822 3276 1875 3329 In
1906 3275 2058 3330 bovis
2106 3277 2246 3332 enim
2297 3281 2508 3336 nomine
2551 3286 2774 3352 populus
2815 3287 2912 3340 sub
2939 3264 3247 3357 jugo'legis

40 3356 148 3409 bitas
173 3360 449 3423 carnales,
478 3361 670 3416 deinde
699 3365 846 3418 verbi
881 3365 968 3418 Dei
997 3369 1252 3424 vocabulo
1272 3388 1426 3426 mune
1454 3389 1578 3444 pec-

40 3458 197 3503 catum
229 3453 554 3508 inﬁdelitatis
579 3455 737 3520 illius,
761 3457 898 3524 quod
927 3471 1188 3513 mortuum
1219 3470 1270 3514 et
1298 3463 1450 3518 inane
1477 3475 1577 3532 est,

40 3541 260 3598 radetur.
314 3544 376 3598 lli
415 3546 719 3599 sunt‘euim
773 3547 949 3612 capilli
996 3558 1047 3603 et
1088 3552 1292 3619 ungula:
1321 3556 1599 3623 mulieris,’

41 3637 182 3695 atque
207 3632 417 3686 demum
465 3648 559 3700 per
585 3635 850 3688 lavacrum
886 3637 1126 3704 baptismi
1157 3641 1426 3705 puriﬁcata
1453 3660 1575 3697 con-

40 3717 252 3785 iungitur
278 3723 497 3776 sanctis.
550 3725 679 3777 Cum
713 3726 839 3778 nihil
869 3727 1188 3791 superﬂuum
1223 3730 1273 3781 in
1304 3732 1473 3797 capite
1500 3733 1578 3786 vel

45 3807 262 3861 manibus
293 3809 556 3875 habuerit,
593 3813 642 3865 id
671 3823 752 3865 est
780 3827 898 3866 eum
932 3830 1099 3882 neque
1121 3818 1382 3883 sensibus,
1412 3836 1578 3891 neque

45 3907 146 3946 actu
195 3902 519 3954 immundum
568 3904 760 3971 aliquid
808 3910 963 3975 gerit.
1019 3906 1160 3961 Unus
1183 3921 1347 3962 au‘em
1374 3915 1575 3977 mensis,

45 3999 129 4048 quo
154 4001 294 4053 pacto
320 3994 436 4044 duci
457 3994 602 4064 jubet
633 3995 776 4047 illam
816 3996 868 4048 in
897 4013 1098 4050 uxorem
1124 4040 1139 4064 ,
1191 4001 1346 4053 ﬁdem
1369 4011 1420 4055 et
1447 4021 1578 4072 opus

44 4077 428 4141 significantem.
479 4085 732 4137 Teruario
769 4097 942 4140 autem
993 4104 1214 4144 numero
1245 4091 1373 4145 ﬁdes
1400 4104 1575 4148 osten-

43 4165 186 4233 ditur,
214 4171 428 4224 denario
459 4189 590 4240 opus
642 4174 802 4241 legis,
852 4190 946 4244 per
995 4177 1151 4232 fidem
1198 4191 1248 4235 et
1279 4195 1410 4249 opus
1450 4184 1579 4254 legis

45 4259 199 4311 anima
231 4261 335 4316 Deo
365 4273 507 4315 recte
544 4264 798 4318 sociatur.
849 4267 949 4320 Alii
982 4267 1116 4322 hanc
1157 4272 1428 4325 mulierem
1463 4277 1578 4340 pui-

44 4344 206 4400 chram
236 4350 382 4412 facie,
413 4351 782 4406 rationabilem
811 4354 1039 4423 aliquam
1067 4356 1393 4426 disciplinam
1426 4363 1579 4429 signi-

50 4434 190 4490 ficare
219 4451 430 4506 putant,
480 4456 598 4509 quae
637 4444 905 4507 sapienter
952 4448 1086 4500 dicta
1137 4449 1398 4504 invenitur
1441 4453 1577 4518 apud

47 4525 267 4588 gentiles,
297 4527 444 4595 quasi
468 4542 495 4579 a
523 4529 672 4582 nobis
700 4530 768 4583 sit
797 4543 1024 4598 reperta.
1057 4536 1272 4603 Oportet
1300 4538 1365 4591 de
1392 4554 1450 4592 ea
1477 4541 1576 4606 pri-

1685 3366 1966 3435 aecipitur,
2025 3371 2075 3420 in
2116 3369 2266 3423 asino
2311 3379 2486 3425 autem
2531 3377 2752 3441 populus
2798 3380 3033 3446 gentium
3063 3380 3246 3456 [perti—

1686 3470 1817 3511 nens
1848 3471 2012 3524 usque
2043 3457 2406 3523 Evangelium.
2452 3457 2507 3511 in
2532 3459 2668 3514 bove
2687 3471 2864 3516 autem
2885 3465 3040 3518 simul
3065 3476 3121 3520 et
3140 3469 3246 3520 asi-

1685 3560 1751 3598 no
1781 3555 1913 3607 arat,
1937 3545 2024 3612 qui
2054 3544 2129 3596 sic
2158 3544 2498 3614 Evangelium
2544 3547 2758 3613 recipit,
2793 3550 2875 3603 vel
2905 3549 3239 3606 Iudaicarum

1681 3635 2114 3698 superstitionum
2135 3673 2149 3695 ,
2181 3649 2296 3702 quae
2327 3636 2376 3687 in
2409 3625 2592 3688 umbra
2620 3645 2675 3691 et
2703 3638 2927 3707 imagine
2957 3656 3241 3707 pnecesse-

1682 3733 1822 3788 runt,
1853 3726 2196 3778 ca‘retuonias
2226 3740 2328 3778 non
2368 3725 2652 3794 relinquat.
2707 3727 2834 3782 Item
2867 3732 2918 3784 in
2943 3730 3081 3791 ,bove
3107 3735 3239 3788 bene

1682 3816 2008 3881 operantium
2035 3815 2136 3868 vita
2169 3816 2436 3884 signatur,
2469 3817 2519 3869 in
2548 3818 2697 3871 asino
2737 3819 3018 3874 stultorum
3058 3815 3238 3876 vecor-

1679 3904 1785 3958 dia.
1821 3906 1955 3974 Ezgo
1987 3906 2037 3960 in
2073 3907 2202 3960 bove
2229 3907 2382 3960 simul
2413 3917 2465 3962 et
2493 3908 2646 3962 asino
2688 3923 2790 3961 non
2819 3911 3013 3977 arabis,
3041 3911 3234 3967 fatuum

1682 3995 1905 4062 sapienti
1954 3996 2004 4047 in
2040 3995 2411 4061 prmdicatione
2442 4013 2542 4052 non
2574 3998 2777 4059 sanies.
2826 4001 2943 4068 quia
2979 4016 3080 4055 non
3111 4017 3237 4070 pos-

1682 4094 1803 4136 sunt
1832 4084 2102 4151 aequaliter
2122 4087 2399 4138 enuntiare
2417 4087 2631 4140 verbum
2659 4087 2770 4141 Dei.
2801 4089 3081 4157 Sequitur:
3114 4089 3233 4145 Non

1681 4178 1857 4228 induas
1887 4186 2067 4228 vestem
2111 4193 2172 4228 ex
2194 4177 2310 4227 lana
2340 4179 2540 4244 linoque
2578 4190 2887 4232 contextum.
2938 4182 3036 4236 Per
3061 4184 3231 4236 lauant

1681 4263 2007 4329 simplicitas,
2042 4278 2134 4330 per
2162 4263 2324 4314 linum
2355 4265 2646 4319 sublimitas
2689 4268 3009 4335 designatur.
3065 4270 3234 4324 Vestis

1682 4369 1795 4419 qna-
1828 4367 1892 4404 ex
1928 4353 2040 4403 lana
2072 4362 2123 4404 et
2151 4351 2255 4404 lino
2284 4353 2602 4416 contexitur,
2638 4356 2799 4410 linum
2833 4358 3051 4413 interius
3077 4361 3233 4424 celat,

1684 4443 1733 4493 iu
1763 4441 2038 4505 superﬁcie
2068 4442 2236 4495 lanam
2267 4445 2516 4498 ostendit.
2548 4443 2761 4499 Vestem
2789 4463 2913 4517 ergo
2941 4464 3002 4503 es
3034 4451 3146 4502 lana
3175 4453 3234 4504 li-

1685 4548 1854 4600 noque
1883 4543 2183 4586 contextam
2217 4534 2404 4598 induit,
2437 4535 2525 4603 qui
2551 4537 2648 4589 sub
2673 4537 2933 4591 locutione
2975 4539 3234 4595 innocen-

50 4625 177 4663 nium
225 4619 427 4669 auferre
471 4631 683 4670 omnem
733 4623 1120 4686 superstitionis
1175 4624 1574 4691 immunditiam,

1696 4628 1773 4679 lite
1819 4627 1960 4678 intus
2007 4624 2380 4679 sublimitatem
2423 4626 2558 4679 celat
2603 4625 2832 4680 malitize.
2875 4626 3151 4682 Funiculos
3182 4633 3231 4683 in

48 4708 92 4748 et
119 4702 188 4754 sic
219 4704 356 4758 illam
387 4706 436 4757 in
466 4707 643 4759 studio
673 4710 907 4762 veritatis
936 4725 1222 4765 assumere.
1264 4714 1411 4768 Nulla
1436 4718 1573 4770 enim

49 4793 168 4852 apud
195 4796 411 4862 gentiles
457 4798 713 4865 sapientia
745 4811 824 4853 est
851 4842 864 4865 ,
910 4805 990 4854 cui
1036 4804 1360 4862 imtuunditia
1404 4811 1575 4880 aliqua

51 4883 117 4933 ve!
147 4887 438 4954 superStitio
467 4899 570 4939 non
605 4889 671 4940 sit
700 4890 941 4944 admista.

114 4971 165 5026 Si
195 4977 412 5031 habuerit
450 4975 601 5029 homo
638 4977 766 5030 duas
793 4996 975 5032 uxores
998 5020 1011 5043 ,
1043 4997 1205 5050 usque
1230 5028 1243 5050 ,
1277 5001 1374 5037 non
1395 4993 1574 5054 poterit

53 5066 201 5124 facere
227 5068 385 5132 ﬁlium
407 5069 621 5130 dilectae,
653 5077 704 5122 et
729 5067 944 5135 reliqua.
978 5072 1031 5124 In
1064 5071 1162 5126 hoc
1191 5073 1428 5130 Christus
1456 5095 1573 5149 ctnn

54 5153 233 5209 duabus
261 5159 505 5216 Ecclesiis
545 5168 716 5229 potest
751 5161 967 5229 intelligi
992 5202 1007 5224 ,
1036 5165 1123 5230 qui
1155 5181 1257 5219 non
1287 5170 1479 5235 profert
1514 5171 1574 5224 fl-

59 5243 164 5295 lium
192 5248 408 5315 dilecte,
440 5252 487 5305 id
512 5261 594 5306 est
637 5253 883 5321 populum
915 5252 1166 5306 Ecclesia:
1189 5258 1454 5326 gentium,
1489 5277 1578 5327 po-

61 5335 214 5397 pulant
239 5331 518 5409 Synagngae
555 5345 606 5395 in
630 5343 936 5395 diViaiOD‘m
963 5344 1264 5396 substantia:
1284 5385 1299 5409 ,
1346 5348 1443 5400 hoc
1473 5358 1576 5414 est,

63 5421 106 5473 ia
125 5427 367 5484 mandatis
396 5431 544 5498 legis,
575 5437 603 5484 a
631 5434 823 5508 populo
849 5435 987 5485 enim
1013 5434 1314 5503 Synagogaa,
1349 5437 1449 5492 hoc
1474 5451 1574 5508 est,

63 5526 85 5561 a
112 5517 345 5580 priuiitiva
373 5520 609 5578 Ecclesia
640 5507 944 5592 principium
975 5535 1072 5579 est.

124 5609 319 5672 Quando
345 5613 615 5680 peccaverit
639 5614 828 5692 homo,
861 5633 1024 5685 usque
1043 5659 1058 5682 ,
1089 5619 1176 5671 sed
1206 5618 1258 5669 in
1295 5621 1468 5674 cadens
1496 5639 1575 5675 se-

67 5695 272 5755 nelietur.
323 5704 416 5757 llic
460 5703 616 5756 homo
663 5709 1019 5777 unusquisque
1069 5710 1357 5776 baptizatus
1405 5723 1578 5779 potest

69 5779 287 5858 intelligi,
315 5794 396 5863 qui
425 5792 467 5847 si
501 5795 822 5862 peccaverit,
855 5796 1009 5852 debet
1047 5798 1266 5867 iudicari
1301 5801 1488 5866 morti,
1523 5801 1572 5854 id

1687 4717 1895 4779 ﬁmbriis
1930 4716 2082 4783 [acies
2106 4755 2119 4774 .
2165 4715 2214 4767 id
2244 4725 2342 4780 est,
2380 4718 2622 4768 mandata
2667 4719 2792 4784 legis
2818 4718 3073 4784 exemplis
3101 4733 3229 4785 apo-

1684 4809 1956 4860 stolorum.
2012 4803 2112 4855 Per
2135 4812 2344 4870 quatuor
2388 4808 2599 4870 angulos
2628 4806 2768 4872 pallii
2799 4805 2891 4867 tui,
2924 4807 2974 4857 id
3005 4816 3104 4867 est,
3137 4823 3230 4874 per

1683 4897 2039 4951 credulitatem
2087 4903 2306 4959 quatuor
2346 4893 2595 4947 librorum
2637 4893 2772 4946 ﬁdei.
2818 4894 3068 4962 Insuper,
3098 4897 3230 4950 Cen-

1684 4997 1784 5038 tum
1831 4983 1969 5037 siclis
2010 4983 2236 5048 argenti,
2269 4981 2318 5034 id
2358 4991 2471 5045 est,
2515 4981 2783 5049 integritas
2831 4998 3140 5051 plenarum;
3173 4995 3226 5037 ut

1684 5077 2018 5145 fornicaretur
2060 5073 2114 5124 in
2139 5072 2286 5125 domo
2335 5073 2486 5136 patris
2523 5072 2639 5132 sui,
2693 5071 2741 5123 id
2785 5083 2863 5125 est
2910 5073 2962 5125 in
2993 5073 3226 5129 Ecclesia

1678 5176 1998 5222 sanctorum.
2053 5165 2111 5218 Si
2143 5163 2396 5215 dormiarit
2443 5177 2554 5214 cum
2597 5179 2753 5215 urere
2782 5164 3009 5226 alterius,
3050 5167 3100 5216 id
3145 5177 3226 5218 est

1681 5259 1956 5313 hazreticus
2001 5271 2118 5308 cum
2151 5253 2411 5314 Ecclesia,
2443 5269 2558 5320 qua:
2598 5252 2791 5306 Christi
2831 5268 2960 5305 uxor
2993 5252 3225 5306 dicitur:

1680 5350 1788 5402 sive
1811 5360 1996 5402 sensus
2028 5345 2192 5396 malus
2213 5357 2332 5396 cum
2354 5344 2546 5405 anima,
2579 5339 2691 5408 quae
2719 5341 2840 5392 boni
2869 5340 3100 5393 doctoris
3124 5351 3224 5395 est.

1752 5442 1961 5509 Utrique
1981 5438 2283 5502 moriuntur,
2329 5436 2378 5487 id
2406 5443 2485 5486 est
2515 5435 2563 5486 in
2596 5431 2821 5484 vindicta
2850 5431 2933 5484 vel
2964 5433 3226 5499 peniten-

1681 5535 1769 5586 tia.
1800 5532 1859 5588 Si
1881 5529 2100 5599 puellam
2121 5531 2380 5598 virginem,
2415 5524 2462 5576 id
2493 5533 2571 5575 est
2591 5521 2873 5576 Ecclesiam
2893 5521 3226 5587 desponden-

1681 5634 1782 5676 tem
1816 5623 2026 5674 Christo
2073 5637 2221 5674 suam
2264 5616 2636 5685 virginitatem.
2689 5610 2756 5664 Et
2800 5613 3034 5665 inuenerit
3085 5612 3226 5664 illam

1678 5717 1878 5781 aliquis,
1907 5715 1957 5767 id
1989 5724 2071 5768 est
2096 5691 2328 5772 .ludzeus.
2357 5709 2434 5762 vel
2473 5705 2772 5766 hmreticus,
2819 5707 2927 5758 sive
2959 5716 3221 5772 peccator.

1677 5807 1755 5858 Ad
1782 5814 1974 5874 portam
2023 5803 2253 5868 civitatis,
2288 5800 2336 5854 id
2360 5798 2521 5854 estad
2556 5793 2709 5849 linem
2745 5792 3010 5848 Ecclesia.
3056 5791 3221 5847 Ella-
