3898 6260
527 369 619 420 3"!

1018 361 1215 416 BEan
1261 357 1699 414 \°E.\Ell:\8ll.l8
1737 352 2013 408 Ol‘Elthl
2055 351 2105 404 l‘.

2209 350 2228 401 5
2269 347 2330 400 ll.
2366 376 2434 391 -η
2475 339 2852 396 EXEGETICA
2896 335 3214 391 CENUINA.

3583 325 3689 378 .39

529 477 728 545 pidibus
751 479 1033 532 obruentur,
1064 470 1112 523 id
1143 479 1225 524 est
1251 470 1301 522 in
1333 468 1584 528 vindicta,
1603 465 1723 520 sive
1760 458 2074 516 testimoniis
2103 462 2146 514 Α
2177 456 2279 506 lum
2308 452 2652 511 debemus,ttt
2671 445 2734 498 ad
2769 443 3230 512 reprehendendos
3253 449 3625 507 nosmetipsos
3639 449 3734 489 ac-

531 568 582 617 itt
615 562 930 629 ptettitetttia.
964 561 1094 624 Quia
1131 577 1228 612 non
1259 558 1511 621 clamavit,
1561 555 1610 608 id
1657 563 1738 607 est
1779 550 2063 606 consensit.

534 657 668 720 Ager
694 661 866 702 autem
899 649 1168 716 Evangelii
1189 649 1483 701 doctrinam
1521 642 1810 713 signiﬁcat;
1841 655 1955 708 quae
1984 653 2068 690 se-

539 755 764 809 quuntur
790 756 918 810 pene
962 741 1111 809 juxta
1146 741 1283 791 hunc
1312 738 1551 789 ordinem
1583 731 1884 800 accipienda
1926 741 2066 783 sunt.

531 831 775 885 Clamauit
801 841 847 884 et
874 831 1044 882 nullus
1073 829 1258 896 adfuit,
1295 826 1346 878 itl
1392 835 1473 878 est
1502 837 1661 890 usque
1689 822 1752 873 ad
1791 821 2068 873 adventum

533 921 748 975 Christi.
773 920 873 974 Per
899 920 1149 970 hominem
1173 917 1259 986 qui
1304 916 1490 983 accepit
1521 929 1722 967 uxorem
1767 911 1936 979 fratris
1970 909 2068 971 sui,

538 1011 775 1076 diabolus
807 1007 890 1060 vel
932 1005 1209 1058 Itatretictts
1251 1003 1561 1067 ostenditur,
1593 1001 1855 1067 accipiens
1899 996 2075 1050 Eccle-

538 1099 665 1148 siam
695 1094 873 1148 fratris
898 1096 997 1157 sui,
1027 1096 1075 1147 id
1120 1101 1202 1146 est
1229 1092 1445 1157 Christi,
1477 1107 1542 1144 ne
1564 1087 1875 1144 revelaverit
1904 1083 2076 1152 opeti-

541 1200 770 1244 tttetttum
800 1189 936 1243 illius
958 1187 1283 1241 ﬁdelitatem.

1091 1273 1312 1327 CAPUT
1350 1270 1532 1326 ΧΧΙΙΙ.

612 1367 760 1428 Quod
780 1375 958 1429 autem
990 1363 1150 1423 dicit,
1194 1361 1311 1413 Non
1359 1360 1556 1411 intrabit
1594 1355 1848 1410 eunuchus
1895 1354 2078 1407 attritis

539 1459 612 1507 rel
641 1455 904 1521 amputatis
950 1452 1213 1517 testiculis,
1253 1460 1297 1502 et
1343 1450 1532 1502 absciso
1582 1456 1764 1499 reretro
1807 1443 2080 1496 Ecclesium

545 1545 658 1609 Dei,
697 1545 922 1598 ostendit
948 1543 1083 1612 quod
1133 1554 1318 1593 omnes
1345 1540 1430 1606 qtti
1477 1535 1706 1588 molliter
1735 1534 1932 1598 vivunt,
1984 1546 2080 1586 nec

545 1643 793 1686 exercent
813 1647 944 1700 opus
971 1632 1135 1693 virile,
1165 1643 1265 1682 non
1295 1635 1512 1695 possunt
1540 1637 1847 1691 permanere
1877 1621 1928 1673 in
1981 1636 2081 1673 nu-

546 1739 693 1777 mero
715 1733 1038 1783 sanctorum,
1083 1723 1193 1772 sive
1220 1715 1639 1784 congregatione.
1688 1713 1785 1776 Qui
1813 1722 1976 1764 autem
2019 1711 2082 1762 de

2166 543 2341 605 cincti,
2390 551 2596 592 acutum
2643 536 2780 589 circa
2829 548 2922 586 nos
2970 534 3238 585 stimulum
3297 530 3735 595 contpttnctioms

2174 635 2482 693 habeamus,
2535 629 2621 697 qui
2671 627 2996 680 incessanter
3027 634 3216 677 terram
3276 624 3477 674 mentis
3532 630 3736 673 nostra

2170 719 2470 792 plBltllcnlid
2494 728 2546 770 et
2574 716 2758 768 dolore
2784 712 3068 775 confodiat,
3113 720 3167 764 et
3214 711 3313 762 hoc
3341 710 3484 775 quod
3511 723 3542 758 a
3581 709 3738 759 nobis

2171 810 2388 864 fetidum
2420 805 2592 871 erupit
2621 801 2924 855 abscondat.
2984 799 3163 867 Egesta
3203 797 3358 848 humo
3408 797 3634 861 operies,
3690 795 3736 846 id

2171 907 2273 962 est,
2307 908 2361 949 ttt
2387 897 2632 947 obscuret
2661 901 2928 960 peccatum
2980 904 3129 941 suttttt
3163 887 3492 955 ptettilentite
3541 900 3734 947 Opere.

2175 985 2294 1040 Non
2319 984 2488 1036 tradas
2512 998 2702 1034 seruum
2727 979 2930 1030 domino
2951 994 3063 1029 suo.
3112 977 3219 1028 Iloc
3269 974 3476 1026 doctori
3513 974 3737 1030 dicitur,

2176 1084 2367 1126 tttcunt
2399 1071 2612 1124 servum
2642 1068 2886 1128 diabolo,
2932 1080 3085 1134 quem
3132 1080 3162 1115 a
3213 1067 3468 1116 servitute
3525 1072 3738 1129 pec-catt

2175 1177 2277 1218 non
2304 1161 2638 1215 converterit.
2675 1157 2791 1208 Non
2812 1155 3070 1221 contristes
3096 1168 3227 1213 eum,
3251 1151 3300 1203 id
3326 1161 3423 1212 est,
3455 1150 3508 1203 in
3539 1153 3742 1213 despe-

2176 1251 2395 1314 ratione,
2418 1252 2526 1301 sive
2558 1248 2607 1299 itt
2631 1243 2956 1312 pmoitemia.
3011 1241 3129 1293 Non
3159 1241 3390 1292 meretrix
3411 1241 3530 1298 erit,
3568 1240 3628 1290 id
3661 1249 3738 1290 est

2175 1341 2380 1400 anima;
2415 1352 2501 1389 nec
2523 1344 2788 1396 scortator,
2821 1332 2869 1385 id
2899 1341 2979 1384 est
3002 1329 3266 1391 diabolus,
3290 1329 3375 1396 qui
3402 1329 3594 1395 genuit
3637 1328 3739 1378 Ιιει-

2178 1430 2417 1483 l'eticum.
2445 1424 2744 1484 Prostibult‘,‘
2769 1423 2820 1473 id
2841 1433 2917 1473 est
2945 1410 3154 1472 animat.
3182 1418 3289 1470 Nec
3303 1423 3517 1482 pretium
3541 1433 3741 1477 (arma,

2180 1517 2230 1570 id
2262 1524 2363 1578 est,
2405 1512 2690 1574 utdicitttr,
2725 1510 2842 1563 Non
2870 1508 3011 1560 dabis
3056 1517 3285 1558 sanctum
3313 1507 3560 1566 canibus;
3589 1508 3744 1558 aliter

2182 1608 2282 1662 hoc
2312 1601 2736 1674 signiﬁcatquod
2769 1617 2872 1652 non
2898 1599 3154 1652 debemus
3188 1597 3590 1663 eleemosynam
3643 1594 3742 1646 im-

2181 1697 2379 1750 molare
2403 1708 2498 1760 pto
2523 1699 2756 1761 peccato.
2787 1689 2892 1742 Nec
2910 1688 3158 1757 [enerabis
3179 1691 3369 1755 fruges,
3395 1686 3445 1736 id
3468 1695 3549 1736 est
3577 1685 3739 1752 legis;

541 1823 704 1866 scorto
733 1822 875 1863 natus
904 1819 1146 1878 estusque
1167 1808 1231 1861 ad
1249 1807 1491 1859 decimum
1511 1804 1891 1875 generationem,
1919 1800 2082 1866 prohi-

2209 1784 2280 1846 ed
2309 1785 2500 1844 alieno,
2528 1784 2576 1835 id
2605 1789 2687 1835 est
2730 1780 2910 1848 gentili
2969 1778 3179 1846 papulo.
3232 1773 3502 1843 Ingressus
3543 1775 3740 1825 rinam

541 1906 688 1955 betur
730 1905 916 1954 intrare
942 1902 993 1953 in
1042 1899 1332 1952 Ecclesiam.
1361 1897 1457 1964 Qui
1479 1895 1614 1950 enim
1646 1894 1710 1948 de
1725 1891 1919 1946 carnali
1952 1891 2082 1954 vita,

548 1997 628 2046 vel
658 1995 723 2048 tle
751 1994 1035 2061 gentilitate
1055 1990 1195 2044 venit
1222 1990 1286 2042 ad
1323 1988 1630 2048 Ecclesiatn,
1667 1995 1791 2038 tunc
1821 1981 2083 2050 recipien-

553 2087 648 2135 tlns
677 2093 778 2145 est,
801 2096 919 2134 cum
957 2087 1213 2148 prmcepta
1246 2077 1374 2145 legis
1403 2074 1747 2143 spiritualiter
1775 2070 2086 2131 servaverit,

553 2174 690 2239 qttod
720 2173 974 2238 signiﬁcat
1001 2168 1241 2222 denarius
1271 2181 1537 2219 numerus.
1568 2162 1716 2228 Quod
1741 2176 1866 2214 vero
1887 2160 2090 2212 Ammo-

551 2263 673 2311 ttitt-s
698 2270 740 2310 et
789 2257 1029 2310 Moabites
1056 2273 1154 2307 non
1181 2239 1532 2324 pertititttttttttr
1561 2254 1610 2304 itt
1640 2263 1873 2304 attentum
1906 2251 2093 2302 intrare

553 2351 606 2400 in
639 2347 929 2408 Ecclesiam,
956 2347 1212 2413 signiﬁcat
1234 2345 1297 2397 ab
1329 2344 1557 2396 Ecclesia
1583 2342 1859 2394 hatreticos
1886 2351 2094 2404 semper

555 2456 672 2495 e-se
703 2439 1045 2506 repellendos.
1068 2436 1379 2490 ΙΙιειοειίςιιιιι
1406 2443 1600 2496 autem,
1625 2431 1810 2497 inquit,
1830 2429 2092 2480 hominem

559 2545 671 2599 post
713 2546 866 2584 unam
899 2531 1186 2585 etalteram
1228 2527 1618 2592 correptionem
1651 2522 1845 2575 devita.
1902 2519 2090 2586 Sequi-

559 2632 639 2674 tur
670 2639 680 2672 :
733 2619 849 2672 Λόιι
898 2617 1256 2671 abominaberis
1284 2613 1589 2675 ldumtcum,
1634 2611 1750 2680 quia
1777 2614 1948 2682 frater.
1979 2617 2091 2662 tuus

557 2720 648 2771 est,
697 2724 784 2760 nec
839 2705 1153 2777 lEgypllum.
1207 2703 1305 2756 Per
1359 2699 1660 2771 Egyptittm
1708 2703 1762 2752 et
1815 2696 2093 2748 ldumznum

559 2795 881 2863 signiﬁcmur
912 2809 1142 2864 pnesens
1168 2794 1293 2851 vita.
1343 2791 1428 2844 cui
1477 2787 1716 2856 quamvis
1742 2784 2100 2840 renuntiantes

564 2890 627 2940 ad
653 2863 950 2955 {Egyptians
982 2896 1196 2944 terram,
1223 2881 1271 2933 id
1317 2889 1415 2942 est,
1451 2863 1721 2945 pristinam
1747 2873 2099 2940 conversatio-

565 2992 682 3030 ttetn
715 2974 890 3027 mundi
936 2982 991 3026 et
1033 2970 1511 3037 concupiscentiam
1542 2965 1891 3028 declinemus;
1925 2970 2098 3016 tamen

564 3068 688 3119 dum
741 3063 894 3133 hujus
939 3062 1115 3115 mundi
1168 3058 1566 3114 necessitatibus
1621 3054 1901 3118 subditur,
1961 3053 2097 3120 quod

568 3155 866 3224 A‘Igyptiam
914 3152 1176 3204 nationem
1205 3161 1530 3213 nequaquam
1553 3145 1953 3211 exstinguimus,
1983 3143 2104 3196 licet

572 3245 641 3296 ab
667 3244 775 3309 ipsa
802 3240 1026 3308 quadam
1057 3236 1373 3291 discretione
1398 3246 1723 3300 separemur,
1761 3245 1862 3282 non
1907 3229 1972 3282 de
2018 3243 2107 3281 suo

572 3333 784 3403 perﬂuis
807 3332 1115 3398 cogitantes,
1139 3327 1230 3382 sed
1257 3327 1443 3388 simus,
1467 3322 1755 3377 secundum
1778 3317 2106 3386 Apostolum,

576 3426 714 3478 victu
743 3422 1049 3492 qn0tidiano
1079 3417 1490 3486 indumentoque
1533 3412 1786 3468 contenti.
1835 3408 1984 3475 Quod
2013 3422 2110 3461 auo.

570 3523 675 3567 tem
709 3512 918 3574 dicitur,
947 3511 1043 3575 Qui
1063 3509 1167 3561 nati
1189 3508 1374 3578 fuerint
1403 3521 1466 3559 ea
1490 3505 1589 3557 illis
1605 3503 1749 3556 tertia
1778 3502 2110 3571 generatione,

571 3599 827 3653 intrabunt
853 3602 904 3651 in
938 3597 1214 3651 Eeclesiam
1254 3595 1480 3662 Domini,
1507 3594 1768 3662 signiﬁcat
1809 3591 1948 3661 quod
1991 3599 2113 3645 tunc

574 3691 843 3744 stccularis
871 3689 1091 3758 quisque
1115 3693 1284 3754 potest
1323 3686 1522 3737 sanctis
1569 3683 1658 3735 Dei
1695 3679 1961 3749 conjungi,
1991 3693 2108 3734 cum

574 3782 805 3851 perfecte
834 3777 1113 3833 crediderit
1146 3776 1196 3830 itt
1239 3773 1467 3836 Patrem,
1511 3771 1720 3834 Filium,
1763 3779 1818 3825 et
1866 3770 2115 3836 Spiritum

576 3880 836 3934 sanctum,
863 3869 944 3922 vel
973 3883 1091 3921 cum
1119 3867 1244 3935 Spe,
1283 3863 1431 3926 Fide,
1458 3861 1743 3923 Cbaritate,
1773 3861 1843 3913 sit
1881 3867 2114 3912 ornatus.

577 3963 822 4033 Sequitur
849 3980 861 4014 :
912 3959 972 4015 Si
994 3959 1144 4029 fuerit
1172 3958 1298 4009 inter
1323 3973 1406 4008 ros
1432 3955 1601 4020 homo,
1635 3953 1720 4022 qui
1746 3959 1989 4005 nocturno
2010 3950 2123 4018 pol-

577 4056 709 4107 lttttts
757 4052 820 4106 sit
853 4050 1065 4114 sotttttio,
1125 4057 1178 4102 et
1223 4045 1444 4114 reliqua.
1495 4043 1811 4098 Nocturnum
1862 4041 2120 4094 somnium

581 4144 800 4197 tentatio
827 4141 1055 4202 occulta,
1089 4151 1180 4205 per
1206 4151 1359 4205 quant
1383 4134 1631 4203 cogitatio
1655 4132 1930 4186 tenebrosa
1973 4138 2122 4196 turpe

586 4232 784 4298 aliquid
815 4231 974 4280 corde
1000 4225 1262 4292 concepit,
1291 4224 1430 4293 quod
1484 4235 1657 4278 tamen
1684 4236 1847 4290 opere
1876 4235 1980 4274 non
2035 4235 2126 4273 ex-

587 4320 783 4387 pletur.
810 4317 1067 4370 Pollutum
1089 4315 1279 4380 quippe
1307 4321 1455 4366 extra
1476 4321 1647 4365 castra
1667 4311 1835 4375 exire,
1862 4319 1962 4370 est,
1989 4309 2129 4375 turpi

2188 1878 2403 1944 proximi
2427 1875 2520 1934 tui.
2547 1874 2594 1927 id
2616 1883 2696 1926 est
2726 1874 2893 1942 legem
2915 1869 3130 1923 Christi.
3150 1867 3362 1920 Comede
3387 1881 3536 1927 aras,
3559 1864 3617 1918 id
3639 1875 3739 1926 est,

2186 1967 2342 2018 crede
2373 1963 2783 2016 incarnationettt
2833 1959 3049 2012 Christi.
3103 1953 3264 2008 Foras
3309 1966 3502 2015 autem,
3555 1954 3610 2006 id
3665 1965 3743 2005 est

2187 2062 2338 2107 extra
2367 2052 2674 2106 Ecclesiattt.
2718 2049 2778 2103 Si
2805 2048 3071 2101 intraueris
3119 2046 3170 2097 in
3206 2054 3419 2113 segetem
3465 2058 3620 2093 amtcs
3650 2043 3739 2101 tui,

2191 2143 2240 2196 id
2272 2145 2422 2197 estin
2452 2142 2639 2195 ordine
2684 2140 3066 2198 mandatorum,
3113 2139 3223 2188 sive
3253 2137 3304 2187 itt
3355 2136 3472 2201 lege
3524 2132 3738 2186 Christi.

2194 2230 2394 2300 Frange
2421 2232 2605 2298 spicas,
2635 2237 2679 2280 et
2699 2243 2848 2279 manu
2882 2239 3101 2287 contere,
3127 2224 3176 2277 id
3224 2236 3304 2277 est
3336 2225 3570 2275 litteram
3618 2225 3741 2289 legis

2191 2323 2430 2388 exemplo
2459 2322 2577 2374 ﬁdei
2609 2329 2727 2371 tuae.
2751 2315 2914 2369 Fa'ce
2940 2332 3038 2369 non
3079 2326 3253 2381 metas,
3280 2315 3330 2367 id
3357 2323 3439 2367 est
3457 2329 3568 2366 non
3594 2328 3741 2367 exec-

2194 2411 2289 2466 das
2319 2426 2436 2464 cum
2464 2425 2620 2464 sensu
2649 2409 2978 2475 complendo.

2749 2515 2968 2573 CAPUT
3006 2514 3187 2569 XXIV.

2271 2612 2332 2667 Si
2359 2611 2602 2677 acceperit
2626 2609 2775 2662 homo
2800 2623 3022 2670 uxorem,
3052 2617 3106 2658 et
3135 2605 3356 2673 reliqua,
3391 2621 3588 2674 usque,
3608 2603 3742 2674 Reji-

2197 2719 2306 2758 cere
2331 2718 2458 2756 eam.
2490 2701 2583 2754 Hic
2612 2701 2767 2751 homo
2789 2697 3052 2750 Christum
3083 2697 3362 2764 signiﬁcat,
3407 2711 3546 2747 uxor
3585 2699 3740 2764 Syna-

2202 2807 2385 2863 gOgam
2414 2790 2740 2852 Judtroruttt,
2771 2801 2888 2856 qua:
2908 2785 3170 2839 Christum
3199 2799 3302 2838 non
3333 2784 3546 2839 invenit
3575 2799 3743 2854 perse-

2200 2884 2426 2952 quendo,
2457 2889 2511 2934 et
2530 2879 2594 2932 ad
2625 2893 2837 2931 crucem
2869 2876 3144 2930 trahendo.
3177 2874 3322 2929 Liber
3342 2888 3517 2928 autem
3538 2875 3741 2944 repudii,

2203 2972 2256 3026 id
2285 2981 2365 3026 est
2387 2971 2739 3040 Evangelium.
2775 2967 2960 3021 Manus
2985 2976 3152 3020 autem
3178 2967 3334 3027 tllt'tts,
3382 2965 3440 3019 id
3469 2975 3555 3019 est
3597 2979 3743 3032 opera

2206 3060 2524 3116 inﬁdelitatis
2560 3060 2754 3112 Domus
2794 3056 3025 3110 Ecclesia
3058 3065 3158 3120 est,
3186 3055 3298 3108 sive
3342 3069 3572 3122 regnum
3597 3054 3746 3107 eclo-

2209 3167 2346 3206 rum.
2377 3150 2525 3204 Alter
2554 3150 2789 3212 maritus,
2820 3149 3145 3216 Apostolum,
3177 3147 3436 3215 cujusque
3464 3146 3652 3200 domus
3669 3159 3746 3199 ee-

2210 3242 2424 3300 elesiam
2451 3240 2730 3310 signiﬁcat.
2763 3238 2853 3293 Vel
2883 3239 2928 3293 si
2957 3247 3181 3292 mortuus
3204 3238 3382 3306 fuerit,
3415 3237 3469 3290 in
3501 3233 3747 3304 adjutorio

2214 3330 2596 3403 peccatoribus.
2632 3327 2752 3382 Non
2775 3328 2953 3396 poterit
2978 3327 3113 3393 prior
3141 3325 3372 3386 maritas,
3409 3325 3463 3378 id
3503 3334 3587 3378 est
3605 3321 3748 3376 Citri-

2211 3433 2324 3478 stus
2351 3423 2706 3491 Synagogam,
2734 3416 2856 3486 quia
2907 3416 3242 3485 impaenitetts
3270 3422 3375 3466 est.
3422 3411 3539 3466 Nec
3559 3427 3751 3480 pm!

2215 3511 2363 3581 {acies
2390 3522 2591 3576 terram,
2617 3509 2667 3561 id
2689 3515 2794 3574 est,
2825 3519 3018 3574 corpus
3056 3503 3140 3557 vel
3171 3501 3484 3556 Ecclesiam.
3517 3499 3640 3556 Cum
3675 3514 3752 3552 st:-

2212 3604 2393 3674 ceperit
2422 3604 2568 3655 homo
2614 3615 2840 3664 uxorem,
2865 3599 2916 3654 id
2945 3608 3026 3654 est
3046 3597 3273 3651 animam
3301 3611 3473 3651 suam.
3505 3595 3624 3650 Non
3648 3611 3753 3666 ρο·

2216 3696 2358 3746 cedat
2375 3694 2441 3745 ad
2467 3692 2618 3758 bella,
2649 3692 2699 3745 id
2723 3701 2824 3756 est,
2855 3699 3034 3744 eontra
3064 3687 3455 3755 persecutiones
3475 3687 3750 3742 daemonio-

2220 3798 2359 3837 rum.
2395 3782 2460 3836 Ut
2487 3785 2536 3835 in
2589 3798 2690 3834 uno
2727 3797 2882 3843 anno,
2914 3789 2968 3833 et
2995 3779 3217 3846 reliqua,
3267 3779 3320 3832 id
3366 3791 3474 3844 est,
3509 3781 3755 3846 prenden-

2223 3873 2312 3926 tia.
2347 3871 2462 3924 Non
2481 3871 2695 3938 accipias
2721 3871 2828 3922 loco
2851 3871 3073 3937 pignoris
3114 3868 3420 3935 superiorem
3463 3879 3511 3919 et
3557 3867 3755 3935 inierin-

2221 3979 2326 4014 rent
2371 3963 2574 4013 molam.
2636 3961 2890 4026 Accipere
2944 3955 3224 4024 aliquando
3276 3953 3499 4008 dicimus
3539 3953 3754 4010 auferre.

2228 4051 2378 4106 Unde
2401 4064 2525 4103 aves
2553 4048 2657 4102 illa:
2687 4057 2906 4116 rapaces
2941 4044 3217 4110 accipitres
3246 4053 3526 4098 vocantur.
3577 4045 3757 4112 Pignus

2226 4126 2367 4197 vero.
2385 4138 2638 4195 debitoris
2666 4147 2748 4191 est
2777 4147 3110 4204 peccatorum
3135 4134 3418 4190 confessio.
3456 4133 3500 4187 A
3531 4133 3757 4188 debitore

2227 4245 2401 4286 autem
2433 4232 2620 4300 pignus
2644 4227 2918 4296 accipitur,
2953 4241 3071 4280 cum
3102 4226 3158 4280 a'
3191 4233 3469 4295 peccatore
3507 4225 3756 4279 confessio

2234 4323 2432 4391 peccati
2479 4330 2703 4389 tenetur.
2746 4318 2996 4384 Superior
3051 4326 3228 4370 autem
3267 4325 3320 4369 et
3362 4315 3586 4370 interior
3615 4316 3757 4374 mola,

589 4407 979 4479 impugnatione
1009 4407 1331 4460 laborantem
1357 4416 1476 4457 sese
1502 4417 1565 4474 es
1595 4398 1985 4470 comparatione
2005 4412 2104 4451 con

2234 4426 2356 4478 spes
2380 4418 2435 4463 et
2459 4409 2634 4462 timor.
2677 4407 2810 4476 Spes
2834 4409 2975 4462 enim
3025 4407 3090 4460 ad
3121 4405 3226 4459 alta
3254 4404 3534 4464 subvehit;
3584 4405 3755 4466 timor,

589 4501 860 4558 tinetttium
904 4497 1198 4566 despicere;
1227 4494 1318 4564 qui
1361 4495 1428 4546 ad
1451 4500 1703 4563 vesperum
1750 4506 1880 4558 aqua
1910 4489 2130 4552 lavatur,

590 4608 710 4647 cum
731 4591 993 4645 detectum
1035 4603 1184 4640 suum
1213 4583 1528 4653 despiciens,
1572 4584 1635 4636 ad
1685 4580 2004 4651 pmttitentite
2052 4578 2130 4631 la-

597 4693 769 4736 menta
800 4679 1138 4745 convertitur,
1171 4689 1225 4730 ut
1249 4676 1456 4732 ﬂetibus
1481 4675 1648 4729 diluat
1672 4687 1828 4726 omne
1851 4670 1990 4740 quod
2017 4669 2132 4723 ani-

598 4787 738 4824 tnum
761 4768 962 4822 occulta
993 4768 1350 4835 inquinatione
1376 4773 1605 4818 accusat.
1635 4762 1738 4817 Sed
1770 4770 1880 4830 post
1905 4758 2138 4812 occasum

595 4861 718 4914 solis
737 4858 803 4910 ad
825 4870 988 4909 castra
1014 4858 1198 4917 redeat,
1230 4856 1352 4925 quia
1408 4863 1524 4921 post
1567 4851 1865 4906 tentationis
1896 4848 2136 4902 ardorem

603 4944 822 5007 necesse
845 4959 927 5002 est
954 4957 1008 4999 ut
1033 4947 1218 4999 iterum
1251 4945 1490 4998 ﬁduciam
1534 4958 1661 5012 erga
1704 4944 2010 4996 societatem
2041 4939 2133 4992 bo-

602 5058 787 5098 norum
839 5045 1030 5095 sumat.
1085 5039 1217 5104 Ergo
1268 5049 1381 5103 post
1430 5037 1828 5089 oecutnbentem
1868 5033 2032 5085 solem
2076 5029 2142 5083 ad

603 5145 771 5187 castra
802 5132 1098 5192 revertitur,
1127 5127 1214 5196 qui
1244 5135 1360 5192 post
1407 5125 1628 5176 lamenta
1679 5123 2017 5190 paenitentiae,
2061 5119 2146 5172 fri-

602 5231 853 5286 gescente
912 5221 1114 5274 ﬂamma
1167 5215 1495 5284 cogitationis
1546 5213 1759 5277 illicitm,
1791 5213 1855 5266 ad
1915 5211 2145 5264 ﬁdelium

608 5317 795 5367 merita
831 5307 1191 5380 praesumenda
1223 5312 1513 5373 reparatur.
1550 5301 1805 5357 Praeterea
1839 5303 2058 5371 jubetur
2094 5309 2150 5352 ut

609 5421 721 5457 cum
749 5402 1060 5470 egrederetur
1087 5399 1195 5466 quis
1223 5397 1288 5448 ad
1310 5394 1550 5464 requisita
1587 5401 1795 5456 natura,
1825 5401 1880 5446 et
1928 5391 2150 5458 reliqua.

611 5490 822 5543 Naturae
845 5488 982 5542 enim
1023 5485 1348 5552 corruptibili
1407 5481 1637 5549 pondere
1671 5493 1896 5549 gravata:
1948 5489 2153 5540 mentes

614 5591 809 5632 nostra:
838 5576 1072 5642 quaedam
1102 5575 1476 5643 cogitationum
1515 5573 1795 5638 superﬂua,
1845 5573 1993 5639 quasi
2019 5587 2151 5627 .ven-

527 5656 543 5671 ”
614 5668 714 5722 tris
735 5665 1032 5735 gravamine
1053 5672 1325 5732 rumpunt;
1358 5661 1450 5716 sed
1480 5670 1687 5730 portare
1709 5663 1963 5726 inybalteo
1983 5661 2152 5730 ρδιίιὲ-

2233 4500 2371 4568 quod
2395 4497 2616 4552 inferius
2647 4498 2857 4566 premit.
2885 4496 2989 4550 Sed
3019 4495 3157 4549 mola
3200 4494 3440 4561 superior
3463 4502 3516 4546 et
3557 4489 3759 4546 interior

2234 4593 2303 4646 ita
2334 4591 2434 4644 sibi
2461 4587 2757 4644 necessario
2784 4586 3194 4653 conjunguntur,
3227 4593 3284 4637 ut
3314 4598 3413 4636 una
3457 4584 3575 4636 sine
3617 4582 3757 4638 altera

2238 4681 2440 4734 inutilis
2465 4681 2737 4732 habeatur.
2773 4675 2827 4728 In
2871 4684 3085 4743 pectore
3111 4674 3285 4743 itaque
3332 4673 3758 4731 incessanterde—

2240 4769 2364 4822 bent
2387 4783 2508 4836 spes
2538 4776 2594 4821 et
2622 4765 2848 4820 formido
2867 4765 3133 4835 conjungi,
3161 4765 3283 4832 quia
3329 4767 3596 4819 incassum
3629 4766 3749 4818 mise

2237 4859 2519 4916 ricordiam
2547 4868 2748 4926 sperat,
2779 4858 2826 4912 si
2873 4872 2976 4910 non
3021 4868 3074 4911 et
3111 4856 3369 4925 justitiam
3419 4855 3758 4922 pertimescat-

2241 4949 2456 5005 Frustra
2488 4962 2696 5016 quoque
2744 4945 3000 5014 justitiam
3035 4944 3244 5005 metuit,
3292 4941 3338 4994 si
3383 4955 3486 4995 non
3524 4943 3686 4996 etiam
3721 4941 3761 4991 in

2241 5037 2601 5092 misericordia
2626 5033 2864 5089 conﬁdit.
2895 5034 3037 5088 Loco
3071 5030 3227 5099 igitur
3257 5029 3485 5098 pignoris
3514 5030 3660 5084 mola
3693 5043 3753 5082 se

2242 5128 2418 5199 perior
2439 5136 2530 5179 aut
2551 5126 2765 5178 inferior
2787 5123 2900 5176 tolli
2932 5117 3299 5187 prohibentur,
3325 5119 3446 5186 quia
3475 5120 3566 5185 qui
3601 5117 3756 5187 pradi-

2245 5223 2330 5268 cat
2351 5215 2682 5281 praedicator,
2707 5222 2849 5265 tanta
2893 5206 3284 5276 dispensatione
3308 5219 3633 5275 componere
3656 5219 3758 5274 pra

2246 5303 2561 5357 dicalionem
2613 5301 2796 5361 debet,
2843 5307 2902 5350 ut
2945 5312 3040 5350 nec
3089 5295 3347 5351 derelicta
3394 5309 3492 5364 spe
3539 5295 3764 5350 tim

2248 5393 2541 5453 subtrahat,
2573 5405 2673 5444 nec
2698 5367 2984 5452 subtracta,
3013 5399 3127 5454 spe,
3159 5388 3214 5437 in
3258 5386 3374 5439 solo
3399 5381 3551 5438 illum
3605 5385 3763 5436 sinon

2250 5481 2602 5546 derelinquat.
2633 5477 2789 5531 Tollit
2809 5476 2951 5552 enim
2976 5469 3304 5542 superiOrem
3324 5471 3553 5549 molam,
3575 5470 3624 5525 si
3651 5465 3766 5524 luti

2234 5545 2521 5637 peccatum
2544 5566 2704 5631 dicat,
2734 5565 2847 5618 Non
2877 5548 3090 5618 habebis
3123 5545 3338 5616 veniam
3365 5561 3434 5616 de
3477 5554 3765 5616 commissis-

2252 5658 2415 5713 Tollit
2442 5656 2765 5720 interiorem,
2795 5653 2840 5708 si
2861 5652 3002 5710 dicat
3017 5651 3279 5724 peccanti,
3305 5653 3416 5720 Age
3435 5648 3572 5702 mata
3607 5647 3772 5703 adhu-

3848 575 3854 716 ι

3848 763 3854 941 l
