3898 6260
158 350 264 406 395

976 353 1061 407 DE
1099 351 1599 410 TABEllNACUlD
1641 354 1726 409 ET
1770 354 1959 409 VASIS
2002 353 2182 410 EJUS.
2222 382 2291 393 —
2337 352 2460 409 LIB.
2503 354 2539 408 Ι.

3268 354 3373 408 δυι

153 464 277 528 quia
310 476 492 530 magna
538 470 621 516 est
670 462 1030 518 misericordia
1082 464 1306 518 Domini.
1340 463 1460 518 Non
1509 465 1714 533 negabis
1748 467 1792 524 A
1823 471 1990 528 tenet,
2015 471 2071 515 ut
2096 464 2138 517 si
2189 463 2355 531 possit
2404 461 2657 516 Ecclesia:
2685 462 2968 531 prodesse,
3014 478 3118 519 non
3158 476 3370 531 renuat,

151 553 455 615 mercedem,
476 550 575 604 hor.
602 553 962 621 apostolorum
990 554 1185 622 populo
1204 553 1413 607 dicitur.
1436 553 1717 621 Indigenis,

154 643 208 695 id
237 652 341 702 est,
365 644 557 713 pepulo
575 642 752 698 fratris
773 644 868 710 tui,
891 647 977 713 qui
1002 656 1128 699 sunt
1156 646 1400 712 apostoli.
1430 644 1546 699 Sive
1571 646 1720 698 adue-

153 747 258 793 mc,
289 732 339 785 id
370 743 450 787 est
475 734 703 802 gentiles
738 734 937 803 populi.
982 734 1103 789 Non
1154 736 1384 802 auferas,
1426 748 1591 802 usque
1628 732 1716 796 ad,

149 823 501 874 vestimentum
554 822 740 883 vidule,
772 822 823 876 id
866 832 946 878 est
977 823 1133 877 (idem
1176 823 1431 887 minima),
1479 839 1596 891 qua:
1639 832 1721 874 cst

152 910 313 963 Vttlua
346 921 549 966 mortua
576 912 806 966 diabolo.

717 1001 941 1056 CAPUT
998 1002 1159 1055 XXV.

228 1089 673 1159 Quadragenarius
717 1101 887 1145 autem
938 1109 1174 1146 numerus
1220 1095 1571 1164 ﬂagellorum,
1621 1110 1719 1161 quo

146 1178 499 1248 alt-tinguentes
543 1184 690 1253 argui
726 1184 928 1254 jussit,
974 1185 1205 1238 ostendit
1242 1184 1716 1253 quadragenarium

153 1284 461 1333 numerum,
488 1271 540 1325 in
571 1288 675 1341 quo
708 1274 937 1327 Ecclesia
960 1288 1053 1341 per
1080 1285 1303 1342 quatuor
1334 1274 1512 1327 tnundi
1540 1284 1716 1341 partes

142 1356 367 1420 diffusa,
391 1362 488 1412 sub
513 1361 771 1431 Decalogo
800 1363 928 1431 legis
960 1365 1144 1417 currit.

225 1449 657 1517 Quadragenario
692 1463 869 1506 autem
903 1468 1122 1506 numero
1164 1451 1501 1522 delinquente
1552 1452 1716 1505 taedi-

145 1554 293 1599 mus,
326 1542 369 1595 si
402 1543 451 1594 in
487 1543 586 1596 hoc
642 1552 880 1612 tempore
934 1546 1253 1609 [renitentia‘
1284 1546 1587 1599 vulneribus
1617 1546 1715 1599 lla-

140 1629 430 1692 gellemur.
458 1631 512 1687 Si
546 1634 687 1686 enim
716 1636 947 1701 peccatis
976 1637 1262 1700 cwdiinur,
1300 1636 1406 1703 illic
1434 1637 1550 1690 sine
1596 1650 1716 1704 pec-

144 1720 293 1771 catis
324 1720 641 1775 invenimur.
691 1723 984 1791 Sequitur:
1035 1724 1155 1778 Non
1193 1724 1426 1797 alligabis
1479 1742 1532 1778 os
1578 1726 1714 1778 bovis

1823 553 1957 606 bene
1988 552 2294 622 intelligitur
2322 561 2542 620 utroque
2571 550 2702 621 pede
2730 554 3014 606 calceatus.
3066 554 3165 620 Qui
3191 564 3367 609 autem

1818 640 1916 693 sibi
1948 650 2093 708 putat
2120 640 2259 708 quod
2280 640 2646 695 crediditSatis
2674 654 2795 694 esse
2835 640 3152 705 censoltum,
3184 656 3365 696 curam

1821 744 1949 785 vero
1975 730 2201 785 aliorum
2232 730 2443 800 refugit,
2470 732 2619 799 quasi
2647 732 2800 783 unius
2847 733 2992 796 pedis
3040 732 3370 785 calceamen-

1821 830 1928 873 tum
1960 820 2026 873 de
2053 835 2174 874 area
2216 822 2398 875 mittit.
2450 820 2511 875 Si
2553 821 2817 873 habuerint
2846 826 2977 873 inter
3023 837 3074 873 se
3120 821 3213 873 ιιίνὶ
3255 824 3373 891 jur-

1819 912 1979 979 gium,
2018 926 2205 979 usque,
2235 910 2497 964 abscindas
2532 927 2737 963 manum
2793 912 2948 964 illius.
2996 911 3093 965 Per
3119 913 3213 965 bos
3242 913 3372 965 duos

1821 1002 1968 1055 viros
1997 1000 2181 1054 doctor
2211 999 2470 1076 perfectus
2500 1012 2549 1053 et
2574 996 2914 1065 imperfecius
2946 1010 3120 1069 potest
3167 1001 3365 1055 intelli-

1816 1091 1887 1158 gi,
1913 1101 1969 1144 et
2005 1106 2099 1159 per
2127 1106 2366 1155 uxorem,
2402 1090 2769 1146 haereticorum
2820 1092 3065 1155 ecclesia,
3106 1107 3224 1160 quae
3262 1092 3376 1145 vult

1817 1180 2124 1249 lia-relicum
2155 1179 2382 1235 liberare
2410 1181 2476 1233 de
2501 1196 2656 1233 manu
2686 1182 2915 1233 doctoris
2961 1180 3200 1248 perfecti,
3245 1181 3374 1235 mit-

1816 1277 1933 1323 tens
1960 1284 2095 1337 opus
2124 1272 2391 1342 haereseos
2437 1272 2499 1323 ad
2530 1286 2661 1338 opus
2702 1271 2989 1338 perfectum
3034 1271 3154 1323 boni
3184 1271 3373 1324 docto-

1814 1359 1888 1409 ris
1923 1375 1935 1408 :
1964 1356 2114 1426 cujus
2141 1359 2383 1413 ecclesia:
2412 1373 2543 1427 opus
2572 1356 2982 1411 abscindendum
3033 1368 3132 1409 est.
3186 1358 3373 1424 Sequi-

1815 1456 1900 1502 tur
1925 1464 1939 1500 :
1968 1446 2019 1499 Ν
2026 1465 2090 1501 an
2116 1448 2319 1501 habebis
2346 1449 2396 1500 in
2424 1450 2545 1501 siclo
2574 1450 2767 1500 diversa
2796 1447 3040 1515 pondera.
3094 1446 3191 1499 l‘er
3232 1448 3370 1514 quod

1816 1536 1967 1591 nobis
1991 1537 2315 1604 praeipitur,
2337 1535 2388 1589 in
2416 1536 2638 1589 Domino
2662 1535 2998 1589 couscicrliat:
3030 1545 3223 1589 nostra!
3268 1550 3370 1586 non

1813 1633 1923 1686 sint
1943 1647 2204 1687 mensurae
2231 1632 2503 1701 duplices;
2556 1631 2604 1684 id
2655 1640 2755 1694 est,
2788 1644 2853 1682 ne
2904 1643 3000 1682 nos
3030 1627 3255 1681 molliter
3285 1630 3363 1680 vi-

1816 1734 2022 1787 ventes,
2052 1723 2255 1777 caeteris
2279 1724 2516 1790 graviora
2550 1734 2810 1790 praecep'a
2866 1719 3263 1787 impendamus,
3316 1730 3370 1773 et

143 1808 433 1862 triturantis
460 1811 509 1861 in
542 1827 661 1864 area
691 1816 864 1881 fruges
888 1822 1021 1867 tuas.
1069 1814 1217 1880 Quod
1268 1794 1401 1869 bene
1451 1815 1713 1883 signiﬁcat
1743 1794 1789 1853 Β
1820 1814 2058 1869 humeris
2088 1814 2357 1867 hominum
2386 1828 2545 1867 Onera
2573 1815 2771 1879 gravia,
2798 1826 2915 1880 quae
2958 1810 3119 1880 digito
3144 1810 3370 1864 nolimus

143 1896 282 1950 illud
337 1898 476 1966 quod
517 1901 804 1967 Apostolus
844 1903 959 1955 ait:
1013 1902 1075 1956 Si
1126 1920 1215 1956 ncs
1258 1903 1392 1955 robis
1430 1904 1713 1971 spiritualia

140 1989 538 2055 seminavimus,
584 2006 825 2061 magnum
864 2004 937 2047 est
987 1994 1030 2046 si
1076 1994 1303 2047 carnalia
1353 2003 1513 2048 uestra
1558 2005 1713 2047 meta-

141 2092 265 2128 mus
288 2078 311 2129 ?
335 2078 597 2147 Scriptum
629 2090 714 2135 est
740 2084 902 2146 enim,
938 2082 1056 2136 Non
1081 2083 1314 2152 alligabis
1338 2100 1394 2138 os
1422 2084 1531 2138 bovi
1564 2086 1711 2138 trimo

119 2170 306 2225 ,ranti.
347 2168 592 2237 Nunquid
636 2173 704 2227 de
733 2173 903 2230 bobus
950 2190 1074 2229 cura
1126 2186 1208 2230 est
1259 2176 1409 2231 Deo?
1460 2177 1515 2230 In
1562 2178 1712 2232 bovis

142 2270 283 2309 sane
312 2259 524 2313 nomine
549 2264 647 2313 vita
680 2264 1098 2331 uniuscujusque
1127 2265 1363 2320 doctoris
1379 2266 1708 2334 exprimitur.

148 2343 283 2398 Vult
310 2360 437 2415 ergo
465 2348 739 2418 Scriptura
777 2352 1010 2407 doctoris
1052 2353 1334 2420 praeparari
1382 2356 1631 2419 carnalia,
1683 2370 1710 2406 a

146 2437 350 2503 quibus
380 2441 669 2507 spiritualia
706 2448 1097 2511 conSequantur
1115 2444 1403 2498 auditores.
1445 2443 1547 2513 lpsi
1593 2455 1716 2498 sunt

146 2530 299 2581 enim
324 2529 485 2585 boves
517 2540 746 2588 terentes
773 2546 826 2589 et
856 2546 1163 2600 separantes
1191 2538 1239 2589 in
1270 2551 1414 2604 area,
1463 2537 1511 2589 id
1542 2548 1622 2591 est
1662 2537 1713 2590 in

150 2616 415 2681 Ecclesia,
447 2620 621 2683 paleas
639 2622 941 2691 frugesque.
970 2624 1257 2688 Sequitur:
1288 2626 1507 2691 Quando
1535 2630 1715 2695 fratres

143 2707 483 2760 habitaverint
528 2711 720 2774 simul,
790 2723 835 2764 et
891 2726 1019 2765 unus
1086 2729 1148 2766 ea:
1191 2715 1264 2767 eis
1311 2714 1496 2779 absque
1549 2716 1714 2767 liberis

142 2803 383 2848 mortuus
423 2797 594 2864 fuerit,
623 2808 725 2853 etc.
756 2800 890 2865 Quid
918 2801 1058 2854 aliud
1088 2802 1138 2854 in
1171 2803 1335 2869 figura
1364 2804 1712 2865 demonstrat,

146 2883 253 2935 nisi
287 2886 427 2949 quod
457 2889 813 2956 unusquisque
838 2890 1107 2959 Evangelii
1128 2892 1442 2959 praedicator
1467 2894 1534 2945 ita
1558 2893 1717 2946 debet

145 2974 203 3025 in
238 2972 474 3029 Ecclesia
511 2977 767 3045 laborare,
792 2990 847 3033 ut
868 2980 1117 3037 defuncto
1150 2982 1319 3047 fratri,
1364 2984 1414 3037 id
1444 2993 1525 3038 est
1554 2982 1718 3038 Cbri-

143 3073 258 3126 sto,
295 3066 512 3119 suscitet
552 3082 757 3135 semen,
788 3072 995 3140 etquod
1023 3074 1315 3127 suscitatam
1364 3075 1536 3143 fuerit,
1576 3075 1715 3129 illius

144 3168 338 3207 nomen
365 3158 595 3225 accipiat.
642 3159 750 3214 lloc
793 3161 1018 3229 denique
1057 3163 1357 3232 intelligens
1406 3165 1713 3233 Apostolus,

145 3246 226 3297 ait
261 3262 275 3296 :
330 3245 576 3314 Nunqud
609 3249 801 3305 Paulus
829 3254 1101 3322 cruciﬁxus
1129 3267 1199 3309 est
1226 3272 1314 3323 pro
1345 3258 1500 3320 robis,
1529 3264 1619 3313 aut
1662 3258 1716 3311 its

143 3337 354 3389 nomine
376 3338 529 3393 Pauli
545 3344 777 3410 baptismi
795 3346 913 3399 estis
934 3347 959 3398 ?
996 3347 1267 3416 Tanquam
1317 3349 1517 3403 diceret
1546 3366 1560 3403 :
1612 3350 1715 3405 De-

144 3426 338 3479 functo
389 3430 551 3484 frotre
593 3449 687 3487 vos
712 3436 865 3502 genui
900 3451 914 3487 :
944 3434 1226 3492 Christiani
1274 3439 1553 3504 vocamini,
1607 3456 1713 3495 non

147 3516 386 3572 Paulini.
414 3523 479 3571 At
508 3523 593 3588 qni
637 3524 837 3577 electus
886 3525 1123 3578 Ecclesia
1159 3527 1509 3579 ministerium
1539 3529 1715 3595 renuit

149 3604 453 3674 Evangelii,
490 3611 555 3660 ab
584 3612 692 3676 ipsa
727 3612 957 3666 Ecclesia
988 3616 1176 3666 merito
1194 3617 1572 3667 contemnitur.
1605 3616 1714 3669 lloc

144 3704 334 3745 autem
367 3697 501 3758 quod
536 3698 586 3749 in
622 3700 803 3751 faciem
829 3701 943 3765 ejus
982 3702 1201 3767 jubetnr
1242 3716 1471 3768 expuere
1503 3703 1734 3767 mulier,

147 3799 258 3836 non
290 3783 401 3838 sine
424 3789 571 3853 s?gno
599 3791 865 3856 opprobrii
903 3792 1017 3845 fuit.
1041 3792 1391 3846 Calceamenta
1414 3796 1545 3847 enim
1568 3796 1713 3847 utrius

146 3872 298 3936 pedis
344 3876 497 3940 exuit,
534 3892 598 3929 ne
629 3880 696 3930 sit
744 3880 809 3932 de
873 3896 1095 3934 nurnero
1144 3882 1352 3935 illorum
1407 3884 1473 3937 de
1526 3886 1715 3953 quibus

146 3963 438 4026 Apostolus
484 3966 607 4018 tllt'll
663 3986 674 4019 :
727 3970 845 4019 Cale
875 3972 946 4020 uti
998 3971 1146 4035 pedes
1202 3972 1252 4023 in
1298 3975 1712 4042 pra’parationein

150 4048 421 4119 Evangelii
466 4057 621 4111 uaris.
686 4059 783 4122 Qui
838 4060 978 4111 enim
1020 4065 1098 4113 sic
1152 4061 1507 4128 evangelicum
1557 4063 1711 4115 fidem

257 4197 1332 4221 _____._________

1814 1907 2093 1974 attingere,
2136 1906 2465 1974 imponamus
2514 1936 2539 1961 κ,

2351 2035 2572 2091 CAPUT
2617 2034 2818 2088 XXVII.

1884 2146 2032 2212 Quod
2060 2160 2171 2197 vero
2199 2145 2517 2211 pra'cipitur,
2548 2154 2619 2205 ut,
2660 2141 2892 2195 Iordane
2934 2141 3247 2204 transmisso,
3290 2140 3370 2193 in-

1815 2247 1983 2306 gentes
2032 2236 2225 2305 lapidcs
2273 2236 2551 2305 erigantur,
2586 2237 2636 2287 in
2664 2234 2854 2300 quibus
2887 2233 3015 2300 legis
3049 2232 3207 2286 verba
3237 2233 3370 2285 scri-

1818 2329 2005 2379 bantur
2034 2327 2239 2395 ligurat,
2272 2326 2391 2394 quia
2422 2325 2592 2379 fidelis
2625 2325 2771 2392 plebs
2796 2340 2888 2391 per
2919 2324 3234 2392 baptismum
3261 2332 3367 2377 ter-

1825 2433 1935 2471 ram
1972 2417 2219 2471 Ecclesia:
2253 2416 2501 2483 possidet,
2531 2415 2689 2469 debet
2715 2415 3041 2467 constituere
3070 2412 3373 2467 sacerdotes

1816 2518 1870 2562 et
1897 2508 2198 2577 magistros,
2223 2507 2309 2574 qui
2364 2506 2770 2560 conversatione
2822 2505 2996 2574 magni
3026 2515 3083 2559 et
3134 2504 3370 2571 prtcclari

1818 2597 2096 2662 habentur,
2150 2598 2237 2663 qui
2289 2598 2451 2651 verba
2500 2595 2629 2667 legis
2669 2606 2723 2649 et
2771 2595 3002 2649 divinant
3046 2595 3370 2662 Scripturani

1817 2687 2136 2739 custodiant.
2165 2685 2324 2737 Labia
2351 2687 2502 2752 enim,
2549 2686 2736 2754 inquit,
2765 2686 3040 2738 sacerdotis
3083 2685 3373 2736 custodiunt

1816 2777 2097 2829 scientiam.
2140 2774 2291 2839 Quod
2320 2785 2494 2827 autem
2545 2774 2691 2827 calce
2746 2775 3057 2841 figurantur,
3112 2771 3375 2838 signiticat

1819 2865 1957 2931 quod
1998 2864 2247 2916 omnibus
2278 2863 2429 2914 malis
2455 2862 2657 2915 actibus
2688 2862 2931 2913 doctores
2960 2859 3151 2912 debent
3177 2859 3226 2909 in
3258 2859 3368 2908 vir-

1820 2954 2017 3006 tutibus
2037 2953 2348 3006 clarescere.
2379 2951 2442 3004 In
2468 2952 2662 3004 duobus
2682 2961 2841 3004 autem
2860 2950 3113 3003 utentibus
3138 2947 3373 3001 Cesarim

1818 3052 1867 3097 et
1921 3041 2188 3108 Ctbttl,itt
2246 3043 2423 3110 quibus
2476 3044 2834 3095 benetlii'llout’s
2891 3052 2938 3093 et
2997 3041 3371 3092 molediclioncs

1818 3136 2125 3205 inferuntur,
2169 3148 2450 3202 Utrumque
2490 3136 2564 3187 Te
2598 3143 2886 3187 tomentum
2930 3132 3229 3201 significare
3279 3146 3368 3197 po-

1824 3235 1946 3291 test,
1980 3226 2102 3294 quia
2136 3232 2358 3295 populus
2406 3227 2506 3279 sub
2537 3225 2651 3293 iege
2701 3224 2920 3291 positus,
2962 3224 3060 3274 sub
3091 3222 3369 3274 maledicto

1825 3317 2120 3371 tenebatur.
2152 3316 2298 3383 Quod
2337 3317 2590 3381 scriptum
2620 3324 2700 3367 est
2733 3330 2744 3363 :
2794 3311 3093 3363 Maledictus
3137 3309 3222 3376 qui
3272 3326 3372 3359 non

1822 3418 2079 3475 permanet
2116 3409 2168 3459 in
2206 3406 2510 3459 sermonibus
2553 3404 2672 3470 legis
2718 3401 2888 3469 hujus,
2934 3402 3021 3450 nec
3064 3398 3179 3450 illos
3226 3413 3375 3464 opere

1822 3500 1966 3570 facit.
2004 3496 2240 3563 Denique
2268 3496 2456 3557 Juda-i,
2496 3492 2801 3546 traditiones
2827 3491 3153 3543 l'barisaicas
3190 3488 3376 3543 obser-

1822 3598 2028 3649 vantes,
2060 3588 2302 3640 mandata
2333 3587 2460 3655 legis
2478 3594 2927 3652 ciuitempserunt.
2965 3582 3017 3635 In
3036 3581 3179 3634 Novo
3196 3591 3368 3635 autern

1820 3676 2165 3729 Testamento
2192 3677 2372 3741 gratia:
2412 3674 2708 3728 bent-dictio
2751 3674 2801 3726 in
2834 3673 3084 3739 populum
3112 3670 3371 3725 Christia-

1822 3781 1947 3818 num
1984 3765 2319 3830 redundavit,
2353 3779 2459 3833 quo
2501 3764 2740 3816 Christus
2784 3763 2998 3815 elevans
3047 3777 3280 3825 nianuni,
3320 3773 3374 3814 et

1821 3840 2087 3911 benedixit
2108 3858 2391 3924 apostolos.
2423 3854 2709 3923 Utrumque
2724 3854 3115 3907 Testamentum
3135 3852 3376 3919 Moysen,

1818 3952 1936 4017 quia
1964 3961 2241 4015 utrumque
2270 3948 2589 4001 intellectum
2636 3947 2807 3997 habet.
2836 3946 3002 4009 Quem
3049 3943 3216 3996 Iudici
3267 3958 3369 3995 non

1821 4040 2188 4105 ittlclliguotcs,
2214 4040 2308 4086 sub
2340 4037 2608 4086 tondente.
2641 4050 2730 4084 vos
2755 4038 2925 4085 littera
2959 4036 3154 4084 vivunt.

1844 4207 2017 4220 —~I—

359 4330 550 4454 DE
643 4278 1794 4468 TABERNACULO
1882 4344 2074 4464 ET
2162 4336 2615 4467 VASIS
2702 4338 3156 4490 EJUS,

816 4586 972 4693 AC
1054 4594 1681 4698 VESTIBUS
1769 4592 2661 4699 SACERDOTUM.

1321 4883 1663 4965 LIBER
1717 4880 2180 4963 PRIMUS.

1692 5046 1850 5056 .—_

676 5119 895 5177 CAPUT
928 5121 1206 5177 PRIMUM.

168 5236 373 5301 Moyses
403 5246 450 5279 tn
483 5245 692 5301 montem
729 5231 837 5291 Dei,
872 5251 981 5284 enin
1011 5233 1168 5285 .losue
1208 5236 1505 5297 ascendens,
1550 5234 1718 5287 Aaron

518 5309 564 5350 et
599 5297 709 5351 llur
739 5305 955 5371 regimen
987 5304 1158 5371 pOpnli
1189 5304 1406 5367 reliquit.

240 5387 511 5448 Locuturi,
558 5387 774 5455 juvaute
822 5389 1063 5455 Domino,
1110 5391 1173 5444 de
1206 5394 1364 5459 figura
1401 5394 1718 5447 tabernaculi

166 5493 221 5535 et
243 5494 507 5543 vasorum,
536 5488 689 5547 atque
714 5482 1014 5535 utensilium
1045 5484 1179 5550 ejus,
1217 5484 1382 5551 primo
1411 5484 1575 5535 situm
1594 5486 1717 5546 loci,

166 5579 222 5623 et
250 5570 670 5623 circumstantias
714 5584 910 5633 rerum,
958 5574 1223 5638 quomodo
1269 5588 1385 5626 sese
1417 5574 1716 5639 habuerint,

170 5660 489 5730 quandoque
519 5661 629 5713 luce
676 5658 785 5712 lieri
816 5673 1075 5729 prmcepta
1110 5666 1233 5732 sint,
1265 5665 1522 5733 inspicere
1566 5675 1720 5735 atque

571 5771 831 5829 l’aTROL.
893 5769 1046 5829 XCI.

1754 5130 1800 5183 1)
1828 5128 2076 5179 attentius
2102 5125 2439 5178 considerare
2470 5124 2515 5175 .lt
2538 5124 2741 5178 bemus.
2793 5124 2974 5178 Omnia
3004 5140 3199 5195 autem,
3234 5134 3366 5187 ςῑιιιιι

1824 5218 2105 5285 Apostolus
2154 5216 2242 5278 ait,
2278 5216 2325 5268 in
2363 5217 2527 5285 ﬁgura
2579 5219 2925 5286 conlingrbant
2973 5222 3072 5273 illis
3114 5238 3133 5276 .'
3178 5228 3361 5295 scripta

1820 5320 1934 5361 sum
1962 5317 2126 5359 autem
2152 5316 2351 5371 propter
2397 5322 2485 5357 nos
2517 5306 2562 5363 (1
2607 5304 2723 5357 Cur.
2772 5308 2845 5371 ι).
2874 5308 3057 5359 Omnia
3088 5313 3350 5377 videlicet,

1824 5412 1925 5449 non
1957 5380 2121 5448 solum
2154 5393 2285 5445 facta
2315 5394 2395 5447 vel
2429 5396 2605 5453 verba,
2637 5397 2941 5460 qnm‘saeris
2973 5399 3156 5450 litteris
3186 5407 3359 5458 Cﬂllli-

1827 5498 2035 5549 nentur,
2065 5499 2242 5537 verum
2275 5484 2431 5538 etiam
2466 5488 2717 5544 locorum,
2766 5496 2816 5537 et
2851 5485 3117 5554 horarum,
3146 5501 3198 5544 et
3226 5504 3362 5548 ιριιιο

1828 5592 2009 5645 porum
2060 5574 2215 5635 situs,
2264 5583 2315 5628 et
2346 5575 2570 5640 ipsarum
2617 5591 2824 5643 quoque
2870 5577 2919 5630 in
2966 5582 3150 5649 quibus
3198 5596 3366 5654 gesta,

1828 5668 1937 5722 sive
1966 5666 2104 5721 dicta
2134 5676 2254 5720 sunt
2282 5665 2669 5719 (ircutnstantia
2712 5682 2908 5721 rerum.

2876 5779 2942 5835 13
