3898 6260
436 379 446 390 ⁸
485 417 584 470 sas
969 402 1166 460 neos:
1210 394 1644 456 VENEltABlLlS
1684 385 1957 445 Ol‘EltUM
2005 384 2029 438 f

2141 382 2176 434 S
2217 379 2276 434 ll.
2320 408 2388 418 —
2427 375 2809 432 EXEGETICA
2850 368 3165 425 GENUlNA.
3579 361 3676 418 596

553 526 746 594 (οιὲιοιι.
775 523 942 585 ι-ςιν.)
975 519 1106 569 Dixit
1138 513 1380 567 Dominus
1407 507 1473 560 ad
1506 506 1716 573 Moysen
1742 516 1758 552 :
1791 496 2017 551 Asceiide

2137 500 2284 554 runt,
2309 504 2454 556 quasi
2478 494 2670 554 scripta
2693 500 2744 538 ιιι
2773 482 2944 550 lapide
2967 486 3159 533 statuta
3182 490 3297 530 suze
3324 475 3464 543 legis
3491 482 3672 528 esten.

2140 582 2191 594 ι..
2247 579 2289 594 ιι
2412 587 2447 594 -.
2482 577 2521 594 n
2564 575 2661 594 _!-I
2697 577 2743 594 --ε
2768 575 2820 594 ιε.
2855 571 3126 594 n-...:.......
3177 568 3231 594 2..
3286 566 3458 594 ﬂ-.."
3491 565 3672 594 luam.

491 587 570 668 τιςιῖ
599 629 673 666 me
718 616 766 664 in
811 617 1045 671 montem,
1090 614 1192 658 etc.
1227 601 1450 654 Daturus
1476 609 1600 662 ergo
1645 594 1811 660 legem
1857 587 2017 652 Moysi

491 705 753 768 liominus,
787 700 951 768 primo
978 695 1123 750 illum
1155 694 1204 745 in
1234 690 1484 745 verticem
1513 684 1704 737 montis
1735 689 1940 741 evocat,
1965 687 2021 730 ut

489 813 536 847 ιιι
567 793 668 846 alto
696 803 871 845 secum
899 786 1198 840 demoratus
1230 778 1443 832 liberius
1467 774 1644 827 audiat
1671 785 1786 839 qua:
1821 769 1884 821 ad
1935 767 2018 820 in-

489 883 672 935 feriora
702 879 907 933 rediens
941 873 1186 942 populum
1216 874 1475 936 prazcepta
1507 862 1726 922 doceat;
1756 856 2020 926 simulque

488 987 545 1022 es
576 968 848 1022 altitudine
879 962 976 1017 loci
1007 961 1216 1027 colligat
1245 971 1395 1026 quam
1427 953 1566 1008 celsa
1597 958 1915 1016 quantumve
1954 947 2020 999 ab

487 1060 724 1115 humanis
761 1063 963 1110 secreta
994 1049 1245 1105 doctrinis
1273 1047 1339 1099 sit
1381 1045 1462 1097 lex
1491 1056 1646 1110 quam
1696 1037 1926 1104 accipit',
1968 1047 2022 1089 et

488 1147 746 1218 quomodo
788 1146 853 1198 ab
900 1143 1000 1196 illis
1044 1133 1368 1193 solummodo
1398 1131 1633 1201 perfecte
1681 1126 1905 1194 intelligi
1937 1125 2021 1178 vel

490 1214 734 1296 custo'diri
765 1245 945 1304 possit,
977 1232 1060 1299 qui
1090 1243 1206 1283 sese
1235 1242 1264 1279 a
1311 1225 1536 1280 terrenis
1565 1219 1823 1289 contagiis
1853 1214 2019 1270 subli-

490 1330 623 1382 mius
650 1341 708 1379 ac
752 1325 1024 1392 perfectius
1072 1316 1291 1371 vivendo
1344 1312 1726 1381 separaverint.
1779 1306 1927 1359 Unde
1972 1312 2024 1358 et

493 1419 731 1486 pupulum
763 1414 813 1468 in
864 1410 1193 1466 inferioribus
1241 1414 1570 1473 exspectare,
1601 1402 1768 1454 donec
1816 1397 2024 1464 Moyses

491 1485 686 1571 redeat,
721 1505 998 1574 prazcepit;
1039 1511 1094 1553 ut
1124 1498 1351 1552 insinuet
1381 1494 1572 1563 typice,
1620 1489 1740 1558 quia
1787 1485 2024 1540 ctelestia

489 1597 693 1661 quidem
719 1572 823 1647 sint
852 1605 1040 1644 arcana
1069 1602 1175 1640 sua:
1208 1585 1352 1653 legis,
1405 1591 1458 1636 et
1487 1594 1602 1661 quae
1632 1593 1659 1630 a
1691 1572 2026 1644 perfectiori-

493 1687 585 1739 bus
617 1691 812 1737 tantum
842 1680 1137 1748 capiantur,
1188 1688 1285 1728 nec
1332 1683 1504 1724 tamen
1550 1656 1779 1721 infirmis
1820 1665 2028 1718 occasio

488 1777 667 1829 salutis
696 1772 851 1836 des‘it,
878 1773 922 1824 si
949 1766 1219 1834 sapientia:
1243 1764 1496 1829 majorum
1524 1757 1792 1809 humiliter
1819 1751 2027 1807 auscul-

489 1875 599 1918 tare
643 1861 956 1915 studuerint.
986 1855 1074 1908 Sic
1100 1863 1153 1906 et
1181 1853 1233 1904 in
1264 1847 1546 1915 Evangelio
1593 1843 1843 1896 Dominus
1865 1854 2027 1894 novos

489 1956 668 2024 gratia:
714 1961 983 2019 prmcones
1025 1946 1074 1997 iu
1104 1949 1337 1996 montem
1380 1948 1697 1996 convocans,
1751 1929 2028 2002 prteeeptis

489 2042 805 2099 salutaribus
850 2035 1104 2096 instituit;
1135 2042 1192 2086 ut
1222 2045 1283 2085 ex
1317 2028 1415 2082 loci
1443 2027 1599 2080 etiam
1633 2024 1736 2077 situ
1787 2031 2026 2090 patesce-

493 2143 595 2198 rei,
637 2131 755 2200 quia
786 2128 1023 2182 sublimia
1055 2125 1180 2187 illis,
1233 2119 1316 2174 vel
1369 2117 1609 2172 mandata
1655 2114 1902 2176 vivendi,
1946 2111 2027 2164 vel

495 2223 750 2290 promissa
771 2219 922 2273 daret
951 2210 1314 2270 reumuerandi
1348 2208 1532 2278 :juxta
1557 2206 1681 2261 illitd
1708 2204 2024 2268 Psalmistm,

493 2311 699 2366 Iustitia
744 2320 829 2362 tua
857 2309 983 2361 sicut
1024 2314 1210 2357 montes
1253 2301 1346 2353 Dei
1375 2299 1546 2368 (Psnf.
1589 2294 1795 2366 sunt).
1826 2294 1929 2350 Sed
1976 2303 2029 2346 et

496 2412 610 2470 post
637 2399 1088 2459 resurrectionem,
1116 2407 1321 2448 rursum
1343 2389 1542 2445 eisdem
1571 2389 1622 2442 in
1644 2394 1823 2441 monte
1845 2393 2029 2438 sancto

462 2483 769 2560 apparens,
795 2499 989 2554 eosque
1017 2482 1080 2536 ad
1112 2478 1521 2551 praedicandum,
1554 2490 1655 2529 non
1698 2475 1785 2527 uni
1827 2480 2027 2524 tantum

495 2558 684 2647 populo
715 2576 893 2636 Israel,
931 2571 1023 2626 sed
1054 2570 1270 2624 mittens
1317 2565 1412 2620 toti
1444 2563 1638 2617 mundo
1664 2578 1677 2614 :
1705 2559 1918 2624 Euntes,
1951 2558 2031 2611 in-

494 2646 621 2735 quit,
653 2667 821 2717 docete
850 2675 1018 2714 omnes
1047 2667 1233 2729 gentes,
1276 2654 1581 2725 baptisantes
1628 2666 1712 2703 eos
1739 2650 1792 2702 in
1835 2646 2032 2701 nomine

497 2756 680 2814 Putris,
724 2749 942 2812 et'It'ilii,
975 2760 1022 2801 et
1053 2746 1276 2814 Spiritus
1303 2745 1496 2804 sancti;
1528 2742 1756 2793 docentes
1797 2753 1880 2790 eos
1923 2753 2032 2788 ser-

493 2859 608 2897 i'are
639 2830 803 2894 omnia
829 2851 1131 2909 qua’cunque
1154 2832 1386 2886 mandari
1412 2839 1546 2884 votis
1577 2828 1788 2900 (.llatt/i.
1818 2825 2026 2893 xxviii).

497 2937 560 2989 Et
589 2935 713 3003 legis
756 2947 901 3000 ergo,
949 2939 1001 2982 et
1046 2925 1316 2994 EVangelii
1369 2932 1626 2992 praecepta
1679 2921 1928 2974 Dominus
1976 2920 2026 2972 iu

496 3031 668 3077 monte
697 3019 858 3082 dedit,
895 3029 951 3070 ut
975 3017 1342 3070 sublimitatem
1377 3027 1466 3080 per
1497 3011 1596 3064 hoc
1627 3010 1899 3077 utriusque
1927 3008 2028 3062 Te-

493 3107 734 3162 stamenti
759 3103 1166 3159 commendaret.
1202 3101 1408 3163 Verum,
1437 3100 1561 3167 quia
1594 3098 1863 3164 Sciiptura
1896 3097 2028 3164 legis

507 3201 593 3253 uni
637 3208 760 3250 tunc
810 3195 997 3264 populo
1045 3191 1203 3246 Israel
1252 3190 1644 3253 committenda,
1682 3187 1852 3256 gratia
1908 3201 2030 3239 vero

499 3286 764 3354 Evangelii
797 3284 859 3336 ad
905 3296 1086 3336 omnes
1134 3296 1226 3349 per
1267 3281 1446 3333 orbem
1495 3279 1733 3332 nationes
1780 3277 2033 3343 apostolis

503 3393 588 3445 pra
610 3376 899 3428 dlcantibtts
927 3381 1039 3426 erat
1085 3379 1428 3440 perventura;
1461 3376 1598 3422 recte
1635 3366 1699 3420 ad
1730 3365 2030 3419 discendam

496 3467 955 3536 accipiendamque
1006 3466 1172 3533 legem
1236 3463 1377 3516 solus
1430 3460 1631 3529 Miyses
1689 3457 1927 3510 ascendit
1981 3458 2030 3508 in

499 3571 752 3622 montem,
801 3556 1091 3610 doctrinam
1134 3568 1257 3606 vero
1302 3549 1560 3618 Evangelii
1607 3546 1827 3616 apostoli
1873 3545 2028 3600 simul

500 3661 687 3700 omnes
735 3645 786 3697 in
817 3652 993 3695 monte
1021 3657 1136 3695 cum
1169 3640 1387 3694 Domino
1416 3638 1593 3705 positi,
1620 3635 2028 3689 auscultantibus

499 3745 552 3788 et
583 3732 744 3785 turbis
771 3731 1066 3783 audierunt.
1095 3729 1195 3782 Sed
1224 3737 1274 3780 et
1305 3728 1526 3781 adventu
1558 3725 1726 3779 sancti
1756 3725 1988 3792 Spiritus
2013 3765 2027 3790 ,

497 3837 601 3891 quo
648 3825 759 3874 haec
787 3818 970 3873 eadem
1009 3818 1175 3886 gratia
1207 3825 1254 3868 et
1286 3815 1474 3868 veritas
1504 3813 1770 3879 Evangelii
1812 3814 2033 3867 manife-

497 3915 630 3967 stins
675 3909 922 3964 Ecclesia:
973 3911 1092 3959 data
1124 3915 1236 3968 est,
1270 3919 1371 3957 non
1418 3903 1633 3970 apostoli
1679 3903 2029 3965 solummodo,

498 4016 676 4054 verum
706 4000 861 4053 etiam
893 3998 1111 4064 plurima
1137 3995 1288 4050 simul
1319 4003 1522 4047 caterva
1570 3993 1797 4046 fidelium
1832 3996 1881 4046 in
1921 4009 2031 4049 etn-

498 4090 688 4144 naculo
735 4089 929 4142 montis
975 4084 1101 4140 Sion
1149 4087 1426 4138 constituta
1472 4084 1729 4151 suscepit,
1759 4094 1810 4137 et
1841 4083 1939 4137 hoc
1982 4101 2029 4135 ιιι

503 4184 761 4233 var'arum
793 4175 1048 4231 divisione
1076 4175 1385 4243 linguarum,
1428 4181 1484 4226 ut
1517 4175 1603 4227 tali
1635 4189 1750 4227 esse
1781 4174 2032 4227 miraculo

506 4269 740 4321 Ecclesia
776 4277 1076 4318 cunctarum
1104 4277 1194 4331 per
1214 4265 1389 4317 orbem
1411 4264 1638 4332 gentium
1660 4263 1851 4330 linguis
1868 4263 2028 4316 Deum

502 4355 859 4409 collaudatura
891 4354 1200 4420 signaretur.

579 4444 813 4511 Daboque
839 4444 947 4505 tibi,
999 4443 1191 4511 inquit,
1224 4445 1345 4495 duas
1375 4444 1565 4495 tabulas
1603 4444 1848 4509 lapideas,
1879 4453 1924 4494 et
1965 4443 2036 4496 le-

499 4551 603 4602 gem
627 4549 684 4584 oc
711 4533 962 4595 mandata,
997 4543 1097 4584 etc.
1137 4534 1259 4583 Iluic
1287 4534 1454 4584 simile
1485 4544 1562 4584 est
1593 4534 1713 4584 illud
1763 4531 2032 4598 Evangelii

497 4627 634 4687 tinod
684 4637 838 4690 supra
871 4626 1131 4690 posuimus
1177 4641 1186 4673 :
1227 4622 1464 4674 Ducentis
1507 4639 1588 4675 eos
1636 4639 1833 4676 servare
1867 4638 2034 4674 omina

497 4727 799 4780 qita'cunque
821 4713 1048 4764 mandavi
1073 4713 1221 4764 vobis.
1248 4711 1357 4765 Non
1388 4728 1510 4780 ergo
1532 4713 1751 4781 Moyses,
1781 4727 1880 4764 non
1909 4725 2036 4777 apo.-

501 4804 644 4869 stoli,
674 4820 773 4856 non
805 4805 1021 4872 quilibet
1049 4805 1340 4869 doctorum,
1367 4806 1465 4856 alia
1488 4805 1642 4857 debet
1672 4805 1914 4871 populum
1943 4801 2032 4855 Dei

499 4893 690 4946 docere
720 4904 994 4962 pracepta,
1037 4909 1189 4962 quam
1221 4908 1333 4962 quae
1376 4894 1485 4961 ipse
1536 4893 1786 4946 Dominus
1816 4891 1993 4944 docuit
2024 4930 2038 4956 ,

500 4995 718 5049 quaque
751 4982 798 5033 in
830 4993 1024 5036 interno
1052 4983 1250 5032 Consilii
1293 4984 1368 5033 sui
1411 4983 1624 5035 decreto
1671 4982 1822 5034 nobis
1849 4981 2038 5034 obser-

501 5075 667 5125 vand'i
699 5071 1038 5139 praescripsit,
1068 5082 1117 5123 ct
1148 5072 1199 5122 in
1232 5088 1448 5137 quorum
1482 5074 1851 5126 observatione
1877 5075 2034 5125 vitam

500 5177 593 5214 nos
636 5161 828 5213 habere
879 5170 1126 5212 mternam
1184 5161 1344 5211 voluit
1387 5179 1397 5212 :
1451 5163 1585 5215 sicut
1646 5177 1742 5216 nec
1799 5163 1866 5215 de
1914 5163 2032 5229 illis,

500 5267 615 5318 qua:
663 5249 773 5301 fieri
800 5248 972 5317 jussit,
1023 5248 1262 5301 doctores
1309 5249 1586 5320 quidquam
1635 5252 2037 5321 prae:ermintere

503 5347 732 5405 oportet,
766 5338 860 5391 sed
910 5339 1082 5391 omnia
1127 5353 1449 5413 quaecunque
1478 5342 1564 5394 ille
1596 5343 1890 5407 mandavit,
1923 5344 2034 5396 suis

504 5444 718 5483 necesse
747 5429 938 5482 habent
965 5425 1287 5487 auditoribus
1316 5435 1663 5490 committere.
1695 5437 1916 5505 Scripsit
1938 5453 2035 5490 au-

504 5527 606 5571 tem
639 5519 746 5569 hare
773 5518 822 5569 iu
854 5519 1040 5572 tabulis
1072 5521 1305 5586 lapideis,
1331 5525 1448 5591 quia
1481 5523 1530 5576 in
1568 5527 1813 5582 cordibus
1842 5528 2040 5582 electo-

506 5620 617 5656 rum
652 5604 748 5654 fide
783 5605 996 5661 fortibus
1026 5608 1123 5660 fixa
1168 5611 1452 5667 intentione
1494 5614 1830 5670 custodienda
1864 5619 2040 5670 firma-

509 5701 593 5761 rit.
629 5705 860 5766 Quorum
891 5706 1124 5772 exempla
1158 5722 1273 5762 cum
1312 5710 1460 5766 noliis
1486 5710 1550 5766 ad
1583 5710 1892 5766 imitandum
1917 5725 2044 5783 pro-

2121 582 2216 632 dit.
2247 579 2375 633 Nam
2402 587 2450 631 et
2482 575 2664 630 Daniel
2697 575 2826 627 vidit
2854 571 3127 625 Dominum
3177 568 3234 622 in
3285 566 3460 634 figura
3491 565 3676 633 lapidis

2122 670 2307 734 excisi,
2341 669 2405 722 de
2430 676 2607 721 monte
2632 666 2745 719 sine
2777 663 3038 726 manibus,
3065 657 3384 713 contrivisse
3429 669 3676 724 pompam

2119 761 2267 826 regni
2315 757 2616 823 mundialis,
2650 765 2704 808 ut
2756 768 2970 821 regnum
3019 751 3180 820 ipsius
3211 749 3386 802 solum
3418 748 3540 800 sine
3580 749 3678 800 ﬂue

2118 860 2424 921 permaneat
2456 847 2614 918 (Dan.
2643 847 2726 915 ιι).
2754 846 2816 900 Et
2849 844 3032 898 Petrus
3063 841 3249 894 lideles
3295 839 3558 892 admonet
3603 838 3679 889 di~

2117 955 2242 994 cens
2275 957 2284 990 :
2318 937 2383 991 Et
2410 954 2494 990 vos
2524 946 2761 999 tanquam
2808 932 3002 998 lapides
3030 929 3148 995 viiii,
3192 927 3678 997 supertzdiﬁcainini

2119 1031 2292 1083 domos
2321 1029 2608 1095 spirituutcs
2640 1025 2687 1098 (l
2728 1023 2940 1091 Ρει.ιι).

2189 1120 2526 1174 Surrexerunt
2559 1115 2760 1185 Moyses
2787 1123 2832 1166 et
2861 1112 3038 1172 Josue,
3075 1119 3305 1165 minister
3327 1125 3465 1182 eyits.
3490 1107 3676 1172 Josue,

2121 1207 2361 1262 minister
2389 1205 2572 1275 Moysi,
2597 1204 2874 1257 Dominum
2901 1204 3252 1263 Salvatorem,
3271 1210 3325 1254 et
3346 1200 3566 1253 nomine
3588 1199 3682 1250 de-

2121 1301 2328 1371 signat,
2381 1307 2434 1351 ct
2484 1294 2708 1348 actione.
2736 1292 2833 1359 Qui
2889 1292 3128 1344 minister
3179 1289 3348 1360 Moysi
3398 1299 3547 1342 recte
3598 1304 3680 1338 vo-

2122 1404 2292 1453 catur,
2331 1389 2454 1461 quia
2485 1401 2743 1457 apparens
2775 1387 2826 1440 in
2860 1399 3040 1448 carne,
3073 1383 3319 1436 Mosaica:
3371 1381 3505 1450 legis
3552 1378 3608 1433 in
3632 1394 3686 1433 se

2123 1482 2464 1536 etnremonias
2519 1472 2798 1546 suscipere'
2814 1477 3058 1546 dignatus
3085 1484 3167 1529 est
3211 1491 3224 1526 :
3259 1473 3383 1542 quia
3429 1487 3534 1526 nou
3569 1473 3685 1524 sol-

2123 1586 2246 1624 vere
2275 1571 2465 1635 legem,
2499 1570 2592 1621 sed
2640 1567 2782 1620 venit
2830 1567 3143 1634 adimplere.
3196 1565 3359 1633 Moysi
3391 1564 3444 1617 in
3507 1565 3685 1615 omni.

2129 1663 2226 1714 bus
2253 1659 2470 1727 vestigia
2493 1657 2735 1726 sequitur
2775 1674 2787 1708 :
2831 1657 2951 1723 quia
2985 1655 3036 1708 in
3067 1656 3276 1708 cunctis
3305 1668 3424 1721 qua:
3457 1651 3685 1719 loquitur

2133 1749 2215 1803 vel
2247 1749 2430 1802 seribit
2456 1746 2682 1815 Moyses,
2717 1745 2804 1799 ille
2834 1745 2912 1797 vel
2955 1744 3130 1812 typice
3158 1743 3241 1797 vel
3272 1743 3561 1796 manifeste
3592 1742 3685 1795 de-

2056 1822 2103 1882 Β
2129 1839 2381 1906 signatus,
2410 1836 2558 1903 quasi
2587 1849 2766 1888 comes
2808 1832 3128 1894 individuus,
3161 1832 3206 1885 si
3238 1833 3374 1885 bene
3401 1831 3683 1900 qumritur,

2130 1927 2412 1980 invenitur.
2461 1923 2594 1979 Hinc
2637 1924 2834 1979 ctenim
2879 1923 3004 1976 dicit
3037 1921 3275 1977 Judzeis:
3326 1920 3390 1977 Si
3416 1923 3686 1974 credi-retis

2127 2012 2318 2084 Moysi,
2349 2013 2611 2068 crederetis
2643 2014 2858 2082 forsitan
2903 2022 2950 2066 et
2998 2012 3146 2079 mihi,
3191 2011 3254 2065 de
3301 2027 3381 2065 tne
3422 2011 3560 2064 enim
3607 2014 3686 2064 ille

2126 2105 2323 2172 scripsit
2353 2102 2565 2174 (Matth.
2595 2100 2670 2173 ν).

2198 2196 2576 2262 Ascendeusque
2628 2193 2831 2264 Moyses
2873 2195 2925 2247 in
2973 2202 3198 2247 montem
3251 2193 3366 2257 Dei,
3407 2192 3686 2248 senioribus

2127 2284 2238 2337 ait:
2277 2281 2573 2350 Exspectate
2617 2281 2699 2333 hic
2745 2283 2904 2333 donec
2951 2290 3260 2333 revertamur
3309 2281 3382 2332 ad
3427 2297 3540 2343 vos,
3585 2295 3686 2336 etc.

2132 2376 2308 2425 Aaron
2337 2386 2487 2424 mons
2520 2371 2861 2434 fortitudinis,
2884 2371 2993 2422 Ilur
3014 2369 3395 2438 interpretatur
3421 2368 3562 2439 ignis
3583 2373 3688 2426 sive

2131 2464 2329 2516 lumen.
2365 2459 2514 2514 Unde
2545 2464 2716 2513 Aaron
2747 2457 3079 2512 Salvaturem
3112 2456 3417 2523 Dominum,
3466 2459 3576 2513 Mur
3601 2462 3689 2514 de-

2131 2551 2303 2619 signat
2365 2549 2618 2618 Spiritum
2684 2559 2923 2601 sanctum
2966 2565 2978 2600 :
3035 2549 3154 2617 quia
3201 2557 3256 2601 et
3290 2547 3359 2601 de
3415 2555 3521 2601 hoc
3571 2550 3687 2603 dicit

2133 2641 2336 2703 Esaias,
2371 2638 2434 2690 Et
2458 2639 2548 2690 erit
2577 2638 2629 2691 in
2659 2638 2949 2691 novissimis
2990 2639 3164 2691 diebus
3191 2647 3514 2708 preparatus
3557 2654 3688 2692 unus

2134 2736 2310 2786 domus
2337 2729 2543 2784 Domini
2574 2733 2625 2783 in
2656 2733 2834 2785 vertice
2863 2714 3283 2800 montiumtEsa.
3309 2734 3384 2799 ν).
3405 2731 3471 2784 Et
3495 2731 3588 2785 ille
3609 2748 3689 2785 su-

2134 2835 2226 2890 per
2269 2820 2536 2888 apostolos
2567 2822 2616 2872 in
2650 2819 2844 2873 lumine
2889 2819 3028 2888 ignis
3073 2821 3337 2888 apparuit.
3384 2821 3688 2875 Ascendeas

2132 2925 2255 2981 ergo
2287 2914 2347 2963 ad
2396 2911 2672 2964 Dominum
2724 2910 2949 2978 Moyses,
2999 2911 3175 2964 Aaron
3205 2921 3260 2964 et
3303 2911 3437 2977 llur,
3471 2911 3579 2966 hoc
3615 2922 3688 2965 est

2133 3009 2360 3054 montem
2387 2999 2726 3062 fortitudinis,
2757 3013 2807 3053 et
2827 3002 3000 3052 lumen
3023 3001 3176 3068 ignis,
3201 3000 3250 3052 iii
3273 3003 3686 3069 campestribus,

2133 3092 2196 3142 ad
2230 3090 2460 3156 regimen
2495 3088 2668 3157 populi
2698 3077 2997 3158 dereliquit.
3033 3090 3099 3143 Et
3130 3105 3224 3142 nos
3254 3091 3299 3143 si
3329 3093 3689 3147 doctoresno-

2136 3189 2276 3232 stros
2305 3179 2370 3232 ad
2424 3181 2751 3232 altitudinem
2797 3179 2986 3232 divina:
3029 3182 3502 3249 contemplationis
3550 3185 3685 3252 sequi

2145 3286 2246 3323 non
2280 3286 2573 3338 possumus,
2607 3285 2853 3324 curemus
2880 3270 3119 3334 solliciti,
3152 3286 3218 3324 ne
3249 3272 3429 3339 aliqua
3456 3289 3556 3326 nos
3581 3287 3688 3327 teu-

2139 3360 2270 3411 tatio
2299 3373 2328 3411 a
2363 3359 2544 3412 vicinia
2577 3358 2767 3411 montis
2799 3357 2888 3410 Dei
2919 3358 3183 3422 retrahat;
3213 3359 3480 3426 sedjuxta
3516 3383 3546 3412 ιι
3569 3371 3689 3416 oru-

2137 3447 2244 3501 luin
2277 3458 2511 3501 nostrum
2556 3450 2805 3500 virtutum
2859 3448 3108 3514 operibus
3145 3448 3474 3514 insistamus,
3528 3453 3687 3503 iulia:-

2137 3549 2311 3593 rentes
2342 3537 2513 3592 Slablii
2545 3539 2704 3592 coide
2728 3541 3068 3591 sacramentis
3097 3540 3262 3591 nostri
3293 3538 3685 3609 Redemptoris,

2132 3632 2317 3699 quibus
2366 3631 2552 3684 imbuti
2583 3647 2760 3683 sumu~
2787 3647 2800 3696 ;
2833 3640 2885 3685 et
2915 3633 3132 3699 gratiam
3163 3629 3394 3700 Spiritus
3422 3634 3562 3700 ejus,
3599 3650 3685 3701 φιτ

2131 3721 2316 3788 signati
2344 3735 2549 3784 sumus,
2585 3722 2948 3774 interii-statarii
2978 3721 3029 3773 iu
3064 3740 3157 3774 nos
3190 3723 3344 3775 nobis
3371 3738 3687 3777 conservare

2133 3827 2398 3868 Curantes.
2432 3812 2495 3865 Et
2549 3813 2590 3865 si
2623 3827 2720 3880 qua
2753 3828 2848 3866 nos
2887 3813 3268 3867 adversitatum
3310 3815 3534 3878 Qtitestio
3579 3817 3688 3883 pul-

2133 3916 2158 3952 δ
2179 3903 2348 3966 iverit,
2381 3918 2505 3954 mox
2539 3903 2858 3970 adjutorium
2912 3903 3220 3956 invocemus
3251 3903 3492 3972 ejusdem
3523 3906 3689 3958 ntistti

2138 3991 2530 4057 Redemptoris,
2586 3992 2673 4057 qui
2726 3992 2911 4049 fideles
2961 4006 3084 4044 suos
3126 4008 3217 4057 ιιι-1·
3267 3995 3466 4046 donum
3526 3997 3690 4046 sancti

2135 4080 2356 4145 Spiritus
2388 4088 2661 4147 protegere
2691 4095 2718 4131 τι
2753 4079 2904 4132 malis
2933 4083 3199 4144 omnibus,
3229 4097 3291 4135 ac
3325 4085 3550 4138 liberare
3565 4101 3689 4138 con-

2137 4171 2321 4223 Htt‘Vli.
2348 4171 2452 4223 Nec
2474 4172 2621 4222 diihit
2641 4169 2816 4224 indum
2841 4173 2959 4238 quia
2978 4171 3020 4224 si
3041 4173 3088 4224 iu
3109 4176 3300 4235 emptis
3325 4178 3683 4242 persistitnns,

2138 4277 2227 4328 per
2260 4273 2488 4316 iituntem
2538 4262 2857 4316 fortitudinis
2905 4264 3183 4317 infirmitas
3229 4280 3386 4335 atque
3420 4267 3691 4324 humilitas

2139 4367 2316 4404 nosrra
2348 4353 2657 4403 confirmata
2691 4347 2975 4417 exaltetur,
3006 4362 3060 4407 et
3091 4355 3295 4409 cunctis
3327 4357 3555 4411 hostium
3585 4371 3694 4412 ten-

2142 4440 2385 4492 tatnentis
2436 4441 2619 4493 fortior
2659 4441 2943 4506 efficiatur;
2995 4457 3086 4511 per
3140 4446 3315 4498 Iu'nen
3363 4461 3596 4514 quoque,
3643 4462 3693 4503 et

2143 4533 2317 4598 ignem
2349 4531 2578 4596 Spiritus
2607 4532 2797 4596 Sancti,
2831 4542 3018 4586 nostra"
3043 4535 3331 4589 illustietur
3361 4538 3656 4606 ignorantia
3676 4580 3689 4600 ,

2138 4628 2420 4685 nosterque
2471 4619 2534 4671 ad
2593 4620 2934 4674 dilectionem
2987 4622 3224 4691 ejusdem
3277 4627 3346 4693 pii
3396 4627 3690 4682 conditoris

2139 4710 2340 4760 animus
2371 4709 2687 4761 iuardescat.

2207 4797 2428 4864 Cumque
2456 4799 2757 4852 ascendisset
2786 4800 3004 4870 Moyses,
3036 4806 3232 4871 aperuit
3258 4807 3412 4859 nubes
3453 4820 3689 4862 mentem.

2140 4891 2288 4945 Sicut
2314 4907 2464 4943 mons
2496 4894 2546 4945 in
2597 4908 2701 4961 quo
2729 4895 2898 4964 legem
2947 4897 3148 4962 accepit
3181 4898 3408 4966 Moyses,
3462 4903 3693 4957 altitudi-

2144 4996 2259 5031 nem
2300 4981 2656 5047 perfectionis,
2690 4998 2803 5049 qua:
2848 4984 2897 5035 in
2946 4984 3128 5036 eadem
3155 4985 3269 5049 lege
3301 4997 3415 5038 erat
3464 4992 3694 5045 corrscrio

2141 5068 2330 5130 benda,
2365 5069 2632 5138 designat;
2682 5073 2749 5123 ita
2803 5074 2987 5133 nubes,
3021 5086 3122 5138 qua
3154 5088 3307 5127 mons
3355 5082 3523 5130 tectus
3569 5091 3691 5146 est,

2140 5160 2359 5224 gratiam
2386 5158 2577 5210 divina:
2611 5159 2838 5210 insinuat
2869 5159 3208 5224 protectionis
3235 5183 3246 5212 ι
3275 5176 3376 5229 qua
3408 5174 3554 5219 tanto
3575 5181 3691 5220 ani-

2145 5247 2273 5312 plitts
2306 5247 2529 5314 quisque
2563 5246 2865 5315 perfruitur,
2911 5258 3104 5314 quanto
3131 5249 3287 5306 altius
3314 5256 3379 5307 ad
3408 5259 3690 5312 scrutanda

2144 5336 2395 5388 mirabilia
2419 5336 2485 5390 de
2515 5337 2624 5404 lege
2649 5336 2737 5388 Dei
2762 5337 3004 5389 revelatis
3043 5340 3208 5392 oculis
3235 5344 3408 5396 contis
3431 5348 3690 5403 “and”.

2142 5424 2375 5494 Namque
2421 5441 2516 5480 nec
2566 5440 2799 5479 montem
2856 5425 3210 5492 solummodo,
3240 5431 3290 5484 in
3341 5449 3448 5500 quo
3491 5436 3692 5506 Μιβις

2143 5517 2403 5584 ascendit,
2427 5517 2592 5572 nubes
2619 5518 2826 5585 operuit
2851 5533 2863 5580 ;
2894 5517 2984 5571 sed
3013 5526 3066 5573 et
3094 5522 3340 5588 populum
3368 5540 3460 5593 per
3484 5527 3693 5581 deserta

2142 5606 2482 5673 gradientem,
2508 5611 2593 5678 qui
2622 5622 2945 5676 nequaquam
2975 5611 3037 5663 ad
3069 5611 3252 5666 altiora
3279 5626 3488 5682 paterat
3513 5631 3698 5672 ascen-

2145 5695 2297 5766 dere,
2330 5699 2665 5755 nihilominus
2697 5701 2859 5756 nubss
2899 5701 3103 5757 etelitus
3143 5703 3304 5759 missa
3345 5705 3605 5762 obumbra
3643 5717 3695 5766 tt.
