3898 6260
163 433 254 491 397

992 428 1076 483 DE
1111 423 1608 482 TADERNACUIB
1647 419 1734 473 ΕΤ
1776 416 1968 473 νΑδιδ
2007 416 2183 474 EJUS.
2229 447 2297 459 -—
2337 417 2464 475 LIB.
2503 419 2543 475 l.
2577 494 2583 500 I

3204 483 3214 492 ,
3254 428 3356 484 398

160 541 304 598 Unde
321 540 573 609 scriptum
600 548 679 594 est
705 539 996 606 :Expandit
1029 540 1221 594 nubem
1245 539 1296 592 in
1326 538 1701 606 protectionetn
1731 534 1780 591 Α
1810 527 1914 596 ligo
1965 544 2190 599 namque
2241 531 2329 584 illa
2372 531 2668 586 obscuritas
2710 542 2793 588 est
2834 550 3145 594 arcanorum
3193 545 3349 598 coale-

161 646 365 697 eornm,
392 630 513 699 quia
556 631 800 684 nimirum
833 630 1083 685 Dominus
1121 644 1308 685 omnes
1336 630 1580 683 timentes
1625 643 1706 695 se,

159 721 369 791 pusillos
383 734 501 775 cum
525 718 832 789 majoribus,
850 719 1049 774 celesti
1072 719 1436 773 benedictione
1459 719 1702 787 protegit.

224 811 291 864 Et
321 811 558 865 habitavit
597 808 761 879 gloria
787 807 993 863 Domini
1017 825 1168 879 super
1197 809 1366 875 Sinni,
1388 818 1490 863 etc.
1515 809 1705 864 Scien-

154 903 275 958 dum
304 903 442 973 quod
484 917 592 958 non
620 910 820 956 tantum
850 900 1167 965 sublimitas,
1200 915 1384 955 verum
1412 901 1572 955 etiam
1600 915 1705 955 no-

156 1009 275 1049 men
305 992 525 1057 montis,
557 992 608 1045 in
634 1006 743 1062 quo
785 993 866 1045 lex
896 991 1017 1044 data
1064 993 1175 1056 est',
1205 991 1579 1060 perfectionem
1625 991 1706 1061 ip-

153 1087 264 1141 sius
290 1085 422 1155 legis
450 1084 673 1155 ﬁgurate
696 1081 992 1138 denuntiat.
1020 1081 1166 1138 Sinai
1191 1098 1416 1152 namque
1447 1083 1708 1148 interpre-

127 1187 289 1232 tatur
313 1175 554 1231 Mensura
609 1188 746 1236 mea,
796 1173 909 1228 sive
949 1171 1215 1241 Amphora
1259 1187 1396 1230 mea.
1448 1171 1707 1227 Divinitus

151 1282 276 1337 ergo
303 1276 638 1335 procuratum
674 1273 774 1329 est,
808 1275 864 1321 nt
914 1279 1066 1318 mons
1096 1265 1147 1318 in
1194 1279 1300 1334 quo
1330 1263 1411 1319 lex
1461 1264 1702 1328 daretur,

158 1357 416 1424 Amphora
443 1370 557 1411 mea
587 1364 866 1410 vocaretur
890 1373 902 1407 :
927 1354 1076 1424 quasi
1107 1355 1221 1423 ipso
1246 1353 1467 1408 Domino
1489 1368 1584 1420 per
1606 1354 1708 1408 ltt'c

152 1448 459 1518 vocabulum
492 1446 847 1517 significante,
877 1446 1017 1516 quod
1049 1446 1132 1511 lex
1159 1460 1253 1500 sua
1295 1445 1584 1515 perfectam
1626 1446 1705 1498 vi-

149 1539 302 1593 vendi
350 1533 584 1609 regulam
630 1538 1286 1610 omnibus-promulgant,
1319 1546 1373 1594 et
1421 1538 1706 1607 unicuique

148 1633 439 1686 secundum
486 1647 644 1700 opera
675 1646 769 1686 sua
801 1631 1049 1686 redderet
1089 1649 1103 1685 :
1140 1631 1288 1700 juxta
1333 1630 1433 1686 hoc
1459 1630 1596 1698 quod
1635 1631 1709 1685 ait

150 1722 265 1788 ipse
295 1740 308 1775 :
341 1721 406 1776 In
451 1738 552 1791 quo
579 1722 712 1776 enim
725 1722 926 1793 judicia
945 1720 1293 1792 judicareritis
1313 1762 1328 1787 ,
1348 1721 1707 1792 jadicabimini

147 1809 362 1880 (Matth.
411 1808 528 1880 vn).
578 1809 643 1870 Et
680 1827 693 1863 :
740 1807 807 1863 In
852 1825 953 1880 qua
994 1825 1230 1863 mensura
1277 1810 1438 1864 mensi
1484 1809 1701 1879 fueritis.

1805 621 1985 688 stium,
2020 623 2245 676 terrenis
2272 623 2483 692 quidem
2514 623 2765 678 cordibus
2795 625 3171 686 inaccessibilis
3196 676 3212 700 ,
3253 637 3345 689 sed

1808 710 1972 781 Moysi
2012 720 2068 766 et.
2112 713 2320 766 caeteris
2350 713 2544 767 mundo
2582 716 2742 770 corde
2790 716 2958 772 beatis
2985 719 3160 775 divina
3209 739 3348 779 rese-

1804 810 1955 855 rante
1995 801 2161 868 gratia
2187 800 2524 870 penetrabilis
2551 819 2563 854 :
2595 803 2784 872 quibus
2820 805 3012 860 dicitur
3041 808 3093 862 in
3117 809 3348 877 Pssimo,

1803 893 2035 946 Accedite
2076 894 2144 946 ad
2183 909 2322 957 eum,
2357 903 2404 946 et
2449 895 2811 949 illuminantini
2866 897 3088 966 (Psaltn.
3137 909 3348 971 xum).

1807 981 2190 1036 lnaccessibilis
2220 999 2447 1052 namque
2474 993 2556 1037 est
2598 984 2683 1038 lttx
2727 986 2844 1051 ejus
2880 988 3077 1044 viribus
3127 993 3346 1057 nostris,

1803 1076 1867 1126 ad
1913 1089 2069 1143 quam
2120 1085 2293 1127 tamen
2343 1075 2612 1130 acceditur
2672 1079 2982 1134 muneribus
3031 1079 3215 1151 ipsius.
3249 1081 3346 1138 Ubi

1804 1174 1924 1233 apte
1946 1164 2280 1234 subiungitur
2303 1181 2319 1219 :
2785 1214 2796 1218 -
3152 1238 3159 1244 _

1875 1254 2001 1309 Erat
2042 1268 2208 1310 autem
2246 1257 2432 1325 species
2455 1258 2632 1328 gloria
2662 1258 2887 1326 Domini,
2927 1263 3071 1331 quasi
3098 1265 3229 1333 ignis
3269 1282 3351 1320 ar-

1806 1347 1952 1414 dens,
1983 1353 2089 1401 etc.
2122 1347 2282 1414 Quasi
2312 1348 2445 1417 ignis
2475 1363 2700 1418 namque
2728 1352 2920 1406 ardens
2947 1354 3154 1422 species
3172 1356 3352 1425 gloria:

1808 1437 2009 1492 Domini
2058 1438 2338 1506 apparuit;
2380 1437 2501 1506 quia
2551 1439 2708 1493 corda
2758 1441 3067 1508 electorum,
3115 1454 3168 1499 et
3211 1445 3350 1499 dono

1807 1528 2038 1583 scientia:
2069 1527 2301 1582 caelestis
2332 1527 2561 1581 illustrat
2586 1569 2602 1594 ,
2628 1538 2682 1583 et
2717 1530 2909 1585 ardore
2936 1545 3045 1587 sua
3080 1533 3351 1589 chari:atis

1807 1619 2113 1674 inﬂammat.
2138 1619 2193 1673 In
2220 1620 2357 1674 nube
2385 1633 2531 1689 ergo,
2555 1619 2780 1688 caligine
2806 1629 2860 1676 et
2885 1621 3006 1692 igne
3049 1625 3213 1694 gloria
3245 1626 3350 1680 Do-

1807 1713 1933 1767 mini
1972 1712 2082 1767 visa
2108 1720 2211 1767 est.
2244 1711 2300 1767 In
2343 1713 2482 1768 nube
2513 1712 2775 1779 videlicet,
2806 1714 2929 1790 quia
2971 1731 3067 1772 nos
3108 1718 3176 1774 ab
3220 1733 3351 1776 testu

1808 1804 2151 1859 tentationum
2184 1803 2424 1874 protegit.
2455 1804 2511 1859 In
2540 1804 2764 1873 caligine
2791 1820 2936 1873 vero,
2964 1808 3082 1877 quis
3115 1815 3345 1880 potentis

145 1898 431 1951 remetietlr
497 1898 634 1951 vobis
684 1896 873 1970 (Marc.
921 1896 1015 1967 tv).
1067 1898 1207 1953 Bene
1257 1909 1432 1954 autem
1479 1899 1700 1964 dicitur,
1734 1886 1778 1943 Β
1806 1894 2098 1963 maiestatis
2127 1895 2239 1965 ejus
2279 1909 2308 1948 a
2349 1894 2488 1948 nulla
2520 1903 2692 1964 potest
2715 1904 2950 1950 creatura
2979 1896 3045 1951 ad
3084 1897 3342 1969 integrum

145 1986 286 2053 quod
309 2029 323 2051 ,
354 1986 534 2057 Moyse
579 1986 923 2050 ascendente,
975 1985 1143 2042 nubes
1187 1994 1243 2042 et
1278 1988 1444 2058 gloria
1475 1988 1706 2054 Domini,

143 2093 238 2132 sex
304 2079 493 2133 diebus
539 2088 770 2133 montem
828 2079 1076 2148 operuit,
1124 2081 1352 2149 septimo
1397 2089 1571 2137 autem
1621 2081 1709 2138 die

146 2168 294 2222 illum
333 2167 402 2222 ad
450 2168 634 2223 altiora
681 2168 874 2223 montis
905 2172 1129 2224 vocavit.
1188 2168 1293 2224 Sex
1339 2185 1567 2240 namque
1592 2171 1706 2227 die-

144 2258 242 2313 bus
271 2260 324 2313 in
372 2259 489 2328 lege
527 2261 764 2328 operari,
817 2259 868 2314 itt
898 2259 1125 2327 septimo
1173 2259 1510 2328 requiescere
1554 2259 1706 2326 jube-

142 2364 282 2406 tnnr.
357 2350 765 2418 Ascendensqne
834 2358 1070 2405 montem
1128 2349 1373 2421 Moyses,
1446 2365 1540 2406 sex
1592 2351 1705 2407 die-

142 2445 240 2500 bus
293 2445 437 2501 nube
482 2453 535 2499 et
577 2445 744 2515 gloria
781 2444 989 2500 Domini
1035 2445 1268 2515 tegitur:
1312 2453 1367 2499 ut
1413 2448 1706 2502 insinuetur

142 2535 406 2606 mystice,
472 2534 592 2604 quia
642 2535 941 2604 quicunque
1006 2535 1251 2590 mandata
1324 2535 1528 2591 Domini
1580 2552 1708 2604 0pc-

143 2625 291 2680 ribus
333 2625 490 2694 justis
543 2625 890 2694 exsequitur,
937 2624 1118 2679 divina
1164 2625 1342 2694 utique
1385 2624 1707 2694 protectione

143 2714 335 2785 dignus
364 2714 568 2769 existit.
603 2713 745 2768 Idem
778 2726 1006 2783 namque
1058 2713 1332 2781 Dominus,
1364 2716 1453 2785 qui
1491 2715 1704 2785 Moysen

142 2805 196 2860 in
245 2814 484 2860 montem
536 2803 825 2859 ascendere
850 2803 1044 2872 jussit,
1089 2807 1456 2861 ascendentem
1501 2820 1708 2874 quoque

142 2909 238 2949 sua
268 2894 414 2949 nube
441 2901 496 2948 et
523 2893 769 2948 claritate
798 2892 1151 2948 circumdedit
1180 2911 1192 2946 :
1225 2894 1345 2962 quia
1377 2895 1465 2963 qui
1509 2895 1706 2949 donum

144 2986 302 3041 nobis
332 2984 744 3054 benevoperandi
777 2983 983 3049 tribuit,
1027 2984 1140 3052 ipse
1186 2999 1281 3039 nos
1310 2988 1444 3040 bene
1486 3001 1709 3053 operan-

144 3087 252 3140 tes,
285 3090 354 3130 ne
384 3075 721 3140 deficiamus,
751 3075 1001 3141 illustrat,
1033 3083 1087 3128 et
1118 3088 1183 3129 ne
1213 3075 1551 3131 tentamentis
1576 3078 1709 3132 anti-

142 3168 232 3234 qui
264 3167 456 3232 ltostis,
485 3169 633 3236 quasi
659 3166 954 3221 fervoribus
975 3165 1104 3222 solis
1129 3181 1432 3233 exuratnur,
1461 3169 1704 3239 protegit.

143 3261 389 3329 Septimo
418 3268 595 3314 autem
630 3259 716 3313 die
745 3268 899 3312 vocat
949 3258 1013 3312 ad
1038 3257 1221 3313 altiora
1267 3259 1519 3315 Dominus
1563 3261 1708 3332 Moy-

145 3365 265 3418 sen,
300 3351 423 3418 quia
457 3358 591 3419 post'
606 3363 826 3418 operum
871 3349 1275 3419 perfectionem,
1302 3353 1534 3420 requiem
1559 3353 1712 3406 nobis

145 3438 231 3491 lex
283 3437 545 3506 promittit
588 3447 841 3492 aeternam
892 3454 904 3490 :
939 3447 995 3491 ut
1021 3440 1109 3507 qui
1147 3438 1200 3493 in
1244 3440 1519 3495 altitudine
1555 3451 1712 3495 rectae

145 3529 378 3583 actionis
405 3528 626 3583 Domino
642 3529 894 3583 assistere
921 3530 1245 3592 curavimus,
1267 3528 1377 3599 jam
1401 3530 1463 3583 ad
1494 3533 1608 3600 ejus
1638 3532 1711 3584 vi-

146 3623 360 3675 sionem
378 3632 536 3688 atque
557 3620 874 3688 colloquium
900 3619 1184 3672 ascendere
1207 3635 1502 3675 mereantur
1525 3638 1535 3672 :
1563 3619 1710 3688 juxta

147 3713 276 3766 illud
312 3712 630 3777 Psalntistat,
666 3708 868 3763 Etenim
913 3703 1301 3762 benedictionem
1328 3711 1486 3773 dabit,
1515 3711 1599 3777 qui
1634 3709 1710 3762 lc-

147 3819 261 3870 gem
311 3803 447 3854 dedit
480 3799 702 3868 (Psalm.
751 3800 998 3868 Lxxxttt).
1033 3797 1390 3851 Ambulabunt
1417 3800 1481 3853 de
1519 3800 1712 3854 virtute

148 3894 199 3946 in
230 3892 506 3953 virtutem,
537 3891 799 3944 videbitur
829 3890 968 3943 Deus
1005 3889 1222 3943 deorum
1267 3888 1318 3943 in
1368 3889 1515 3943 Sion.
1560 3891 1710 3956 Quod

147 3987 315 4040 etiam
348 3985 401 4037 in
447 3984 545 4038 ltac
586 3983 691 4036 vita
738 3982 1003 4036 nonnullis
1032 3985 1316 4036 electorum
1362 3993 1569 4036 constat
1595 3999 1713 4038 esse

149 4078 438 4136 donatum,
468 4084 526 4128 ut
571 4084 688 4142 post
714 4074 902 4128 activa:
935 4072 1305 4142 perfectionem
1355 4074 1711 4127 conversatio-

152 4169 257 4230 nis,
306 4165 374 4219 ad
424 4166 616 4219 divina:
663 4166 884 4234 gratiam
930 4162 1309 4231 speculationis
1356 4163 1708 4226 ascenderint,

148 4257 540 4324 qualiscunque
566 4264 620 4308 et
658 4254 1114 4324 quantulacunque
1163 4255 1274 4308 inec
1301 4253 1369 4306 ab
1413 4252 1712 4306 hominibus

151 4363 321 4401 carne
367 4347 539 4400 adhuc
569 4346 765 4400 indutis
812 4346 923 4399 fieri
957 4355 1129 4412 potest
1161 4361 1176 4397 :
1227 4345 1365 4413 quod
1397 4354 1450 4398 et
1480 4343 1712 4412 plurimis

153 4436 584 4504 patriarcharum
627 4449 688 4488 ac
720 4434 1113 4501 prophetarum,
1162 4444 1216 4487 et
1243 4449 1349 4501 prae
1379 4432 1587 4487 caeteris
1615 4430 1710 4498 ipsi

1805 1986 2200 2056 comprehendi.
2234 1985 2347 2040 Pax
2372 1987 2506 2040 enim
2531 1984 2620 2040 Dei
2641 1997 2907 2058 exsuperat
2936 2004 3128 2044 omnem
3146 2008 3346 2046 sensum

1805 2078 2025 2149 (Philip.
2065 2081 2173 2147 tv).
2223 2078 2278 2132 itt
2324 2081 2442 2146 igne
2479 2089 2652 2132 autem
2703 2080 2950 2143 ardente.
2981 2083 3102 2152 quia
3146 2093 3351 2140 tuentes

1806 2168 2033 2222 ﬁdelium
2062 2182 2406 2235 supernorum
2457 2169 2731 2235 honorum,
2774 2179 2827 2224 et
2877 2173 3175 2242 cognitione
3217 2174 3355 2229 irra-

1803 2258 1945 2322 diat,
1975 2269 2027 2321 et
2055 2272 2147 2325 spe
2173 2257 2542 2311 aedilectione
2570 2261 2832 2313 accendit.
2867 2262 2930 2315 Et
2969 2263 3101 2316 hanc.
3136 2265 3377 2334 quidem.

1806 2348 2010 2404 Domini
2037 2347 2253 2416 gloriam
2302 2346 2390 2400 lilii
2420 2347 2576 2401 Israel
2606 2347 2672 2402 de
2711 2348 2865 2419 longe
2893 2362 2945 2404 et
2990 2357 3056 2405 ab
3085 2355 3353 2408 inferiori-

1804 2442 1901 2496 bus
1923 2440 2203 2509 aspiciunt,
2241 2439 2448 2507 Moyses
2486 2452 2610 2492 vero
2637 2438 2793 2492 altius
2831 2441 3164 2495 ascendendo
3192 2459 3353 2512 pene-

1807 2539 1940 2595 trat;
1967 2528 2088 2597 quia
2136 2526 2380 2582 nimirum
2422 2525 2595 2581 abdita
2643 2528 3010 2598 mysteriorum
3054 2529 3347 2586 divinorum

1806 2623 2021 2691 perfecti
2043 2623 2236 2694 quique
2267 2623 2496 2692 perfecte
2525 2636 2587 2677 ac
2612 2624 2905 2678 sublimiter
2927 2623 3124 2678 vident.
3157 2626 3226 2680 At
3254 2641 3352 2681 nos

1807 2721 2000 2767 nostra:
2045 2728 2308 2768 memores
2347 2714 2640 2783 fragilitatis
2668 2724 2719 2768 et
2751 2712 2975 2779 inertiae,
3005 2714 3103 2768 etsi
3135 2714 3236 2768 huc
3273 2719 3352 2770 in-

1807 2815 1948 2859 trare
1973 2803 2471 2872 comprehendendo
2494 2804 3047 2874 nequivimus,saltem
3069 2804 3354 2869 credendo,

1806 2891 2097 2960 sperando,
2137 2893 2447 2961 diligendo,
2497 2895 2550 2947 in
2590 2893 2833 2962 proximo
2897 2909 3112 2950 manere
3136 2934 3153 2961 ,
3203 2905 3359 2967 atque

1806 2993 2078 3051 aspectare
2119 2997 2383 3036 curemus.
2426 2982 2583 3050 Quasi
2611 2983 2748 3037 enim
2783 2983 2873 3037 lilii
2927 2983 3083 3041 lsrael
3125 3001 3156 3040 a
3201 2987 3354 3057 longe

1810 3077 1988 3127 oculos
2014 3073 2080 3126 ad
2110 3081 2340 3128 montem
2370 3073 2482 3138 Dei,
2523 3085 2679 3143 atque
2715 3074 2781 3128 ad
2811 3087 3148 3144 conspectum
3177 3078 3356 3148 gloria:

1811 3163 1925 3232 ejus
1954 3163 2168 3231 habent,
2201 3179 2321 3218 cum
2343 3161 2535 3217 inlirmi
2561 3165 2755 3234 quique
2783 3165 2833 3218 iu
2856 3165 3077 3221 ecclesia
3103 3182 3162 3224 se
3193 3169 3353 3222 Deum

1815 3254 1989 3309 videre
2004 3269 2338 3323 summopere
2357 3254 2740 3320 desiderantes,
2759 3258 2939 3312 oculos
2960 3259 3153 3315 mentis
3171 3261 3358 3314 sedulo

1815 3348 1865 3400 in
1893 3346 2197 3401 memoriam
2221 3357 2434 3402 aeterna:
2461 3348 2715 3402 claritatis
2740 3349 2871 3405 ﬁxos
2899 3360 3095 3406 tenent.
3125 3353 3281 3417 Quasi
3305 3352 3358 3407 itt

1814 3436 2001 3490 vicinia
2031 3438 2225 3490 montis
2255 3437 2383 3500 Dei,
2413 3438 2464 3490 in
2491 3452 2644 3505 quem
2678 3438 2896 3506 Moysen
2924 3440 3225 3494 ascendisse
3260 3452 3361 3494 nu-

1813 3536 2016 3589 verant,
2053 3534 2466 3590 commurantur,
2510 3540 2627 3580 cum
2674 3525 2726 3579 in
2769 3528 2857 3580 illo
2901 3543 2959 3582 se
2999 3528 3360 3586 moderamine

1812 3617 2016 3672 vivendi
2044 3626 2310 3680 coercent,
2339 3633 2444 3687 quo
2475 3633 2737 3689 nunquam
2763 3633 3004 3688 gressum
3035 3634 3144 3675 sua
3171 3635 3352 3690 opera-

1812 3709 1973 3762 tionis
2037 3709 2240 3778 longius
2287 3709 2354 3764 ab
2409 3709 2699 3765 imitatione
2749 3725 3076 3766 summorum
3122 3712 3360 3768 vivorum

1810 3799 2135 3864 abstrahunt,
2179 3802 2384 3855 tametsi
2415 3800 2636 3856 necdum
2663 3801 2817 3871 plene
2846 3801 3052 3858 illorum
3095 3802 3160 3857 ad
3189 3805 3363 3872 perfe-
3456 3847 3460 3852 .

1811 3891 2040 3947 ctionem
2068 3894 2213 3962 sequi
2256 3893 2475 3964 vestigia
2509 3894 2728 3963 possint.

2430 4004 2652 4059 CAPUT
2690 4004 2748 4058 ll.

1814 4091 2013 4161 Moyses
2041 4095 2252 4164 septimo
2274 4093 2356 4147 die
2379 4095 2447 4146 ad
2469 4095 2657 4164 altiora
2688 4095 2869 4146 montis
2891 4104 3118 4156 vocatus,
3146 4098 3366 4164 quadra-

1875 4165 2014 4229 ginta
2039 4163 2212 4213 dielms
2234 4179 2304 4216 ac.
2320 4163 2548 4214 noctibus
2573 4165 2642 4214 ibi
2671 4180 2783 4226 cum
2816 4163 3033 4216 Domino
3058 4163 3302 4221 moratur.

1881 4248 2246 4319 Ingressusque
2293 4250 2493 4320 Moyses
2537 4253 2754 4304 medium
2796 4253 3009 4318 nebulai,
3042 4257 3269 4309 ascendit
3314 4260 3364 4310 in

1814 4348 2052 4404 tuentem,
2081 4349 2125 4390 ct
2150 4342 2248 4407 fuit
2282 4341 2349 4393 ibi
2377 4342 2715 4413 quadraginta
2761 4343 2933 4395 diebus
2966 4354 3012 4397 et
3032 4346 3366 4416 quadraginta

1815 4429 2060 4482 noctibus.
2103 4429 2307 4501 Moyses
2339 4432 2567 4485 medium
2600 4433 2803 4486 nebulae
2835 4435 3099 4503 ingressus
3131 4440 3367 4491 ascendit

154 4526 330 4596 Moysi
357 4540 663 4579 concessum
693 4533 794 4586 est,
826 4524 890 4577 de
919 4539 1024 4590 quo
1051 4524 1348 4590 specialiter
1385 4524 1582 4576 dictum
1606 4530 1708 4587 est,
1746 4549 1794 4613 ο
1819 4520 1868 4572 itt
1900 4531 2132 4574 montem
2153 4559 2168 4583 ,
2201 4534 2321 4573 cum
2350 4522 2723 4589 prmdicatores
2751 4524 2943 4578 divina:
2972 4525 3124 4593 legis,
3159 4525 3209 4579 in
3253 4532 3369 4594 qni-

150 4619 276 4683 qzzia
322 4617 518 4666 locutus
547 4613 612 4665 sit
656 4629 768 4664 cum
801 4613 906 4666 Deo
935 4614 1062 4682 {acie
1099 4612 1164 4664 ad
1193 4613 1393 4679 faciem,
1421 4612 1551 4664 sicut
1577 4611 1715 4679 loqui

151 4706 283 4756 solet
313 4702 462 4752 homo
486 4717 596 4752 cum
623 4703 786 4752 amico
812 4716 902 4753 suo
933 4700 1127 4769 (Exod.
1164 4700 1376 4768 xxxttt).
1407 4700 1553 4754 Unde
1578 4710 1631 4753 et
1652 4700 1720 4754 de

154 4792 254 4845 illo
304 4789 607 4857 specialiter
652 4789 870 4856 intelligi
919 4791 1076 4856 valet,
1124 4791 1259 4856 quod
1306 4805 1399 4843 sex
1431 4790 1617 4844 diebus
1665 4791 1717 4843 in

153 4891 348 4936 monte
377 4881 513 4934 nube
541 4891 592 4934 et
621 4879 785 4949 gloria
812 4880 1013 4933 Domini
1062 4891 1326 4948 protectus
1369 4884 1471 4946 sit;
1499 4884 1721 4952 septimo

154 4983 342 5027 autem
373 4973 459 5027 die
489 4979 703 5025 vocatus
729 4971 793 5022 ad
836 4971 1153 5038 colloquium
1183 4973 1318 5041 ejus,
1351 4974 1539 5028 altiora
1571 4991 1720 5028 mon-

154 5064 226 5117 tis
271 5061 682 5127 conscenderit,
725 5061 844 5131 quia
899 5061 1148 5114 nimirum
1199 5079 1291 5130 per
1339 5066 1474 5118 bona
1525 5081 1719 5134 opera,

155 5168 282 5222 qua:
333 5151 554 5207 Domino
581 5153 812 5207 donante
856 5164 1150 5221 acceperat,
1197 5155 1362 5223 magis
1398 5155 1465 5209 ab
1492 5156 1580 5210 illo
1603 5157 1724 5210 illu-

158 5245 348 5308 strari,
380 5255 536 5312 atque
564 5246 631 5300 ab
661 5246 901 5301 omnibus
931 5245 1182 5298 malorum
1208 5245 1501 5300 incursibus
1526 5251 1720 5301 met-nit

160 5333 506 5399 obumbrari,
537 5350 598 5388 ac
627 5335 704 5390 sic
725 5336 789 5390 ad
818 5335 1123 5390 sublimiora
1157 5335 1370 5389 visionis
1399 5345 1452 5389 et
1492 5339 1722 5392 collocu-

157 5425 331 5479 tionis
352 5423 491 5477 illius
515 5425 650 5478 dona
683 5425 938 5492 pervenit.
962 5425 1186 5478 Medium
1216 5439 1442 5492 namque
1462 5427 1722 5494 caliginis,

158 5515 313 5568 unde
343 5521 561 5565 vocatus
590 5526 709 5566 esse
739 5513 946 5577 dicitur,
979 5530 1082 5567 non
1114 5515 1289 5567 inesse
1333 5511 1444 5566 Deo
1478 5517 1722 5570 tenebras

159 5607 304 5658 ullas
327 5603 590 5672 signiﬁcat
612 5619 625 5653 :
657 5604 744 5655 sed
766 5605 883 5668 quia
910 5606 1070 5656 lucem
1098 5602 1285 5654 habitat
1318 5602 1723 5658 inaccessabilent

163 5697 214 5764 (1
251 5696 393 5749 Tim.
419 5696 517 5761 vt),
548 5704 602 5746 et
629 5694 764 5747 sicut
793 5695 931 5748 idem
973 5694 1098 5748 dicit
1127 5691 1431 5761 Apostolus,
1465 5695 1624 5758 Quem
1651 5696 1725 5747 vi.

164 5790 241 5840 dit
277 5789 453 5839 ηιιιιμε
481 5786 756 5847 hominum,
788 5789 872 5839 srd
903 5802 989 5839 nec
1020 5787 1186 5839 videre
1213 5793 1371 5853 potest
1395 5781 1600 5854 llbid.).
1624 5784 1723 5839 Ca-

1821 4613 1914 4664 bus
1943 4611 2056 4679 ipse
2081 4612 2288 4680 Moyses
2317 4612 2541 4665 eximius
2569 4625 2680 4666 erat
2709 4614 2772 4666 ad
2797 4613 3041 4667 intuenda
3071 4613 3367 4671 sublimiter

1821 4703 2011 4756 incerta
2058 4710 2112 4755 et
2158 4703 2359 4755 occulta
2416 4702 2688 4769 sapientia;
2742 4704 2964 4767 divinae,
3007 4704 3260 4760 invitante
3305 4726 3366 4759 at:

1820 4796 2042 4848 ducente
2074 4793 2632 4860 Domino,penetrant.
2659 4792 2773 4846 Fuit
2799 4805 2974 4848 autem
2997 4809 3114 4848 cum
3151 4797 3363 4855 Domino

1822 4888 2029 4956 Moyses
2057 4883 2397 4952 quadraginta
2428 4883 2615 4937 diebus
2639 4894 2692 4937 et
2733 4886 3006 4949 noetibus,
3043 4896 3098 4940 ut
3139 4888 3238 4943 huc
3267 4907 3334 4943 nn

1823 4990 1966 5029 mero
2006 4976 2260 5042 temporis
2285 4972 2547 5038 disceret,
2581 4975 2718 5042 quod
2750 4976 2820 5029 illi
2847 4977 3178 5033 solummodo
3203 4983 3364 5034 deoa-

1823 5069 1996 5137 iugum
2020 5065 2169 5132 legis,
2187 5079 2342 5131 quem
2369 5079 2486 5118 cum
2511 5081 2606 5120 suo
2624 5068 2815 5136 populo
2835 5078 3128 5136 acceperat,
3154 5082 3370 5137 possent

1825 5157 2062 5225 implere,
2094 5168 2229 5223 quos
2256 5155 2574 5223 evat'golica'
2604 5158 2766 5225 gratia
2794 5157 3061 5219 veritatis,
3088 5173 3205 5225 quin
3232 5174 3363 5226 qua-

1824 5262 1942 5304 tuor
1989 5247 2131 5301 libris
2174 5254 2289 5298 erat
2334 5246 2697 5307 describenda,
2737 5246 3184 5314 juvaret.Qnater
3222 5248 3364 5303 enim

1823 5339 1944 5395 deni
1978 5335 2320 5407 quadraginta
2362 5335 2575 5388 iaciunt.
2605 5335 2691 5388 Vel
2722 5348 2864 5388 certe
2907 5335 3043 5402 quod
3085 5343 3364 5388 venturum

1824 5440 1964 5487 esset
1988 5440 2214 5495 tempus,
2236 5427 2446 5494 quando
2472 5425 2653 5479 eadem
2685 5434 2942 5495 praecepta
2971 5425 3226 5494 decalogi,
3251 5444 3364 5494 (μιν

1827 5530 1949 5574 tunc
1969 5533 2085 5573 cum
2114 5531 2218 5571 uno
2242 5517 2467 5570 filiorum
2494 5515 2651 5569 lsrael
2688 5515 2878 5585 populo
2901 5517 3122 5585 accepit,
3153 5516 3203 5570 in
3235 5520 3365 5572 noti.

1828 5612 1951 5666 tiam
1973 5617 2274 5663 cunctarum
2296 5609 2550 5675 gentium,
2576 5621 2692 5673 quae
2716 5615 2938 5674 quatuor
2959 5607 3100 5660 orbis
3128 5607 3366 5675 partibus

1825 5698 2192 5762 continentur,
2240 5696 2412 5749 divina
2462 5695 2623 5763 gr.-.tia
2682 5696 2938 5763 largiente
2991 5696 3368 5763 panderentnr,

1828 5803 2114 5858 omnesque
2163 5803 2253 5856 iter
2305 5787 2490 5841 horum
2543 5785 2781 5840 nationes
2830 5785 3253 5846 observantiam,
3303 5782 3366 5834 ad
