3898 6260
987 444 1178 499 l'lliDzE
1223 439 1659 497 VENEllABILlS
1697 436 1982 492 UPI‘ZRUll
2024 434 2196 489 ΡΜὶὸ
2237 433 2296 486 ll.
2337 460 2405 471 —
2443 426 2829 484 EXEGETlCA
2869 424 3182 482 GENUINA.

3588 420 3683 473 400

422 582 437 589 -η
498 563 716 617 salutem
756 557 1088 627 pervenirent
1123 564 1395 607 aeternam.
1431 550 1619 603 Verum
1642 549 1761 614 quia
1800 545 2029 598 breviter
2061 549 2104 603 Λ
2135 557 2230 595 nos
2272 550 2325 595 et
2367 554 2632 611 gettintas.
2672 539 2736 593 ad
2768 538 3057 593 ornandum
3086 533 3257 601 ephod
3288 547 3352 587 ac
3383 522 3680 590 ra‘ionale.

502 664 657 719 quam
687 649 907 702 mirifico
926 658 1148 701 ascensu
1176 644 1380 712 Moyses
1405 643 1468 693 ad
1495 639 1849 707 accipiendam
1872 637 2038 703 legem

505 740 801 808 pervenerit
843 737 1155 801 didicimus,
1202 734 1313 803 jam
1360 747 1501 786 nunc
1548 736 1701 783 aures
1749 727 1944 789 simul,
1988 733 2042 777 ct

504 828 710 881 animos
751 826 814 880 ad
864 824 1123 880 audienda
1163 839 1279 891 qtae
1325 819 1545 881 audivit,
1589 832 1651 872 ac
1692 831 1787 886 pro
1831 814 2042 869 modulo

503 925 681 970 nostro
709 914 1017 983 exponenda
1060 914 1173 982 ipsa
1206 909 1335 982 legis
1364 908 1611 964 mandata
1651 912 2038 961 convertamus.

503 1007 747 1078 Sequitur
780 1024 792 1059 :

1104 1091 1324 1148 CAPUT
1362 1089 1445 1145 ΙΙΙ.

513 1208 634 1262 Filii
674 1207 835 1262 Israel
869 1205 1110 1276 primitias
1153 1203 1362 1276 Domino
1394 1200 1575 1266 o/I'crre
1611 1209 1659 1253 et
1703 1197 2044 1252 sanctuariunt

736 1286 741 1291 '
792 1292 796 1297 '
870 1274 876 1276 ⁷
1062 1279 1224 1341 facere
1241 1274 1499 1339 jubentur.

578 1366 786 1433 (Exod.
824 1365 979 1433 x-xv.)
1020 1362 1235 1414 Locutus
1280 1370 1349 1411 est
1392 1357 1640 1410 Dominus
1685 1356 1752 1407 ad
1794 1352 2001 1420 Moysen
2031 1394 2044 1413 ,

510 1458 719 1510 dicem:
749 1455 973 1521 Loquere
1001 1452 1119 1516 [iliis
1149 1449 1342 1510 Israel,
1372 1459 1424 1499 ut
1467 1447 1664 1505 tollunt,
1703 1452 1807 1498 etc.
1854 1440 1919 1495 Et
1954 1457 2048 1495 nos

514 1547 767 1613 primitias
824 1545 1075 1597 bonorum
1138 1525 1445 1592 nostrorum
1502 1536 1723 1589 Domino
1784 1533 2045 1595 tollimus,

511 1636 718 1707 quando
739 1636 781 1689 si
801 1634 922 1701 quid
948 1633 1067 1685 boni
1093 1630 1314 1698 agimus,
1346 1635 1512 1681 totum
1539 1626 1638 1678 hoc
1658 1625 1847 1678 divitum
1870 1624 2051 1693 gratim

516 1724 790 1780 tribuimus
814 1721 1089 1785 veraciter,
1120 1729 1174 1773 et
1205 1720 1390 1772 intimo
1420 1732 1483 1770 ex
1528 1716 1690 1769 corde
1720 1715 2047 1782 proﬁtentes,

513 1815 650 1885 quod
679 1829 741 1867 ne
768 1812 972 1875 initium
993 1810 1200 1878 quidem
1222 1808 1374 1861 boum.
1399 1803 1641 1867 actionis,
1667 1816 1752 1857 aut
1776 1802 2049 1869 co;.gitatio-

452 1922 455 1925 ·
517 1907 598 1958 nis
644 1902 835 1970 aliquid
861 1942 877 1960 .
914 1901 1009 1953 nisi
1040 1916 1068 1952 a
1096 1897 1316 1951 Domino
1345 1896 1605 1964 possimus
1634 1895 1825 1946 habere
1861 1908 1872 1942 :
1918 1892 2050 1943 mala

521 2007 643 2045 vero
676 2003 849 2043 ncStra
880 2004 1086 2054 semper
1115 2003 1142 2039 a
1176 1987 1326 2039 nobis
1356 1984 1482 2052 ipsis
1522 1982 1730 2036 diabolo
1757 1980 2053 2048 instigante,

518 2091 568 2132 et
605 2090 772 2145 ccepta
805 2088 857 2130 et
888 2083 1247 2130 (ensummata
1268 2116 1283 2140 ,
1317 2089 1413 2126 nec
1444 2072 1543 2125 nisi
1587 2070 1806 2123 Domino
1832 2069 2059 2121 donante

523 2169 738 2221 laxanda
778 2181 895 2219 esse
926 2165 1165 2217 fatemur.
1198 2161 1460 2230 Pelagiani
1508 2160 1761 2227 primitias
1803 2158 2057 2211 bonorum

524 2272 735 2310 suorum
765 2258 945 2306 uolunt
977 2252 1193 2305 Domino
1222 2253 1427 2315 tolicrc,
1456 2248 1546 2301 sed
1576 2245 1915 2310 sibimetipsis
1943 2258 2061 2313 pos-

524 2345 738 2399 sidenda
791 2344 1016 2395 retinere
1058 2356 1070 2389 :
1116 2339 1235 2403 quia
1287 2352 1344 2391 se
1400 2337 1519 2391 boni
1564 2334 1760 2403 aliquid
1801 2348 1832 2387 a
1877 2333 2084 2401 seipsis'

527 2434 727 2500 absque
749 2431 911 2498 gratia
938 2429 1027 2482 Dei
1052 2427 1267 2493 habere,
1295 2426 1447 2479 stulta
1478 2423 1889 2495 prmsumptionc
1915 2431 2063 2474 autu.

529 2528 692 2575 mant.
726 2520 863 2573 Bene
889 2529 1061 2573 autem
1094 2517 1388 2586 prmcipitur
1418 2515 1579 2584 Moysi
1602 2559 1617 2583 ,
1648 2515 1713 2567 ab
1740 2514 1953 2567 homine
1978 2512 2065 2578 qui

532 2610 686 2663 ollert
730 2609 1028 2671 ultroneus,
1073 2608 1309 2673 accipere
1358 2603 1634 2670 primitias.
1672 2602 1896 2653 Hilarem
1936 2598 2070 2649 enim

534 2703 757 2752 datorem
794 2698 953 2766 diligit
980 2696 1111 2748 Dens
1140 2693 1230 2763 (11
1263 2694 1380 2747 Cor.
1415 2708 1463 2745 Ix
1483 2691 1521 2761 ).
1556 2692 1618 2744 Et
1648 2691 1947 2758 Apostolus,
1971 2703 2072 2740 non

536 2807 597 2843 ατ
622 2790 821 2842 tristitia
848 2805 954 2849 nos,
988 2797 1072 2839 aut
1095 2802 1154 2838 ea:
1179 2785 1485 2849 necessitate,
1517 2784 1605 2835 sed
1635 2780 1887 2849 preposito
1907 2778 2072 2831 cordis

533 2881 659 2932 bona
688 2880 850 2949 facere
864 2877 1008 2947 jubet
1031 2874 1239 2945 (Ibid).
1264 2874 1411 2939 Quod
1452 2886 1509 2927 se
1550 2872 1723 2925 facere
1750 2870 1923 2923 sciens
1954 2883 2073 2935 pro-

537 2969 687 3035 pltcta
718 2966 971 3035 gloriatur
1001 2966 1051 3018 in
1082 2965 1306 3017 Domino
1335 2963 1513 3015 dicens
1544 2979 1555 3013 :
1594 2960 1888 3014 Votuntarie
1913 2959 2072 3013 sacri-

535 3060 693 3124 βοειὺο
724 3060 809 3111 tibi
829 3056 995 3127 (I’sal.
1029 3058 1162 3124 Lm).
1588 3102 1595 3107 .

607 3146 732 3199 11αέ
760 3157 873 3198 sunt
910 3154 1073 3198 autem
1106 3160 1230 3212 .qute
1265 3158 1488 3212 accrpere
1527 3142 1730 3209 debet“,
1750 3157 1959 3205 aurum,
1989 3156 2075 3194 or-

539 3248 769 3308 genium,
802 3245 843 3286 et
868 3250 935 3286 trs
958 3276 973 3298 ,
999 3243 1103 3288 etc.
1134 3233 1331 3287 Cuncta
1365 3237 1475 3286 haec
1503 3248 1618 3300 quae
1648 3233 1895 3286 Dominus
1915 3232 2014 3285 sibi
2044 3245 2076 3284 a

550 3328 723 3392 ptiore
757 3325 969 3393 populo,
1003 3323 1067 3374 ad
1092 3322 1382 3375 iaciendum
1414 3322 1765 3375 sanctuarium
1798 3320 2078 3374 materiali-

545 3424 626 3469 tcr
653 3414 825 3467 (ιη’υηὶ
857 3412 1123 3479 pra'cipit;
1156 3426 1251 3465 nos
1283 3426 1490 3480 quoque
1519 3412 1606 3477 qui
1637 3408 1949 3476 aspirituales
1978 3409 2080 3462 lilii

548 3504 729 3570 Israel,
762 3503 811 3556 id
841 3514 945 3565 est,
988 3503 1274 3555 imitatores
1304 3502 1466 3555 Deum
1507 3500 1727 3555 videntis
1757 3499 1929 3569 populi
1964 3513 2083 3555 esse

550 3594 927 3653 desideramus,
953 3590 1208 3656 St-ll‘llllﬂll
1231 3590 1572 3660 intelligentia
1594 3590 1845 3644 debemus
1867 3590 2081 3655 oﬂerre,

554 3690 808 3751 quatenus
850 3697 940 3741 per
985 3680 1281 3747 huiusmodi
1330 3680 1623 3734 oblationes
1664 3680 2007 3744 voluntarias,
2033 3688 2086 3733 et

562 3770 659 3839 ipsi
704 3770 1056 3823 sanctuarinm
1101 3770 1147 3821 ei
1192 3769 1241 3821 in
1286 3768 1435 3821 nobis
1479 3768 1648 3823 facere
1692 3784 2006 3834 mereamur,
2035 3778 2088 3822 et

556 3862 665 3927 ipse
696 3859 744 3911 in
780 3858 954 3912 medio
983 3868 1215 3911 nostrum
1250 3858 1511 3923 habitare,
1547 3857 1645 3911 hoc
1692 3867 1772 3911 est
1814 3859 1863 3910 in
1911 3866 2089 3909 nostro

562 3950 660 4003 sibi
692 3948 852 4002 corde
882 3950 1204 4001 mansionem
1236 3961 1549 4001 consecrare
1591 3946 1852 4016 dignetur.
1880 3946 1977 4000 Cui
2016 3946 2093 3999 vi-

556 4039 748 4091 delicet
777 4052 958 4090 aurum
990 4034 1255 4089 oderimus
1276 4074 1291 4101 ,
1322 4050 1438 4089 eum
1463 4036 1701 4090 claritate
1724 4050 1861 4089 vera:
1887 4034 2093 4102 sapien-

562 4132 667 4192 tia',
696 4144 812 4197 qua:
835 4138 914 4179 cst
944 4130 992 4180 in
1025 4127 1123 4181 lide
1150 4137 1312 4193 recti,
1338 4128 1747 4197 resplendemus.
1780 4128 2089 4195 Argentum,

556 4235 672 4271 cum
700 4231 747 4270 et
779 4234 841 4271 ex
886 4232 976 4271 ore
1008 4226 1185 4269 nostro
1215 4217 1475 4271 confessio
1507 4218 1563 4272 lit
1597 4220 1647 4271 in
1689 4218 1932 4271 salutem.
1964 4217 2091 4285 Es,

556 4324 671 4361 cum
714 4308 949 4359 catttdcm
983 4307 1132 4359 Iidem
1165 4308 1372 4375 publica
1414 4307 1780 4375 praedicatione
1825 4307 2096 4374 divulgare

559 4396 796 4463 gaudcnn
818 4409 863 4447 s.
892 4394 1259 4463 Hyacinthum,
1285 4409 1401 4445 eum
1427 4408 1635 4446 sursum
1663 4394 1820 4446 corda
1841 4394 2091 4448 levamus.

2138 647 2257 687 cum
2308 633 2556 686 miracula
2605 639 2905 684 sanctorum
2927 667 2943 691 ,
2971 628 3158 695 quibus
3186 624 3546 694 cognitiones
3588 624 3686 675 Dec

2138 722 2385 787 devotas,
2415 733 2468 777 et
2513 736 2675 786 Opera
2721 721 2967 772 virtutum
3012 728 3287 779 ornavere,
3319 714 3481 781 digna
3533 711 3687 765 laude

2142 811 2504 883 praedicamus.
2537 813 2702 877 Atque
2733 807 2845 859 btec
2885 806 2936 857 in
2969 802 3284 869 adjutorium
3314 808 3522 854 nostra
3547 797 3687 863 ﬁdei,

2140 903 2227 956 ubi
2268 916 2400 967 opus
2431 898 2608 961 fuerit,
2638 895 2974 950 assumimus.
3020 892 3153 956 Quia
3180 892 3322 943 enim
3369 891 3422 943 in
3454 891 3690 942 hunteris

2142 1004 2301 1043 onera
2343 996 2551 1057 gestare
2599 986 2827 1039 solemus
2854 1023 2870 1046 ,
2910 991 3054 1035 recte
3099 994 3191 1047 per
3233 978 3405 1045 ephod
3430 1018 3447 1042 ,
3495 978 3548 1030 id
3594 988 3687 1038 est,

2142 1076 2599 1148 superliutnerale,
2625 1087 2786 1142 opera
2811 1071 3096 1140 iustorum,
3126 1077 3181 1123 et
3224 1068 3295 1137 pii
3333 1083 3430 1136 pro
3472 1068 3692 1121 Domino

2143 1169 2349 1222 labores
2378 1167 2729 1220 insinuantur.
2767 1161 2897 1225 Quia
2934 1174 3058 1213 vero
3098 1160 3148 1212 in
3178 1168 3393 1226 pectore
3420 1154 3692 1223 Cogitatio-

2146 1275 2267 1311 lltltll
2299 1258 2453 1310 sed-ts
2480 1262 2564 1308 est
2582 1293 2601 1327 ,_
2629 1259 2772 1305 recte
2820 1251 2872 1303 in
2920 1246 3199 1310 rationali,
3230 1248 3319 1315 qui
3364 1253 3445 1298 est
3489 1244 3693 1295 habitus

2149 1345 2376 1413 llCCtOI'is
2405 1340 2769 1401 sacerdotalis,
2802 1338 3008 1391 munda:
3035 1337 3323 1389 electorum
3342 1334 3695 1400 cogitationes

2146 1439 2530 1504 exprimuntur.
2566 1429 2894 1504 Lapidesque
2919 1427 3164 1495 onycbini
3192 1435 3246 1479 et
3266 1439 3490 1493 gemma:
3510 1434 3693 1475 ornant

2147 1523 2319 1593 ephod
2348 1537 2410 1576 ac
2440 1521 2719 1582 rutiotiale,
2752 1502 2871 1569 cum
2901 1515 3110 1570 eximiis
3131 1528 3458 1567 summorum
3486 1512 3695 1565 Patrum

2149 1616 2355 1669 actibus
2400 1621 2453 1665 et
2496 1608 2926 1677 cogitationibus,
2952 1604 3107 1658 etiam
3151 1602 3523 1655 miraculorum
3570 1599 3695 1652 insi-

2150 1702 2269 1771 gnia
2311 1702 2621 1770 junguntur.
2674 1696 2852 1762 Neque
2905 1691 3099 1759 aliquid
3150 1699 3293 1744 vetat
3341 1691 3393 1741 in
3442 1690 3696 1753 lapidibus

2152 1795 2454 1865 onycltiais,
2485 1790 2573 1860 qui
2616 1786 2887 1858 sanguinei
2918 1785 3157 1838 feruntur
3185 1793 3307 1833 esse
3336 1779 3533 1832 coloris
3554 1818 3573 1843 ,
3604 1779 3695 1829 ad-

2082 1861 2264 1939 Bdita
2318 1884 2467 1937 bonis
2516 1879 2763 1948 operibus
2810 1874 3047 1941 martyrii
3098 1865 3283 1925 merita
3338 1868 3580 1936 intelligi.
3634 1866 3700 1919 Da

2154 1975 2341 2043 quibus
2367 1969 2586 2039 singulis
2606 1982 2702 2021 suo
2726 1966 2841 2020 loco
2870 1962 3071 2032 plenius
3098 1956 3391 2027 opitulante
3421 1956 3513 2009 Dei
3539 1954 3699 2024 gratii

2156 2060 2435 2115 dicendum
2465 2067 2565 2111 est.

2232 2147 2536 2215 Fucientque
2560 2146 2681 2197 milii
2706 2143 2917 2213 (inquit)
2941 2149 3301 2198 scnctuarttmt,
3326 2147 3372 2190 et
3396 2134 3628 2188 habitabo
3654 2134 3700 2186 in

2159 2240 2324 2292 medio
2352 2253 2541 2298 eorum,
2572 2246 2672 2289 etc.
2705 2232 2949 2287 Ostendit
2977 2231 3020 2282 Μ
3048 2230 3137 2298 .ysi
3177 2228 3431 2279 Dominus
3461 2227 3699 2277 taberna-

2160 2328 2334 2381 ciilnm
2375 2327 2424 2377 in
2476 2334 2651 2376 monte
2682 2363 2696 2382 .
2749 2335 2801 2373 et
2843 2334 2963 2371 vasa
3017 2319 3067 2370 in
3115 2316 3311 2367 cultum
3358 2312 3477 2381 ejus
3527 2328 3703 2365 conse-

2162 2427 2305 2471 crata
2339 2434 2350 2467 :
2377 2415 2499 2483 quia
2530 2414 2698 2466 eidem
2749 2426 2927 2463 secum
2960 2417 2992 2460 ι.
3014 2418 3103 2459 nlo
3132 2413 3375 2468 tempore
3419 2401 3703 2455 demoranti

2167 2504 2441 2557 inanileste
2490 2497 2871 2555 demonstravit
2909 2506 3099 2564 quanta
3146 2493 3369 2560 pietate,
3422 2490 3705 2543 humilitate

2166 2603 2221 2648 et
2248 2593 2526 2655 munditia,
2558 2592 2779 2644 virtutes
2801 2587 3045 2653 angelica.-
3072 2596 3166 2636 Suo
3186 2581 3425 2635 Creatori
3451 2581 3707 2649 gaudeant

2169 2685 2403 2738 obedire.
2432 2684 2557 2748 Quae
2580 2690 2701 2733 smtt
2726 2679 3009 2746 perfectura
3039 2676 3089 2727 in
3120 2675 3364 2725 otttnibus
3406 2671 3708 2723 tabernacu-

2174 2776 2276 2827 lunt
2306 2772 2451 2841 ejus,
2483 2772 2572 2840 qui
2605 2781 2869 2835 nunquam
2897 2764 2949 2817 in
2969 2765 3086 2828 eis,
3118 2778 3180 2816 ex
3208 2777 3313 2828 quo
3337 2760 3539 2813 conditi
3565 2770 3675 2811 sunt
3694 2797 3707 2821 ,

2176 2876 2389 2917 manere
2414 2870 2570 2929 atque
2622 2856 2913 2911 inhabitare
2964 2852 3209 2906 cessarit.
3266 2850 3505 2914 Quorum
3559 2849 3706 2901 etiam

2174 2952 2323 3007 nobis
2354 2951 2404 3004 itt
2434 2946 2819 3003 resurrectione
2844 2942 3133 2999 similitudo
3162 2944 3299 3002 vitae,
3329 2948 3384 2993 et
3423 2936 3711 2992 communis

2174 3060 2296 3105 ante
2342 3047 2615 3102 Dominum
2660 3040 2991 3098 conversatio
3031 3037 3354 3108 promittitur
3387 3054 3400 3087 :
3429 3033 3713 3103 quicunque

2177 3140 2333 3194 modo
2362 3137 2557 3191 relictis
2588 3135 2741 3202 hujus
2766 3130 2943 3185 mundi
2970 3129 3246 3195 contagiis,
3278 3142 3466 3198 eorum
3490 3127 3543 3177 in
3567 3124 3707 3177 terris

2179 3230 2336 3283 vitam
2377 3225 2567 3279 imitari
2613 3223 2904 3284 studemus,
2954 3218 3197 3274 videlicet
3250 3216 3304 3269 in
3354 3214 3615 3269 laudando
3660 3226 3715 3264 ac

2178 3316 2441 3387 diligendo
2498 3313 2794 3378 Dominum,
2836 3319 2889 3365 et
2926 3308 3217 3379 proximum
3266 3320 3479 3375 quoque
3522 3305 3575 3357 in
3617 3302 3716 3355 Deo

2182 3404 2455 3475 diligendo
2490 3418 2552 3457 ac
2596 3399 2855 3470 juvando,
2904 3398 3141 3452 inimicos
3194 3398 3351 3450 etiam
3382 3396 3447 3447 ad
3496 3406 3714 3446 amorem

2182 3497 2269 3551 Dei
2304 3494 2509 3564 pietatis
2555 3492 2745 3545 ol'ticiis
2778 3486 3128 3558 provocando,
3153 3485 3333 3554 quales
3360 3492 3517 3537 erant
3542 3482 3718 3550 quibus

2181 3591 2253 3641 ait
2279 3585 2557 3655 Apostolus
2590 3601 2601 3635 :
2643 3581 2739 3635 Vos
2766 3590 2948 3643 autent,
2970 3580 3172 3646 fratres,
3204 3592 3301 3629 non
3330 3576 3449 3628 estis
3480 3575 3529 3626 in
3553 3588 3711 3636 curus,

2140 3706 2141 3709 η
2184 3679 2271 3733 sed
2299 3679 2352 3730 in
2377 3675 2575 3745 Spiritu
2609 3674 2782 3741 (lium.
2806 3672 2939 3738 rm).
2968 3667 3387 3723 Tabernaculnm
3416 3680 3565 3733 ergo,
3591 3665 3716 3733 quod

2190 3767 2356 3836 Moysi
2402 3767 2453 3818 in
2497 3772 2673 3817 monte
2722 3770 3068 3814 monstratum
3114 3767 3212 3820 est,
3261 3770 3492 3822 superna
3528 3764 3607 3807 eat
3641 3753 3717 3805 illi

2187 3858 2370 3911 civitas
2390 3866 2442 3909 et
2472 3856 2636 3922 patria
2664 3850 2925 3913 easiest-is,
2956 3863 3073 3917 qua:
3114 3848 3203 3899 illo
3240 3845 3455 3912 quidem
3499 3854 3720 3910 tempore

2189 3962 2252 4001 ex
2278 3946 2402 3999 solis
2424 3946 2686 3998 exstitisse
2714 3943 2945 3995 creditur
2969 3930 3171 4007 angelis
3200 3936 3394 3990 sanctis
3427 3953 3440 3987 :
3474 3944 3585 4001 post
3616 3946 3721 3999 pas-

2191 4039 2390 4090 sionem
2443 4048 2588 4096 vero,
2640 4030 3113 4092 resurrectionem,
3156 4036 3211 4080 et
3263 4027 3629 4077 ascensionem
3674 4021 3720 4073 iu

2192 4126 2381 4186 cmlos,
2425 4121 2722 4175 Mcdiatoris
2750 4120 2838 4173 Dei
2862 4128 2914 4172 et
2944 4115 3235 4180 hominum,
3266 4124 3317 4168 et
3346 4110 3723 4165 multitudinem

2194 4216 2519 4287 praeclaram,
2558 4221 2610 4265 et
2649 4212 2913 4279 copiosam
2960 4217 3261 4261 sanctarum
3293 4206 3492 4270 recepit
3533 4204 3722 4256 anima-

2194 4322 2333 4361 rum.
2380 4305 2507 4358 Vasa
2554 4316 2678 4357 vero
2722 4297 3036 4354 tabernaculi
3076 4295 3213 4350 illius
3259 4293 3483 4362 singulm
3510 4305 3723 4361 quaque

2195 4404 2315 4449 sunt
2358 4405 2595 4462 personas
2634 4391 2907 4459 spirituum
2946 4391 3214 4441 beatorum
3256 4402 3268 4435 :
3301 4398 3364 4437 ex
3404 4383 3595 4450 quibus
3619 4396 3727 4433 tm-

561 4486 871 4551 l’urpuram,
901 4498 1016 4535 cum
1048 4497 1237 4550 corpus
1259 4482 1485 4547 passioni
1515 4483 1839 4550 sulijicimus.
1866 4482 2088 4535 Coccum
2121 4500 2170 4557 ι)
2196 4487 2347 4539 nibus
2377 4485 2487 4552 ipsa
2520 4484 2840 4536 Hierusalem
2862 4520 2875 4544 ,
2922 4492 3036 4547 qua:
3062 4486 3146 4530 est
3173 4485 3348 4529 mater
3373 4475 3611 4527 omnium
3639 4488 3730 4527 no-

564 4576 641 4628 bis
683 4576 929 4637 tinctum,
974 4586 1091 4625 cum
1140 4572 1375 4640 gemina,
1409 4571 1458 4623 id
1505 4580 1617 4636 est,
1651 4572 1739 4625 Dei
1779 4582 1829 4624 et
1874 4571 2094 4640 proximi

562 4666 841 4739 dilectione
868 4664 1166 4730 ltagramus.
1196 4661 1434 4729 Byssum,
1462 4675 1581 4713 cum
1605 4662 1777 4713 carnis
1806 4659 2094 4714 castitatem

494 4816 497 4817 ν
564 4768 752 4805 scivan
777 4767 856 4805 us.
893 4752 1031 4804 Pilos
1058 4765 1351 4817 caprarum,
1377 4766 1493 4802 cum
1524 4750 1753 4803 habitum
1782 4752 2098 4819 paenitentiae

566 4856 629 4895 ac
661 4844 826 4893 luctus
857 4841 1141 4918 induimus.
1172 4840 1339 4893 Pelles
1382 4842 1596 4894 arietum
1630 4842 1915 4894 rubricatas
1936 4882 1950 4904 ,
1980 4855 2099 4893 cum

566 4933 709 4997 ipsos
738 4930 981 4982 dominici
1012 4931 1183 4997 gregis
1211 4931 1455 4984 ductores
1496 4945 1592 4983 suo
1637 4932 1889 4999 sanguine
1936 4930 2103 4997 bapti-

520 5064 525 5073 .
566 5030 714 5074 zatns
762 5020 1017 5071 videmus.
1058 5020 1221 5072 l’clles
1268 5019 1651 5086 hyacinthinus,
1697 5035 1814 5072 cum
1861 5034 1954 5073 nos
1989 5029 2103 5084 post

569 5120 793 5175 mortem
843 5112 1131 5177 spiritualia
1174 5111 1223 5161 in
1255 5111 1398 5163 coctis
1437 5126 1654 5177 corpora
1688 5113 1955 5163 habituros
1987 5124 2104 5161 esse

570 5220 861 5271 speramus.
891 5203 1048 5269 Ligna
1078 5203 1253 5265 setitn,
1281 5215 1421 5263 cum,
1454 5204 1749 5268 expurgatis
1776 5212 2102 5268 peccatorum

573 5300 812 5366 spinetis,
836 5299 1020 5350 munda
1066 5311 1222 5348 carne
1253 5306 1303 5347 et
1344 5294 1513 5347 anima
1548 5295 1769 5348 Domino
1810 5295 1908 5347 soli
1940 5294 2106 5347 servi-

572 5404 703 5441 mus.
738 5388 919 5440 Oleum
950 5388 1013 5438 ad
1056 5386 1329 5439 luminaria
1357 5385 1747 5449 concinnanda,
1779 5399 1896 5437 cum
1930 5382 2108 5436 irmti-

572 5477 668 5528 bus
696 5476 961 5527 chatitatis
989 5484 1040 5526 et
1070 5473 1442 5525 misericordiae
1474 5472 1809 5540 refulgemus.
1836 5474 2106 5531 Aromata,

576 5577 889 5633 unguentum
912 5576 962 5616 et
988 5563 1266 5632 thymiama
1293 5563 1409 5616 boni
1442 5564 1638 5629 odoris,
1669 5578 1786 5616 cum
1809 5564 2105 5629 Opinionem

576 5659 727 5709 bona!
780 5665 966 5707 nostrte
1016 5654 1254 5714 actionis,
1296 5655 1470 5705 multis
1518 5653 1581 5707 ad
1626 5655 1925 5721 exemplum
1980 5653 2111 5705 bene

578 5742 809 5812 vivendi,
837 5744 987 5811 longe
1031 5743 1237 5808 lateque
1263 5742 1616 5798 tlttlunditnus.
1644 5744 1865 5812 Lapides
1896 5742 2111 5810 onychi-

2196 4586 2380 4637 strum,
2406 4575 2456 4628 in
2475 4589 2594 4627 vera
2617 4587 2743 4641 pace
2767 4582 2818 4625 et
2840 4572 3037 4622 unitate
3057 4568 3311 4621 consistit.
3333 4566 3728 4635 Notandumque

2195 4668 2528 4734 diligentius,
2572 4663 2707 4731 quod
2751 4657 3110 4713 sanctuarium
3165 4657 3382 4709 Domino
3434 4657 3611 4712 lacere
3648 4656 3731 4708 ﬁlii

2199 4756 2353 4807 Israel
2380 4755 2645 4820 iubentur,
2691 4765 2793 4803 non
2831 4764 2894 4801 ex
2936 4757 3081 4812 parte
3105 4746 3277 4800 simile
3297 4788 3311 4810 ,
3341 4748 3434 4801 sed
3458 4749 3609 4814 juxta
3628 4763 3733 4801 om-

2201 4858 2316 4895 nem
2348 4840 2736 4895 similitudinem
2764 4834 3103 4900 tabernaculi,
3128 4834 3267 4903 quod
3294 4835 3523 4889 ostendit
3550 4835 3729 4904 loysi,

2199 4932 2535 4997 omniumque
2580 4942 2683 4979 vast
2708 4942 2821 4977 rum
2863 4926 2913 4978 in
2957 4925 3153 4978 cultum
3203 4925 3340 4992 ejus.
3383 4924 3440 4977 Si
3488 4924 3633 4977 enim
3674 4924 3731 4975 ad

2202 5019 2503 5085 angelorum
2557 5017 2606 5067 in
2654 5016 2801 5067 cwlis
2837 5015 3103 5069 consortia
3151 5014 3447 5076 tendimus,
3490 5010 3736 5066 debemus

2203 5113 2358 5163 vitam
2386 5124 2563 5163 eorum
2597 5109 2645 5159 in
2679 5107 2856 5168 terris,

2330 5254 2341 5266 .
2380 5254 2393 5265 .
2431 5254 2442 5264 .
2480 5254 2492 5264 .
2527 5223 2755 5276 qumtum
2778 5225 2869 5260 non
2899 5211 3037 5257 noxia
3062 5221 3260 5276 car-pora
3278 5210 3487 5263 tardant.

2323 5272 2628 5336 'l‘errcuique
2656 5276 2888 5321 ln-betant
2908 5279 3036 5317 artus
3059 5274 3439 5332 moribundaque
3458 5272 3688 5331 membra,

2206 5396 2409 5448 semper
2452 5378 2659 5430 imitari.
2687 5374 2834 5438 Quod
2879 5372 2921 5426 si
2962 5371 3093 5426 forte
3138 5374 3380 5440 requiris,
3408 5376 3462 5429 in
3502 5389 3606 5442 quo
3646 5374 3739 5426 bos

2210 5468 2595 5520 tabernaculum
2645 5464 2881 5527 cmleste,
2913 5462 3066 5512 homo
3114 5463 3397 5531 terrigena,
3454 5463 3741 5532 spiritales

2209 5556 2430 5610 carnalis
2459 5555 2645 5608 imitari
2678 5552 2886 5605 Valeas?
2919 5550 3146 5618 Diliguut
3175 5554 3339 5607 lleum
3366 5563 3419 5608 et
3446 5556 3741 5624 proximos:

2212 5650 2310 5702 hoc
2338 5649 2559 5702 imitare.
2593 5645 2912 5701 Subveninnt
2942 5646 3169 5709 miseris,
3196 5648 3296 5701 etsi
3326 5662 3430 5706 non
3448 5648 3743 5716 angelicum

2214 5751 2393 5794 omnes
2420 5737 2554 5793 beati
2578 5746 2716 5799 sunt,
2742 5744 2880 5788 certe
2904 5732 3200 5791 hominibus
3225 5754 3239 5791 :
3271 5738 3371 5792 hoc
3400 5737 3626 5794 imitare.
3646 5736 3745 5792 llu-
