3898 6260
256 365 351 420 ΙυΙ

1093 356 1177 411 DE
1210 348 1707 410 TABERNACUM‘
1746 346 1828 401 E'i‘
1875 346 2059 402 VASIS
2097 345 2269 402 EJUS.
2304 375 2370 384 —
2411 343 2533 399 LIB.
2578 342 2615 395 Ι.

3352 340 3447 395 tu!

256 475 408 528 utiles
435 479 577 534 sunt,
607 471 758 525 utiles
784 479 908 523 sunt
950 464 1410 533 inuecm,‘placati
1436 470 1577 524 sunt,
1610 457 1822 514 divinis.

1913 466 2237 526 cognoverunt
2263 454 2501 518 discipuli
2528 455 2635 523 ejus
2657 453 2893 521 primum,
2917 453 3004 503 sed
3025 454 3227 517 quando
3252 454 3452 520 glorifi-

258 573 441 634 pareut
464 558 665 632 jussis:
700 560 821 623 hoc,
849 560 899 611 in
929 568 1179 627 quantum
1216 554 1380 615 vales,
1408 553 1635 606 imitare.
1664 548 1803 602 Nihil

257 655 398 717 mali,
422 654 549 707 nihil
576 652 751 717 otiosi,
792 650 919 705 nihil
952 647 1129 719 iniusti
1162 647 1470 716 loquuntur,
1499 650 1679 711 agunt,
1708 653 1802 693 co-

253 746 425 812 gitant
449 742 640 797 divinis
670 740 916 795 indefessi
945 738 1202 802 laudibu=,
1230 738 1393 791 verbo
1427 742 1481 787 et
1515 739 1690 785 mente
1714 743 1804 782 as-

253 838 485 891 sistunt:
519 836 618 887 hoc
642 843 893 903 quantum
928 840 1075 899 potes
1108 828 1332 893 imitare,
1358 833 1414 880 et
1449 820 1804 877 sanctuarium

259 926 500 985 Domino,
525 923 674 991 juxta
703 923 999 988 exemplum
1029 915 1344 986 quodlloysi
1374 914 1636 967 inxmonte
1658 923 1807 961 mon-

254 1021 479 1067 stratum
512 1023 612 1072 est,
645 1009 936 1073 aedificasti,
968 1006 1291 1070 veniensque
1320 1001 1570 1055 Dominus
1607 1008 1659 1052 et
1690 998 1805 1052 Sal-

250 1117 405 1158 vator
433 1113 609 1158 noster
638 1116 755 1155 cum
801 1100 954 1155 Patre
981 1097 1304 1151 mansionem
1330 1092 1482 1161 apud
1518 1100 1567 1145 te
1596 1090 1757 1145 faciet
1789 1108 1801 1142 :

250 1196 380 1264 quin
410 1204 465 1249 et
490 1203 607 1263 post
638 1194 772 1246 hanc
815 1192 972 1243 vitam
1003 1188 1055 1241 in
1084 1187 1209 1242 illttd
1241 1181 1630 1238 tabernaculum
1663 1179 1804 1247 quod

253 1286 573 1353 imitabaris,
606 1291 854 1353 perpetuo
885 1280 1094 1333 beatum
1124 1275 1443 1330 introd'ucet.
1478 1270 1727 1341 Sequitur
1754 1286 1767 1321 :

855 1410 1078 1468 CAPUT
1132 1408 1224 1463 IV.

795 1524 1071 1595 Descriptio
1125 1534 1276 1574 arcae.

326 1646 508 1711 Sicque
528 1643 725 1715 facietis
753 1639 907 1703 illud,
936 1653 1104 1691 arcam
1125 1635 1188 1688 d‘e
1222 1632 1374 1703 lignis
1398 1629 1541 1684 setius
1574 1622 1806 1715 compitis

248 1744 372 1807 σιω.
412 1714 549 1793 Area
595 1749 713 1804 quae
757 1734 923 1802 prima
952 1729 1187 1783 omnium
1232 1728 1282 1779 itt
1323 1719 1660 1777 tabernacqu
1692 1714 1803 1770 fleri

1903 560 2046 602 catus
2070 559 2141 602 est
2169 548 2318 601 Iesus
2340 544 2513 616 (Joan.
2541 553 2658 609 xu).
2691 543 2941 596 Similiter
2961 552 3014 597 et
3036 544 3103 597 de
3130 544 3282 597 dictis
3306 546 3443 598 illius

1903 642 2334 696 sublimioribus:
2374 638 2439 691 Et
2463 646 2569 691 erat
2599 636 2798 688 verbum
2824 635 2957 688 istud
3002 637 3346 687 absconditum
3385 637 3448 687 ab

1903 731 1993 795 eis,
2024 740 2079 783 ει·
2107 747 2203 784 non
2242 727 2580 799 intelligebant
2614 741 2728 796 qui:
2763 726 3057 778 dicebantur
3096 724 3244 793 (Luc.
3276 726 3445 793 xvttt).
3480 724 3481 727 ’

1906 820 2139 875 Habebat
2163 833 2282 873 arca
2312 820 2444 872 duos
2471 818 2676 870 eubitos
2714 815 3089 885 longitudinis;
3120 817 3240 884 quia
3272 816 3448 869 Domi—

1907 926 2003 965 nus
2034 911 2086 964 in
2115 922 2277 965 carne
2298 910 2470 963 clarus
2498 909 2661 962 verbo
2685 916 2739 961 et
2775 909 2979 961 actibus
3003 909 3309 977 apparebat.
3350 909 3450 963 Ila-

1906 999 2061 1054 bebat
2088 1009 2144 1055 et
2171 998 2443 1053 dintidium
2489 996 2652 1052 cubiti
2675 1013 2687 1061 ;
2714 998 2831 1065 quia
2862 998 3020 1051 etiam
3049 997 3344 1051 tarditatem
3373 998 3449 1051 di-

1905 1091 2254 1157 scipulorum,
2277 1104 2376 1157 qua
2399 1088 2620 1143 necdum
2647 1086 2874 1158 perfecte
2894 1088 3030 1143 dicta
3050 1089 3127 1143 vei
3148 1100 3260 1142 acta
3287 1088 3449 1157 ipsius

1906 1194 2095 1247 capere
2140 1188 2400 1249 poterant,
2450 1176 2822 1246 longanimiter
2866 1178 3082 1233 ferebat.
3135 1178 3298 1233 Unius
3337 1186 3450 1232 erat

1906 1268 2067 1322 cubiti
2099 1268 2317 1322 latitudo
2344 1281 2498 1333 arcte,
2519 1268 2589 1321 ob
2612 1266 3053 1335 dispensationem
3079 1268 3242 1334 ipsius
3271 1269 3447 1322 Domi-

1910 1356 2040 1409 nica:
2064 1357 2353 1419 cltaritatis,
2380 1371 2479 1425 qua
2506 1356 2704 1411 electos
2724 1370 2849 1410 suos
2880 1357 2932 1410 in
2958 1357 3063 1411 Deo
3092 1357 3323 1411 adunare
3350 1371 3442 1410 cn-

1908 1447 2059 1499 lmil.
2086 1443 2236 1501 Unde
2265 1456 2318 1500 et
2349 1461 2441 1513 pro
2468 1447 2544 1499 eis
2573 1445 2873 1514 supplicans
2900 1447 3037 1500 Patri
3062 1446 3306 1500 dicebat:
3338 1445 3453 1499 Non

1907 1554 1997 1605 pro
2018 1536 2096 1590 Itis
2123 1549 2287 1591 au'em
2317 1553 2437 1607 rogo
2471 1546 2691 1602 tantum,
2721 1538 2807 1590 sed
2835 1549 2880 1590 et
2909 1552 2998 1604 pro
3020 1538 3090 1589 cis
3111 1538 3197 1606 qui
3216 1538 3454 1590 credituri

1906 1638 2021 1681 sunt
2061 1644 2147 1697 per
2183 1627 2383 1682 uerbum
2411 1642 2583 1681 eorum
2608 1627 2662 1680 in
2706 1643 2804 1691 me,
2852 1636 2907 1680 ut
2935 1642 3101 1679 omnes
3137 1643 3293 1679 unum
3333 1629 3453 1691 sint,

1908 1716 2035 1771 sicut
2067 1725 2141 1780 tu,
2176 1715 2349 1780 Pater,
2382 1717 2434 1769 in
2460 1731 2557 1782 tne,
2590 1724 2633 1769 et
2664 1728 2753 1785 ego
2779 1716 2832 1768 in
2857 1727 2921 1780 te,
2954 1722 3005 1767 ut
3032 1724 3081 1768 et
3114 1714 3212 1784 ipsi
3243 1716 3295 1767 in
3319 1715 3458 1769 nobis

243 1790 485 1899 ἶιιιᾷέιιᾷἓ,
524 1790 627 1879 non
676 1790 963 1889 incongrue
1002 1821 1167 1886 ipsam
1198 1815 1409 1870 Domini
1433 1821 1489 1867 et
1515 1808 1804 1865 Salvatoris
1838 1790 1879 1849 Β
1909 1808 2184 1859 ιιιιιιιιιδῖηι
2210 1804 2387 1876 (Joan.
2420 1810 2570 1872 xvtt).
2607 1805 2670 1857 Et
2702 1808 2854 1872 paulo
2884 1810 3003 1872 post
3032 1820 3044 1855 :
3080 1801 3146 1855 Et
3169 1813 3340 1857 notum
3365 1805 3459 1873 feci

248 1917 423 1973 nostri
469 1917 882 1971 incarnationem
921 1912 1185 1977 designat,
1226 1908 1276 1960 in
1320 1919 1425 1974 quo
1471 1910 1591 1955 sunt
1620 1912 1808 1953 omnes

245 2006 482 2062 thesauri
512 2004 787 2071 sapientiae
816 2009 869 2057 et
898 2000 1131 2056 scientiae
1154 1992 1447 2051 absconditi
1478 1989 1699 2057 (Celoss.
1726 1991 1804 2055 ιι).

251 2099 385 2161 Qum
429 2094 680 2149 videlicet
724 2106 845 2145 arca
893 2092 1028 2143 bene
1071 2088 1138 2141 de
1169 2086 1319 2155 lignis
1347 2083 1501 2138 seti'n
1542 2078 1808 2153 compingi

242 2188 486 2255 iubetur.
520 2185 681 2255 Ligna
711 2183 903 2251 quippe
940 2179 1092 2233 setim
1124 2178 1255 2230 levis
1282 2183 1438 2242 atque
1467 2169 1810 2233 imputribilis

244 2278 493 2333 feruntur
530 2290 647 2331 esse
689 2285 911 2343 natura,
950 2284 1054 2324 non
1086 2266 1305 2320 multum
1335 2278 1365 2316 a
1400 2259 1655 2331 qualitate
1679 2260 1810 2312 albae

246 2352 422 2434 spinae
452 2363 721 2420 distantia.
743 2364 877 2416 Area
902 2373 1027 2430 ergo
1056 2356 1125 2412 de
1153 2354 1307 2424 lignis
1333 2352 1487 2408 sctim
1518 2349 1655 2406 facta
1683 2358 1765 2403 est
1794 2363 1808 2401 :

246 2456 377 2523 quia
405 2469 596 2521 corpus
624 2452 944 2507 dominicum
983 2463 1049 2503 ex
1079 2444 1332 2501 membris
1357 2441 1632 2496 constabat
1664 2439 1809 2493 omni

248 2543 503 2597 vitiorum
537 2541 653 2596 labe
680 2539 1003 2595 carentibus.
1037 2536 1101 2590 Et
1150 2534 1262 2588 lucc
1285 2533 1471 2587 eadem
1513 2538 1632 2585 sunt
1670 2528 1807 2599 ligna

247 2630 419 2697 spinis
446 2629 734 2691 simillima,
764 2628 884 2697 quia
906 2625 997 2679 etsi
1020 2640 1121 2678 non
1140 2625 1194 2677 in
1220 2639 1372 2677 carne
1399 2621 1612 2691 peccati,
1646 2630 1812 2674 tamen

242 2723 303 2775 in
349 2719 677 2774 similitudine
713 2718 845 2771 venit
872 2715 1039 2769 carnis
1062 2714 1275 2783 peccati,
1323 2722 1379 2767 ut
1423 2710 1705 2780 Apostolus
1728 2709 1813 2778 ,ait

240 2812 427 2882 (flant.
459 2809 591 2881 vm).
617 2810 862 2878 Sequitur
888 2824 901 2859 :

324 2902 481 2972 Cujus
533 2901 792 2967 longitudo
842 2896 1021 2950 habeat
1049 2896 1176 2949 duos
1225 2893 1376 2948 semis
1418 2890 1614 2944 cubitus
1642 2930 1659 2954 ,
1698 2900 1803 2944 etc.

245 2993 476 3057 Quidam
511 2990 685 3043 solent
712 2990 1037 3055 interrogare
1061 2984 1213 3052 cujus
1239 2981 1544 3050 quantitatis
1570 2982 1637 3031 sit
1663 2978 1810 3032 testi-

249 3082 480 3135 tuaudus
508 3080 733 3142 cubitus,
764 3092 918 3144 quem
952 3075 1158 3145 Moyses
1190 3073 1273 3127 vel
1319 3072 1369 3124 in
1400 3084 1520 3125 arca
1560 3068 1690 3129 Noe,
1720 3066 1801 3120 vel

245 3174 308 3227 in
361 3172 557 3225 factura
606 3169 926 3224 tabernaculi
978 3168 1249 3235 posuerit:
1304 3177 1439 3229 qum,
1491 3164 1534 3215 si
1587 3161 1802 3228 Joseplti

246 3262 742 3327 verba'viderimus,
773 3263 923 3315 facile
950 3257 1169 3329 quaestio
1197 3257 1446 3311 solvetur.
1466 3254 1643 3322 Neque
1666 3255 1806 3307 enim

249 3352 547 3424 putandum
579 3360 685 3419 est,
720 3350 987 3404 hominem
1016 3347 1252 3403 Judaeum
1283 3358 1477 3413 genere
1504 3343 1807 3396 sacerdota-

246 3447 383 3509 leta,
418 3444 627 3513 ingenio
655 3440 1178 3501 excellentissimum,
1199 3445 1254 3491 et
1279 3436 1329 3489 in
1359 3433 1649 3502 Scripturis
1678 3428 1809 3485 divi-

248 3537 338 3588 nis
366 3533 523 3588 simul
553 3541 606 3584 et
631 3530 970 3583 saecularibus
997 3526 1382 3586 doctissimum,
1413 3523 1676 3575 ullatenus
1704 3519 1805 3571 hoc

246 3622 491 3691 potuisse
522 3621 707 3672 latere.
756 3620 843 3671 Ait
870 3630 996 3684 ergo
1027 3634 1039 3666 :
1089 3615 1246 3667 Facta
1274 3621 1354 3665 est
1382 3619 1558 3663 autem
1605 3618 1657 3661 et
1684 3620 1807 3660 arca

245 3709 595 3781 longitudinis
649 3708 877 3775 quinque
924 3706 1248 3773 palmorum,
1304 3698 1594 3755 latitudinis
1648 3699 1804 3751 trium

244 3801 447 3872 (Antiq.
482 3800 568 3851 lib.
597 3812 677 3865 ιιι,
705 3813 819 3867 cap.
848 3796 924 3865 8).
974 3795 1122 3849 Unde
1171 3802 1313 3863 patet
1346 3792 1644 3853 manifeste,
1688 3792 1807 3859 quia

244 3892 403 3953 illum
430 3888 670 3957 designat
695 3888 925 3940 Cubitum
946 3925 961 3950 ,
991 3899 1145 3953 quem
1178 3884 1284 3938 duo
1321 3883 1481 3951 palmi
1518 3882 1806 3949 complent.

244 3979 473 4050 MyStice
518 3988 691 4031 autem
735 3976 1004 4045 longitudo
1033 3989 1169 4029 arcae
1200 3975 1548 4042 longanimam
1598 3972 1803 4025 Domini

243 4087 315 4126 ac
342 4071 709 4136 Redemptoris
741 4069 901 4120 nostri
931 4067 1256 4135 patientiam,
1282 4080 1381 4133 qua
1408 4066 1542 4117 inter
1568 4064 1807 4116 homines

214 4171 596 4227 conversatus
660 4169 743 4211 est
791 4157 1040 4210 insinuat.
1114 4154 1354 4211 Latitudo
1405 4153 1803 4223 amplitudinem

244 4262 423 4317 ipsam
476 4243 770 4304 cbaritatis,
823 4256 923 4307 qua
971 4241 1035 4293 ad
1073 4256 1169 4293 nos
1200 4242 1401 4302 venire,
1452 4251 1505 4294 et
1544 4242 1678 4292 inter
1709 4252 1805 4291 nos

246 4339 493 4394 habitare
526 4334 710 4386 voluit.
757 4332 991 4385 Altitudo
1016 4344 1163 4396 spem
1214 4334 1399 4383 futura:
1444 4329 1803 4393 sublimitatis,

245 4429 374 4497 quia
396 4425 476 4479 vei
501 4424 731 4488 seipsttm
756 4428 874 4489 post
899 4420 1190 4487 passionem
1212 4432 1358 4470 suam
1382 4417 1801 4484 glorificaudum,
1842 4458 1891 4516 Β

247 4515 340 4568 vel
362 4511 772 4580 glorificaturunt
801 4522 917 4561 esse
939 4507 1201 4575 praevidit.
1228 4504 1376 4558 Unde
1404 4514 1457 4557 et
1483 4506 1805 4573 apte‘longi-

250 4603 386 4658 tudo
411 4612 522 4655 erat
550 4615 687 4652 area:
716 4598 936 4650 duorunt
969 4596 1288 4659 cubitorum,
1321 4604 1534 4663 propter
1565 4596 1811 4650 videlicet

247 4692 548 4747 doctrinam
599 4698 652 4742 et
699 4700 856 4754 opera
906 4685 1097 4753 quibus
1148 4685 1439 4753 refulgebat
1484 4683 1537 4737 in
1591 4685 1810 4737 mundo.

251 4770 394 4842 llinc
420 4782 557 4836 enim
588 4787 640 4833 et
662 4776 978 4846 evangelista
1004 4775 1171 4829 Lucas
1204 4782 1503 4829 sermonem
1537 4790 1595 4829 se
1622 4774 1813 4828 fecisse

184 4872 187 4873 ⁷
253 4874 469 4935 asserit,
490 4872 552 4924 de
572 4871 649 4922 Itis
667 4882 777 4937 quae
798 4865 938 4934 coepit
962 4862 1109 4916 Iesus
1130 4864 1298 4931 facere
1320 4875 1365 4916 et
1388 4866 1566 4915 docere
1587 4864 1721 4931 (Act.
1748 4865 1809 4930 t).

255 4965 331 5019 Et
356 4964 494 5016 cives
525 4960 689 5029 ipsius
717 4956 1033 5010 admirantes
1071 4953 1350 5005 dicebant:
1386 4951 1531 5005 Unde
1571 4953 1686 5003 huic
1726 4968 1810 5004 sa-

256 5054 450 5123 pientia
470 5056 592 5113 Ιιωο,
622 5060 667 5104 et
698 5048 938 5104 virtutes!
971 5043 1183 5115 (Matt/1.
1216 5042 1355 5111 xm.)
1388 5044 1699 5111 sapientiam
1736 5045 1814 5099 vi-

256 5144 452 5197 delicet
494 5141 782 5194 referentes
812 5139 875 5191 ad
904 5154 965 5192 ea
996 5152 1112 5203 quae
1158 5135 1393 5187 miranda
1423 5134 1632 5187 dicebat
1660 5151 1673 5179 ε
1708 5136 1814 5188 vir-

258 5243 425 5293 tutes,
454 5228 515 5282 ad
546 5244 605 5281 ea
627 5244 742 5295 quae
767 5228 1013 5297 gerebat:
1047 5225 1185 5294 quod
1218 5238 1343 5277 vero
1370 5231 1486 5290 post
1510 5224 1642 5277 duos
1664 5224 1815 5277 cubi-

260 5337 383 5388 tus,
420 5324 577 5375 etiam
614 5322 887 5375 semissem
933 5335 1052 5373 arca
1100 5320 1153 5372 in
1201 5317 1521 5385 longitudine
1566 5317 1814 5381 habebat,

258 5422 439 5483 potest
457 5411 522 5464 ad
549 5408 793 5463 bumanai
810 5410 1105 5463 tarditatem
1133 5406 1422 5475 fragilitatis
1446 5404 1629 5461 referri
1656 5424 1669 5461 :
1694 5424 1813 5477 qua:

259 5505 409 5559 dicta
456 5502 537 5557 vel
569 5515 726 5568 Opera
754 5491 1039 5553 salvatoris
1090 5498 1351 5559 sublimia.
1383 5497 1629 5561 necdum,
1664 5508 1817 5567 prout

260 5594 481 5662 dignum
512 5601 647 5654 erat,
677 5604 867 5655 capere
893 5590 1121 5643 valebat.
1152 5588 1297 5643 Unde
1325 5597 1381 5642 et
1407 5588 1473 5642 de
1503 5591 1816 5657 quibusdam

264 5689 505 5758 mysticis
544 5687 656 5755 eius
695 5684 895 5738 actibus
932 5692 1111 5752 aperte
1147 5682 1342 5738 dictum
1377 5692 1456 5738 est
1495 5699 1505 5735 :
1561 5681 1681 5737 ffa'c
1720 5699 1815 5736 non

1906 1896 1979 1947 eis
2014 1911 2192 1947 nomen
2225 1905 2386 1957 tuum,
2415 1906 2461 1947 et
2495 1894 2902 1962 uotum'faciant,
2934 1904 2987 1946 ut
3013 1893 3359 1961 dilectio,qua
3385 1910 3460 1946 tite

1910 1983 2150 2045 dilexisti,
2202 1983 2255 2035 in
2296 1982 2416 2051 ipsis
2437 1983 2522 2046 sit,
2564 1989 2610 2034 et
2643 1997 2733 2049 ego
2764 1982 2813 2033 in
2836 1980 2959 2046 ipsis
2986 1979 3189 2048 (lbid.).
3225 1982 3460 2034 llabubat

1912 2081 2029 2143 post
2057 2088 2214 2125 unum
2242 2072 2474 2127 cubitum
2505 2071 2660 2125 etiam
2692 2069 2988 2135 semissem,
3012 2070 3255 2124 videlicet
3285 2072 3352 2125 ob
3380 2072 3455 2124 si-

1911 2163 2294 2233 gnificationem
2322 2172 2515 2217 nostra:
2548 2161 2863 2230 fragilitatis,
2894 2175 2993 2230 qua
3025 2161 3244 2216 necdum
3274 2161 3325 2216 in
3358 2161 3455 2216 hac

1913 2253 2017 2307 vita
2048 2253 2223 2323 positi,
2253 2252 2483 2319 perfecte
2510 2253 2593 2307 vel
2625 2252 2735 2320 ipsi-
2758 2252 2917 2306 Deum
2949 2252 3185 2322 diligere,
3212 2253 3297 2308 vel
3322 2253 3457 2307 dile-

1912 2341 2167 2406 ctionem,
2190 2356 2344 2407 quam
2370 2355 2491 2409 erga
2523 2354 2616 2395 nos
2640 2340 2797 2395 habet
2826 2341 2987 2407 Deus,
3011 2342 3461 2410 comprehendere

1914 2431 2243 2486 sufficimus:
2274 2431 2395 2499 quin
2426 2430 2597 2499 potius
2631 2430 2785 2495 sicut,
2817 2430 3069 2498 Apostolo
3101 2440 3230 2485 teste
3261 2428 3317 2497 (I
3337 2430 3459 2484 Cor.

1917 2523 2054 2591 snt),
2100 2531 2354 2591 exparte
2395 2522 2777 2592 cognoscimus,
2819 2530 2873 2575 et
2898 2536 2961 2577 ex
2990 2534 3134 2589 parte
3180 2524 3454 2591 ιιι-ωριιιιῑι⁴

1916 2626 2055 2676 nms,
2100 2610 2167 2665 ita
2198 2611 2443 2665 nimirum
2490 2612 2647 2663 etiam
2677 2626 2738 2664 ex
2785 2619 2930 2679 parte
2956 2612 3245 2680 diligimus.
3295 2612 3460 2667 llahet

1912 2714 2042 2769 ergo
2069 2714 2188 2753 arca
2220 2715 2380 2754 unum
2428 2700 2685 2763 cubitum,
2715 2699 2873 2754 liabet
2919 2709 2974 2754 ct
3010 2701 3303 2765 dituidium,
3337 2704 3459 2772 quia

1915 2781 2166 2842 Dominus
2193 2787 2342 2847 unica
2388 2803 2483 2843 nos
2512 2791 2703 2858 pietate
2728 2788 2826 2844 sibi
2865 2790 3093 2845 ac.l'a:ri
3121 2792 3461 2847 associandos

1915 2882 2103 2949 diligit,
2151 2893 2202 2934 et
2252 2894 2448 2937 nosme
2496 2897 2703 2951 quoque
2751 2883 3094 2951 capacitatem
3140 2884 3458 2946 dilectionis.

1912 2973 2295 3041 qualiscunque
2326 2973 2379 3025 in
2412 2974 2506 3025 hac
2534 2974 2636 3025 vita
2664 2986 2781 3026 esse
2809 2982 2997 3038 potest,
3026 2988 3174 3040 tuque
3203 2974 3280 3040 pia
3308 2974 3457 3027 beni-

1911 3062 2109 3129 gnitate
2157 3060 2565 3128 complectitur,
2592 3060 2762 3113 donec
2790 3058 2853 3112 ad
2893 3060 3005 3128 ejus
3048 3060 3327 3123 visionem,
3369 3063 3455 3113 ubi

1911 3166 2031 3204 eum
2060 3166 2127 3203 ex
2157 3158 2266 3203 toto
2312 3150 2491 3214 corde,
2525 3159 2629 3203 tota
2672 3150 2865 3213 anima,
2898 3158 3002 3203 tota
3052 3151 3243 3203 virtute
3272 3151 3451 3217 diliga-

1916 3256 2049 3308 mus,
2080 3240 2280 3295 inlrare
2315 3255 2629 3294 mereamur.
2656 3240 2888 3293 Altitudo
2910 3256 3115 3307 quoque
3135 3254 3270 3293 area:
3298 3243 3454 3307 aptis-

1912 3333 2046 3385 sime
2075 3340 2186 3385 erat
2214 3330 2375 3383 cubiti
2425 3332 2577 3382 unius
2605 3338 2658 3382 et
2706 3328 2927 3393 dimidii,
2961 3326 3202 3381 videlicet
3245 3340 3455 3396 propter

1911 3418 2343 3489 significationem
2368 3417 2534 3471 unicae
2556 3418 2686 3485 spei,
2710 3431 2809 3484 qua
2834 3417 2911 3469 vel
2939 3415 3186 3469 Dominus
3204 3416 3313 3485 ipse
3336 3432 3455 3470 cum

1913 3518 2052 3561 εεδει
2077 3505 2129 3561 in
2159 3522 2320 3560 carne
2352 3507 2643 3569 uobiscum,
2675 3506 2861 3560 futura:
2886 3522 2995 3560 suze
3026 3507 3456 3564 resurrectionis.

1914 3604 1967 3649 ct
1999 3597 2302 3663 posterioris
2328 3596 2508 3664 gloriae
2535 3596 2935 3665 praestolabatur
2963 3590 3233 3660 eventum,
3260 3595 3337 3647 vel
3367 3610 3463 3648 nos

1917 3685 2055 3737 inter
2094 3685 2312 3738 adversn
2345 3685 2522 3739 satculi
2554 3693 2767 3752 promer
2806 3683 3096 3737 futurorum
3130 3683 3340 3750 pra-mia
3372 3683 3460 3735 bo«

1915 3788 2102 3827 norum
2132 3774 2363 3841 gaudere
2412 3787 2622 3841 semper
2666 3771 2931 3825 admonet.
2964 3770 3131 3824 llabet
3174 3784 3297 3837 ergo
3343 3785 3463 3823 arca

1917 3866 2127 3934 plenum
2156 3864 2384 3919 cubitum
2417 3865 2467 3917 itt
2503 3862 2800 3927 altitudine,
2833 3863 2952 3931 quia
2988 3862 3239 3916 Dominus
3266 3873 3318 3915 et
3348 3861 3462 3915 Sal-

1914 3963 2063 4007 vatur
2090 3961 2267 4007 noster
2296 3953 2596 4021 plenissime
2620 3962 2857 4017 noverat,
2884 3952 2995 4020 ipse
3020 3953 3176 4005 etiam
3199 3954 3463 4016 corrupti-

1916 4045 2003 4099 bili
2030 4044 2198 4097 adhuc
2226 4036 2567 4096 conversatus
2595 4044 2645 4095 itt
2677 4058 2859 4107 carne,
2889 4052 3081 4111 quanta
3110 4043 3191 4093 vel
3224 4042 3452 4094 sibimet.

1916 4131 2042 4199 ipsi,
2072 4132 2149 4183 vel
2190 4131 2438 4182 membris
2467 4130 2602 4192 suis,
2636 4144 2751 4196 qua:
2783 4143 2877 4182 nos
2907 4142 3106 4189 smnus.
3139 4138 3274 4183 esset
3301 4130 3466 4197 gloria

1915 4230 2225 4273 conservata
2250 4220 2322 4272 sin
2364 4216 2560 4272 futuro.
2610 4217 2778 4272 Habet
2820 4228 2873 4272 et
2915 4218 3187 4272 dimidium
3232 4219 3464 4273 cubitum

1913 4315 2230 4379 altitudinis,
2264 4314 2385 4382 quia
2416 4322 2609 4367 nostra:
2648 4326 2853 4380 quoque
2879 4310 3208 4365 devotionem
3240 4312 3464 4376 parvita-

1920 4408 1983 4459 tis
2015 4406 2236 4460 libenter
2266 4406 2315 4457 itt
2343 4418 2437 4457 suo
2462 4417 2685 4469 corpore
2711 4402 2965 4470 suscepit,
3006 4401 3092 4469 qui
3137 4402 3214 4468 pia
3248 4400 3459 4467 quidem

1915 4497 2210 4550 intentione
2254 4493 2477 4546 futuram
2510 4493 2729 4559 patriam
2760 4490 3021 4556 diligimus
3056 4507 3069 4542 :
3099 4488 3189 4541 sed
3239 4489 3459 4543 necdum

1914 4584 2163 4658 perfecte,
2186 4598 2302 4653 qua:
2329 4584 2395 4635 sit
2422 4582 2538 4651 ejus
2569 4582 3015 4648 t'elicitas,capere
3043 4584 3302 4647 valemus,
3328 4590 3461 4635 atta-

1914 4656 2031 4732 men
2055 4684 2305 4744 quantum
2329 4674 2584 4741 capimus,
2607 4672 2707 4726 hoc
2732 4687 2835 4727 non
2861 4672 2959 4725 nisi
2983 4673 3048 4723 ah
3076 4671 3163 4723 illo
3190 4670 3464 4729 habemus.

1984 4770 2048 4823 Et
2078 4767 2341 4822 deaurabis
2365 4782 2473 4820 eam
2496 4782 2624 4818 auro
2646 4765 2993 4825 mundissimo,
3027 4772 3128 4817 ete.
3159 4767 3291 4817 Area
3324 4765 3465 4816 intus

1916 4874 1963 4917 et
1994 4861 2117 4914 foris
2139 4872 2266 4911 auro
2294 4857 2642 4910 mundissimo
2662 4856 2961 4919 deauratur,
2982 4854 3100 4921 quia
3134 4863 3401 4922 assumpta
3430 4873 3459 4906 a

1918 4953 2048 5008 l-‘ilio
2080 4950 2167 5003 Dei
2200 4948 2421 5000 humana
2448 4956 2652 5010 natura,
2684 4955 2735 4999 et
2760 4945 2897 4997 intus
2928 4944 3121 4997 virtute
3140 4944 3304 4996 sancti
3332 4941 3454 5008 Spi-

1918 5042 2048 5093 ritus
2096 5039 2242 5105 plena
2292 5045 2426 5100 erat,
2474 5042 2530 5088 et
2578 5034 2705 5087 foris
2748 5033 3043 5086 hominibus
3072 5040 3252 5098 aperte
3292 5030 3463 5085 sancti
3523 5099 3527 5101 Α

1918 5130 2139 5196 Spiritus
2178 5141 2333 5195 opera
2380 5126 2831 5193 praemonstrabat.
2882 5122 2974 5175 Cui
3026 5121 3284 5175 nimirum'
3319 5136 3457 5175 arca:

1917 5219 2051 5273 bene
2075 5231 2265 5272 corona
2286 5230 2441 5270 aurea
2471 5230 2627 5282 supra
2655 5214 2963 5288 circumdari
2993 5212 3311 5279 prtccipitur,
3333 5217 3454 5282 quia

1915 5322 2169 5378 apparens
2210 5307 2261 5360 in
2290 5322 2467 5372 carne,
2499 5314 2653 5371 atque
2693 5304 2757 5357 ad
2790 5304 3202 5370 redemptionem
3244 5308 3457 5359 humani

1917 5402 2123 5472 generis
2150 5400 2367 5453 veniens
2392 5398 2553 5451 Filius
2580 5395 2694 5460 Dei,
2721 5404 2923 5447 certum
2956 5396 3291 5463 exspectabat
3324 5404 3456 5448 tem-

1919 5488 2012 5566 pus
2038 5502 2091 5549 et
2120 5493 2300 5546 horam
2319 5533 2333 5555 ,
2362 5490 2568 5559 quando
2597 5498 2893 5557 susceptam
2924 5504 3016 5556 pro
3046 5488 3195 5540 nobis
3234 5497 3456 5542 mortem

1917 5604 2036 5643 cum
2061 5589 2174 5656 ipso
2203 5587 2384 5639 mortis
2404 5594 2616 5638 auctore
2644 5590 2934 5651 Superat-et,
2963 5589 3117 5647 atque
3146 5580 3209 5633 ad
3245 5580 3455 5635 Patrem

1919 5684 2086 5737 victor
2138 5682 2187 5733 in
2236 5678 2398 5733 cu‘los
2444 5675 2771 5741 ascenderet.
2827 5674 2897 5728 De
2945 5672 3040 5727 hac
3087 5686 3281 5728 corona
3328 5672 3457 5726 dicit
