3898 6260
498 430 604 483 385

996 427 1199 483 senis:
1238 421 1688 480 VENEltABlLlS
1724 417 2003 518 opentsn
2043 415 2219 473 mus
2259 417 2322 474 ιι.
2358 449 2426 462 -
2465 420 2844 479 exsomnes
2882 420 3201 479 GENUlNA.
3291 443 3296 446 <

3589 421 3685 476 εθι

498 552 722 609 partem.
754 541 996 611 ειμάίτί
1014 584 1030 607 ,
1060 555 1226 610 usque
1254 539 1372 600 hoc,
1401 541 1653 604 iumenta.
1698 535 1754 590 In
1783 513 1900 589 hac,
1921 529 2129 607 εδει-,Α
2157 542 2278 588 ante
2302 534 2601 596 Jordanem.
2622 536 2752 591 ﬁdes
2777 537 2930 590 trium
2956 513 3150 607 legum,
3171 537 3252 591 vel
3279 535 3405 590 ﬁdes
3428 536 3685 592 Trinitatis

499 635 658 688 tentia
683 635 777 687 tria
807 632 1176 696 ostenduntur,
1201 631 1250 685 id
1279 638 1380 697 est,
1403 629 1657 696 inemptio
1682 627 1733 680 in
1764 624 2049 694 baptismo,

501 727 768 791 possessio
799 727 850 778 in
885 724 989 777 ﬁde
1009 764 1024 785 ,
1072 723 1316 776 voluntas
1346 722 1397 774 in
1435 718 1730 774 elei-alioue
1761 714 1954 770 mentis
1982 715 2058 767 ad»

497 830 750 886 superna.
781 812 1122 880 Preentusque
1141 828 1250 865 sum
1283 809 1579 872 Dominum,
1609 809 1658 861 id
1674 816 1755 862 est
1774 815 1832 861 ut
1855 814 2047 860 terram

498 904 920 974 repromissionis
955 905 1194 957 intraret.
1237 901 1440 972 Cepisti
1490 906 1747 956 ostendere
1783 915 1924 954 servo
1962 909 2048 950 tuo

500 993 896 1065 magnitudinem
945 1001 1082 1045 tuam
1125 1007 1143 1045 :
1187 991 1238 1046 id
1281 1001 1367 1046 est
1412 991 1465 1045 in
1505 991 1832 1047 vestimentis
1858 989 2050 1043 mentis

500 1083 755 1153 portantis
782 1082 850 1136 de
877 1081 1104 1152 Egypto
1132 1082 1182 1134 in
1212 1081 1341 1146 mari
1371 1090 1424 1136 et
1449 1081 1502 1135 in
1531 1089 1713 1150 petra;
1735 1089 1789 1134 et
1811 1077 1863 1132 in
1891 1091 2049 1132 manu

503 1173 805 1236 fortissima,
833 1169 884 1224 id
914 1181 993 1224 est
1021 1171 1073 1224 in
1105 1185 1302 1240 pugnas
1330 1179 1512 1225 contra
1543 1170 1911 1225 Amalechitas.
1944 1168 2046 1224 Ne-

501 1277 603 1332 que
631 1263 773 1317 enim
802 1262 1050 1317 Dominus
1076 1263 1208 1316 alius
1238 1264 1315 1316 vel
1349 1265 1398 1316 in
1421 1262 1557 1318 cosio
1584 1280 1595 1316 :
1629 1263 1747 1316 ideo
1774 1262 1874 1316 hoc
1896 1262 2049 1326 dicit,

499 1351 638 1417 quod
671 1351 860 1406 multos
883 1353 936 1406 in
978 1351 1208 1422 Egypto
1237 1352 1476 1416 viderunt
1505 1352 1665 1417 deos,
1694 1353 1781 1421 qui
1812 1367 1915 1408 non
1951 1367 2050 1420 po-

501 1450 710 1496 tuerunt
732 1441 937 1496 salvare
962 1441 1190 1510 plebem,
1218 1443 1314 1496 nisi
1349 1443 1621 1516 Dominus,
1656 1442 1801 1496 velut
1831 1459 1882 1496 tn
1908 1452 2048 1497 terra

499 1537 778 1605 imaginem
809 1530 953 1588 bovis
988 1535 1248 1589 viderunt.
1295 1535 1350 1589 In
1382 1541 1482 1591 hoc
1514 1546 1688 1590 autem
1719 1535 1911 1590 itinere
1937 1536 2048 1604 ple-

501 1625 683 1680 nitudo
707 1625 1020 1690 ostenditur,
1048 1625 1099 1680 id
1128 1636 1208 1681 est
1237 1641 1333 1694 pro
1363 1628 1439 1681 eis
1461 1627 1549 1695 qui
1580 1627 1904 1683 transierunt
1930 1627 2051 1682 .lor-

502 1717 688 1772 danem
711 1755 728 1782 ,
754 1726 810 1773 et
829 1717 1098 1785 plenitudo
1123 1718 1175 1772 in
1200 1717 1283 1773 his
1314 1718 1400 1788 qui
1433 1728 1805 1774 remanserunt
1831 1721 1881 1774 in
1910 1729 2049 1775 terra

502 1807 674 1862 Moab.
722 1807 936 1862 Plenam
984 1808 1126 1863 enim
1169 1808 1221 1864 in
1254 1818 1450 1864 terram
1479 1811 1851 1878 repromissam
1883 1825 2045 1865 vene-

2149 637 2276 707 ante
2300 626 2611 697 baptismum
2633 627 2907 682 indicatur.

2762 718 2984 774 CAPUT
3021 717 3086 772 ν.

2223 806 2287 858 lt't
2314 806 2531 860 vidimus
2556 808 2688 876 faeie
2717 809 2784 861 ad
2814 809 3012 877 ferient.
3045 808 3154 870 lloc
3183 823 3247 862 ex
3275 823 3499 875 persona
3533 807 3684 884 Moysi

2149 902 2349 951 tantum
2376 898 2588 952 dicitur.
2625 899 2688 952 Et
2708 901 2900 956 medius
2927 902 3022 969 fui.
3045 911 3096 954 et
3122 901 3339 968 reliqua.
3361 901 3452 956 Sic
3472 913 3520 955 ct
3546 901 3687 954 Citri-

2149 993 2260 1041 stus
2289 988 2549 1043 mediator.
2570 990 2658 1044 Dei
2687 999 2740 1044 et
2765 991 3053 1044 hominum.
3081 989 3338 1044 Timuiuis
3354 993 3486 1044 enim
3506 993 3686 1061 ignem.

2152 1075 2205 1130 In
2237 1079 2334 1134 hoc
2359 1079 2562 1147 plebem
2602 1094 2772 1134 suam.
2825 1078 2944 1133 Non
2971 1080 3270 1148 usurpabis.
3313 1080 3469 1134 id.est
3490 1097 3593 1134 non
3627 1083 3689 1133 ti-

2150 1181 2314 1233 meas,
2364 1177 2420 1222 ut
2463 1169 2758 1224 sanctiﬁces
2786 1169 2929 1222 illum
2959 1170 3183 1224 victimis
3208 1169 3318 1224 sive
3359 1185 3542 1235 opere.
3594 1171 3691 1224 Se:

2148 1258 2320 1312 diebus
2344 1260 2623 1330 operaberis
2649 1270 2853 1314 terram.
2883 1258 3007 1313 Hmc
3027 1261 3285 1314 sententia
3309 1262 3531 1328 ﬁguram
3557 1271 3692 1315 vete-

2153 1350 2229 1404 ris
2252 1349 2574 1404 Testamenti
2603 1359 2764 1414 tenet,
2791 1350 3046 1415 septimus
3073 1350 3189 1404 dies
3222 1351 3447 1413 sabbati,
3481 1350 3689 1419 ﬁguram

2151 1438 2271 1493 novi
2300 1438 2642 1503 Testamenti,
2671 1440 2721 1493 in
2751 1455 2850 1507 qua
2879 1441 3008 1510 legis
3035 1440 3337 1508 spirituales
3375 1440 3579 1493 hostias
3604 1441 3695 1495 Do—

2153 1530 2296 1583 mino
2316 1529 2605 1584 oﬁ‘erimus.
2632 1529 2745 1584 Non
2772 1529 3094 1584 declinamus
3113 1527 3180 1582 ad
3210 1529 3509 1592 dexteram,
3541 1529 3591 1582 id
3621 1538 3695 1584 est

2152 1621 2214 1673 ad
2230 1635 2410 1674 vanam
2427 1620 2667 1689 gloriam;
2688 1633 2856 1686 neque
2871 1618 2936 1670 ad
2951 1618 3238 1682 sinistram,
3261 1618 3532 1673 adoranda
3545 1620 3695 1674 idola.

2751 1705 2973 1762 CAPUT
3015 1704 3098 1761 Vl.

2229 1795 2415 1864 Diliges
2447 1795 2718 1849 Dominum
2757 1793 2918 1849 Deum
2945 1805 3106 1849 tuum.
3137 1794 3418 1862 lmperatlo
3445 1807 3500 1852 et
3530 1799 3698 1866 probi-

502 1857 2048 1968 ﬁgi";q].;,f;}g..;ﬁg;[
2083 1857 2130 1918 Β
2157 1885 2286 1940 bitio
2389 1888 2486 1942 hac
2509 1887 2766 1942 sententia
2797 1886 3114 1944 ostenditur.
3149 1857 3451 1956 imperatio,
3474 1857 3604 1944 dum
3624 1892 3699 1944 di-

499 1988 621 2042 data
650 1997 730 2041 est
759 1989 809 2041 in
833 1986 1230 2054 plenitudinem.
1258 1988 1383 2043 dum
1411 2004 1596 2044 sensus
1619 1976 1864 2045 defuerit.
1887 1992 2054 2048 Aliter

501 2091 834 2136 remanentes
862 2079 914 2135 in
960 2088 1099 2135 terra
1136 2081 1310 2146 Moab,
1337 2080 1598 2151 significat
1639 2083 1754 2139 illos
1797 2083 1884 2153 qui
1930 2092 2054 2139 ante

503 2175 670 2238 lenem
702 2176 752 2228 in
787 2176 900 2243 lege
925 2175 1153 2240 fuerunt,
1186 2183 1245 2228 ut
1281 2175 1568 2242 Abraham,
1602 2175 1746 2231 Isaac
1773 2183 1829 2230 et
1854 2175 2049 2241 Jacob;

500 2264 584 2318 vel
613 2274 798 2334 gentes
824 2280 940 2332 quat
973 2275 1325 2332 pervenerunt
1351 2265 1415 2319 ad
1446 2266 1794 2333 baptismum;
1827 2266 1908 2320 vel
1935 2265 2054 2320 illos

502 2354 592 2422 qui
619 2365 801 2408 contra
845 2355 1164 2422 baptismum
1210 2355 1364 2418 ﬁunt,
1401 2355 1485 2409 vel
1515 2355 1658 2410 videt
1684 2355 1934 2424 populum
1962 2357 2051 2424 qui

503 2459 609 2499 non
634 2444 971 2500 crediderunt
993 2445 1225 2510 Christo,
1254 2460 1371 2499 cum
1401 2445 1515 2514 lege
1545 2445 1809 2514 baptismi.
1833 2445 2052 2500 Terram

504 2551 630 2591 vero
659 2537 1033 2604 repromissam
1065 2534 1356 2596 intrantes,
1401 2534 1700 2604 signiﬁcant
1731 2521 2052 2601 baptismum

502 2627 841 2696 accipientes,
871 2636 925 2681 et
954 2627 1004 2680 in
1037 2627 1267 2682 Ecclesia
1289 2637 1577 2681 manentes.
1607 2625 1859 2690 Reversio
1878 2634 2051 2680 autem

501 2716 711 2770 illorum
733 2756 749 2783 ,
781 2716 833 2769 in
881 2731 981 2782 qua
1015 2715 1136 2770 facit
1167 2729 1334 2786 pugna
1365 2726 1488 2768 ante
1515 2723 1569 2769 et
1611 2723 1752 2769 retro
1783 2733 1795 2768 :
1837 2714 2056 2770 demon-

501 2813 636 2859 strat
663 2819 891 2875 pugnam
918 2803 1154 2867 corporis
1182 2813 1234 2857 et
1257 2805 1465 2859 animas.
1495 2804 1554 2858 Hi
1581 2819 1789 2873 quoque
1818 2804 1947 2859 ﬁunt
1973 2805 2056 2857 in-

504 2904 587 2950 ter
610 2895 803 2959 Moab.
849 2902 903 2949 et
941 2896 1078 2949 inter
1108 2901 1300 2948 terram
1349 2896 1794 2960 repromissionis,
1838 2895 2053 2962 llguram

505 2985 817 3054 populorum
852 2993 1070 3049 possunt
1097 2993 1298 3046 tenere,
1330 2983 1746 3052 pervenientinm
1771 2984 1837 3038 ad
1879 2984 2055 3039 unita-

502 3084 613 3129 tem
644 3073 774 3141 legis
795 3072 1006 3126 Chrisﬁ.
1040 3071 1158 3127 Non
1178 3073 1308 3126 enim
1334 3073 1566 3126 transibis
1585 3072 1861 3128 Iordanem
1883 3075 2053 3127 istum.

2153 1979 2306 2043 citur,
2352 1975 2574 2049 Diliges;
2617 1977 2922 2044 prohibitio,
2961 1976 3081 2032 Non
3120 1978 3299 2050 diliges
3344 1979 3465 2034 deos
3493 1981 3700 2035 alienos.

2152 2066 2339 2132 Aliter,
2379 2067 2488 2120 Non
2535 2066 2741 2134 diliges,
2779 2075 2836 2121 ut
2873 2066 3100 2122 dilexisti
3128 2078 3274 2124 ante.
3323 2069 3447 2123 llaec
3491 2084 3701 2138 quoque

2151 2158 2411 2212 sententia
2457 2158 2708 2225 praecellit
2763 2157 2938 2222 aliud,
2975 2158 3060 2212 ubi
3106 2159 3301 2214 dicitur
3348 2176 3362 2212 :
3405 2158 3530 2213 Non
3579 2161 3704 2214 ado-

2152 2249 2284 2304 rabis
2322 2250 2440 2303 deos
2482 2249 2669 2304 alienos
2697 2289 2715 2316 ,
2763 2249 2903 2316 quod
2947 2249 3175 2316 pertinet
3215 2249 3280 2302 ad
3309 2245 3444 2319 opus
3480 2250 3701 2306 deserti.

2153 2338 2302 2406 Quod
2353 2353 2481 2394 vero
2537 2339 2623 2392 hic
2678 2337 2904 2402 dicitur,
2957 2336 3024 2392 ad
3076 2351 3208 2405 opus
3269 2338 3430 2393 terra
3483 2342 3706 2406 pertinet

2155 2429 2532 2498 promissionis.
2586 2428 2665 2483 Ex
2720 2442 2946 2495 persona
2991 2443 3201 2498 quoque
3245 2429 3444 2484 veteris
3492 2429 3704 2491 dicitur.

2155 2519 2276 2575 Non
2321 2517 2518 2572 habebis
2544 2517 2662 2572 deos
2693 2515 2930 2580 alienos:
2961 2517 3040 2572 Ex
3077 2531 3305 2588 persona
3330 2517 3471 2580 novi,
3497 2515 3705 2588 Diliges,

2153 2620 2208 2667 et
2229 2610 2447 2681 reliqua.
2483 2608 2626 2665 More
2649 2624 2857 2680 quoque
2880 2609 3095 2665 artiﬁcis
3115 2609 3328 2666 dilectio
3359 2611 3590 2676 primum
3619 2626 3705 2679 po-

2155 2704 2318 2771 nitur,
2348 2687 2567 2774 quia-sit
2594 2705 2830 2758 omnium
2871 2703 3236 2758 mandatorum
3280 2703 3699 2758 fundamentum.

2157 2794 2230 2848 lta
2293 2795 2434 2849 enim
2485 2793 2673 2848 artifex
2728 2791 3122 2847 fundamentum
3178 2793 3350 2863 primo
3399 2795 3592 2868 ponit,
3653 2802 3705 2848 et

2158 2881 2348 2938 deinde
2410 2882 2633 2938 ardiﬁcat
2687 2882 2919 2956 domum.
2973 2882 3063 2948 Sic
3112 2888 3168 2938 et
3225 2898 3326 2941 nos
3369 2884 3527 2946 decet
3588 2891 3713 2948 dite.

2158 2975 2388 3030 ctionem‘
2442 2974 2838 3029 fundamentum
2875 2973 3104 3043 primum
3152 2990 3368 3047 ponere,
3415 2994 3478 3033 ac
3521 2980 3711 3037 deinde

2160 3067 2298 3122 bona
2360 3081 2523 3135 opera
2568 3067 2858 3127 instituere.
2911 3070 2996 3125 Ea:
3038 3082 3144 3127 toto
3185 3073 3370 3135 corde.
3424 3073 3477 3127 ld
3532 3084 3613 3128 est
3653 3091 3713 3130 ex

508 3162 640 3216 Dum
665 3163 818 3216 aliter
848 3161 961 3216 haec
1003 3163 1261 3217 sententia
1294 3162 1620 3231 intelligitur.
1658 3160 1887 3231 Requies
1913 3161 2056 3218 enim
2090 3181 2131 3241 ς
2164 3167 2314 3229 parte
2333 3173 2437 3228 qua
2456 3175 2649 3227 corpus
2668 3161 2949 3215 animatur.
2979 3162 3062 3215 Es
3085 3161 3274 3225 anima,
3314 3161 3412 3216 hac
3427 3172 3590 3252 .parte
3616 3178 3714 3231 qua

503 3254 715 3309 videtur
736 3297 751 3319 ,
781 3264 832 3308 et
857 3255 964 3322 jam
1007 3256 1137 3308 visio
1168 3255 1372 3309 Domini
1414 3270 1517 3311 non
1560 3255 1838 3311 habitabit.
1891 3256 2062 3312 Aliter
2165 3249 2476 3320 intelligitur
2501 3265 2662 3318 super
2685 3265 2894 3307 omnem
2923 3259 3236 3326 creaturam.
3261 3249 3329 3305 Et
3357 3249 3554 3306 estote
3582 3253 3716 3322 farti-

506 3345 644 3399 visio
674 3359 769 3415 pro
798 3344 1024 3399 vindicta
1059 3344 1396 3416 intelligenda
1425 3355 1544 3413 est,
1577 3362 1676 3401 nec
1700 3355 1974 3414 peccatum
2005 3345 2059 3399 in

507 3437 739 3492 futurum
772 3435 1141 3491 vindicaretur.
1429 3453 1432 3456 ’

593 3581 601 3588 .
1115 3525 1338 3582 CAPUT
1377 3525 1462 3580 IV.

577 3617 783 3670 Custodi
804 3632 921 3685 ergo
942 3617 1253 3680 temetipsum
1277 3630 1296 3668 :
1325 3613 1378 3666 id
1403 3621 1486 3666 est
1510 3613 1574 3665 ab
1597 3609 1862 3664 adoranda
1883 3607 2056 3663 idola:

510 3721 626 3771 qua:
657 3706 894 3759 viderunt
915 3743 930 3765 ,
963 3705 1012 3756 id
1057 3714 1139 3757 est
1165 3704 1218 3756 in
1245 3703 1634 3768 scriptionibus.
1664 3699 1879 3752 Ardebat
1909 3714 2064 3766 usque

508 3796 577 3848 ad
596 3775 794 3849 emittm.
825 3793 1173 3863 llyperbo'ice
1203 3792 1302 3847 hoc
1331 3793 1482 3846 dixit.
1526 3791 1705 3844 Vocem
1730 3791 1967 3843 arborum
1997 3789 2063 3843 il-

510 3889 610 3942 lius
637 3886 871 3950 audistis,
899 3883 946 3946 id
976 3893 1054 3938 est
1077 3883 1279 3952 legem;
1315 3882 1391 3935 vel
1417 3882 1500 3936 hic
1525 3896 1643 3950 pars
1669 3896 1764 3948 pro
1792 3890 1902 3935 toto
1925 3880 2062 3934 dici-

514 3989 618 4040 tur,
641 3987 694 4030 et
716 3977 936 4029 formam
965 3974 1170 4042 penitus
1196 3989 1299 4028 non
1333 3971 1552 4027 vidistis.
1584 3971 1823 4026 Forsitan
1853 3970 1991 4025 enim
2017 3969 2062 4023 si

512 4066 769 4120 vidissent
794 4065 1047 4129 lor-mam,
1073 4064 1320 4118 fecissent
1369 4065 1649 4132 imaginem
1677 4082 1690 4118 :
1722 4081 1823 4118 non
1859 4062 2064 4118 vidistis

511 4154 736 4222 aliquam
789 4153 1186 4207 similitudinem
1254 4152 1543 4222 maiestatis
1597 4153 1685 4206 Dei
1726 4154 1884 4206 illius.
1930 4154 2064 4207 Deus

509 4246 800 4309 ermulator,
857 4244 906 4297 id
954 4254 1036 4298 est
1079 4244 1288 4312 quando
1333 4259 1437 4298 non
1485 4244 1790 4299 excedimns
1846 4243 2062 4297 modum

514 4334 734 4400 peccati.
768 4332 932 4386 Testes
959 4335 1132 4387 immeo
1156 4334 1331 4389 emtum
1356 4345 1400 4388 et
1423 4343 1631 4399 terram,
1662 4335 1713 4388 id
1736 4343 1818 4388 est
1840 4335 1890 4387 in
1913 4335 2066 4388 auxi-

515 4424 586 4474 lio
615 4423 758 4478 bino.
787 4421 1166 4488 Terret’plebem
1190 4462 1204 4485 ,
1232 4423 1281 4476 id
1309 4433 1391 4476 est
1415 4425 1572 4477 verbo
1602 4424 1692 4477 Dei
1719 4465 1735 4487 ,
1764 4434 1816 4476 et
1837 4439 2061 4490 persona

2165 3342 2361 3405 tudine,
2388 3340 2439 3395 id
2462 3351 2545 3396 est
2573 3350 2720 3412 parte
2745 3343 2982 3411 corporis
3008 3359 3023 3409 ;
3053 3351 3109 3398 ut
3137 3343 3456 3411 extollerent
3480 3343 3710 3398 altitudi-

2162 3447 2281 3488 nem
2310 3443 2673 3488 creaturarum
2701 3434 2926 3488 similem
2956 3433 3117 3489 fuisse
3138 3433 3399 3488 altitudini
3422 3433 3711 3508 Creator_is.

2161 3524 2354 3592 Aptum
2385 3531 2562 3577 autem
2592 3523 2689 3578 fuit
2715 3525 2882 3579 tribus
2908 3527 3038 3581 locis
3072 3525 3320 3593 imperari
3347 3524 3709 3588 dilectionem.

2163 3609 2216 3665 in
2239 3612 2396 3667 corde
2425 3623 2478 3667 et
2501 3613 2676 3667 anima
2714 3624 2768 3668 et
2811 3612 3136 3678 fortitudine,
3165 3615 3288 3668 dum
3315 3623 3415 3668 tres
3448 3605 3716 3669 habitatio-

2163 3718 2271 3766 nes,
2303 3703 2354 3780 id
2395 3715 2477 3759 est
2503 3703 2792 3776 Egyptum
2833 3714 2885 3760 et
2910 3719 3168 3796 eremnm,
3199 3714 3253 3761 et
3299 3714 3494 3796 terram
3539 3720 3720 3796 repro-

2162 3796 2431 3850 missionis
2461 3796 2777 3855 babuerunt.
2829 3797 2996 3851 Aliter
3025 3795 3239 3859 dicitur,
3274 3795 3436 3850 corde
3469 3803 3520 3848 et
3547 3795 3718 3850 anima

2165 3900 2259 3952 pro
2299 3899 2404 3939 uno
2441 3886 2730 3954 accipitur;
2773 3895 2826 3940 et
2877 3885 3202 3949 fortitudine,
3233 3884 3486 3939 secundo.
3526 3885 3718 3950 Aptum

2164 3982 2246 4029 est
2273 3976 2434 4040 enim,
2466 3985 2521 4030 ut
2545 3977 2751 4031 duobus
2771 3975 2900 4031 locis
2919 3975 3132 4029 dilectio
3151 3973 3240 4039 sit,
3262 3973 3388 4028 dum
3415 3987 3602 4028 omnes
3625 3976 3724 4028 bo-

2165 4066 2332 4128 mines
2364 4065 2564 4119 duabus
2604 4065 2897 4124 consistunt
2923 4062 3251 4125 substantiis,
3290 4061 3464 4114 anima
3511 4071 3567 4116 et
3601 4079 3719 4118 coro

2164 4174 2330 4228 pore;
2363 4159 2447 4214 vel
2476 4158 2678 4212 duabus
2704 4157 2840 4222 aliis,
2860 4156 2908 4208 id
2934 4164 3015 4209 est
3037 4168 3172 4221 pane
3198 4152 3315 4207 sine
3343 4151 3646 4218 fermento;
3670 4164 3724 4209 et

2166 4263 2325 4301 manu
2354 4257 2460 4314 tua,
2486 4247 2537 4302 id
2549 4257 2627 4302 est
2645 4262 2805 4316 opere
2820 4254 2928 4298 tuo.
2951 4243 3014 4296 In
3043 4242 3250 4305 lumine,
3274 4241 3327 4296 id
3355 4251 3441 4298 est
3466 4244 3520 4297 in
3540 4257 3723 4312 opere.

2741 4337 2935 4398 CAPP.
2976 4335 3229 4390 VII-XIII.

2235 4428 2365 4481 Cum
2393 4443 2519 4481 vero
2546 4426 2609 4479 ad
2652 4426 2915 4480 Abraham
2947 4425 3198 4481 Dominus
3225 4425 3293 4480 de
3322 4427 3502 4481 futuro
3535 4428 3719 4493 loque-

514 4527 608 4566 sua
639 4511 830 4566 caelum
858 4521 912 4566 et
940 4522 1171 4575 terram;
1221 4527 1280 4567 ac
1321 4513 1364 4566 si
1406 4513 1604 4566 diceret
1647 4532 1660 4565 :
1707 4512 1876 4566 Testes
1929 4516 2061 4568 vocis
2091 4534 2145 4596 ι)
2171 4530 2352 4583 retur,
2399 4533 2502 4573 non
2549 4529 2752 4587 septem
2791 4529 2998 4588 gentes,
3044 4518 3137 4572 sed
3186 4516 3368 4571 decem
3402 4518 3721 4583 dinumerat,

512 4615 658 4658 erunt
687 4604 861 4656 caelum
889 4612 936 4656 et
966 4613 1120 4666 terra,
1150 4603 1280 4670 quod
1301 4603 1344 4656 si
1368 4602 1692 4656 adorat-eritis
1716 4603 1832 4671 deos
1853 4604 2061 4667 alienos,

513 4695 708 4749 cmlum
734 4693 942 4747 vocabis
966 4735 978 4755 ,
1005 4710 1102 4745 non
1134 4694 1268 4759 pluet
1296 4708 1447 4759 super
1477 4696 1658 4743 terram
1679 4732 1693 4756 ,
1726 4703 1773 4745 et
1801 4703 1936 4747 terra
1966 4711 2065 4746 non

516 4785 811 4854 germinabit
835 4785 1050 4852 fructum
1073 4799 1235 4835 suum.
1269 4783 1335 4835 Et
1361 4784 1552 4847 dicetis,
1590 4783 1803 4847 Quando
1825 4785 2068 4836 adorave-

521 4877 622 4928 rint
650 4877 767 4927 hic?
795 4875 864 4928 Ili
902 4885 1017 4927 sunt
1048 4883 1211 4938 testes,
1239 4874 1323 4941 qui
1373 4874 1590 4926 invocati
1617 4883 1733 4926 sunt
1774 4890 1924 4942 super
1956 4890 2064 4940 nos,

519 4965 562 5016 si
599 4965 978 5033 adorarerimns
1013 4963 1130 5016 deos
1158 4965 1368 5016 alienos.
1410 4963 1574 5015 Aliter
1597 4964 1788 5018 cmlum
1817 4972 1872 5018 et
1901 4947 2068 5030 terra,

521 5056 746 5109 animam
793 5065 846 5108 et
874 5070 1062 5122 corpus
1106 5056 1403 5124 significare
1435 5064 1671 5122 possunt,
1719 5055 1801 5108 vel
1833 5055 2070 5108 incarna-

522 5150 715 5201 tionem
752 5154 805 5199 ct
829 5147 1178 5208 divinitatem,
1214 5147 1295 5204 vel
1331 5148 1494 5216 legem
1527 5148 1707 5202 littera:
1735 5149 1790 5202 et
1825 5147 1943 5200 novi
1969 5147 2068 5201 Te-

524 5237 792 5297 stamenti,
823 5252 937 5304 qua:
981 5253 1082 5288 non
1111 5237 1306 5300 vident,
1337 5254 1433 5291 nec
1461 5238 1696 5292 audiunt.
1742 5238 1794 5290 In
1823 5237 1922 5289 hac
1949 5252 2067 5290 sen-

524 5328 682 5380 tentia
734 5330 1028 5391 prtecavet',
1071 5327 1207 5395 quod
1258 5328 1448 5380 multas
1499 5329 1750 5397 imagines
1805 5329 2065 5384 idolorum

521 5416 657 5484 apud
688 5415 1009 5472 Citattanmos
1032 5419 1304 5472 vidissent.
1338 5417 1439 5476 Per
1459 5423 1772 5484 tentationes,
1806 5421 1853 5474 id
1881 5428 1980 5484 est,
2011 5430 2068 5473 ut

525 5509 576 5560 in
626 5507 897 5559 Mannaan.
946 5508 1010 5561 Et
1056 5510 1105 5562 in
1153 5511 1564 5581 alienigenarum,
1599 5512 1646 5565 id
1677 5524 1757 5567 est
1789 5512 2063 5567 Amalech.

525 5601 708 5668 Signa,
736 5600 780 5653 id
805 5610 886 5654 est
915 5600 1121 5668 figuras.
1150 5604 1310 5671 Atque
1336 5613 1584 5672 portenta,
1613 5614 1668 5658 ut
1698 5605 1786 5658 fuit
1825 5618 2064 5672 serpens.

528 5689 801 5741 Robustum
831 5706 1062 5754 manum,
1097 5692 1450 5761 brachiumque
1493 5703 1740 5746 extentum
1761 5735 1774 5758 ,
1825 5695 1874 5746 id
1906 5702 1984 5747 est
2016 5695 2064 5744 in

525 5790 739 5842 pugnas.
803 5781 897 5835 Per
948 5790 1049 5834 tres
1096 5782 1328 5836 civitates
1375 5799 1500 5850 quas
1547 5783 1807 5850 supcran
1861 5785 2063 5852 Μειῖεοε

2171 4625 2389 4678 quarum
2416 4619 2608 4664 terram
2643 4624 2824 4664 semen
2858 4610 2997 4662 illius
3034 4607 3327 4677 possideret
3361 4626 3374 4661 :
3405 4610 3494 4678 qui
3535 4627 3721 4665 nume-

2173 4712 2262 4750 rus
2307 4698 2508 4763 adjecta
2549 4695 2843 4750 idololatria
2873 4695 3128 4763 gentium,
3167 4694 3493 4764 blasphemia
3519 4697 3723 4752 Judae-

2173 4800 2309 4849 rum.
2349 4785 2715 4840 hmreticorum
2764 4799 2965 4850 errore,
3021 4784 3296 4841 verissime
3342 4786 3670 4854 adimpletur
3707 4803 3721 4840 :

2173 4877 2361 4946 quibus
2423 4877 2592 4932 donec
2647 4878 2908 4935 intellectu
2944 4877 3244 4950 ’Egyptum
3297 4887 3724 4945 commemorat,

2175 4964 2463 5025 multitudo.
2479 4963 2738 5032 subjacet.

2241 5060 2295 5116 Si
2326 5071 2496 5132 autem
2539 5061 2653 5128 quis
2695 5075 2939 5132 egressus
2971 5063 3040 5115 de
3073 5060 3324 5130 Egypto,
3376 5060 3440 5114 ad
3489 5075 3726 5115 eremum

2172 5151 2458 5220 perveniat,
2490 5150 2746 5217 spirituali
2781 5150 2935 5203 trium
2959 5149 3160 5202 dierum
3206 5150 3427 5216 itinere,
3458 5151 3525 5204 de
3552 5151 3729 5214 impuo

2170 5243 2412 5314 gnatione
2438 5244 2666 5309 gentium
2693 5241 2995 5295 liberabitur
3023 5258 3036 5292 :
3077 5256 3194 5310 qua:
3219 5251 3418 5309 septem
3460 5241 3731 5309 principa-

2168 5319 2388 5389 lia-vitia
2418 5333 2660 5401 ﬁgurant,
2692 5347 2808 5400 qua:
2841 5346 2934 5396 per
2978 5330 3068 5385 Dei
3109 5333 3328 5398 gratiam
3365 5331 3731 5399 unusquiqu

2173 5425 2322 5478 miles
2351 5423 2531 5477 vincit.
2562 5421 2711 5487 Quod
2741 5436 2869 5474 vero
2897 5422 3096 5475 numeri
3126 5423 3352 5488 majores
3388 5435 3510 5475 esse
3536 5419 3731 5472 dicun-

2171 5524 2273 5577 tur,
2318 5515 2426 5566 hzec
2457 5512 2592 5564 ratio
2635 5519 2735 5572 est,
2783 5510 2903 5575 quia
2939 5510 3084 5577 plura
3127 5509 3250 5563 vitia
3284 5525 3440 5577 quam
3480 5508 3709 5559 virtutes

2171 5594 2554 5668 Quod-dicitur,
2586 5599 2704 5654 Non
2731 5601 2822 5652 ibis
2853 5616 2964 5653 cum
3012 5601 3103 5661 eis,
3156 5599 3206 5654 id
3257 5608 3339 5654 est
3371 5600 3423 5652 in
3451 5595 3734 5650 adoranda

2171 5693 2332 5759 idola,
2367 5690 2758 5759 intelligendum
2786 5697 2886 5744 est.
2931 5689 3230 5760 Scissnsque
3256 5690 3426 5756 fortis,
3456 5687 3506 5740 id
3535 5695 3622 5741 est
3655 5686 3737 5738 iti-

2168 5800 2293 5839 ncrc
2324 5782 2582 5838 Jortlanis.
2618 5779 2727 5835 sive
2753 5779 2801 5835 in
2837 5780 3040 5850 pugnis.
3075 5779 3281 5846 Auferat
3313 5775 3563 5830 Dominus
3596 5791 3629 5826 ο
3662 5784 3732 5834 te,
