3898 6260
127 447 258 501 383

130 557 193 607 id
226 560 316 606 est
341 542 714 617 plenitudinem
754 539 909 599 hanc,
944 544 997 588 et
1043 529 1370 585 inﬁrmitates

133 642 198 696 id
236 648 324 694 est
342 608 528 691 decem
559 632 732 699 plagas
760 624 992 695 Egypti.
1044 620 1162 675 Non
1191 626 1354 687 parcet
1394 613 1492 664 illis
1524 608 1695 662 oculus

131 743 295 790 suris.
327 736 380 783 el
407 725 628 793 reliqua.
661 719 716 773 ln
751 718 852 772 hoc
878 717 1085 770 illorum
1115 706 1385 776 cupiditati
1417 708 1693 771 prmcavet.

134 819 330 874 Nolite
372 821 635 875 metuere,
666 809 783 876 quia
816 807 970 860 timor
998 800 1416 869 imperfectorum
1445 799 1546 845 est.
1579 788 1697 841 Non

136 915 330 978 parcet
353 905 523 958 oculus
545 911 700 953 tuus:
731 897 779 950 id
809 908 912 959 est,
961 893 1062 946 diis
1091 891 1316 949 illorum,
1349 883 1398 935 id
1430 889 1532 945 est,
1555 876 1702 942 cupi-

141 1001 298 1053 ditas
324 1008 408 1051 tua
441 996 582 1048 vitiis
609 991 836 1045 illorum.
865 985 1160 1044 Crabrones,’
1193 980 1243 1031 id
1266 986 1346 1031 est
1375 974 1497 1028 mali
1529 983 1703 1023 mores

142 1089 391 1142 illorum.
447 1084 583 1137 Deus
630 1093 841 1148 magnus
883 1077 949 1129 ad
987 1073 1266 1132 libandum,
1296 1077 1342 1120 et
1387 1063 1621 1117 terribilis
1650 1061 1702 1111 in

141 1179 399 1233 vinditta.
427 1172 576 1240 Quod
615 1184 737 1224 vero
761 1167 918 1231 dicit,
953 1164 1027 1216 De
1054 1159 1279 1230 gentibus
1317 1171 1416 1208 non
1456 1150 1701 1215 delenitis,

146 1270 353 1338 pariter
380 1281 443 1318 ne
481 1268 608 1332 forte
639 1260 793 1322 bestia
839 1252 1289 1323 multiplicarentur
1323 1253 1499 1298 contra
1541 1240 1657 1293 illos
1687 1251 1705 1290 :

143 1330 456 1415 cavendum
481 1330 630 1406 nobis
651 1363 767 1404 esse
793 1343 1046 1408 ostendit,
1079 1355 1145 1394 ne
1173 1338 1306 1390 forte
1326 1330 1559 1400 expulsis
1587 1341 1708 1397 pec-

153 1451 304 1505 catis
328 1464 356 1500 a
381 1461 540 1502 carne
568 1455 767 1504 nostra,
808 1446 861 1491 et
889 1441 1107 1503 repente
1131 1425 1413 1496 superatis,
1459 1420 1711 1475 accedant

152 1547 350 1592 contra
382 1549 478 1587 nos
509 1529 688 1586 bestias
714 1525 1044 1596 spirituales,
1077 1520 1177 1572 hoc
1202 1524 1284 1568 est
1305 1511 1549 1582 lactantia
1574 1547 1592 1574 ,
1624 1507 1709 1561 vel

155 1626 441 1692 superbia,
469 1623 549 1677 vel
579 1631 723 1675 certe
753 1631 882 1671 vana
908 1613 1093 1683 gloria,
1122 1623 1238 1679 quae
1264 1603 1588 1660 surrexerint
1612 1614 1713 1652 ma-

154 1690 271 1786 jori
305 1718 478 1771 labore
503 1711 928 1779 exstirpabuntur
954 1718 1110 1774 quam
1140 1697 1368 1754 carnalia
1397 1695 1543 1748 vitia.
1583 1690 1714 1745 Loth

158 1783 314 1862 enim
337 1816 391 1860 et
418 1807 470 1860 in
497 1816 674 1858 mon'e
707 1799 907 1868 positus
949 1791 1226 1848 concubitu
1255 1785 1454 1841 nefario
1482 1783 1715 1852 pollutus

783 431 847 485 tu
890 416 1434 483 Plan-rtt'rsucnun
1475 405 1962 468 COMMENTARII.
2002 392 2070 443 '—
2110 398 2711 457 DEUI'ERUNOMIURI.

1417 522 1689 590 pessimus.
1724 518 1768 575 Α
1799 513 2074 577 maledicti,
2104 514 2155 564 in
2182 501 2345 580 ignem
2365 517 2621 562 a'ternum.
2665 504 2827 559 Aliter
2859 501 3018 554 ﬂebat
3053 515 3146 567 pro
3173 501 3334 550 male-

3235 386 3338 441 διισ

1799 603 2051 665 dictione,
2094 617 2185 668 pro
2217 609 2363 668 parte
2401 598 2573 650 carnis
2606 594 2815 662 ponitur
2837 631 2850 654 ,
2900 592 3034 643 sicut
3063 601 3115 642 et
3146 587 3334 640 l’aulus

1798 693 2066 762 apostolus
2091 690 2191 743 ait:
2224 689 2342 743 Scio
2370 686 2502 755 quod
2530 701 2628 737 non
2654 692 2725 735 est
2753 684 2930 733 bonum
2961 680 3010 730 in
3029 692 3176 730 carne
3197 691 3327 728 mea.

1799 782 2035 836 Gazarim
2065 795 2181 832 cum
2224 777 2586 833 benedictione
2605 815 2620 840 ,
2674 787 2765 842 pro
2795 772 2963 824 anima
2995 771 3045 822 iu
3075 769 3162 820 illo
3191 767 3328 822 loco.

1803 872 1850 925 id
1879 879 1979 930 est.
2009 871 2058 921 in
2082 869 2208 923 Silo.
2947 913 2960 916 -

1873 961 1926 1014 lu
1957 961 2052 1011 hac
2073 956 2326 1011 sententia
2352 961 2630 1022 prmcavet,
2662 952 2799 1019 quod
2829 964 2871 1003 SI
2901 947 3252 1014 unusquisque
3280 945 3334 998 in

1805 1052 1962 1106 domo
1991 1065 2083 1103 sua
2112 1049 2404 1102 immolaret
2427 1091 2441 1112 ,
2471 1045 2608 1098 ldola
2638 1045 2883 1097 fecissent
2902 1086 2915 1107 ,
2971 1041 3103 1094 ﬁlios
3130 1051 3182 1092 et
3207 1038 3338 1090 tilias

1807 1143 2176 1197 comburentes
2207 1141 2334 1206 igni.
2387 1137 2498 1190 Non
2521 1135 2656 1202 quod
2683 1134 2781 1187 hoc
2809 1131 3034 1199 :Egyptii
3063 1130 3337 1192 fecissent,

1807 1232 1899 1285 sed
1929 1228 2213 1284 Cbananmi
2242 1229 2482 1281 obrutum
2521 1224 2826 1290 negabitur,
2853 1223 2904 1274 id
2934 1231 3011 1274 est
3040 1234 3226 1274 sensus
3256 1229 3345 1270 te-

1809 1321 2088 1374 etitnoniis.
2124 1319 2326 1388 Egressi
2354 1326 2466 1372 sunt
2490 1317 2581 1382 ﬁlii
2607 1304 2788 1378 Elinb,
2837 1313 2886 1366 id
2916 1321 2996 1366 est
3034 1311 3122 1363 lilii
3151 1309 3338 1377 iniqui,

1808 1413 1890 1466 vel
1921 1411 2008 1465 lilii
2039 1419 2388 1478 peccatorum.

2391 1515 2612 1570 CAPUT
2649 1513 2785 1568 XIV.

1885 1634 2005 1689 Non
2029 1633 2182 1702 facies
2211 1629 2461 1683 calvitium
2491 1643 2642 1698 super
2663 1637 2933 1678 mortuum.
2965 1623 3073 1678 Hoc
3101 1623 3345 1676 historia-

1815 1727 1936 1780 liter
1984 1723 2320 1779 manifestum
2362 1730 2460 1774 est.
2522 1717 2875 1784 Spirilualiter
2917 1724 3084 1783 potest
3130 1712 3353 1780 intelligi

1819 1814 1957 1883 quod
1985 1813 2110 1866 dicit
2135 1853 2151 1876 ,
2180 1825 2247 1864 nc
2277 1808 2471 1862 radatis
2501 1810 2746 1861 mortales
2773 1807 3032 1858 voluntate
3061 1817 3218 1857 causa
3244 1803 3358 1856 dia-

161 1903 277 1956 es"
320 1893 406 1962 qui
435 1893 486 1945 in
534 1887 778 1944 Sodomis
808 1883 1049 1938 habmus
1092 1893 1151 1933 ⁸⁸
1195 1881 1474 1965 ⁰⁰¹Ἶ¹Ἶ¹¹ι¹¹⁸ν
1507 1879 1566 1924 ω
1599 1883 1717 1965 ,ΜΡ
1747 1853 1794 1913 Β
1827 1853 1931 1957 boli
1971 1902 2050 1956 vel
2083 1853 2313 1955 haeretici
2333 1938 2348 1962 ,
2399 1896 2537 1965 quod
2579 1894 2630 1948 in
2657 1895 2787 1949 duas
2819 1903 2989 1962 partes
3020 1853 3361 1960 ungulas

167 1956 442 2052 peccaret.
487 1980 563 2032 Ae
604 1991 698 2046 per
741 1976 842 2027 boe
882 1970 1228 2038 quodcunque
1250 1963 1431 2016 vitium
1461 1956 1727 2025 expuleri-

177 2048 325 2134 rnus,
356 2072 530 2123 statim
553 2067 668 2120 loco
697 2065 838 2119 illius
866 2062 1127 2131 plantetur
1156 2056 1325 2109 virtus
1355 2071 1366 2105 :
1399 2065 1465 2105 ne
1493 2048 1630 2103 forte
1653 2062 1730 2101 re-

173 2163 363 2231 pulsus
411 2158 646 2227 spiritus,
700 2157 888 2208 iterum
933 2155 1205 2204 revertens
1236 2141 1469 2197 inveniat
1515 2139 1728 2193 domum

171 2230 412 2305 iwstram
443 2254 733 2300 vacantem.
771 2239 942 2307 Dispe,
991 2237 1041 2290 id
1081 2245 1160 2290 est
1201 2246 1364 2302 genus
1409 2230 1728 2296 viperarum,

170 2339 326 2411 quod
374 2335 740 2391 hereticorum
787 2338 930 2385 tenet
973 2331 1190 2396 llguram
1220 2365 1236 2390 ,
1288 2323 1376 2393 qui
1423 2321 1731 2376 Trinitatem

181 2428 580 2494 blaspliemans,
639 2421 778 2492 quod
832 2419 929 2473 sub
973 2417 1270 2486 iuramento
1319 2411 1580 2482 pollicitus
1628 2418 1731 2464 est.

179 2520 335 2574 .Iurat
385 2517 631 2590 Dominus
679 2527 772 2583 per
803 2511 1059 2577 seipsum,
1095 2509 1214 2576 quia
1241 2520 1344 2558 non
1376 2503 1534 2556 habet
1575 2500 1733 2554 alium

180 2609 456 2672 altiorem,
481 2620 576 2674 per
603 2617 758 2672 quem
784 2602 942 2669 juret.
985 2597 1066 2650 Eis
1106 2594 1308 2649 Domini
1341 2593 1430 2645 Dei
1455 2591 1529 2644 sui
1559 2591 1736 2643 catulis

183 2707 285 2761 est,
338 2709 400 2748 ac
454 2694 498 2746 si
554 2692 774 2753 diceret,
827 2689 984 2741 habet
1029 2685 1276 2737 Dominus
1328 2689 1659 2748 potestatem,
1691 2676 1736 2730 si
1802 2699 1807 2703 ·

189 2789 338 2856 pluat
361 2785 551 2838 caelum
582 2821 596 2842 .
625 2793 690 2832 an
719 2792 821 2832 non
851 2790 1008 2843 super
1036 2786 1151 2826 nos.
1185 2771 1248 2823 Et
1288 2771 1465 2823 cretum
1493 2769 1603 2822 caeli
1628 2807 1643 2828 ,
1683 2765 1735 2818 id

189 2887 278 2944 est
319 2874 487 2927 stella:
531 2888 546 2923 ε
596 2871 748 2923 aliter
789 2881 881 2935 per
921 2864 1112 2919 coelum
1142 2860 1312 2929 angeli
1355 2859 1734 2926 intelliguntur.

189 2941 402 3018 (Zoilum
437 2974 561 3015 vero
588 2957 730 3022 coeli,
771 2955 956 3008 anima:
985 2960 1281 3006 sanctorum
1303 2987 1318 3014 ,
1360 2958 1417 2998 ut
1443 2952 1544 2999 est.
1573 2941 1737 2997 Stella

194 3056 341 3111 enim
387 3067 418 3107 a
457 3049 605 3106 stella
631 3048 811 3103 ditl‘ert
856 3041 907 3100 in
928 3044 1183 3105 claritate,
1216 3040 1284 3093 ita
1322 3046 1378 3091 et
1422 3032 1738 3089 resurrectio

195 3152 548 3204 mortuorum,
601 3137 681 3191 vel
725 3134 947 3190 historia
976 3141 1025 3186 et
1051 3133 1272 3189 sensus,
1303 3137 1354 3180 et
1377 3132 1514 3177 terra
1534 3161 1549 3182 .
1579 3120 1741 3178 idest

196 3235 397 3288 fructus
419 3242 572 3284 terra:
595 3266 611 3294 ,
637 3227 716 3280 vel
743 3238 940 3292 corpus.
961 3231 1010 3274 et
1033 3219 1202 3273 anima
1223 3256 1239 3280 ,
1268 3224 1321 3269 et
1340 3213 1511 3267 omnia
1541 3224 1657 3279 qua
1687 3208 1738 3261 in

207 3324 287 3377 eis
314 3329 457 3384 sunt,
489 3319 541 3372 id
570 3326 651 3371 est
678 3315 843 3370 Adam
868 3327 986 3368 cum
1013 3323 1111 3363 suo
1130 3319 1341 3377 genere.

276 3408 413 3463 Deus
441 3421 655 3477 magnus
685 3445 701 3469 ,
733 3403 784 3456 id
812 3411 896 3456 est
931 3402 982 3454 in
1010 3397 1260 3468 Egypto.

204 3516 207 3517 '
276 3491 341 3552 Et
365 3507 556 3569 potens,
588 3495 638 3550 id
665 3502 747 3548 est
769 3494 821 3546 in
846 3490 998 3544 mari.
1199 3482 1202 3486 ’

281 3587 561 3652 Terribilis,
589 3595 768 3658 contra
799 3580 1070 3638 Amalech.

283 3675 382 3741 Qui
420 3655 658 3743 personas
697 3687 795 3723 non
823 3667 1004 3736 accipit
1023 3705 1039 3730 ,
1070 3661 1380 3730 vitupfravil
1409 3658 1490 3711 bic
1517 3655 1751 3726 plebem,

209 3767 300 3838 qui
332 3756 582 3836 personas
606 3759 883 3827 acciperet.
1058 3813 1059 3820 η

287 3827 404 3922 Ipse
430 3861 500 3905 est
515 3849 636 3901 laus
655 3855 758 3911 uta,
790 3845 840 3898 id
869 3851 971 3906 est,
996 3827 1063 3894 ut
1081 3839 1250 3908 ipsum
1278 3835 1478 3890 laudes.

289 3944 434 3998 Mare
454 3939 705 4002 Rubrum,
735 3935 1140 4005 prapterlimum
1169 3927 1517 3984 rubicundum
1545 3925 1755 3980 dicitur.

291 4032 457 4085 Panes
482 4027 841 4082 benedictiones
884 4036 1032 4098 super
1059 4030 1296 4072 montem.
1348 4017 1471 4071 "me
1498 4019 1759 4070 sententia

221 4123 434 4190 respicit
469 4123 533 4175 ad
578 4121 752 4173 locum
783 4115 869 4170 ubi
900 4114 1125 4168 dicitur:
1168 4110 1333 4164 Testes
1362 4110 1536 4168 invoco
1583 4106 1763 4159 emtum

223 4228 270 4269 rt
297 4225 497 4279 terram,
528 4211 613 4265 sed
633 4211 740 4284 duo
766 4215 957 4260 montes
985 4205 1037 4256 in
1064 4201 1394 4255 testiinonium
1417 4202 1759 4269 proferantur,

225 4309 298 4359 Ac
323 4303 365 4356 si
393 4297 594 4356 diceret
621 4281 636 4349 :~
665 4295 931 4350 llabebilis
959 4291 1348 4345 benedictiones
1375 4302 1533 4353 super
1571 4298 1667 4336 vos
1719 4281 1763 4334 si

233 4399 394 4462 legem
426 4390 628 4446 Domini
656 4381 1029 4456 custodieritis,
1066 4393 1119 4434 et
1146 4373 1536 4434 maledictiones
1590 4373 1635 4427 si
1660 4386 1761 4424 non

231 4456 604 4538 custodieritis.
660 4476 826 4530 Aliter
873 4471 1171 4526 benedictio
1222 4456 1397 4533 super‘
1441 4472 1648 4517 montes
1698 4459 1762 4511 ad

237 4572 388 4624 Israel
421 4571 676 4636 |:8ilill€l,
723 4562 1026 4617 maledictio
1065 4573 1192 4613 vero
1237 4559 1298 4609 ad
1326 4555 1671 4609 Chananaros.
1704 4549 1766 4606 Hi

232 4674 437 4728 quoque
466 4664 670 4708 montes
712 4654 761 4707 in
795 4661 933 4705 terra
978 4645 1400 4718 repromissionis
1436 4659 1553 4699 esse
1587 4642 1771 4696 dicun-

238 4765 338 4813 tur,
380 4759 432 4802 et
463 4747 549 4799 alii
580 4744 880 4798 nominibus
905 4741 1162 4794 nominari
1186 4778 1204 4801 ,
1236 4741 1285 4792 id
1315 4746 1428 4800 est,
1461 4735 1689 4789 Libanus
1720 4735 1769 4786 in

240 4855 380 4911 parte
408 4835 679 4904 Aquilonis
702 4875 716 4894 ,
766 4842 820 4885 et
849 4829 1077 4882 Libanus
1123 4830 1292 4880 miuor
1333 4829 1384 4880 iu
1414 4827 1594 4879 dextra
1627 4832 1773 4891 parte

239 4927 468 4997 ejusdem
496 4932 673 4978 terre.
712 4918 814 4973 Sed
846 4917 913 4968 ab
938 4915 1054 4966 aliis
1084 4911 1292 4975 dicitur,
1323 4912 1463 4994 quod
1493 4913 1543 4963 1ιὶ
1567 4919 1774 4962 montes

243 5034 344 5072 nou
374 5026 477 5068 tam
526 5009 872 5066 bisaorialiter
909 5004 1131 5057 fuissent
1175 4989 1342 5068 quam
1362 5001 1425 5052 ad
1457 5001 1777 5052 testiﬁcatio-

247 5121 362 5162 nem
393 5103 767 5158 benedictionis
790 5108 842 5152 et
865 5094 1245 5151 maledictionis
1265 5093 1529 5144 dicuntur.
1562 5090 1793 5158 Mystice,

249 5207 418 5250 autem
458 5195 510 5247 bi
538 5194 644 5245 duo
691 5198 896 5244 montes
942 5201 1035 5255 pro
1065 5183 1269 5238 duabus
1314 5179 1516 5245 legibus
1563 5186 1784 5245 possunt

1825 1994 1977 2057 dunt,
2008 1991 2056 2043 id
2085 1999 2183 2053 est,
2216 1989 2304 2058 qui
2333 1987 2502 2041 credit
2531 1985 2659 2039 duas
2699 1986 2840 2052 leges
2859 2023 2874 2047 ,
2903 1983 2992 2036 sed
3021 1982 3250 2036 divinam
3280 1979 3366 2032 di-

1829 2083 2106 2136 lectionem
2135 2095 2238 2132 non
2265 2079 2505 2147 implent,
2536 2085 2626 2150 aut
2651 2078 2907 2130 actualem
2958 2081 3048 2127 aut
3077 2071 3364 2139 tlieoricam

1828 2173 2018 2235 vitam,
2056 2171 2140 2227 vel
2170 2167 2582 2222 lncaruationetn
2608 2148 2678 2218 et
2721 2164 3043 2218 divinitatem
3069 2202 3086 2226 ,
3129 2171 3180 2213 et
3208 2143 3368 2214 rumi-

1828 2272 1919 2316 nat
1947 2263 1998 2315 in
2027 2273 2214 2326 opere.
2237 2255 2538 2319 Comedetis,
2563 2255 2610 2324 id
2643 2263 2720 2305 cst
2747 2249 3030 2312 credendo,
3061 2250 3123 2302 de
3150 2248 3228 2300 his
3252 2262 3366 2316 qua:

1828 2355 2100 2415 ruminant,
2140 2359 2186 2403 et
2215 2347 2453 2418 ungulam
2475 2347 2690 2412 ﬁndunt,
2722 2343 2770 2395 id
2794 2351 2874 2396 est
2900 2341 2964 2394 de
3006 2341 3087 2392 bis
3113 2340 3201 2407 qui
3232 2338 3369 2402 quod

1830 2440 2051 2494 credunt
2082 2437 2261 2502 corde,
2284 2449 2445 2512 opere
2471 2449 2574 2486 non
2591 2432 2857 2486 diﬂ'erunt.
2891 2427 3156 2491 Pinuulas,
3187 2425 3236 2480 id
3268 2435 3374 2488 est,

1833 2527 2074 2584 mandata
2126 2527 2290 2593 legis;
2336 2534 2384 2578 et
2434 2526 2753 2591 squamulas,
2807 2520 2857 2572 id
2905 2527 2988 2572 est
3034 2516 3375 2585 cogitationes

1833 2619 2063 2684 multas;
2094 2631 2261 2670 onines
2283 2614 2522 2678 mundos,
2549 2611 2600 2666 id
2624 2621 2707 2665 est
2730 2621 2958 2674 sanctos,
2989 2609 3076 2678 qui
3106 2609 3222 2662 ideo
3249 2622 3379 2662 aves

1833 2709 2080 2763 dicuntur
2103 2749 2118 2770 ,
2149 2705 2268 2772 quia
2306 2703 2707 2770 cogitationibus
2729 2709 2782 2756 et
2805 2702 3050 2768 operibus
3083 2699 3291 2751 mundis
3312 2699 3378 2750 ad

1834 2811 2059 2865 superna
2090 2793 2284 2845 volant.
2338 2792 2478 2842 Aves
2506 2789 2785 2841 immundae
2807 2826 2822 2850 ,
2875 2787 3150 2840 limrelicos
3187 2784 3381 2852 signiﬁ-

1835 2896 1978 2942 cant.
2027 2883 2189 2937 Juxta
2216 2897 2371 2951 genus
2406 2896 2584 2943 suum,
2629 2879 2677 2931 id
2707 2885 2789 2931 est
2832 2877 2877 2929 si
2907 2875 3156 2930 acciderit
3182 2874 3382 2943 aliquid

1838 2976 1976 3046 quod
2005 2974 2078 3028 illi
2110 2972 2282 3026 simile
2307 2971 2377 3025 sit
2419 2970 2468 3022 in
2498 2968 2661 3022 forma
2683 3007 2698 3032 ,
2731 2983 2832 3020 non
2862 2965 3165 3035 prohibetur
3189 2956 3385 3020 nisi‘de

1838 3080 2030 3136 genere
2057 3065 2291 3118 illorum.
2338 3062 2533 3116 Omnes
2561 3070 2732 3113 autem
2782 3071 2905 3111 aves
2946 3053 3228 3121 immundae
3257 3070 3388 3122 quas

1841 3152 2092 3218 diximus,
2109 3153 2314 3206 diversa
2327 3165 2520 3219 genera
2539 3148 2900 3203 haereticorum
2914 3145 3224 3214 signiﬁcant.
3239 3144 3390 3212 Quod

1846 3246 2006 3300 vestis
2035 3243 2192 3298 Israel
2221 3243 2270 3296 in
2300 3254 2479 3294 eremo
2506 3238 2646 3310 nulla
2672 3245 2933 3291 vetustate
2957 3234 3149 3289 deiecit
3169 3274 3186 3299 ,
3215 3243 3390 3304 potest

1833 3327 2074 3408 iligurare
2105 3334 2332 3388 futuram
2383 3327 2928 3396 iucorruptibilitatem
2966 3338 3274 3392 corporum,
3302 3322 3391 3376 ubi

1849 3429 1934 3480 illa
1964 3440 2080 3495 qum
2110 3420 2463 3489 corruptibilia
2493 3427 2615 3470 sunt
2657 3415 2772 3469 sine
2818 3413 3154 3483 corruptiOne
3180 3423 3389 3477 perma-

1853 3515 2067 3570 nebunt.
2109 3512 2255 3577 Quod
2300 3522 2428 3561 vero
2472 3505 2697 3558 dicitur:
2745 3499 2866 3555 Non
2894 3514 3071 3569 coques
3099 3498 3296 3551 hazdum
3340 3499 3394 3551 iu

1852 3606 1980 3657 lacte
2004 3601 2177 3652 matris
2197 3611 2323 3662 sua,
2349 3593 2577 3665 ostendit
2602 3590 2740 3662 quod
2759 3606 2912 3662 quem
2937 3588 3116 3644 haedus
3137 3588 3398 3657 signiﬁcat

1854 3701 2067 3762 nonest
2094 3688 2396 3758 coquendus
2441 3687 2494 3740 in
2533 3685 2668 3739 lacte
2695 3683 2878 3736 matris
2902 3696 3011 3735 suae
3031 3721 3046 3745 ,
3079 3679 3129 3734 id
3158 3686 3261 3746 est,
3289 3694 3395 3733 non

1857 3779 2157 3852 purgandus
2213 3775 2570 3832 mediocribus
2622 3774 2871 3829 Ecclesia:
2927 3770 3258 3840 disciplinis,
3304 3771 3397 3824 sed

1858 3869 2238 3926 ausmrioribus
2264 3865 2540 3936 prmceptis
2569 3864 2706 3919 illius
2732 3871 2940 3932 peccata
2968 3859 3231 3931 purganda
3253 3869 3396 3926 sunt,

1861 3977 1918 4023 ut
1940 3968 2026 4036 qui
2043 3979 2134 4034 per
2153 3963 2378 4017 lascivire
2402 3959 2752 4013 blandimenta
2776 3972 2833 4010 se
2853 3955 3077 4024 perdidit
3098 3953 3296 4006 fortiori
3318 3953 3399 4006 di-

1862 4057 2083 4124 sciplina
2107 4068 2164 4108 se
2194 4052 2438 4112 redimat,
2469 4059 2526 4100 ut
2555 4047 2730 4100 caeteri
2757 4046 2990 4098 videntes
3034 4045 3268 4098 timeant.
3298 4041 3401 4094 Per

1862 4147 2105 4200 decimam
2134 4149 2321 4209 partem
2350 4153 2497 4205 quam
2528 4135 2769 4186 Dominus
2796 4149 2826 4184 a
2859 4134 3045 4202 papula
3084 4130 3300 4197 postulat
3323 4129 3399 4182 si-

1863 4232 2175 4301 gniﬁcantur
2200 4228 2378 4283 (lt-cem
2401 4236 2602 4283 sensus,
2631 4233 2760 4286 quos
2783 4219 3134 4285 unusquisque
3163 4227 3398 4270 nostrum

1865 4319 2085 4376 reddere
2132 4315 2288 4370 debet
2316 4313 2554 4391 Domino.
2596 4310 2740 4361 Anno
2776 4307 2921 4359 tertio
2961 4307 3116 4359 alium
3165 4308 3405 4360 decimam

1868 4407 2142 4478 separabis.
2177 4400 2461 4458 Postulatio
2489 4407 2662 4450 autem
2689 4410 2826 4449 anno
2852 4395 3029 4458 tertio,
3047 4395 3278 4448 ostendit
3309 4395 3408 4448 Do-

1797 4525 1846 4583 ο
1871 4501 2070 4554 miuum
2103 4493 2476 4565 prmvidcntem
2503 4488 2632 4542 bella
2653 4488 2774 4540 illis.
2804 4486 2994 4539 Futura
3021 4485 3160 4537 enim
3188 4486 3238 4538 in
3269 4494 3405 4536 terra

1872 4586 2295 4658 repromissionis
2323 4596 2461 4635 anno
2509 4581 2661 4633 tertio
2707 4579 2876 4631 dixit:
2930 4576 3190 4643 Usquequo
3235 4589 3409 4625 coruus

1871 4683 2025 4733 vinea:
2054 4671 2354 4730 creverunt?
2405 4670 2494 4722 Vel
2527 4683 2618 4736 pro
2673 4667 2837 4718 tribus
2879 4665 3028 4732 annis
3053 4707 3066 4730 ,
3106 4663 3326 4730 quibus,
3354 4671 3415 4714 ut

1874 4771 2139 4832 dixerunt,
2164 4765 2375 4816 fuerunt
2396 4759 2559 4812 tribtts
2583 4756 2764 4808 Iiubcu
2789 4764 2840 4808 et
2860 4754 2992 4817 Gad,
3015 4763 3065 4805 et
3087 4753 3296 4806 dimidia
3322 4742 3443 4804 tri?

1878 4861 1972 4913 bus
2002 4859 2239 4911 Manassc
2288 4852 2337 4902 iu
2365 4859 2499 4900 terra
2529 4843 2948 4912 repromissionis
2991 4843 3041 4893 in
3081 4843 3268 4910 pugnis
3306 4854 3414 4891 ma-

1877 4930 2010 5018 gnis.
2047 4943 2314 5013 Sepai'abis
2343 4939 2462 4991 mihi
2498 4939 2651 4990 aliam
2680 4935 2941 4996 decimam,
2987 4932 3036 4985 id
3068 4943 3147 4985 cst
3175 4930 3414 4984 sacerdo-

1881 5043 2036 5102 tibus,
2069 5052 2128 5090 ac
2156 5034 2199 5086 si
2231 5046 2321 5100 per
2345 5031 2442 5082 boc
2467 5024 2822 5080 sacerdotibus
2851 5023 3068 5076 diceret.

2468 5159 2687 5215 CAPUT
2725 5157 2839 5213 XV.

1955 5260 2078 5314 Cum
2109 5259 2193 5309 tibi
2218 5253 2442 5307 venditus
2473 5251 2621 5320 fuerit
2662 5248 2814 5318 [mter
2851 5255 2964 5298 tuus
3010 5243 3271 5296 Πώγωνα.
3299 5315 3302 5317 Α
3327 5242 3424 5297 Per

1889 5351 2105 5405 fratrem
2145 5340 2328 5399 sensus
2353 5315 2672 5408 intelligitur.
2706 5339 2954 5405 llebraus
2976 5336 3235 5389 transiens
3263 5315 3424 5388 inter-

1893 5447 2143 5508 prelatur.
2180 5434 2394 5488 llebrma
2424 5472 2439 5497 ,
2471 5433 2520 5486 id
2549 5441 2630 5484 est
2658 5429 2828 5482 anima
2860 5422 3265 5491 uniuscujusque
3311 5437 3417 5492 pcr-

1896 5530 2016 5584 fecti
2048 5527 2113 5579 de
2143 5517 2429 5591 gentilitate
2453 5562 2467 5581 .
2507 5521 2572 5574 ad
2604 5521 2915 5588 baptismum
2947 5516 3226 5569 transiens.

1972 5619 2070 5671 I’er
2094 5625 2289 5681 septem
2313 5625 2496 5673 annos,
2530 5611 2717 5678 quibus
2741 5608 2934 5662 servire
2956 5606 3276 5674 praaciiiitur,
3309 5603 3434 5656 acti-

1904 5726 1978 5764 va:
2002 5710 2118 5762 vita!
2140 5703 2384 5775 perfectio
2405 5703 2723 5772 designatur.
3105 5684 3109 5687 ’

254 5285 434 5353 accipi.
482 5279 640 5336 Gebal
683 5292 780 5345 pro
810 5274 1108 5342 veteri,qni
1151 5270 1432 5325 vindictam
1495 5267 1782 5319 commisit.

253 5375 488 5431 assarim
529 5383 622 5438 pro
660 5380 825 5429 nom,
868 5366 954 5432 qui
984 5360 1360 5430 indulgentiam
1410 5355 1606 5410 docuit.
1662 5355 1788 5409 Pos-

256 5473 375 5521 sunt
419 5461 574 5516 etiam
623 5455 674 5509 bi
719 5462 926 5507 montes
971 5453 1320 5507 summitatem
1351 5447 1698 5515 perlectorum
1737 5452 1790 5497 et

257 5553 548 5622 superbiam
577 5546 858 5615 impiorum
885 5542 1245 5597 demonstrare
1265 5580 1279 5605 ,
1329 5538 1407 5590 vcl
1438 5535 1574 5605 quod
1607 5535 1658 5588 in
1691 5534 1793 5588 tlne

258 5645 443 5700 dicitur
472 5644 586 5696 vita:
612 5658 626 5694 :
669 5638 847 5694 Venite
871 5678 884 5700 ,
918 5636 1160 5689 benedicti
1190 5634 1358 5689 Patris
1405 5633 1521 5693 mei,
1546 5628 1795 5700 possidete

260 5727 460 5809 regnum
487 5737 620 5806 quod
667 5741 892 5805 paratum
924 5741 994 5783 est
1039 5728 1206 5790 robis,‘
1238 5735 1289 5780 et
1318 5725 1533 5792 reliqua.
1569 5721 1661 5774 Et:
1698 5717 1794 5786 Ite,
