3898 6260
473 505 576 558 Tuti

971 501 1168 557 BENE
1210 499 1653 556 VENEIMBILIS
1689 498 1962 555 OPERUM
2005 499 2178 557 PARS
2211 503 2278 566 ,II.
2319 531 2386 544 —
2427 503 2800 559 EXEGISTICA
2843 505 3155 562 GENU-INA.

3590 507 3706 560 388

551 615 647 668 I‘er
677 615 959 682 septimum
991 629 1218 680 annum,
1249 628 1353 684 quo
1375 612 1690 678 dimittitur,
1723 613 1892 666 activa
1922 615 2026 664 vita
2057 616 2102 672 Α
2129 616 2504 668 convertimur.
2540 616 2600 669 Et
2625 617 2933 683 simpliciter
2952 632 3070 672 cum
3102 619 3530 688 delinquentium
3569 621 3711 672 vitia

469 719 801 774 cxprttnttur.

545 796 736 860 Sicque
763 794 906 848 auris
945 793 1085 847 illius
1115 793 1298 847 subula
1349 791 1678 861 perforatur,
1710 790 1833 844 dum
1879 805 2028 843 mens

472 884 762 937 subtilitate
787 884 990 937 timoris
1031 887 1340 950 percutitur.

544 978 712 1029 Aliter
733 989 824 1028 sex
869 975 989 1026 anni
1019 988 1107 1027 sex
1141 983 1324 1026 aetates
1351 971 1527 1025 mundi
1564 971 1879 1039 signiﬁcant.
1928 970 2025 1022 Sc-

480 1065 676 1133 ptimus
708 1081 834 1119 vero
867 1080 1035 1118 annus
1064 1065 1200 1118 diem
1228 1064 1406 1132 jndicii
1427 1065 1696 1130 designat:
1729 1060 1909 1115 subula
1941 1075 2025 1114 sa-

478 1159 750 1224 pientiam,
775 1171 874 1224 qua
897 1157 1059 1219 auris,
1085 1156 1132 1208 id
1155 1165 1236 1208 est
1261 1168 1467 1217 scnsos,
1494 1150 1810 1220 perforatur.
1833 1150 2024 1213 Ianua,

478 1251 528 1304 id
557 1261 639 1304 est
671 1251 799 1303 ﬁdes
826 1251 1010 1303 domus
1038 1261 1140 1303 tua:
1159 1289 1173 1312 ,
1209 1249 1256 1302 id
1285 1253 1365 1302 est
1392 1250 1660 1302 Ecclesiae.
1693 1246 2022 1315 I‘rimogeni-

475 1349 557 1392 tus
588 1355 720 1406 opus
769 1341 1057 1406 perlectum
1107 1339 1386 1407 signiﬁcat.
1436 1337 1584 1404 Quod
1636 1348 1808 1391 autem
1859 1336 2020 1388 dicit:

481 1428 733 1494 Quidquid
782 1429 1148 1490 masculinum,
1213 1429 1510 1482 ostenditur
1546 1427 1684 1495 quod
1727 1441 1829 1480 non
1865 1426 2025 1480 debe-

481 1530 595 1568 mus
624 1530 755 1584 opus
781 1517 937 1568 molle
963 1516 1069 1569 Deo
1095 1515 1308 1570 oﬁerre.
1337 1517 1506 1570 Sexus
1531 1531 1738 1586 quoque
1762 1513 2028 1568 masculus

475 1621 688 1661 sensum
737 1607 1022 1673 perlectum
1066 1609 1285 1664 imlicat.
1329 1607 1481 1672 Quod
1511 1618 1684 1661 autem
1714 1606 1864 1659 dicit:
1909 1603 2027 1656 Non

475 1697 753 1766 operaberis
783 1698 801 1750 i
822 1718 831 1748 l
857 1699 1182 1765 primogenita
1206 1698 1362 1760 bovis,
1399 1706 1447 1749 et
1467 1713 1566 1748 nou
1594 1695 1818 1748 tottdebis
1840 1695 2028 1763 primo-

473 1790 638 1855 gcn'ta
663 1790 826 1839 ovium
853 1798 1076 1854 tuarum,
1105 1787 1337 1840 ostendit
1360 1786 1497 1855 quod
1527 1785 1571 1839 si
1602 1785 1725 1854 quid
1753 1786 2026 1838 robusmtn

477 1877 753 1944 incipimus
779 1891 1028 1930 exercere
1051 1918 1067 1941 ,
1112 1886 1166 1930 et
1197 1877 1297 1929 hoc
1336 1875 1664 1942 signiﬁcatur
1695 1875 1746 1926 in
1770 1874 2028 1940 primOgec

2127 719 2219 758 sua
2252 706 2545 759 intentione.
2575 706 2878 761 referamus.
2935 708 3036 762 Sed
3063 709 3267 762 securis
3320 724 3516 762 manus
3561 710 3711 777 ﬁgit,

2126 808 2244 846 cum
2274 809 2390 848 sese
2419 796 2705 862 increpatio
2735 797 2849 864 plus
2880 812 3034 865 quam
3067 813 3284 852 necesse
3325 807 3414 851 est
3444 798 3498 850 in
3530 811 3707 864 δέρος

2127 883 2334 936 ritatem
2363 885 2635 952 pertrahit.
2670 885 2888 939 Ferrum
2921 901 3125 957 quoque
3154 888 3220 940 de
3261 887 3544 940 manubrio
3573 902 3704 955 pro-

2125 971 2269 1036 silit,
2298 988 2414 1026 cum
2443 976 2509 1027 de
2535 976 2865 1028 (Orrectione
2909 990 3086 1029 sermo
3138 975 3323 1028 durior
3351 975 3596 1030 excedit.
3638 975 3705 1029 Et

2128 1059 2334 1113 unicum
2367 1064 2624 1130 percutit,
2668 1063 2754 1129 qui
2796 1064 3085 1116 auditorem
3130 1077 3284 1116 suum
3319 1064 3528 1132 prolata
3556 1079 3706 1118 con-

2128 1149 2340 1202 tumelia
2393 1165 2420 1200 a
2468 1151 2723 1218 spirituali
2778 1152 3060 1205 dilectione
3107 1150 3381 1204 intezﬁcit.
3437 1151 3702 1220 Correpti

2127 1253 2350 1305 namque
2381 1254 2516 1293 mea:
2557 1240 2621 1293 ad
2649 1239 3074 1309 odium'proruit,
3104 1241 3148 1294 si
3183 1241 3304 1293 huic
3334 1240 3698 1294 immoderata

2127 1328 2416 1396 increpatio
2447 1334 2564 1398 pius
2612 1344 2767 1398 quam
2795 1330 2976 1385 debuit
3005 1331 3208 1398 adjicit.
3261 1329 3372 1383 Sed
3405 1329 3450 1383 is
3478 1332 3569 1407 qui
3619 1332 3698 1382 in-

2129 1432 2282 1477 caute
2306 1424 2440 1492 ligna
2473 1425 2716 1490 percutit,
2745 1433 2798 1478 et
2819 1424 3115 1491 proximum
3143 1422 3460 1491 exstinguit,
3482 1424 3549 1474 ad
3581 1429 3698 1475 tres

2129 1529 2340 1567 necesse
2365 1524 2446 1567 est
2474 1517 2627 1568 urbes
2667 1513 2854 1580 fugiat,
2888 1522 2944 1568 ut
2971 1516 3021 1567 in
3064 1529 3164 1567 una
3196 1513 3407 1567 illarum
3438 1513 3698 1567 delensus

2127 1605 2307 1667 vivat,
2353 1603 2502 1670 quasi
2549 1604 2613 1656 ad
2647 1603 2963 1671 poenitentiae
3011 1604 3236 1656 lamenta
3267 1619 3566 1657 conversus
3589 1643 3604 1666 ,
3640 1603 3695 1656 iu

2128 1695 2326 1746 unitate
2354 1694 2664 1748 sacramenti
2684 1697 2782 1747 sub
2803 1709 2924 1762 spe,
2970 1695 3071 1747 ﬁde
3098 1706 3152 1748 et
3171 1694 3435 1750 cbsritare
3458 1695 3697 1751 abscon-

2128 1785 2286 1837 ditur.
2339 1783 2478 1838 Ileus
2510 1782 2791 1852 perpetrati
2836 1783 3099 1838 homicidii
3131 1799 3236 1838 non
3263 1796 3505 1852 tenetur,
3531 1802 3693 1856 quem

2131 1875 2406 1938 invenerit,
2437 1890 2539 1927 non
2568 1875 2778 1928 occidit.
2807 1873 2937 1942 Quia
2967 1890 3085 1928 cum
3108 1876 3380 1930 districtus
3401 1876 3566 1944 judex
3599 1894 3695 1931 vc-

474 1967 584 2019 nito
613 1965 798 2028 bovis;
849 1965 930 2016 vel
972 1979 1091 2017 cum
1123 1965 1225 2016 vita
1267 1977 1440 2016 nostra
1491 1962 1685 2030 aliquid
1737 1961 2024 2015 innocuum
2059 1956 2101 2014 Β
2132 1966 2287 2027 nerit,
2319 1970 2406 2033 qui
2437 1978 2494 2018 se
2525 1966 2675 2018 nobis
2703 1980 2794 2034 per
2818 1973 3017 2020 natura
3043 1967 3371 2022 consortium
3399 1968 3594 2036 junxit,
3625 1969 3693 2021 ab

476 2055 722 2118 inchoat,
755 2056 971 2124 dignum
1013 2066 1094 2108 est
1143 2064 1197 2107 ut
1224 2055 1464 2108 humanis
1489 2057 1688 2123 oculis,
1731 2055 1880 2123 quasi
1908 2054 2027 2108 sul»

472 2147 631 2198 ducto
659 2147 852 2198 vellere
886 2160 988 2198 non
1017 2146 1342 2198 ostendatur.
1397 2145 1506 2199 Iloc
1534 2146 1674 2198 enim
1705 2144 2028 2215 signiﬁcatur

477 2249 567 2302 per
585 2235 682 2288 hoc
701 2235 838 2302 quod
858 2215 1074 2288 dicitur:
1104 2234 1218 2286 Non
1244 2235 1466 2288 tondebis
1483 2236 1816 2304 primogenita
1839 2236 2024 2287 ouium.

473 2325 656 2380 Cacus
696 2331 937 2392 populum
970 2326 1216 2394 gentilem
1245 2327 1540 2394 signiﬁcare
1565 2335 1769 2392 potest,
1797 2326 1884 2392 qui
1931 2334 2024 2391 po-

475 2417 660 2469 tuisset
689 2415 824 2467 viam
848 2415 1032 2466 salutis
1063 2418 1279 2476 intrare,
1309 2415 1351 2468 si
1375 2415 1612 2466 vidisset.
1642 2411 2024 2465 Claudus'vero

471 2506 660 2559 dicitur
677 2505 762 2573 qui
785 2521 886 2558 non
906 2506 1089 2574 implet
1109 2517 1381 2572 utramque
1401 2506 1752 2565 dilectionem;
1779 2506 1864 2569 qui
1888 2502 2029 2556 videt

470 2599 680 2666 quidem
705 2606 861 2664 viam,
912 2601 1004 2652 sed
1034 2615 1134 2652 non
1158 2600 1390 2652 ambulat
1415 2597 1467 2649 in
1495 2612 1577 2650 ea.
1613 2597 1792 2648 Potest
1817 2609 2028 2662 quoque

471 2688 688 2741 claudus
731 2689 976 2757 populum
1025 2689 1301 2741 Jndaicum
1347 2685 1670 2754 signiﬁcare,
1724 2689 2024 2759 credentem

477 2783 679 2826 tantum
705 2777 956 2838 litteram,
986 2787 1034 2828 et
1065 2790 1168 2827 non
1197 2788 1427 2828 sensum.
1461 2772 1620 2836 Quasi
1645 2787 1831 2840 capra,
1864 2772 1912 2824 id
1946 2781 2026 2826 cst

479 2867 744 2928 Ecclesia;
775 2876 819 2918 et
845 2882 1020 2928 cerro,
1055 2867 1102 2917 id
1133 2875 1213 2919 cst
1242 2865 1596 2933 apostolorum
1641 2865 1852 2932 papula.
1887 2862 2025 2917 San-

471 2955 669 3022 guinem
695 2956 900 3006 illorum
948 2971 1044 3006 non
1069 2956 1328 3017 comedas,
1376 2953 1462 3006 sed
1484 2953 1714 3017 e/Tundas
1745 2955 1793 3004 in
1819 2962 2020 3004 trrram.

476 3045 575 3098 l’er
605 3047 702 3096 hoc
728 3045 989 3097 indicatur
1021 3059 1114 3096 nos
1143 3053 1388 3112 Oportere
1417 3058 1734 3113 magnOpere
1780 3044 1846 3096 de
1868 3042 2025 3096 meri-

475 3134 541 3185 tis
572 3133 923 3200 interpretari,
956 3135 1046 3187 sed
1095 3135 1142 3184 in
1170 3131 1422 3199 judicium
1455 3133 1701 3186 Ecclesia:
1728 3133 2011 3186 eﬁ‘andere.

473 3220 768 3276 Observabis
801 3239 1037 3287 mensem,
1071 3223 1120 3274 id
1143 3233 1223 3275 est
1246 3222 1526 3290 jejunium.

985 3313 1180 3365 CAPP.
1209 3312 1536 3364 XVI-XVIII.

547 3401 922 3454 Solemnitatem
949 3416 1144 3469 quoque
1173 3401 1627 3468 tabernaculorum,
1659 3401 1705 3454 id
1737 3411 1814 3454 est
1844 3419 2023 3458 mense

471 3489 814 3556 Septembris.
839 3487 902 3542 In
925 3489 1240 3544 solemnitate
1261 3493 1561 3560 Azymorum
1579 3531 1594 3555 ,
1618 3493 1666 3544 id
1692 3503 1771 3544 est
1803 3492 2018 3546 Pascha.

471 3579 949 3645 Hebdomadarum,
983 3581 1033 3633 itl
1073 3591 1153 3634 est
1203 3584 1656 3652 quinquagesima.
1703 3584 1850 3649 Quod
1902 3599 2025 3635 vero

471 3671 662 3722 dicitur
688 3688 698 3721 :
736 3669 856 3722 Non
879 3673 1129 3739 plantabis
1150 3673 1343 3737 lucum,
1386 3690 1542 3740 neque
1571 3691 1764 3727 omnem
1797 3677 2024 3727 arborem

473 3762 628 3826 juxta
653 3761 812 3813 altare
850 3761 1053 3815 Domini
1075 3761 1170 3815 Dei
1198 3765 1293 3828 tui,
1325 3765 1582 3832 signiﬁcat
1607 3767 1743 3834 quod
1772 3769 1908 3819 circa
1932 3767 2025 3820 do-

473 3851 724 3904 minicam
750 3853 904 3906 Iidem
936 3855 1061 3906 nihil
1094 3856 1144 3906 in
1173 3854 1345 3906 verbis
1377 3855 1744 3917 inlructuosis,
1774 3857 1901 3908 nihil
1932 3873 2018 3909 au-

473 3939 683 3994 dientis
708 3943 994 4005 smcnlaris,
1023 3942 1149 3995 nihil
1201 3941 1562 3995 illecebrosum
1600 3942 1851 3996 debemus
1880 3959 2023 3996 com-

476 4043 691 4095 ponere.
751 4030 860 4083 lIoc
880 4033 1018 4083 enim
1059 4030 1353 4098 signiﬁcant
1399 4031 1536 4099 ligna
1589 4046 1865 4084 nemorosa
1909 4034 2023 4087 sine

468 4119 579 4172 ullo
609 4119 798 4173 fructu.
831 4122 933 4175 Sed
968 4122 1076 4175 sola
1111 4122 1305 4188 pietate
1332 4123 1572 4176 veritatis
1598 4123 1870 4177 scientiam
1898 4140 2024 4192 prte-

467 4210 746 4268 dicationis
772 4222 1064 4266 teneamus.
1095 4212 1227 4267 Illud
1260 4223 1437 4269 autem
1472 4215 1609 4284 quod
1636 4215 1864 4270 dicitur:
1891 4216 2020 4270 Pro-

468 4302 668 4368 phetam
688 4303 750 4354 de
774 4311 916 4370 gente
944 4311 1030 4354 tua
1047 4342 1062 4366 ,
1082 4304 1208 4356 sicut
1237 4320 1335 4367 me,
1359 4306 1618 4358 suscitabit
1664 4305 1825 4373 Deus,
1857 4324 2021 4375 quan-

469 4406 627 4455 quam
655 4391 800 4456 juxta
832 4392 1103 4444 historiam
1133 4393 1197 4446 de
1225 4393 1384 4448 .Iosue
1409 4397 1510 4448 dici
1537 4408 1725 4463 potest,
1762 4409 1930 4453 tamen
1953 4401 2019 4454 de

469 4478 680 4530 Christo
717 4479 989 4533 manifesta
1018 4481 1287 4546 praphetia
1319 4493 1397 4534 est
1418 4523 1430 4542 ,
1463 4487 1549 4550 qui
1582 4501 1738 4538 verus
1769 4491 2014 4554 propheta

469 4568 536 4619 de
561 4577 715 4634 gente
746 4566 902 4620 Israel
931 4576 1078 4622 ortus
1101 4581 1200 4625 est.
1253 4572 1313 4624 Et
1335 4575 1470 4627 sicut
1498 4575 1702 4645 Moyses
1747 4579 2014 4646 dispensa-

470 4666 552 4708 tor
577 4664 691 4708 erat
719 4659 908 4710 veteris
934 4657 1272 4726 Testamenti,
1299 4663 1369 4714 ita
1399 4675 1448 4716 et
1476 4662 1713 4720 Christus
1751 4669 1887 4721 novi.
1922 4670 2019 4724 De-

470 4743 625 4812 nique
680 4745 729 4798 in
785 4747 1074 4818 Evangelia
1130 4751 1380 4807 Dominus
1429 4755 1590 4808 dicit:
1645 4758 1706 4811 Si
1757 4761 2019 4813 crederetis

469 4831 660 4904 Moysi,
675 4839 938 4892 crederetis
961 4851 1006 4892 et
1027 4842 1170 4905 milii,
1195 4843 1258 4896 de
1279 4860 1355 4897 me
1375 4848 1502 4898 enim
1525 4848 1609 4900 ille
1628 4852 2018 4918 scripsit.Quod-

468 4939 570 4990 que
599 4924 745 4986 dicit,
772 4928 913 4980 Sicut
936 4946 1034 4990 me,
1059 4933 1347 4986 secundum
1369 4951 1602 4999 carnem,
1626 4947 1678 4991 et
1708 4954 1806 4993 non
1835 4957 2016 4995 secun-

467 5014 589 5065 dum
645 5012 971 5070 divinitatem
1027 5021 1423 5088 intelligendum
1480 5035 1580 5078 est.
1633 5030 1782 5093 Quod
1837 5041 2010 5084 autem

469 5103 720 5166 promittit
763 5103 1015 5159 Dominus
1059 5110 1309 5162 ultionem
1359 5113 1408 5164 in
1441 5111 1555 5167 illos
1583 5116 1668 5182 qui
1703 5117 1856 5171 verba
1897 5115 2012 5185 pro-

468 5191 672 5259 phetaa.
725 5193 775 5245 itl
802 5204 884 5248 est
929 5195 1118 5250 Christi
1147 5241 1160 5264 ,
1193 5202 1374 5254 audire
1417 5206 1644 5269 nollent,
1676 5210 2011 5265 comminatio

465 5293 584 5346 est,
618 5285 889 5352 plebisque
936 5284 1128 5339 Christi
1174 5290 1349 5343 verba.
1406 5293 1499 5346 llic
1525 5306 1604 5348 est
1638 5290 1818 5351 autem
1860 5317 2012 5354 verus

469 5370 749 5438 Propheta,
780 5377 844 5428 de
873 5392 976 5441 quo
1001 5376 1192 5432 dicitur
1217 5396 1229 5430 :
1266 5378 1385 5432 Non
1412 5395 1482 5434 est
1515 5383 1763 5455 I’r0plieta
1789 5392 1895 5444 sine
1922 5394 2010 5445 Ito-

469 5473 611 5522 κοτε,
640 5462 736 5511 nisi
770 5463 820 5513 in
849 5467 1013 5530 pitria
1039 5483 1147 5518 sua.

1039 5555 1256 5611 CAPUT
1296 5558 1429 5616 XIX.

542 5635 616 5686 De
643 5637 729 5686 illo
747 5639 832 5702 qui
855 5655 964 5692 cum
991 5646 1151 5695 amico
1170 5663 1260 5700 suo
1286 5651 1578 5717 simpliciter
1606 5660 1738 5710 vadit
1760 5662 1810 5712 in
1836 5663 2010 5717 silvam

470 5720 535 5818 ad
561 5723 705 5818 μνη-ιι
739 5723 942 5778 cedrino
962 5766 992 5818 ,Δ
1026 5744 1074 5784 et
1105 5733 1322 5801 reliqua.
1357 5741 1434 5794 Ad
1466 5743 1648 5800 silvam
1671 5747 1863 5818 quippe
1891 5768 2008 5805 cum

471 5807 640 5860 amica
667 5811 822 5874 ξυιυς,
847 5816 1052 5880 quoties
1091 5821 1154 5872 ad
1187 5819 1432 5880 intuenda
1461 5807 2006 5896 subditorumadelicta

2129 2055 2221 2107 illo
2262 2054 2626 2122 proculdubio
2661 2057 2830 2123 culpze
2867 2066 3067 2110 reatum
3115 2073 3218 2110 non
3270 2067 3491 2126 expetet
3532 2074 3692 2126 quem

2125 2141 2223 2196 sub
2250 2143 2388 2196 illius
2410 2143 2560 2196 venia
2591 2159 2741 2210 spes,
2767 2143 2930 2210 ﬁdes,
2962 2145 3226 2210 eharitas,
3259 2147 3562 2202 abscondit.
3594 2148 3696 2203 δε-

2124 2217 2298 2296 quitur
2323 2247 2333 2280 :
2373 2229 2489 2282 Non
2511 2230 2656 2282 stabit
2685 2233 3019 2285 testimonium
3061 2235 3213 2288 unius
3240 2247 3423 2287 contra
3449 2237 3690 2304 aliquem,

2125 2321 2214 2373 sed
2232 2321 2283 2373 in
2301 2336 2385 2374 ore
2402 2321 2618 2374 duorum
2638 2324 2712 2375 vel
2733 2325 2886 2376 trium
2907 2323 3100 2377 testium
3119 2326 3270 2378 stabit
3289 2341 3443 2379 omne
3463 2328 3689 2380 uerbum.

2128 2411 2270 2466 Licet
2297 2413 2627 2466 historialiter
2675 2413 3060 2467 observandum
3101 2423 3226 2480 est,
3280 2424 3459 2470 tamen
3505 2426 3691 2470 contra

2125 2501 2386 2570 quoslibet
2413 2502 2601 2567 impios
2643 2503 2726 2555 vel
2751 2504 3024 2558 haereticos
3053 2504 3255 2572 agimus
3299 2517 3513 2559 sanctas
3546 2506 3691 2560 Scri-

2127 2600 2303 2657 pturas
2329 2591 2380 2642 in
2409 2589 2626 2643 dubium
2657 2591 2851 2644 vocari.
2902 2591 3098 2645 Sensus
3137 2592 3332 2660 quippe
3361 2595 3528 2646 nostri
3551 2603 3690 2648 atte-

2125 2680 2280 2730 statio
2301 2679 2413 2731 sine
2436 2679 2517 2732 his
2539 2674 2756 2733 testibus
2783 2695 2884 2734 non
2910 2680 3066 2734 habet
3088 2681 3266 2736 ﬁdem.
3294 2682 3529 2735 Adtiibct
3550 2682 3688 2734 duos

2128 2777 2282 2821 testes
2314 2813 2327 2833 ,
2355 2769 2559 2821 scilicet
2589 2768 2747 2822 Vetus
2773 2779 2824 2824 et
2857 2769 3055 2823 Novum
3081 2787 3096 2834 ;
3139 2771 3334 2825 adhibe
3363 2772 3526 2825 etiam
3556 2785 3688 2840 qua-

2127 2865 2243 2910 tuor
2269 2857 2545 2926 Evangelia
2565 2898 2577 2917 .
2604 2867 2883 2927 prapnetas
2903 2902 2918 2924 ,
2949 2863 3246 2929 apostolum
3268 2901 3282 2924 ,
3313 2863 3502 2931 sicque
3527 2864 3688 2916 Stabit

2123 2962 2278 2999 omne
2296 2949 2532 3000 verbum.
2553 2948 2720 3002 Addet
2741 2965 2826 3003 res
2853 2952 2981 3003 alias
3011 2953 3062 3005 in
3089 2961 3223 3006 terra
3257 2957 3600 3020 repromissa,
3635 2952 3687 3006 id

2120 3047 2201 3090 est
2224 3038 2584 3091 credulitatem
2621 3039 2809 3106 Patris,
2831 3051 2883 3093 et
2912 3042 3050 3107 Filii,
3078 3056 3126 3096 et
3152 3041 3384 3112 Spiritus
3411 3046 3598 3098 sancti.
3631 3046 3685 3096 In

2124 3137 2258 3178 terra
2292 3128 2537 3181 Ecclesiae
2562 3142 2676 3196 post
2701 3133 3014 3198 baptismum
3041 3134 3198 3186 stabit
3227 3136 3504 3196 sacerdos.
3533 3137 3580 3188 id
3605 3147 3685 3188 est

2126 3215 2206 3265 lex
2233 3213 2314 3265 vel
2344 3215 2615 3278 Christus,
2651 3219 2732 3269 vel
2765 3221 3120 3286 unusquisque
3163 3222 3351 3275 doctor
3398 3225 3681 3291 perlectus,

2050 3285 2100 3350 ο
2127 3305 2444 3356 conﬁrmans
2474 3321 2577 3357 non
2606 3315 2784 3358 contra
2817 3307 3090 3362 luereticos
3112 3353 3125 3375 ,
3154 3311 3428 3365 daszues
3449 3355 3466 3379 ,
3500 3316 3580 3367 Vel
3607 3320 3685 3367 vi-

2126 3393 2224 3457 tiu;
2255 3393 2416 3448 duces
2442 3407 2567 3448 vero
2592 3396 2878 3464 prepbetre,
2907 3399 2989 3451 vel
3019 3402 3260 3468 apostoli,
3292 3401 3676 3471 intelliguntur.

2717 3508 2936 3564 CAPUT
2978 3511 3090 3565 XX.

2197 3593 2484 3664 Ejiciuntur
2519 3613 2576 3649 ea
2605 3598 2781 3663 prarlio
2819 3601 2903 3667 qui
2945 3616 3120 3654 novam
3146 3597 3357 3655 domum
3398 3607 3680 3674 trdiﬁeave-

2123 3691 2267 3747 runt,
2301 3683 2452 3735 simul
2477 3685 2562 3751 qui
2587 3687 2775 3738 vineam
2808 3687 3152 3757 pluntaverunt
3175 3733 3191 3754 ,
3219 3703 3310 3744 aut
3341 3695 3432 3762 qui
3473 3711 3679 3748 uxorms

2124 3773 2516 3840 desponderant,
2545 3774 2666 3843 quia
2690 3791 2793 3830 non
2821 3789 2989 3844 potest
3016 3778 3203 3833 divina:
3231 3783 3436 3837 militiae
3458 3788 3677 3849 servire,

2122 3861 2208 3927 qui
2232 3861 2394 3914 servit
2423 3866 2646 3931 negotiis
2674 3868 3034 3924 saecularibus.
3074 3869 3239 3925 Homo
3263 3889 3462 3943 quoque
3503 3876 3680 3942 formi-

2123 3949 2324 4003 dolosus
2351 3963 2397 4004 et
2417 3953 2624 4023 pauidus
2651 3959 2943 4025 projicielur
2968 3975 2996 4012 e
3015 3976 3204 4029 pugna,
3225 3977 3291 4014 ne
3317 3979 3498 4028 parere
3526 3966 3680 4032 faciat

2122 4040 2276 4092 corda
2302 4043 2518 4108 fratrum
2540 4059 2760 4098 suorum.
2792 4045 2902 4098 Non
2931 4057 3104 4115 potest
3131 4049 3368 4116 arripere
3391 4053 3678 4117 Spiritualis

2123 4131 2324 4184 militiae
2353 4147 2599 4202 pugnam,
2628 4138 2748 4204 quia
2771 4138 2940 4192 adhuc
2974 4140 3196 4194 terrenis
3224 4143 3478 4207 operibus
3508 4147 3676 4211 timet.

2121 4233 2186 4272 ne
2212 4221 2343 4275 forte
2372 4223 2502 4277 alios
2528 4225 2595 4280 ab
2623 4229 2918 4296 evangelica
2952 4231 3274 4296 perfectione
3305 4247 3407 4286 suo
3434 4240 3676 4305 exemplo

2121 4320 2351 4363 revocet.
2403 4311 2557 4368 Tales
2585 4317 2724 4369 enim
2756 4333 2858 4371 non
2890 4331 3104 4387 possunt
3151 4321 3286 4376 bella
3317 4323 3584 4389 proeliare.
3617 4325 3676 4380 Si

2117 4405 2318 4469 quando
2354 4408 2618 4460 accesseris
2664 4409 2730 4460 ad
2771 4411 3158 4479 oppugnandam
3201 4413 3487 4480 civitatem,
3519 4412 3572 4467 id
3599 4427 3675 4469 est

2117 4497 2352 4560 corporis
2381 4495 2433 4549 in
2463 4511 2596 4564 aqua
2626 4501 2832 4553 civitate
2863 4500 3091 4562 haeretici
3119 4543 3132 4565 ,
3166 4503 3247 4554 vel
3276 4501 3425 4556 vitia.
3484 4504 3672 4572 O/feres

2047 4611 2095 4667 ο
2121 4580 2196 4634 illi
2222 4587 2438 4650 primum
2467 4603 2673 4654 pacem,
2723 4587 2772 4640 id
2803 4600 2885 4642 est
2926 4587 3192 4641 Christum
3239 4590 3304 4641 ad
3327 4591 3668 4649 credendum.

2125 4669 2186 4722 Si
2214 4676 2451 4739 receperit
2481 4691 2634 4743 usque
2655 4687 2844 4745 portas,
2877 4676 2924 4728 id
2955 4686 3034 4729 est
3060 4676 3178 4730 ﬁdei
3214 4679 3297 4732 vel
3330 4684 3669 4750 pauitentir,

2123 4767 2170 4811 et
2195 4764 2368 4814 serviet
2393 4763 2499 4826 tibi,
2528 4770 2798 4830 percuties,
2835 4765 2882 4816 id
2913 4773 2994 4819 est
3023 4767 3071 4820 in
3098 4770 3406 4834 paenitentia
3453 4777 3534 4829 vel
3567 4776 3672 4829 viu-

2124 4849 2280 4902 dicta.
2342 4852 2549 4905 Gcneris
2596 4853 2886 4919 masculini,
2933 4854 3001 4908 id
3030 4867 3111 4910 e:t
3139 4860 3225 4927 qui
3266 4869 3394 4914 sunt
3435 4865 3666 4931 superbi.

2120 4943 2313 5006 Absque
2345 4943 2628 4997 mulieribus
2649 4985 2662 5007 ,
2712 4943 2893 5009 absque
2907 4947 3178 5015 jumentt‘s,
3229 4960 3275 5003 et
3319 4968 3423 5005 non
3447 4958 3679 5008 succides'

2117 5029 2346 5092 arbores,
2394 5030 2440 5082 id
2465 5040 2548 5084 cst
2591 5043 2799 5091 sanctos
2837 5036 3023 5102 quibus
3078 5038 3215 5092 vesci
3268 5048 3480 5109 potest,
3516 5044 3566 5098 id
3593 5057 3668 5100 est

2114 5121 2408 5187 prmceplis,
2441 5122 2640 5189 absque
2667 5123 2939 5176 animabus
2986 5135 3037 5176 et
3060 5126 3306 5180 mollibus
3346 5133 3595 5188 sensibus
3617 5146 3667 5189 et

2111 5209 2441 5278 simplicibus
2464 5229 2478 5276 ;
2535 5228 2622 5265 nec
2649 5214 2970 5267 uocatoribus
2997 5216 3256 5270 deosstare
3281 5219 3436 5276 debes
3460 5265 3477 5290 ,
3513 5225 3563 5280 id
3590 5237 3667 5280 est

2114 5305 2444 5370 praenitentes.

2680 5395 2899 5450 CAPUT
2937 5397 3074 5452 XXI.

2186 5481 2398 5544 Quando
2426 5485 2677 5536 inventuris
2699 5486 2850 5552 fuerit
2877 5485 3089 5541 [taurinis
3110 5489 3343 5553 cadaver.
3369 5504 3422 5545 et
3447 5495 3662 5567 reliqua.

2021 5571 2027 5577 '
2113 5571 2222 5623 lloc
2249 5572 2312 5624 ad
2335 5575 2556 5626 cadaver
2583 5574 2744 5626 Adam
2765 5589 2882 5629 cum
2898 5591 2995 5630 suo
3017 5592 3216 5646 genere
3243 5590 3422 5646 potest
3450 5586 3665 5643 demou-

2113 5661 2266 5712 strari
2295 5675 2310 5725 ;
2339 5663 2485 5730 cujus
2513 5663 2663 5715 credis
2688 5679 2805 5717 reus
2829 5667 3115 5735 ignoratur,
3146 5669 3193 5722 id
3219 5680 3303 5723 est
3321 5672 3578 5728 diabolus
3601 5677 3662 5730 ab

2112 5750 2409 5804 hominibus
2447 5753 2497 5805 in
2531 5763 2675 5820 parte
2707 5755 2862 5810 bona.
2893 5756 3116 5832 Majores
3141 5771 3269 5814 natu
3294 5773 3343 5815 et
3368 5765 3590 5827 iudices.
3614 5781 3663 5822 et

2111 5845 2379 5914 praplieta:
2412 5855 2463 5900 et
2487 5847 2709 5916 apostoli
2739 5831 3109 5924 intelliguntur.
3154 5854 3327 5910 Locus
3370 5866 3557 5915 autem
3583 5874 3661 5916 ca.
