3898 6260
112 448 222 502 58a

739 454 803 507 lN
848 454 1396 520 l’l-INTA'I‘LUCIILTSI
1438 457 1924 518 CUMMliNlAllll.
1967 495 2028 506 -
2077 468 2673 530 DI'IU'l‘l'.RONU.\llU.\l.

3216 491 3318 544 3.00

101 561 313 613 das-eris
346 565 470 618 Adae
503 567 806 632 paradisus,
853 570 1040 622 civitas
1068 570 1336 624 civitatum
1366 572 1531 625 lude.
1566 572 1654 626 Vi-
1683 575 1724 630 Α
1759 588 1836 627 est
1857 578 1904 630 in
1935 581 2179 647 vindicta,
2201 584 2277 637 vel
2309 587 2808 653 pmnitcntimCidus
2828 597 3040 651 cadaver
3062 617 3158 653 non
3178 604 3316 658 di'bel

99 650 208 700 tula
238 659 318 702 est
341 665 466 703 caro
491 652 712 715 Christi.
737 672 850 723 quze
893 658 1074 728 jugum
1103 662 1300 728 peccati
1347 678 1449 717 non
1477 664 1651 727 traxit,

100 751 200 793 nec
235 750 426 793 terrain
453 743 608 795 scidit
637 760 870 811 vomere,
902 749 950 800 id
975 759 1056 802 est
1080 761 1198 803 nata
1229 753 1343 805 sine
1367 753 1462 805 viri
1493 755 1650 807 coitu.

96 826 165 880 Et
190 833 406 883 educunt
433 833 573 885 illan:
604 835 654 886 in
681 836 859 888 vallem
883 853 1114 905 asperam
1144 849 1294 910 atque
1315 859 1566 906 saxosam,
1599 846 1649 898 id

91 931 177 973 est
203 920 370 974 Judzci
417 923 481 975 ad
523 923 773 979 humilem
823 931 995 982 crucis
1047 935 1340 1002 passionem
1387 953 1649 1002 asperam,

91 1012 275 1063 tnundi
310 1014 535 1079 peccatis
556 1024 608 1067 et
639 1016 1010 1072 teutationibus
1034 1001 1296 1076 saitosam.
1327 1017 1487 1079 \‘allis
1508 1031 1647 1081 enim

87 1099 387 1156 animarum
438 1103 785 1161 humilitatem
832 1111 1128 1179 signiﬁcare
1167 1126 1373 1184 potest,
1425 1135 1540 1187 quae
1570 1134 1650 1176 est

87 1204 275 1257 aspera
307 1203 490 1246 cuntra
517 1195 804 1263 diabolum,
832 1213 968 1270 'qute
999 1220 1266 1274 nunquam
1292 1216 1433 1261 arata
1463 1221 1565 1275 est,
1597 1212 1648 1265 id

83 1288 168 1331 est
196 1292 225 1332 a
251 1280 553 1337 doctoribus
589 1285 760 1341 cultro
787 1298 840 1344 et
869 1306 1081 1347 vomere
1101 1298 1297 1350 veteris
1323 1308 1376 1352 et
1400 1302 1519 1353 novi
1548 1301 1648 1356 Te.

82 1369 355 1423 stamenti.
396 1373 544 1439 Quod
576 1389 750 1430 autem
795 1379 962 1444 dicit,
999 1382 1061 1435 In
1098 1385 1190 1438 illa
1233 1390 1417 1442 cervice
1455 1392 1640 1456 vitulm,

83 1458 514 1523 praedicationem
570 1464 953 1523 lncarnationis
995 1475 1244 1526 ostendit.
1301 1479 1645 1547 Accedenique

77 1555 385 1616 sacerdotes,
419 1552 468 1605 id
498 1566 579 1607 εει
607 1556 698 1610 lilii
721 1557 866 1622 Levi,
901 1562 982 1615 vel
1013 1566 1237 1628 apostoli
1259 1552 1280 1630 ';
1314 1569 1389 1622 vel
1413 1572 1463 1621 in
1493 1588 1644 1624 mun-

76 1639 224 1705 dum,
253 1642 302 1693 id
326 1652 405 1695 est
430 1646 677 1713 sanguis;
709 1649 946 1703 lavabunt
973 1668 1154 1707 manus
1176 1673 1316 1714 suas.
1344 1659 1392 1714 id
1421 1669 1502 1713 est
1523 1676 1645 1732 ope-

78 1743 132 1780 ra
162 1744 259 1798 per
280 1729 436 1785 lldem
469 1733 870 1802 Incarnationis,
905 1749 958 1792 et
984 1740 1203 1797 dicent:
1242 1744 1431 1801 Manus
1458 1729 1644 1806 ttOsl—t’w

73 1833 176 1870 non
203 1819 494 1886 effuderunt
540 1827 841 1896 sanguinem
880 1829 1038 1896 hunc,
1062 1834 1212 1901 quasi
1233 1835 1472 1894 dicerent
1495 1860 1505 1894 :
1529 1843 1640 1897 Non

1760 683 2053 732 permanere
2072 672 2122 723 in
2151 673 2397 740 patibulo,
2414 675 2462 729 id
2482 688 2563 730 est
2593 679 2640 732 in
2661 691 2896 747 peccato.
2926 685 3031 740 Sed
3049 693 3316 759 sepelieur

1758 754 1928 807 eadem
1956 757 2053 820 die,
2071 759 2117 811 id
2144 771 2223 813 est
2246 762 2293 814 in
2321 778 2454 817 novo
2478 779 2567 832 per
2585 769 2965 833 paenitentiam.
2998 754 3316 834 Contamina-

1758 841 1830 893 bis
1848 852 1991 898 terra?
2002 848 2177 913 fetore,
2194 850 2241 903 id
2256 860 2336 905 est
2354 862 2486 906 terra
2501 858 2671 908 cordis
2691 857 2902 929 ;letore,
2921 863 2971 917 id
2985 875 3064 919 cst
3078 882 3311 936 peccata.

2335 942 2557 998 CAPUT
2590 945 2750 1002 XXII.

1828 1019 1945 1074 Non
1973 1023 2156 1078 videbis
2205 1027 2406 1094 bovem,
2439 1047 2604 1102 usque
2625 1077 2639 1099 ,
2695 1030 2758 1089 de
2781 1041 2961 1094 omisso
2987 1043 3160 1112 fratris
3192 1049 3262 1100 tui
3286 1063 3306 1103 :

1755 1109 1854 1162 huc
1906 1112 2106 1167 doetori
2151 1115 2358 1172 dicitur.
2412 1120 2768 1190 Spiritualitcr
2819 1130 2911 1184 bos
2949 1109 3130 1204 jugum
3177 1138 3305 1208 legis

1751 1201 2094 1257 sustinentem
2119 1205 2437 1263 demonstrat
2469 1228 2482 1275 ;
2516 1214 2662 1280 ovis,
2697 1201 3068 1288 innocentem;
3097 1228 3299 1295 asinus,

1750 1291 2001 1354 populum
2055 1295 2302 1361 gentium.
2361 1298 2678 1357 Vestimenta
2721 1320 2896 1363 autem
2954 1327 3110 1379 Opera
3158 1329 3299 1374 sunt.

1749 1376 1990 1432 Christus
2018 1393 2190 1437 autem
2238 1385 2398 1440 frater
2425 1399 2536 1455 est,
2583 1393 2645 1446 ad
2677 1410 2831 1464 quem
2873 1376 3184 1460 base—omnia
3209 1422 3303 1474 per

1749 1468 2037 1522 doctrinam
2070 1472 2190 1527 boni
2219 1477 2451 1532 doctoris
2476 1481 2736 1538 dicuntur.
2760 1488 2908 1554 Quod
2935 1504 3107 1547 autem
3137 1468 3296 1551 dicit:

1749 1558 1869 1612 Non
1894 1561 2132 1619 induatur
2160 1577 2289 1620 ueste
2310 1570 2461 1635 virili,
2495 1577 2723 1628 ostendit
2754 1577 2875 1632 illud
2905 1585 3042 1649 quod
3078 1585 3299 1651 Aposto-

1746 1651 1825 1704 lus
1854 1653 1923 1706 ait
1951 1672 1961 1705 :
2000 1654 2117 1708 Non
2145 1659 2379 1726 permitto
2409 1664 2609 1717 mulieri
2637 1667 2814 1722 docere
2843 1670 2892 1722 in
2921 1671 3165 1727 Ecclesia.
3197 1675 3300 1730 Ne-

1748 1758 1847 1811 que
1871 1747 2010 1798 euiin
2043 1751 2393 1804 sacerdotium
2419 1794 2441 1824 ,
2469 1769 2637 1823 neque
2664 1757 2901 1814 doctrina
2930 1762 3138 1818 feminis
3157 1804 3171 1829 ,
3200 1782 3297 1820 nec

1746 1833 1795 1885 in
1821 1834 2055 1890 Ecclesia
2083 1842 2422 1909 conceditur;
2453 1841 2544 1898 sed
2581 1861 2678 1901 nec
2699 1851 2776 1902 vir
2797 1851 2953 1905 debet
2981 1851 3124 1906 indui
3150 1867 3295 1910 veste

71 1911 327 1976 apostoli,
357 1927 527 1980 neque
564 1917 732 1970 sancti
782 1918 1080 1976 elTudei-unt
1133 1929 1441 1996 sanguinem
1484 1933 1636 1988 ctiri-
1669 1921 1710 1980 Β
1742 1923 1987 1981 feminea.
2014 1929 2161 1997 Quod
2185 1934 2321 1986 enim
2348 1933 2427 1987 vir
2451 1946 2549 2000 est,
2581 1948 2635 1991 et
2657 1940 3002 2007 principatum
3030 1946 3165 2011 gerit
3194 1945 3295 2000 Ec-

70 2001 159 2054 sti.
198 2001 263 2052 Et
299 2007 562 2071 auferatur
588 2006 652 2058 ab
671 2007 775 2062 illis
798 2011 1009 2080 sanguis
1029 2024 1220 2069 reatus.
1247 2018 1469 2089 Sanguis
1489 2025 1635 2078 Chri-

69 2091 139 2144 sti
170 2104 270 2160 pro
299 2093 494 2146 mundo
522 2092 722 2150 ell'usus
749 2106 846 2154 est.
898 2099 978 2154 Tu
1006 2112 1176 2156 autem
1211 2108 1408 2164 alienus
1444 2113 1543 2166 eris
1570 2113 1632 2164 ab

69 2179 350 2234 innocentis
393 2198 605 2249 cruore,
658 2187 708 2240 id
748 2197 827 2242 est
876 2205 984 2245 non
1023 2196 1247 2263 aposmli
1301 2214 1394 2265 pro
1436 2203 1633 2257 mundo

69 2273 207 2336 passi
238 2283 381 2329 sunt.
416 2276 664 2345 Sequitur
688 2292 704 2330 :
739 2281 800 2334 Si
829 2283 1013 2338 exieris
1035 2286 1101 2338 ad
1127 2288 1312 2342 belluas
1338 2304 1514 2347 contra
1537 2296 1629 2347 ini-

67 2363 223 2417 micos
251 2372 364 2417 tuos
382 2405 397 2430 ,
451 2374 496 2420 et
535 2369 799 2423 tradiderit
825 2371 1072 2428 Dominus
1110 2377 1161 2428 in
1186 2395 1362 2432 manus
1389 2391 1522 2446 tuas,
1546 2401 1631 2436 ca-

65 2452 228 2520 ptivos
274 2471 468 2522 quoque
502 2458 730 2522 duxerit,
783 2470 828 2514 et
857 2463 1044 2517 videbis
1087 2466 1138 2518 in
1179 2484 1386 2523 numero
1425 2473 1629 2528 illorum

66 2542 327 2595 mulierem
371 2546 674 2614 pulchram,
721 2561 770 2604 ει
804 2551 1028 2620 reliqua.
1079 2556 1262 2610 llicunt
1308 2559 1505 2628 Ιιιᾱεεὶ,
1541 2566 1628 2631 qui

65 2630 200 2685 hanc
228 2632 506 2688 historiam
538 2646 787 2704 servant,
835 2642 960 2709 quid
1011 2647 1230 2700 rationis
1260 2647 1418 2703 habet
1445 2653 1628 2707 mulie-

64 2736 176 2776 rem
206 2723 493 2790 decalvari,
519 2738 572 2780 et
600 2727 717 2794 ejus
749 2732 966 2798 ungulas
989 2733 1259 2789 abscindi?
1287 2738 1397 2791 llos
1426 2753 1622 2803 autem,

62 2812 107 2866 si
139 2813 415 2868 mulierem
475 2816 746 2884 pulchram
773 2859 787 2880 ,
832 2820 881 2873 id
911 2833 992 2874 est
1023 2829 1250 2879 animam
1293 2845 1410 2894 quae
1456 2848 1483 2881 ει
1520 2833 1626 2886 Deo

63 2902 282 2968 pulchra
310 2913 484 2958 creata
518 2915 629 2969 est,
678 2906 731 2959 in
761 2912 941 2976 gentili
974 2917 1378 2971 conversatione
1415 2922 1622 2975 inveni-

60 3009 210 3058 mus,
265 3006 316 3048 et
349 2997 538 3050 sociari
594 2998 737 3051 illam
788 3002 1110 3057 voluerimus
1155 3011 1364 3073 corpori
1397 3009 1618 3077 Christi,

59 3089 306 3156 deposito
345 3089 659 3145 idololatrias
685 3095 848 3160 cultu,
881 3096 1126 3150 induatur
1155 3099 1461 3168 lugubribus
1515 3119 1624 3172 pte-

62 3178 299 3231 niteutias
342 3178 682 3245 indumentis.
716 3183 906 3252 De/leat
949 3196 1137 3252 patrem
1163 3198 1209 3241 et
1251 3200 1492 3258 matrem,
1523 3193 1623 3248 hoc

1738 2017 1930 2081 rlesize,
1967 2036 2065 2075 nec
2090 2023 2246 2077 debet
2269 2025 2468 2095 aliquid
2503 2027 2787 2084 femineum
2816 2031 2899 2087 vel
2933 2034 3091 2089 molle
3117 2035 3168 2089 in
3197 2051 3288 2090 sua

1734 2107 1967 2162 doctrina
1997 2113 2206 2168 habere.
2949 2180 2954 2188 ,

1804 2197 1863 2251 Si
1890 2201 2189 2270 ambulans,
2231 2221 2432 2274 usque,
2483 2220 2529 2261 et
2559 2210 2707 2278 longo
2747 2211 2882 2265 vit-as
2923 2223 3160 2280 tempore.
3201 2216 3292 2270 Via

1733 2286 1872 2341 hunc
1901 2293 2148 2345 mundum
2193 2294 2520 2351 demonstrat
2547 2338 2562 2360 ,
2594 2303 2752 2354 arbor
2781 2306 3081 2369 Superbiam
3103 2350 3117 2372 ,
3153 2317 3290 2362 terra

1731 2379 1962 2430 carnalia
2011 2381 2102 2434 des
2123 2383 2308 2448 deria,
2362 2387 2513 2440 nidus
2561 2390 3063 2456 conversationem,
3119 2408 3290 2448 mater

1732 2465 2140 2538 uniuscujusque
2167 2478 2378 2526 carnem
2412 2475 2638 2531 hominis
2664 2477 3056 2535 incumbentem
3084 2483 3136 2534 in
3166 2499 3287 2550 pec-

1731 2568 1867 2622 cato,
1902 2560 2112 2631 longum
2144 2574 2377 2635 tempus,
2421 2567 2653 2623 futurum
2685 2572 2957 2626 saeculum.
3005 2574 3133 2627 Cum
3161 2578 3288 2629 trili-

1730 2648 1948 2714 ﬁcarerit
1971 2653 2172 2706 domum
2195 2672 2396 2721 novum,
2425 2658 2474 2712 id
2497 2668 2579 2712 est
2601 2659 2827 2714 animam
2860 2662 2938 2716 vel
2966 2662 3282 2731 Ecclesiaui;

1729 2738 1916 2806 faciens
1943 2756 2138 2794 murum
2158 2784 2172 2808 ,
2201 2745 2249 2796 id
2280 2756 2360 2800 est
2402 2749 2557 2814 lidei;
2591 2766 2689 2802 non
2721 2751 3012 2818 r/ftmdatur
3038 2756 3246 2824 sanguis
3268 2794 3284 2819 ,

1732 2828 1778 2876 id
1811 2838 1888 2879 est
1919 2829 2108 2883 bonum
2141 2837 2378 2889 naturale
2406 2852 2434 2889 a
2466 2838 2676 2893 diabolo
2706 2843 2787 2895 vel
2820 2842 3088 2908 titeretico,
3118 2843 3168 2897 id
3200 2854 3282 2900 est

1730 2915 1955 2970 Ecclesia
1991 2928 2098 2983 tua,
2130 2923 2207 2975 vel
2236 2925 2409 2979 anima
2442 2936 2548 2981 tua.
2582 2928 2701 2981 Non
2742 2948 2875 2985 seres
2898 2935 3090 2986 vineam
3121 2945 3281 3000 tuam,

1727 3003 1775 3054 id
1806 3014 1884 3056 est
1911 3005 2205 3061 doctrinam
2237 3011 2465 3078 Spiritus
2492 3017 2698 3082 sancti,
2730 3034 2790 3072 ac
2821 3021 2865 3073 si
2895 3021 3094 3076 diceret
3120 3040 3133 3073 :
3167 3024 3281 3077 Non

1729 3091 1884 3145 facies
1916 3094 2048 3145 bona
2096 3105 2148 3148 et
2177 3099 2312 3150 mala
2342 3102 2499 3154 sitnul
2547 3103 2678 3158 lleri.
2728 3107 2878 3172 Quod
2909 3121 3082 3162 autem
3111 3127 3122 3161 :
3161 3110 3281 3163 Non
3341 3147 3344 3150 η

1726 3185 1891 3237 (ii-abis
1941 3185 1992 3237 in
2021 3185 2140 3238 bove
2162 3189 2311 3240 simul
2361 3201 2408 3244 et
2434 3195 2615 3262 asino,
2656 3197 2914 3265 signiﬁcat
2959 3201 3089 3254 duos
3117 3217 3279 3270 popu-

59 3275 158 3331 cst,
203 3270 513 3322 memoriam
564 3270 720 3338 hujus
773 3274 979 3336 mundi,
1031 3287 1082 3330 et
1112 3279 1416 3346 gentilitatis
1441 3283 1620 3338 illece-

1732 3276 1823 3329 los.
1858 3276 1910 3330 In
1942 3276 2093 3331 bovis
2141 3277 2282 3332 enim
2332 3282 2545 3336 nomine
2587 3263 2811 3353 populus
2851 3290 2948 3342 sub
2975 3290 3096 3358 jngo
3119 3263 3282 3359 Ἰεςίε

61 3356 180 3409 bras
206 3357 485 3421 carnales,
513 3359 705 3415 deinde
735 3364 882 3418 verbi
917 3365 1004 3418 Dei
1034 3368 1287 3423 vocabulo
1309 3387 1462 3425 mune
1489 3389 1614 3443 pec-

58 3458 231 3502 catum
265 3450 590 3506 inﬁdelitatis
615 3453 774 3520 illius,
798 3456 934 3524 quod
963 3470 1224 3512 mortuum
1255 3470 1306 3513 et
1334 3462 1485 3517 inane
1512 3475 1613 3531 est,

58 3541 296 3595 radetur.
350 3542 412 3595 lli
450 3545 754 3598 sunteuim
809 3547 984 3610 capilli
1031 3558 1083 3603 ct
1123 3552 1328 3619 ungula:
1357 3555 1634 3623 mulieris,’

59 3638 213 3696 atque
241 3631 452 3683 demum
501 3646 594 3699 per
621 3633 885 3687 lavacrum
921 3637 1161 3703 bnpzismi
1193 3641 1461 3706 purillcata
1488 3660 1611 3698 con-

55 3719 289 3786 jungitur
314 3721 532 3774 sanctis.
585 3723 714 3775 Cum
749 3725 875 3777 nihil
904 3728 1222 3790 superﬂuum
1258 3731 1307 3781 in
1338 3733 1508 3798 capite
1535 3734 1612 3787 vel

61 3806 298 3860 manibus
329 3807 591 3873 habuerit,
627 3811 676 3863 id
706 3821 787 3864 est
815 3826 933 3865 cum
967 3829 1134 3882 neque
1156 3819 1417 3884 sensibus,
1447 3837 1613 3891 neque

61 3909 174 3949 :ictn
225 3899 553 3952 immundum
604 3901 796 3970 aliquid
844 3909 999 3975 gerit.
1054 3905 1196 3960 Unus
1218 3921 1382 3962 au’em
1409 3916 1609 3978 mensis,

59 4002 153 4052 quo
181 3998 329 4054 pacto
355 3992 471 4042 a'uci
492 3992 637 4062 jubet
668 3994 811 4046 illaut
851 3995 903 4047 in
932 4012 1132 4049 uxorem
1159 4039 1173 4063 ,
1226 4000 1380 4053 tidem
1403 4011 1455 4055 et
1481 4021 1612 4072 opus

57 4080 464 4145 signiﬁcantem.
514 4083 767 4137 Ternario
805 4097 976 4140 autem
1028 4103 1248 4142 numero
1281 4090 1407 4144 lides
1434 4104 1609 4146 osten-

56 4169 214 4234 ditur,
245 4170 463 4223 denario
493 4187 626 4238 opus
677 4174 836 4240 legis,
886 4189 980 4242 per
1029 4175 1185 4231 lldem
1232 4190 1282 4233 et
1312 4194 1443 4247 opus
1484 4183 1612 4253 legis

57 4262 228 4313 anima
263 4261 369 4314 Deo
399 4272 542 4314 recte
579 4264 831 4316 sociatur.
883 4266 983 4318 Alii
1016 4265 1150 4320 hanc
1190 4271 1462 4324 mulierem
1497 4276 1611 4339 pul-

56 4348 235 4402 chram
267 4349 416 4411 facie,
448 4351 815 4404 rationabilem
845 4353 1073 4422 aliquam
1100 4356 1427 4424 disciplinam
1460 4361 1612 4428 signi-

62 4440 217 4493 ﬁcare
249 4449 465 4506 putant,
515 4455 632 4508 qua:
671 4443 939 4506 sapienter
985 4447 1120 4499 dicta
1170 4447 1431 4502 invenitur
1475 4452 1611 4517 apud

57 4527 300 4593 gentiles,
331 4526 478 4593 quasi
502 4541 529 4577 a
558 4529 706 4581 nobis
733 4529 802 4582 sit
830 4542 1057 4597 reperta.
1090 4535 1305 4602 Oportet
1333 4537 1398 4589 de
1425 4552 1484 4590 ea
1511 4541 1610 4605 pri-

1721 3367 2001 3435 accipitur,
2059 3371 2110 3420 in
2151 3370 2302 3423 asino
2348 3379 2523 3426 autem
2567 3378 2788 3442 populus
2835 3382 3069 3448 gentium
3098 3382 3282 3456 [perti-

1722 3470 1852 3511 nens
1883 3472 2046 3524 usque
2077 3457 2442 3524 Evangelium.
2488 3458 2543 3512 ln
2568 3460 2704 3515 bove
2723 3473 2899 3519 autem
2920 3467 3076 3520 simul
3101 3478 3156 3523 et
3175 3472 3280 3523 asi-

1721 3560 1787 3598 no
1817 3555 1947 3606 arat,
1973 3546 2058 3611 qui
2088 3545 2163 3597 sic
2193 3545 2534 3615 Evangelium
2580 3549 2794 3614 recipit,
2830 3551 2910 3605 vel
2941 3551 3274 3609 Iudaicarum

1717 3635 2148 3698 superstitionum
2169 3673 2183 3695 ,
2215 3650 2333 3704 qua:
2363 3637 2412 3689 in
2446 3627 2627 3690 umbra
2655 3647 2711 3693 et
2738 3640 2962 3708 imagine
2992 3658 3276 3709 praecesse-

1715 3733 1857 3788 runt,
1887 3727 2231 3779 emrentonias
2261 3741 2364 3780 non
2405 3727 2687 3795 relinquat.
2741 3729 2869 3784 Item
2903 3733 2953 3786 in
2981 3731 3116 3792 bove
3142 3737 3274 3790 bene

1715 3817 2041 3881 operantium
2069 3815 2170 3869 vita
2203 3818 2472 3886 signatur,
2505 3817 2554 3870 in
2584 3819 2732 3872 asino
2772 3821 3053 3876 stultorum
3093 3817 3272 3878 vecor-

1713 3905 1818 3959 dia.
1855 3906 1988 3974 Ezgo
2021 3907 2070 3961 in
2106 3909 2236 3962 bove
2263 3908 2417 3961 simul
2449 3918 2501 3962 et
2528 3909 2681 3962 asino
2723 3925 2824 3963 non
2853 3913 3048 3975 arabis,
3075 3914 3268 3969 fatuum

1715 3996 1939 4062 sapienti
1988 3997 2038 4048 in
2073 3996 2446 4063 praedicatione
2477 4014 2577 4052 non
2608 3999 2811 4061 soeies,
2860 4002 2977 4068 quia
3013 4018 3114 4056 non
3145 4019 3270 4072 pos.

1716 4095 1837 4136 sinnt
1866 4085 2135 4152 aequaliter
2155 4088 2433 4139 enuntiare
2451 4088 2666 4140 verbum
2694 4088 2804 4142 Dei.
2835 4090 3115 4164 Sequitur:
3148 4092 3268 4146 Non

1715 4179 1890 4228 indues
1921 4187 2101 4228 vestem
2145 4194 2205 4229 ex
2227 4179 2344 4229 lana
2373 4180 2574 4245 linoque
2612 4190 2921 4233 contextam.
2972 4184 3070 4237 Per
3095 4185 3265 4238 lanam

1714 4264 2040 4329 simplicitas,
2075 4278 2168 4330 per
2194 4264 2357 4316 linum
2387 4266 2680 4319 sublimitas
2723 4269 3042 4336 designatur.
3099 4272 3268 4326 Vestis

1716 4368 1829 4419 qum
1861 4368 1925 4404 ex
1961 4354 2073 4404 lana
2105 4362 2156 4404 et
2184 4353 2287 4405 lino
2316 4355 2635 4417 contexitur,
2672 4357 2832 4412 linum
2866 4360 3085 4414 interius
3110 4363 3268 4427 celat,

1718 4443 1767 4492 in
1796 4441 2071 4506 superficie
2101 4442 2269 4495 lanam
2299 4446 2548 4498 ostendit.
2581 4446 2795 4501 Vestem
2823 4466 2947 4519 ergo
2975 4467 3036 4505 es
3069 4454 3180 4505 lana
3208 4455 3267 4507 li-

1718 4547 1886 4599 noque
1916 4542 2216 4586 contextam
2250 4535 2436 4599 induit,
2470 4537 2557 4604 qui
2584 4539 2681 4591 sub
2704 4539 2967 4594 locutione
3009 4541 3267 4598 innocen-

59 4631 204 4668 mum
254 4617 461 4668 auferre
505 4628 715 4669 omnem
766 4621 1153 4684 superstitionis
1207 4623 1608 4690 immunditiam,
1646 4613 1693 4672 D
1723 4627 1806 4677 tias
1852 4625 1992 4678 intus
2040 4624 2413 4680 sublimitatem
2456 4629 2591 4681 celat
2635 4627 2865 4689 malitim.
2907 4629 3184 4685 Funiculos
3215 4636 3263 4686 in

57 4715 108 4757 et
137 4705 215 4758 sic
247 4704 388 4757 illam
421 4704 470 4756 in
500 4706 676 4758 studio
705 4709 939 4761 veritatis
968 4725 1254 4763 assumere.
1297 4713 1444 4766 Nulla
1469 4717 1606 4770 enim

57 4797 192 4860 apud
220 4795 444 4864 gentiles
490 4797 745 4865 sapientia
778 4809 856 4851 est
884 4842 897 4864 ,
942 4804 1022 4854 cui
1068 4803 1393 4860 immunditia
1438 4809 1608 4878 aliqua

58 4889 134 4939 vel
167 4886 471 4955 superstitio
501 4897 603 4938 non
637 4887 702 4939 sit
732 4888 974 4942 admista.

129 4977 188 5032 Si
219 4976 445 5030 habuerit
483 4973 634 5027 homo
670 4976 797 5028 duas
825 4994 1007 5031 uxores
1030 5019 1043 5041 ,
1075 4995 1236 5049 usque
1261 5027 1275 5048 ,
1309 5000 1406 5036 non
1427 4992 1606 5053 poterit

59 5075 226 5136 facere
254 5067 418 5133 lilium
440 5067 653 5128 dilectas,
685 5075 736 5120 et
760 5066 974 5133 reliqua.
1010 5070 1063 5122 ln
1095 5069 1194 5124 hoc
1221 5072 1460 5129 Christus
1488 5095 1605 5132 cum

59 5162 259 5213 duabus
290 5158 538 5214 Ecclesiis
577 5167 748 5226 potest
782 5159 1039 5226 intelligi,
1067 5163 1154 5228 qui
1186 5179 1289 5217 non
1318 5169 1511 5234 profert
1545 5171 1606 5224 li-

62 5253 182 5303 lium
215 5249 440 5312 dilecte,
471 5250 519 5303 id
545 5258 626 5304 est
669 5252 913 5319 pnpttlttnl
947 5250 1197 5304 Ecclesia
1221 5257 1485 5325 gentium,
1521 5276 1609 5327 po-

64 5343 238 5408 pulnm
265 5340 550 5409 Synagogas
587 5343 637 5393 in
662 5342 966 5394 division-m
993 5343 1296 5394 substantia:
1317 5384 1332 5408 ,
1377 5348 1474 5399 hoc
1505 5357 1607 5414 est,

65 5432 116 5484 in
138 5429 398 5483 mandatis
428 5430 575 5497 legis,
607 5435 635 5482 ιι
662 5433 853 5506 populo
879 5433 1018 5484 enim
1043 5432 1346 5502 Synagoga,
1381 5436 1481 5490 hoc
1505 5450 1604 5506 est,

64 5538 90 5574 a
121 5521 375 5591 primitiva
405 5518 640 5572 Ecclesia
671 5505 974 5590 principium
1005 5534 1103 5578 est.

133 5613 347 5682 Quando
374 5611 646 5679 peccaverit
671 5611 857 5688 homo,
891 5631 1055 5684 usque
1074 5659 1088 5681 ,
1120 5618 1208 5670 sed
1237 5618 1290 5668 in
1327 5620 1500 5673 eadem
1527 5639 1607 5675 se-

67 5706 297 5758 melietur.
351 5703 444 5756 llic
489 5701 647 5754 homo
695 5708 1049 5777 unusquisque
1099 5710 1389 5775 baptizatus
1437 5722 1609 5779 potest

68 5795 310 5863 intelligi,
341 5792 425 5862 qui
455 5791 497 5857 si
532 5795 851 5860 peccaverit,
884 5796 1039 5851 debet
1078 5798 1297 5868 judicari
1333 5801 1520 5866 morti,
1554 5801 1603 5854 id

1720 4715 1927 4778 fimbriis
1963 4715 2115 4782 {acies
2139 4755 2152 4775 ,
2197 4716 2247 4768 id
2277 4726 2376 4781 est,
2412 4719 2654 4770 mandata
2700 4721 2826 4785 legis
2851 4721 3106 4787 exemplis
3134 4737 3261 4788 apo-

1717 4808 1988 4859 stolorum.
2045 4804 2145 4856 Per
2167 4813 2377 4870 quatuor
2421 4810 2631 4871 angulos
2660 4807 2801 4873 pallii
2832 4809 2924 4870 tui,
2957 4809 3006 4860 id
3037 4818 3135 4869 est,
3169 4826 3262 4876 per

1715 4897 2072 4950 credulitatem
2119 4904 2338 4960 quatuor
2378 4894 2626 4948 librorum
2670 4895 2806 4948 fulvi.
2852 4896 3100 4964 Insuper,
3130 4899 3261 4954 Cen-

1717 4996 1817 5038 tum
1863 4982 2001 5036 siclis
2043 4984 2267 5048 argenti,
2301 4981 2351 5035 id
2390 4993 2502 5046 est,
2546 4983 2816 5052 integritas
2864 5000 3171 5053 pteuarum;
3205 4999 3257 5041 ut

1715 5077 2050 5146 fei'iiicaretnr
2093 5072 2318 5124 iudomo
2367 5075 2519 5138 patris
2555 5075 2671 5135 sui,
2725 5073 2773 5125 id
2817 5085 2896 5128 est
2943 5075 2994 5128 in
3025 5075 3257 5131 Ecclesia

1710 5177 2030 5222 sanctorum.
2084 5165 2143 5217 Si
2175 5164 2428 5216 dormiant
2476 5179 2586 5216 cum
2629 5180 2785 5217 uxore
2814 5166 3041 5228 alterius,
3082 5170 3132 5219 id
3176 5179 3257 5221 est

1713 5259 1988 5313 hzereticus
2033 5271 2149 5308 cum
2184 5254 2443 5315 Ecclesia,
2475 5270 2590 5321 qua:
2630 5253 2822 5308 Christi
2863 5270 2992 5308 uxor
3025 5254 3256 5308 dicitur:

1711 5350 1820 5401 sive
1841 5360 2028 5401 sensus
2060 5345 2224 5398 malus
2245 5358 2364 5397 cum
2386 5345 2578 5406 anima,
2611 5341 2724 5410 quze
2751 5343 2871 5394 boni
2900 5342 3131 5395 ductoris
3155 5353 3254 5398 est.

1784 5441 1992 5509 Utrique
2013 5439 2315 5502 moriuntur,
2361 5437 2409 5489 id
2437 5445 2517 5488 est
2547 5436 2595 5487 in
2627 5433 2852 5486 vindicta
2881 5433 2964 5486 vel
2996 5435 3255 5500 peniten-

1712 5535 1800 5586 tia.
1831 5531 1890 5587 Si
1912 5529 2131 5600 puellam
2152 5531 2412 5599 virginem,
2446 5526 2493 5578 id
2525 5535 2603 5576 est
2623 5523 2904 5577 Ecclesium
2924 5523 3256 5589 despoiideno

1712 5634 1813 5676 tum
1846 5623 2057 5676 (lhristo
2104 5637 2252 5674 suam
2297 5618 2666 5686 virginitatem.
2719 5611 2787 5665 Et
2831 5614 3065 5667 invenerit
3115 5614 3256 5667 illam

1709 5717 1909 5781 aliquis,
1938 5715 1988 5768 id
2020 5725 2101 5769 est
2127 5714 2360 5773 Judreus,
2388 5711 2465 5763 vel
2503 5707 2802 5768 llJII'CIlCIIS.
2849 5708 2958 5760 sive
2989 5717 3250 5774 peccator.

1709 5807 1787 5858 Ad
1813 5815 2004 5874 portam
2054 5804 2284 5868 civitatis,
2319 5801 2367 5855 id
2391 5810 2468 5856 est
2489 5799 2552 5853 ad
2586 5791 2739 5850 linem
2775 5794 3040 5850 Ecclesiic.
3085 5793 3150 5849 ει
3171 5797 3251 5848 la-
