3898 6260
502 389 594 439 δ”Ι

993 387 1190 442 ΒινζυΑζ
1236 387 1675 443 ΥΕλΕηΛῆΙΙλδ
1713 387 1988 442 ΟῐἚῐιυΜ
2031 387 2047 440 I

2157 387 2204 438 ιδ
2245 385 2305 438 ll.
2341 415 2409 430 -η
2451 381 2826 435 EXEGETIIIA
2871 381 3188 437 GENUINA.
3581 376 3644 430 59

504 497 702 564 pidibus
725 501 1007 557 obruentur,
1038 495 1086 548 id
1117 506 1199 549 cst
1225 497 1275 550 in
1307 496 1697 558 vindieta,sive
1735 494 2049 548 testimoniis
2078 498 2120 550 Α
2151 493 2253 542 tum
2283 491 2553 550 debemus,
2572 498 2625 542 ιιι
2645 487 2708 540 ad
2743 488 3203 555 reprehendendos
3225 499 3585 557 nosmetipsos
3600 501 3687 542 ac-

504 588 554 636 in
588 570 903 650 pcenitentia.
937 584 1066 647 Quia
1104 602 1201 638 non
1231 585 1484 651 clamavit,
1534 585 1584 638 id
1631 595 1710 638 est
1753 585 2036 638 consensit.

506 677 640 739 Ager
666 683 839 724 autem
872 674 1140 741 Evangelii
1161 676 1455 727 doctrinam
1494 673 1782 744 signiﬁcat;
1813 688 1928 741 qua:
1958 687 2041 725 sco

510 775 736 829 quuntur
760 779 890 832 pene
933 765 1082 832 juxta
1118 766 1255 818 hunc
1284 765 1524 818 ordinem
1556 763 1856 832 accipienda
1899 776 2039 816 sunt.

503 852 745 905 Clamavit
771 863 817 907 et
845 854 1014 906 nullus
1044 855 1229 921 adfuit,
1266 854 1317 906 id
1363 864 1444 907 est
1473 868 1632 921 usque
1660 853 1722 905 ad
1762 854 2039 906 adventum

503 941 716 996 Christi.
742 941 842 996 Per
868 943 1119 995 hominem
1143 944 1229 1012 qui
1274 946 1460 1012 accepit
1491 959 1692 997 uxorem
1737 944 1907 1012 fratris
1940 943 2039 1006 sui,

506 1031 743 1098 diabolus
775 1031 858 1083 vel
901 1030 1179 1085 hmreticns
1221 1033 1531 1097 ostenditur,
1561 1032 1824 1098 accipiens
1869 1030 2045 1084 Eccle-

505 1119 633 1169 siam
663 1115 841 1170 fratris
866 1120 964 1182 sui,
995 1121 1042 1172 id
1089 1128 1170 1173 est
1198 1119 1413 1186 Christi,
1446 1137 1510 1174 ne
1533 1119 1844 1175 revelaverit
1872 1118 2045 1186 operi-

507 1221 737 1264 mentum
767 1212 903 1266 illius
925 1212 1251 1267 ﬁdelitatem.

1058 1300 1279 1353 CAPUT
1317 1299 1498 1354 XXIII.

577 1387 726 1448 Quod
747 1397 924 1450 autem
955 1388 1077 1441 dicit
1102 1428 1116 1449 ,
1160 1387 1277 1440 Non
1324 1389 1522 1440 intrabit
1560 1387 1814 1441 eunuchus
1861 1388 2044 1441 attritis

502 1479 577 1528 rel
604 1479 869 1542 amputatis
915 1478 1177 1543 testiculis,
1218 1487 1262 1529 et
1308 1478 1497 1530 absciso
1547 1488 1729 1530 t'eretro
1771 1475 2045 1529 Ecclesium

508 1565 622 1630 Dei,
661 1567 886 1621 ostendit
911 1568 1047 1636 quod
1097 1581 1282 1620 onmes
1309 1569 1394 1634 qui
1441 1565 1670 1619 molliter
1699 1566 1896 1631 vivunt,
1948 1580 2044 1620 nec

508 1665 756 1708 οχνιτυιιι
775 1670 907 1722 opus
934 1657 1098 1719 virile,
1128 1670 1228 1708 non
1258 1665 1474 1722 possunt
1503 1669 1810 1721 permanere
1841 1655 1891 1707 in
1943 1670 2044 1707 nu-

508 1760 654 1797 mero
677 1755 1000 1808 sanctorum,
1044 1748 1156 1798 sive
1182 1744 1601 1812 congregatione.
1651 1743 1748 1807 Qui
1775 1755 1938 1796 autem
1981 1746 2044 1796 de

2140 580 2314 642 cincti,
2363 590 2570 631 acutum
2617 577 2753 631 circa
2801 592 2895 630 nos
2943 579 3210 630 stimulum
3268 581 3685 644 compunctiunts

2147 671 2454 733 habeamus,
2507 670 2593 737 qni
2644 668 2970 722 incessanter
3000 679 3188 721 terram
3247 672 3442 722 mentis
3495 682 3686 724 nostra

2142 758 2442 828 ptenitcnliu
2465 767 2518 810 et
2546 757 2728 809 dolore
2755 756 3039 820 confodiat,
3084 766 3138 810 et
3186 757 3282 808 hoc
3309 759 3448 823 quod
3477 773 3504 807 a
3539 760 3688 811 nobis

2141 847 2359 900 fetidum
2390 845 2563 910 erupit
2592 844 2894 897 abscondat.
2953 844 3134 912 Egesta
3174 844 3326 895 Imma
3377 847 3589 911 operies,
3636 847 3687 898 id

2141 944 2243 999 est,
2277 945 2330 986 ut
2357 935 2602 986 obscuret
2630 943 2898 1001 peccatum
2949 948 3099 986 suum
3132 936 3458 1002 paenitentiae
3504 950 3683 997 Opere.

2145 1021 2263 1076 Non
2287 1023 2457 1074 tradas
2481 1038 2672 1074 servum
2696 1021 2898 1073 domino
2921 1037 3032 1073 suo.
3081 1022 3188 1074 Iloc
3237 1022 3443 1074 doctori
3477 1023 3686 1083 dicitur,

2144 1120 2334 1163 tttcuni
2367 1111 2580 1163 servum
2611 1109 2854 1172 diabolo,
2900 1125 3053 1177 quem
3099 1125 3128 1161 a
3181 1115 3434 1164 servitute
3489 1115 3686 1179 peccati

2143 1214 2244 1253 non
2271 1200 2605 1252 converterit.
2642 1198 2757 1250 Non
2779 1199 3036 1267 contristes
3063 1214 3193 1260 cum,
3218 1198 3267 1250 itl
3293 1209 3391 1259 est,
3422 1199 3473 1252 in
3502 1202 3689 1264 despe-

2142 1288 2361 1351 ratione,
2385 1291 2492 1339 sive
2524 1287 2574 1339 iit
2598 1286 2921 1352 pmnitentia.
2977 1285 3094 1338 Non
3125 1289 3360 1339 meretrix
3381 1290 3494 1349 erit,
3527 1290 3579 1341 id
3608 1300 3687 1341 est

2141 1377 2344 1438 anima;
2380 1391 2467 1428 nec
2489 1385 2754 1438 scortator,
2786 1375 2834 1427 id
2865 1384 2944 1426 est
2968 1375 3231 1438 diabolus,
3255 1375 3343 1444 qui
3372 1378 3549 1443 genuit
3585 1379 3688 1430 ha:-

2143 1466 2381 1520 reticum.
2410 1464 2708 1525 Prostibuli,’
2733 1465 2784 1515 id
2805 1475 2880 1516 est
2909 1465 3116 1517 animae.
3146 1465 3254 1516 Nec
3268 1469 3480 1529 pretium
3503 1471 3687 1529 carnis,

2144 1553 2195 1606 id
2225 1561 2327 1615 est,
2368 1552 2654 1614 utdicitur,
2688 1551 2805 1604 Non
2833 1551 2975 1604 dabis
3019 1563 3249 1604 sanctum
3277 1555 3518 1617 canibus;
3544 1558 3692 1610 aliter

2145 1643 2245 1698 hoc
2275 1644 2538 1712 signiﬁcat
2559 1643 2699 1711 quod
2732 1659 2834 1695 non
2861 1643 3116 1695 debemus
3150 1643 3546 1712 eleemosynam
3593 1645 3689 1696 im-

2143 1734 2342 1786 molare
2365 1747 2460 1798 pio
2485 1739 2717 1800 peccato.
2748 1731 2854 1784 Nec
2872 1733 3119 1800 {enercbis
3139 1737 3332 1802 fruges,
3359 1734 3408 1786 id
3430 1743 3509 1785 est
3534 1735 3688 1802 legis;

502 1844 665 1886 scorto
695 1845 836 1886 natus
865 1842 932 1886 est
955 1850 1108 1904 usque
1127 1835 1192 1887 ad
1211 1835 1453 1887 decimam
1473 1836 1852 1905 generationem,
1881 1835 2043 1899 prohi-

2157 1821 2240 1883 ted
2270 1823 2461 1883 alieno.
2489 1823 2538 1875 id
2566 1830 2648 1876 est
2691 1823 2872 1890 gentili
2928 1822 3139 1889 pupula.
3192 1820 3462 1891 Ingressus
3501 1825 3690 1875 tineam

502 1927 648 1975 bclur
690 1927 876 1976 intrare
902 1926 953 1977 in
1002 1924 1292 1978 Ecclesium.
1322 1925 1418 1991 Qui
1439 1925 1575 1979 enim
1607 1925 1670 1978 de
1686 1924 1880 1978 carnali
1912 1925 2042 1990 vita,

507 2018 587 2067 vel
618 2016 682 2069 de
710 2017 995 2082 gentilitate
1015 2017 1154 2069 venit
1182 2017 1246 2068 ad
1282 2017 1590 2078 Ecclesiam,
1626 2025 1751 2069 tunc
1781 2015 2042 2083 recipien-

510 2107 606 2155 dus
636 2115 736 2166 est,
760 2119 878 2157 cum
915 2114 1171 2172 prmcepta
1205 2105 1333 2173 legis
1361 2104 1706 2172 spiritualiter
1734 2105 2044 2166 servaverit,

509 2195 647 2259 quod
677 2195 932 2260 signiﬁcat
959 2194 1199 2247 denarius
1229 2208 1495 2247 numerus.
1526 2193 1674 2258 Quod
1699 2208 1823 2246 vero
1845 2193 2049 2245 Ammo-

508 2283 630 2332 nitrs
655 2291 696 2331 et
745 2281 986 2334 Moabites
1013 2298 1112 2333 non
1138 2266 1490 2351 permittuntur
1519 2284 1567 2334 in
1596 2294 1830 2335 aztcrnttm
1863 2285 2050 2336 intrare

508 2371 561 2421 in
593 2369 885 2432 Ecclesium,
912 2371 1168 2438 signiﬁcat
1190 2372 1254 2424 ab
1285 2372 1514 2424 Ecclesia
1540 2373 1814 2425 haereticos
1842 2386 2050 2438 semper

509 2476 626 2515 e-se
657 2462 1000 2528 repellendos.
1024 2462 1335 2516 llaereticmn
1361 2472 1555 2527 autem,
1580 2462 1765 2528 inquit,
1785 2461 2048 2513 hominem

513 2567 624 2619 post
667 2569 821 2607 unam
853 2563 905 2608 et
925 2555 1140 2608 alteram
1182 2555 1572 2620 correptioncm
1605 2555 1800 2606 devita.
1857 2553 2044 2620 Sequi-

513 2652 592 2693 tur
623 2660 633 2693 :
685 2641 802 2694 Non
851 2642 1210 2696 abominaberis
1237 2640 1542 2705 ldumtcum,
1587 2642 1703 2711 quia
1731 2646 1900 2714 frater.
1932 2651 2045 2696 tuus

510 2741 600 2792 est,
649 2746 736 2781 nec
791 2728 1107 2801 nggptium.
1160 2729 1258 2783 Per
1311 2729 1613 2799 [Egyptium
1660 2734 1714 2783 et
1768 2728 2045 2781 ldumzeum

510 2817 832 2883 signiﬁcatur
864 2834 1094 2887 przesens
1120 2821 1245 2878 vita.
1295 2819 1380 2872 cui
1429 2819 1668 2886 quamvis
1694 2817 2051 2871 renuntiantes

515 2911 578 2961 ad
603 2909 900 2976 Egyptiam
933 2921 1147 2970 terram,
1174 2908 1222 2959 id
1268 2917 1366 2969 est,
1402 2892 1672 2974 pristinam
1698 2907 2049 2960 conversatio-

514 3013 632 3050 nem
664 2997 840 3050 nmndi
886 3006 941 3051 et
983 2997 1461 3063 concupiscentiam
1492 2994 1841 3060 declinemus;
1875 3002 2048 3048 tamen

513 3088 637 3139 dum
691 3085 843 3155 hujus
889 3087 1063 3139 mundi
1117 3085 1515 3140 necessitatibus
1569 3085 1850 3150 subditur,
1910 3087 2046 3154 quod

517 3176 815 3245 Egyptiam
863 3176 1124 3228 nationem
1153 3189 1478 3240 nequaquam
1501 3176 1901 3242 exstinguimus,
1931 3177 2053 3230 licet

520 3265 588 3316 ab
615 3265 722 3331 ipsa
749 3263 973 3331 quadam
1005 3262 1320 3316 discretione
1346 3275 1670 3329 separemur,
1708 3277 1809 3314 non
1854 3262 1919 3315 de
1967 3277 2054 3315 su~

519 3355 731 3423 perlluis
752 3355 1062 3420 cogitantes,
1085 3353 1177 3407 scd
1203 3353 1388 3416 simus,
1412 3352 1702 3406 secundum
1725 3351 2053 3418 Apostolum,

522 3447 660 3499 victu
688 3445 994 3514 quutidiano
1025 3443 1434 3513 indumentoque
1478 3443 1730 3497 contenti.
1781 3441 1929 3508 Quod
1959 3456 2055 3497 au—

515 3544 620 3588 tem
653 3535 863 3596 dicitur,
891 3535 988 3598 Qui
1007 3535 1112 3586 nati
1134 3535 1318 3603 fuerint
1347 3549 1411 3586 ea:
1434 3520 1694 3586 illistcrtia
1722 3536 2054 3603 generatione,

515 3621 771 3674 intrabunt
796 3624 848 3673 in
881 3621 1158 3675 Ecclesium
1199 3623 1423 3690 Domini,
1450 3623 1712 3691 signiﬁcat
1753 3625 1891 3693 quod
1936 3633 2056 3679 tunc

517 3713 785 3766 smeularis
814 3713 1034 3781 quisque
1058 3720 1226 3779 potest
1266 3714 1464 3765 sanctis
1510 3712 1600 3764 Dei
1638 3711 1904 3781 conjungi,
1934 3728 2051 3767 cum

517 3803 747 3871 perfecte
775 3801 1055 3856 crediderit
1086 3801 1138 3855 in
1181 3799 1409 3864 Patrem,
1453 3800 1662 3865 Filium,
1706 3811 1760 3855 et
1808 3802 2056 3869 Spiritum

517 3901 777 3956 sanctum,
805 3892 884 3945 vel
913 3907 1032 3945 cum
1059 3892 1184 3961 Spe,
1224 3891 1372 3954 Fide,
1400 3889 1684 3954 Cbaritate,
1715 3891 1784 3945 sit
1822 3900 2055 3945 ornatus.

517 3985 762 4053 Sequitur
790 4002 801 4036 :
852 3983 912 4038 Si
934 3983 1084 4052 fuerit
1113 3984 1238 4035 inter
1263 4000 1346 4036 ros
1372 3982 1541 4050 homo,
1575 3984 1660 4052 qui
1687 3991 1930 4036 nocturno
1950 3984 2062 4052 pol-

517 4076 649 4128 lutus
696 4074 758 4128 sit
792 4073 1004 4137 somnio,
1064 4082 1117 4126 et
1163 4072 1382 4141 reliqua.
1434 4071 1750 4127 Nocturnum
1801 4073 2060 4127 somnium

519 4165 739 4218 tentatio
765 4164 993 4226 occulta,
1027 4176 1118 4230 per
1143 4178 1297 4230 quant
1321 4163 1569 4231 cogitatio
1594 4163 1869 4216 tenebrosa
1911 4171 2061 4230 turpe

523 4253 721 4318 aliquid
752 4255 912 4303 corde
938 4251 1198 4318 concepit,
1228 4251 1368 4319 quod
1422 4263 1594 4306 tamen
1622 4267 1784 4320 opere
1812 4267 1917 4306 non
1972 4269 2064 4307 ex-

523 4340 720 4407 pletur.
747 4339 1003 4391 Pollutum
1026 4341 1216 4405 quippe
1244 4349 1390 4393 extra
1413 4350 1584 4393 castra
1604 4341 1772 4406 exire,
1799 4351 1898 4403 est,
1925 4343 2065 4408 turpi

2148 1915 2363 1980 proximi
2387 1913 2479 1974 tui,
2507 1914 2554 1966 id
2576 1923 2656 1966 est
2687 1916 2853 1983 legem
2875 1913 3089 1967 Christi.
3109 1913 3324 1966 Comede
3350 1930 3492 1977 uvas,
3516 1914 3569 1967 id
3592 1925 3687 1977 est,

2146 2004 2302 2055 crede
2333 2002 2742 2055 incarnationem
2792 2002 3007 2054 Christi.
3061 1999 3222 2054 Foras
3269 2015 3459 2065 autem,
3511 2004 3562 2055 id
3615 2015 3692 2056 est

2146 2100 2296 2143 extra
2326 2091 2632 2145 Ecclesiant.
2675 2091 2735 2144 Si
2762 2091 3028 2143 intraveris
3076 2091 3127 2142 in
3163 2101 3379 2160 segetem
3423 2107 3572 2142 amici
3601 2093 3688 2152 tui,

2149 2180 2198 2232 id
2229 2183 2380 2234 estin
2410 2182 2596 2235 ordine
2641 2182 3023 2242 mandatorum,
3069 2183 3180 2234 sive
3211 2183 3262 2234 in
3314 2183 3429 2249 lege
3479 2182 3686 2236 Christi.

2150 2267 2351 2337 Frange
2377 2271 2561 2336 spicas,
2592 2279 2636 2321 et
2656 2285 2804 2321 manu
2839 2284 3057 2332 contere,
3083 2270 3132 2322 id
3181 2283 3261 2323 est
3295 2272 3519 2324 litteram
3569 2275 3690 2340 legis

2147 2361 2386 2426 exemplo
2415 2361 2532 2413 ﬁdei
2564 2369 2682 2411 tum.
2706 2357 2869 2412 Fa‘ce
2895 2376 2993 2412 non
3034 2372 3207 2427 metas,
3237 2361 3286 2414 id
3313 2371 3514 2415 estnon
3544 2379 3690 2417 exoc-

2149 2447 2244 2502 das
2274 2463 2390 2502 cum
2419 2463 2575 2503 sensu
2604 2451 2932 2517 eomplendo.

2703 2558 2922 2614 CAPUT
2960 2559 3139 2613 XXIV.

2223 2648 2286 2704 Si
2312 2651 2556 2716 acceperit
2579 2649 2729 2702 homo
2753 2666 2974 2714 mrem,
3005 2661 3059 2703 et
3087 2651 3309 2720 reliqua,
3345 2669 3534 2722 usque,
3555 2653 3691 2724 Refi-

2149 2755 2259 2794 cere
2283 2756 2410 2792 cam.
2442 2740 2535 2794 Hic
2564 2741 2719 2793 homo
2741 2740 3003 2793 Christum
3035 2743 3314 2813 signiﬁcat,
3359 2759 3490 2796 uxor
3528 2749 3690 2814 Syna-

2153 2843 2336 2899 gogam
2365 2829 2690 2894 Juda'orum,
2722 2843 2839 2898 qum
2859 2829 3121 2882 Christum
3151 2847 3253 2885 non
3285 2832 3488 2887 invenit
3516 2849 3691 2903 persc-

2150 2921 2376 2988 quendo,
2407 2927 2462 2972 et
2481 2919 2545 2971 ad
2577 2932 2788 2973 erucem
2819 2919 3093 2975 trahendo.
3127 2920 3273 2976 Liber
3293 2936 3459 2976 autem
3479 2927 3690 2994 repudii,

2152 3008 2205 3062 id
2235 3019 2314 3062 est
2336 3011 2688 3080 l‘ivangelium.
2725 3008 2909 3062 Manus
2935 3021 3102 3063 autem
3127 3013 3285 3075 illius,
3330 3013 3383 3067 id
3413 3024 3495 3068 est
3538 3029 3694 3082 opera

2153 3097 2473 3152 inﬁdelitatis
2508 3100 2702 3152 Domus
2743 3099 2974 3153 Ecclesia
3007 3111 3106 3166 est,
3134 3101 3247 3155 sive
3292 3117 3510 3170 regnum
3537 3105 3697 3157 caelo-

2157 3203 2294 3242 rum.
2325 3189 2473 3242 Alter
2501 3191 2736 3254 maritus,
2768 3192 3092 3258 Apostolum,
3125 3193 3379 3263 cujusque
3406 3195 3598 3250 domus
3614 3210 3697 3251 ec-

2157 3280 2371 3336 clesiam
2397 3279 2676 3349 signilieat.
2709 3280 2800 3335 Vel
2830 3282 2875 3334 si
2904 3292 3128 3336 mortuus
3151 3285 3326 3351 fuerit.
3357 3283 3410 3338 iu
3441 3283 3698 3352 adjutorio

2160 3369 2542 3440 peccatoribus.
2578 3368 2697 3423 Non
2720 3371 2898 3437 poterit
2923 3371 3059 3437 prior
3087 3372 3317 3434 maritus,
3352 3373 3403 3425 id
3443 3383 3525 3427 est
3547 3371 3698 3428 Chri-

2157 3469 2269 3514 stus
2297 3461 2652 3529 Synagogam,
2679 3457 2800 3527 quia
2851 3460 3187 3528 impmnitens
3216 3470 3320 3513 est.
3363 3460 3701 3529 Nee-peciare

2159 3548 2308 3618 [acies
2334 3559 2536 3616 terram,
2561 3549 2611 3601 id
2633 3557 2739 3616 est,
2768 3562 2963 3616 corpus
3001 3548 3084 3602 vel
3115 3548 3426 3602 Ecclesism.
3456 3547 3583 3604 Cani
3619 3566 3703 3604 ιιι-
3730 3573 3732 3575 >

2156 3641 2336 3710 ceperit
2365 3641 2513 3694 homo
2557 3656 2782 3706 uxorem,
2808 3641 2859 3696 id
2888 3651 2969 3697 est
2989 3642 3216 3696 animam
3244 3658 3416 3698 suam.
3447 3644 3566 3698 Non
3590 3663 3703 3716 pro.

2158 3732 2300 3782 cedat
2317 3732 2384 3782 ad
2409 3731 2561 3797 bella,
2592 3732 2641 3786 id
2666 3742 2766 3797 est,
2797 3742 2976 3787 contra
3006 3735 3395 3800 persecutiones
3416 3737 3700 3792 daemonio-

2162 3835 2301 3873 rum.
2336 3819 2401 3874 Ut
2427 3823 2478 3874 in
2531 3838 2631 3874 tino
2667 3839 2823 3885 anno,
2855 3831 2910 3876 et
2937 3823 3158 3891 reliqua,
3209 3825 3262 3878 id
3310 3838 3415 3893 est,
3451 3831 3706 3894 pceniten-

2163 3909 2253 3961 tia.
2287 3909 2402 3961 Non
2422 3911 2636 3977 accipias
2661 3912 2768 3963 loco
2791 3914 3014 3979 pignoris
3055 3915 3360 3981 superiorem
3403 3927 3451 3968 et
3496 3917 3705 3984 inieris-

2162 4015 2265 4050 rein
2311 4001 2513 4051 molam.
2577 4001 2830 4067 Accipere
2884 4000 3164 4068 aliquando
3216 4001 3440 4056 dicimus
3478 4004 3703 4060 auferre.

2167 4086 2317 4142 Unde
2340 4102 2463 4141 aves
2492 4087 2597 4141 illae
2625 4100 2844 4157 rapaces
2880 4088 3155 4154 accipitres
3185 4101 3467 4147 vocantur.
3514 4096 3708 4163 Pignus

2165 4165 2576 4233 vero'debitoris
2604 4187 2685 4231 est
2715 4189 3049 4245 peccatorum
3073 4181 3356 4235 confessio.
3393 4182 3442 4235 Δ
3471 4182 3708 4241 debitore

2164 4281 2338 4322 autem
2371 4270 2557 4338 pignus
2581 4268 2856 4337 accipitur,
2890 4285 3008 4324 cum
3040 4271 3096 4324 ι’
3129 4281 3408 4340 peccatore
3448 4276 3709 4329 confessio

2171 4360 2368 4426 peccati
2415 4368 2639 4427 tenetur.
2683 4361 2934 4426 Superior
2987 4371 3164 4415 autem
3205 4372 3258 4416 et
3301 4363 3520 4418 inferior
3550 4367 3708 4430 uiola,

525 4429 915 4499 impugnatione
945 4430 1266 4483 laborantem
1292 4444 1412 4484 sese
1438 4445 1501 4501 ex
1531 4429 1921 4500 comparatione
1940 4445 2054 4485 con-

2169 4462 2291 4514 spes
2316 4455 2371 4500 et
2394 4447 2570 4501 timor.
2613 4447 2744 4517 Spes
2769 4451 2911 4504 enim
2961 4451 3026 4503 ad
3056 4451 3161 4503 alta
3190 4451 3473 4516 subvehit;
3518 4455 3706 4520 timor,

524 4522 795 4577 tinentiutn
839 4521 1133 4589 despicere;
1161 4520 1253 4590 qui
1293 4522 1363 4573 ad
1387 4527 1638 4591 vesperum
1685 4538 1815 4589 aqua
1845 4521 2064 4587 lavatur,

524 4627 644 4667 cum
666 4611 927 4666 delectum
969 4626 1117 4664 suum
1147 4610 1462 4679 despiciens,
1506 4613 1570 4665 ad
1619 4611 1938 4681 penitentite
1986 4613 2064 4666 la-

530 4713 702 4756 menta
732 4703 1071 4769 convertitur,
1105 4714 1158 4754 ut
1181 4703 1388 4760 ﬂetibus
1415 4703 1581 4756 diluat
1605 4717 1762 4757 omne
1785 4703 1923 4771 quod
1950 4703 2066 4756 ani-

531 4807 670 4844 mum
693 4790 895 4843 occulta
925 4791 1282 4859 inquinatione
1308 4801 1537 4845 accusat.
1567 4791 1671 4846 Sed
1702 4802 1812 4860 post
1837 4793 2070 4844 occasum

526 4881 649 4934 solis
668 4880 735 4931 ad
756 4893 920 4931 castra
945 4882 1130 4941 redeat,
1160 4883 1284 4950 quia
1339 4891 1455 4948 post
1498 4881 1796 4935 tentationis
1827 4881 2068 4935 ardorem

533 4965 752 5026 necesse
776 4981 857 5024 est
884 4981 938 5022 ut
964 4971 1149 5022 iterum
1181 4971 1420 5024 ﬁduciam
1465 4986 1591 5040 erga
1634 4975 1941 5026 societatem
1972 4972 2064 5026 bo-

531 5079 717 5117 norum
768 5068 960 5117 sumat.
1014 5062 1147 5129 Ergo
1197 5075 1311 5128 post
1360 5063 1758 5118 occumbentem
1797 5065 1961 5117 solem
2005 5063 2071 5117 ad

531 5165 700 5206 castra
731 5154 1027 5216 revertitur,
1055 5151 1142 5220 qui
1173 5160 1289 5217 post
1336 5152 1557 5205 lamenta
1608 5155 1946 5220 pmnitentiai,
1990 5152 2074 5206 fri-

529 5253 780 5304 gescente
840 5243 1042 5296 ﬂamma
1095 5241 1424 5310 cogitationis
1475 5241 1687 5308 illicitte,
1718 5245 1782 5297 ad
1843 5244 2072 5297 ﬁdelium

534 5337 721 5388 merita
758 5332 1118 5403 praesumenda
1150 5340 1440 5399 reparatur.
1476 5331 1732 5388 Praeterea
1766 5335 1984 5402 jubetur
2021 5344 2076 5387 ut

535 5441 648 5476 cum
676 5425 986 5491 egrederetur
1013 5424 1121 5490 quis
1149 5423 1214 5474 ad
1236 5422 1477 5492 requisita
1513 5431 1721 5486 nature,
1751 5433 1806 5477 et
1854 5424 2076 5491 reliqua.

537 5509 747 5563 Naturae
770 5511 908 5564 enim
948 5511 1273 5578 corruptibili
1331 5510 1562 5577 pondere
1595 5523 1820 5579 gravata:
1873 5522 2077 5573 mentes

539 5611 732 5651 nostra
762 5600 997 5664 qntedam
1026 5601 1401 5669 cogitationum
1439 5602 1718 5667 superﬂua,
1769 5605 1916 5671 quasi
1942 5620 2075 5659 .ven-

453 5677 468 5690 ”
537 5687 638 5740 tris
658 5688 956 5755 gravamine
976 5699 1248 5757 rumpunt;
1281 5688 1373 5744 sed
1403 5698 1609 5758 portare
1632 5693 1886 5756 iit-balteo
1906 5695 2076 5763 paxil-

2167 4537 2306 4604 qnod
2329 4535 2550 4590 inferius
2580 4539 2791 4606 premit.
2819 4539 2924 4593 Sed
2955 4539 3093 4592 mola
3135 4541 3377 4608 superior
3401 4551 3458 4595 et
3494 4542 3710 4597 inferior

2168 4629 2237 4682 ita
2268 4629 2366 4681 sibi
2395 4627 2690 4682 necessario
2718 4628 3129 4696 coniunguntur,
3161 4639 3220 4683 ut
3250 4646 3350 4685 una
3393 4634 3508 4685 sine
3549 4633 3707 4687 altera

2171 4717 2373 4770 inutilis
2398 4719 2669 4771 habeatur.
2706 4717 2760 4770 In
2804 4727 3018 4785 pectore
3044 4719 3220 4788 itaque
3268 4721 3710 4781 incessanterde-

2171 4805 2295 4858 bent
2319 4821 2440 4873 spes
2469 4815 2525 4860 et
2554 4805 2780 4861 formido
2799 4807 3064 4879 conjungi,
3093 4811 3218 4878 quia
3263 4813 3524 4868 incassum
3559 4818 3698 4868 mise

2168 4897 2450 4952 rieordiam
2478 4907 2679 4964 sperat,
2710 4900 2756 4953 si
2804 4915 2907 4953 non
2953 4912 3005 4955 et
3044 4901 3304 4970 justitiam
3353 4905 3710 4971 pertimescat.

2171 4985 2386 5040 Frustra
2417 5001 2625 5056 quoque
2673 4987 2931 5055 justitiam
2966 4989 3175 5052 metuit,
3225 4988 3270 5041 si
3318 5003 3421 5044 non
3463 4992 3622 5047 etiam
3664 4995 3712 5047 in

2171 5076 2530 5130 misericordia
2555 5074 2792 5129 conﬁdit.
2825 5076 2968 5130 Loco
3001 5075 3158 5143 igitur
3187 5075 3419 5145 pignoris
3452 5080 3593 5135 mola
3631 5096 3704 5137 su»

2171 5165 2346 5235 purior
2367 5174 2458 5218 aut
2479 5166 2694 5218 inferior
2716 5165 2829 5217 tolli
2861 5161 3230 5229 prohibentur,
3255 5169 3378 5233 quia
3409 5171 3498 5235 qui
3529 5172 3708 5237 prada.

2172 5260 2257 5304 cat
2279 5253 2609 5318 prmdicator,
2634 5263 2776 5306 tanta
2821 5251 3214 5320 dispensatione
3239 5268 3560 5325 componere
3587 5273 3709 5324 pre

2173 5339 2488 5394 dicationem
2540 5340 2723 5403 debet,
2770 5349 2829 5414 ut
2871 5337 2968 5394 nec
3018 5340 3275 5398 derelicta
3325 5359 3424 5414 spe
3476 5346 3716 5401 tinoru-

2173 5432 2466 5493 subtrahat,
2499 5445 2598 5484 nec
2625 5411 2911 5501 subtracta,
2941 5443 3055 5498 spe,
3087 5434 3141 5484 tn
3186 5433 3302 5485 solo
3331 5411 3485 5487 illum
3533 5436 3715 5488 timere

2175 5517 2527 5585 derelinquat.
2558 5517 2714 5571 Tollit
2735 5519 2876 5594 enim
2902 5517 3232 5586 superiorem
3252 5521 3486 5594 molam,
3507 5521 3552 5575 si
3582 5521 3720 5576 Iuni

2157 5617 2445 5672 'peccatum
2467 5606 2628 5672 dicat,
2659 5606 2771 5669 Non
2802 5591 3016 5662 habebis
3049 5591 3263 5664 veniam
3291 5609 3363 5664 de
3405 5595 3720 5666 commissis.

2175 5695 2338 5749 Tollit
2364 5695 2688 5761 interiorem,
2719 5695 2763 5750 si
2786 5695 2926 5752 dicat
2941 5696 3204 5769 peccanti,
3229 5701 3343 5768 Ago
3363 5699 3504 5753 mala
3535 5699 3726 5754 adhuc.

3841 3290 3843 3359 ἵ

3841 3290 3843 3359 l
