3898 6260
230 338 335 396 59⁸5

1048 349 1132 405 DE
1171 351 1671 413 TABEllNACUl.O
1713 359 1797 414 ET
1842 360 2031 417 VASIS
2074 362 2253 419 EJUS.
2294 393 2362 406 —
2408 365 2531 422 LIB.
2575 368 2610 422 Ι.

3340 376 3445 431 3M

224 453 348 517 quia
380 466 563 521 magna
609 463 692 509 est
740 456 1101 515 misericordia
1153 462 1377 518 Domini.
1411 465 1531 519 Non
1580 468 1785 536 negabis
1817 472 1862 530 Α
1894 478 2060 537 tenet,
2085 480 2141 524 ut
2166 474 2209 526 si
2259 476 2425 541 possit
2475 474 2727 531 Ecclesia:
2756 480 3038 547 prodesse,
3084 498 3188 539 non
3229 499 3441 556 renuat,

221 543 525 606 mercedem,
546 542 645 596 boe.
672 548 1031 615 apostolorum
1060 552 1255 620 popqu
1274 553 1483 609 dicitur.
1505 555 1787 625 Indigenis,

223 631 277 683 id
306 641 408 692 est,
433 636 626 703 populo
642 634 820 693 fratris
842 640 937 706 tui,
959 644 1046 710 qui
1070 654 1197 698 sunt
1226 648 1468 712 apostoli.
1498 647 1615 702 Sive
1639 650 1789 703 adve-

220 735 325 782 nat,
356 722 406 775 id
437 734 518 778 est
542 727 770 795 gentiles
806 730 1005 798 populi.
1048 732 1171 786 Non
1222 736 1452 802 auferas,
1494 752 1659 805 usque
1695 736 1783 802 ad,

215 812 567 866 uestimentum
620 816 807 879 uidua,
838 816 890 871 id
933 829 1012 873 est
1044 820 1200 875 ﬁdem
1242 824 1497 889 minimaz,
1546 842 1663 894 qua:
1706 836 1787 879 cst

218 899 377 953 Vidua
411 912 614 959 mortua
641 905 871 961 diabolo.

782 996 1007 1052 CAPUT
1064 999 1224 1053 XXV.

292 1078 737 1151 Quadragcnarius
781 1097 950 1142 autem
1002 1107 1239 1145 numerus
1284 1096 1634 1165 ﬂagellorum,
1685 1114 1782 1165 quo

208 1167 562 1239 delinquenth
606 1178 753 1247 argui
788 1180 990 1249 jussit,
1037 1184 1268 1237 ostendit
1306 1188 1778 1254 quadragenarium

215 1273 523 1323 ltlllllet‘lllll,
550 1263 602 1317 in
632 1282 737 1334 quo
770 1269 999 1323 Ecclesia
1021 1286 1115 1339 per
1141 1284 1365 1341 quatuor
1396 1277 1573 1329 mundi
1602 1288 1778 1345 partes

202 1345 428 1411 tlitl‘nsa,
452 1354 549 1404 sub
574 1353 832 1425 Decalogo
860 1358 988 1427 legis
1021 1364 1205 1415 currit.

285 1438 716 1509 Quadragenario
752 1458 929 1502 autem
962 1466 1181 1504 numero
1224 1451 1561 1523 dclinquente
1612 1457 1776 1511 cardi-

203 1542 351 1589 nius,
384 1533 427 1585 si
461 1534 510 1585 in
546 1535 645 1589 hoc
700 1546 939 1607 tempore
993 1544 1312 1606 [minitentur
1342 1548 1646 1603 vulneribus
1675 1551 1774 1604 lla-

197 1618 487 1681 gellemur.
516 1623 569 1679 Si
604 1628 744 1680 enim
774 1632 1004 1696 peccatis
1033 1636 1319 1701 caedimur,
1358 1636 1464 1704 illic
1492 1640 1608 1693 sine
1654 1655 1773 1708 pec-

200 1709 348 1761 catis
381 1710 697 1768 invenimur.
748 1717 1040 1787 Sequitur:
1091 1722 1211 1776 Non
1250 1724 1483 1798 alligabis
1536 1745 1589 1781 os
1635 1730 1771 1783 bovis

1892 560 2027 614 bene
2057 560 2364 633 intelligitur
2392 573 2612 634 utroque
2640 566 2772 635 pede
2799 571 3083 626 calceatus.
3135 574 3234 641 Qui
3260 587 3436 633 autem

1886 647 1985 700 sibi
2017 658 2161 717 putat
2188 651 2327 719 quod
2348 652 2714 710 crediditsatis
2743 671 2864 711 esse
2903 661 3220 727 consultum,
3253 678 3433 719 curam

1888 749 2017 792 vero
2042 739 2268 795 aliorum
2299 743 2510 812 refugit,
2538 747 2687 814 quasi
2714 748 2868 802 unius
2914 752 3059 815 pedis
3107 754 3438 809 calceamen-

1887 836 1995 880 tum
2026 829 2093 883 de
2119 845 2240 884 area
2282 834 2464 886 mittit.
2516 834 2578 889 Si
2620 836 2884 890 habuerint
2913 845 3043 892 tuter
3090 857 3140 894 se
3186 843 3280 895 riri
3321 847 3439 914 jur-

1884 919 2044 985 gium,
2084 935 2271 990 usque.
2300 922 2563 978 abscindas
2598 942 2802 980 manum
2858 930 3013 983 illius.
3060 931 3159 985 Per
3185 934 3279 987 tios
3306 935 3438 989 duos

1886 1009 2032 1063 viros
2061 1009 2246 1064 doctor
2275 1008 2534 1089 perlectus
2565 1026 2613 1068 et
2640 1014 2979 1081 imperfectus
3010 1030 3184 1089 potest
3231 1023 3429 1077 intelli-

1880 1098 1950 1165 gi,
1977 1108 2031 1151 et
2069 1115 2162 1168 per
2191 1116 2429 1167 uxorem,
2466 1104 2832 1160 haereticorum
2883 1110 3128 1175 ecclesia,
3169 1127 3287 1181 qua:
3326 1115 3438 1170 vult

1880 1187 2187 1259 lta'reticum
2218 1190 2445 1247 liberare
2473 1194 2539 1247 de
2564 1210 2719 1248 manu
2748 1198 2977 1252 doctoris
3023 1200 3262 1270 perfecti,
3308 1203 3436 1258 mit-

1879 1284 1995 1331 tens
2022 1293 2157 1345 opus
2186 1282 2454 1354 haereseos
2499 1285 2560 1337 ad
2592 1300 2722 1353 opus
2764 1288 3049 1357 perfectum
3094 1290 3215 1344 boni
3245 1293 3434 1347 docto-

1876 1366 1949 1417 ris
1984 1383 1995 1415 :
2025 1366 2175 1435 cujus
2202 1371 2444 1424 ecclesiae
2473 1387 2605 1440 opus
2633 1373 3043 1428 abscindendum
3092 1388 3192 1430 est.
3246 1380 3433 1447 Sequi-

1875 1462 1960 1509 tur
1985 1471 1998 1508 :
2027 1455 2149 1511 Non
2176 1459 2378 1513 habebis
2405 1461 2456 1512 in
2483 1464 2605 1513 siclo
2633 1465 2826 1516 diversa
2855 1466 3099 1533 pondera.
3154 1468 3251 1521 l‘cr
3291 1472 3429 1537 quod

1874 1544 2026 1598 nobis
2050 1548 2373 1614 pra‘cipitur,
2397 1547 2446 1602 in
2475 1549 2696 1604 Domino
2720 1552 3057 1607 conscientiae
3088 1566 3281 1611 nostra!
3326 1574 3428 1610 non

1871 1640 1981 1694 sint
2001 1656 2262 1697 mensurae
2288 1644 2523 1713 duplices
2549 1663 2560 1708 ;
2613 1646 2662 1699 id
2713 1656 2814 1711 est,
2845 1663 2910 1700 ne
2961 1663 3057 1702 nos
3087 1649 3312 1703 molliter
3342 1654 3431 1703 vi:

1873 1742 2078 1796 ventes,
2109 1735 2312 1787 caeteris
2336 1736 2572 1802 graviora
2608 1751 2866 1806 praecepa
2923 1737 3319 1808 impendamus,
3372 1753 3425 1797 et

196 1796 489 1853 triturantis
516 1802 565 1853 in
598 1820 717 1857 area
746 1810 919 1877 fruges
943 1818 1076 1864 tuas.
1125 1812 1273 1879 Quod
1323 1796 1456 1870 bene
1506 1818 1769 1885 signiﬁcat
1799 1799 1845 1858 Β
1876 1821 2114 1878 humeris
2143 1824 2413 1878 hominum
2441 1840 2600 1880 obera
2628 1831 2826 1895 gravia,
2854 1844 2971 1897 quac
3013 1830 3173 1899 digito
3199 1831 3425 1886 nolimus

195 1884 336 1939 illud
392 1890 531 1956 quod
572 1894 858 1959 Apostolus
900 1899 1013 1951 ait:
1067 1900 1129 1954 Si
1181 1919 1270 1955 nos
1313 1904 1447 1957 vobis
1484 1884 1768 1974 spiritualia

191 1978 592 2047 seminavimus,
638 2000 878 2054 magnum
917 2000 991 2043 est
1041 1992 1084 2043 si
1130 1994 1357 2047 carnalia
1406 2005 1566 2051 uestra
1611 2010 1767 2052 meta-

192 2080 317 2117 mus
339 2067 363 2118 ?
388 2068 649 2138 Scriptum
682 2084 766 2128 est
793 2080 955 2143 enim,
991 2079 1109 2133 Non
1133 2082 1366 2152 alligabis
1391 2101 1447 2139 os
1474 2086 1583 2140 bovi
1616 2090 1764 2143 tritu-

166 2159 357 2215 ,ranti.
398 2159 643 2229 Nunquid
687 2166 755 2221 de
784 2167 955 2225 bobus
1001 2187 1126 2226 cura
1178 2185 1259 2229 est
1309 2177 1461 2232 Deo?
1512 2179 1567 2234 lo
1614 2182 1763 2237 bovis

190 2258 333 2298 sane
363 2250 574 2305 nomine
600 2257 698 2307 vita
731 2258 1148 2329 uniuscujusque
1178 2263 1413 2320 doctoris
1430 2269 1759 2336 exprimitur.

196 2330 333 2386 Vult
360 2350 486 2405 ergo
514 2340 788 2410 Scriptura
826 2347 1060 2404 doctoris
1102 2353 1383 2419 prreparari
1432 2330 1681 2422 carnalia,
1733 2375 1760 2410 a

192 2426 398 2492 quibus
429 2432 717 2497 spiritualia
755 2442 1145 2507 conSequantur
1164 2442 1451 2499 auditores.
1494 2446 1595 2515 Ipsi
1641 2459 1765 2502 sunt

192 2518 346 2570 enim
372 2519 532 2577 boves
563 2533 794 2583 terentes
820 2541 872 2584 et
904 2544 1210 2597 separantes
1238 2537 1287 2588 in
1317 2551 1461 2606 area,
1510 2540 1558 2592 id
1590 2552 1669 2595 est
1709 2542 1761 2594 in

194 2604 461 2673 Ecclesia,
493 2612 667 2675 paleas
686 2615 987 2687 frugesque.
1016 2621 1264 2687 Sequitur
1288 2640 1304 2678 :
1335 2604 1554 2691 Quando
1581 2633 1762 2698 fratres

186 2694 529 2752 habitaverint
573 2704 766 2769 simul,
836 2718 880 2759 et
937 2722 1065 2763 unus
1131 2728 1194 2765 ea;
1236 2715 1309 2767 eis
1357 2715 1541 2781 absque
1582 2694 1760 2773 liberis

185 2792 428 2838 mortuus
467 2790 639 2855 fuerit,
668 2802 770 2847 etc.
802 2794 935 2860 Quid
962 2798 1103 2851 aliud
1133 2801 1182 2853 in
1216 2802 1379 2869 ﬁgura
1408 2805 1756 2870 demonstrat,

188 2872 298 2924 nisi
330 2876 471 2939 quod
501 2882 857 2951 unusquisque
882 2886 1151 2956 Evangelii
1172 2892 1486 2959 praedicator
1511 2896 1577 2948 ita
1602 2896 1760 2952 debet

186 2961 246 3015 in
282 2961 517 3020 Ecclesia
553 2969 810 3039 laborare,
835 2985 891 3029 ut
911 2976 1160 3035 defuncto
1192 2981 1360 3048 fratri,
1406 2985 1455 3038 itl
1486 2995 1567 3041 est
1597 2986 1760 3042 Cltri-

183 3060 302 3116 διο,
336 3057 553 3111 suscitet
593 3074 799 3129 semen,
830 3076 876 3119 et
904 3070 1037 3136 quod
1064 3073 1356 3126 suscitatam
1405 3076 1577 3143 fuerit,
1618 3079 1757 3134 illius

1869 1914 2147 1982 attingere,
2190 1916 2519 1985 imponamus

2404 2047 2625 2104 CAPUT
2669 2050 2707 2103 X
2720 2051 2871 2104 XVII.

1936 2153 2084 2219 Quod
2112 2171 2223 2207 vero
2251 2157 2569 2225 pra’cipitur,
2600 2169 2671 2221 ut,
2712 2157 2944 2212 Iordane
2986 2161 3299 2226 transmisso,
3342 2162 3421 2216 in-

1866 2254 2034 2312 gentes
2083 2245 2275 2315 lapides
2324 2248 2602 2317 erigantur,
2638 2252 2687 2302 in
2714 2250 2905 2316 quibus
2937 2251 3065 2319 legis
3100 2253 3257 2306 verba
3287 2256 3420 2307 scri-

1867 2336 2055 2387 bantur
2084 2336 2289 2404 ﬁgurat,
2322 2338 2441 2405 quia
2472 2338 2642 2393 fidelis
2674 2341 2821 2407 plebs
2846 2358 2938 2408 per
2968 2342 3283 2411 baptismum
3310 2354 3416 2399 ter-

1874 2440 1984 2477 ram
2020 2425 2269 2480 Ecclesia:
2302 2428 2550 2493 possidet,
2580 2429 2737 2483 debet
2763 2433 3089 2486 constituere
3118 2434 3422 2489 sacerdotes

1864 2524 1919 2568 et
1945 2516 2246 2585 magistros,
2271 2518 2357 2585 qui
2412 2522 2817 2576 conversatione
2869 2524 3043 2591 magni
3074 2534 3130 2578 et
3182 2526 3417 2592 prmclari

1866 2604 2143 2671 habentur,
2197 2609 2284 2673 qui
2336 2610 2499 2662 verba
2547 2610 2676 2680 legis
2716 2622 2769 2664 ct
2818 2612 3048 2666 divinam
3092 2614 3416 2682 Scriptttram

1864 2695 2182 2747 custodiant.
2212 2694 2369 2749 Labia
2397 2700 2547 2766 enim,
2595 2700 2781 2769 inquit,
2810 2704 3085 2755 sacerdotis
3128 2706 3417 2757 custodiunt

1861 2784 2143 2838 scientiam.
2186 2783 2336 2849 Quod
2364 2797 2539 2840 autem
2590 2788 2735 2842 calce
2790 2791 3102 2858 ﬁgurantur,
3157 2792 3420 2859 signiﬁcat

1863 2873 2001 2938 quod
2043 2873 2291 2925 omnibus
2322 2876 2473 2927 malis
2499 2876 2701 2929 acaibus
2731 2877 2974 2931 doctores
3004 2878 3195 2931 debent
3221 2880 3269 2931 in
3302 2881 3413 2930 vir-

1863 2961 2059 3013 tutibus
2080 2961 2391 3017 clarescere.
2422 2963 2484 3016 In
2511 2966 2704 3018 duobus
2724 2978 2884 3020 autem
2902 2968 3156 3021 utentibus
3181 2967 3415 3022 Gazarim

1860 3059 1909 3103 et
1963 3049 2149 3117 Cibal,
2181 3055 2231 3105 in
2288 3055 2464 3121 quibus
2517 3056 2875 3109 benetlit'tiones
2933 3069 2979 3111 et
3038 3062 3413 3113 maletlictiont's

184 3155 379 3195 nomen
405 3149 636 3215 accipiat.
682 3152 791 3208 ΙΙιιο
834 3156 1058 3225 denique
1097 3160 1397 3232 intelligens
1446 3168 1753 3236 Apostolus,

1865 3143 2166 3212 inferuntur,
2209 3158 2490 3214 Utrumque
2531 3150 2604 3200 Te
2638 3159 2927 3202 tnnicntunt
2971 3152 3269 3219 signiﬁcare
3319 3168 3409 3219 po-

184 3233 266 3285 ait
302 3250 315 3284 :
368 3234 420 3289 Ν
426 3243 616 3306 unqn.d
648 3242 841 3300 Paulus
869 3252 1140 3319 crucifixus
1169 3266 1239 3308 est
1265 3272 1353 3322 pro
1385 3233 1539 3324 vobis,
1568 3269 1659 3319 aut
1701 3233 1756 3316 in

180 3326 392 3379 nomine
414 3328 567 3385 Pauli
584 3336 816 3403 baptizati
835 3341 998 3395 estis?
1035 3344 1306 3415 Tanquam
1355 3350 1556 3406 diceret
1584 3369 1599 3407 :
1650 3354 1754 3409 Dc-

181 3414 375 3470 t'nncto
426 3420 589 3476 fratre
630 3441 725 3481 vos
751 3431 904 3497 genui
938 3448 952 3482 :
982 3414 1264 3489 Christiani
1311 3442 1591 3508 vocamini,
1644 3461 1750 3499 non

184 3504 422 3563 l‘aulini.
450 3514 516 3563 At
545 3516 631 3580 qui
674 3518 874 3571 electus
923 3521 1160 3575 Ecclesia
1196 3527 1546 3581 ministerium
1575 3534 1752 3598 renuit

184 3592 489 3665 Evangelii,
526 3603 590 3652 ali
619 3604 727 3669 ipsa
764 3606 993 3661 Ecclesia
1024 3614 1212 3664 merito
1229 3618 1607 3670 contemnitur.
1641 3619 1749 3672 lloc

180 3694 367 3735 autem
401 3688 535 3749 quod
572 3690 621 3741 in
658 3694 837 3746 faciem
864 3697 977 3760 ejus
1017 3698 1235 3764 jubctnr
1276 3716 1506 3768 expuere
1538 3706 1769 3771 mulier,

180 3787 295 3824 non
322 3774 434 3829 sine
457 3781 605 3845 sr'gno
633 3785 899 3850 opprobrii
936 3788 1051 3841 l'nit.
1075 3789 1424 3846 Calceamenta
1448 3796 1578 3848 enim
1601 3799 1747 3851 unius

179 3861 330 3924 pedis
377 3868 530 3932 exuit,
566 3884 631 3923 ne
661 3873 728 3924 sit
776 3874 841 3927 de
906 3892 1127 3931 numero
1176 3881 1384 3935 illorum
1439 3884 1507 3951 de
1558 3888 1747 3955 quibus

178 3952 469 4014 Apostolus
516 3957 638 4012 dicit
694 3979 705 4013 :
759 3964 877 4015 Cale
907 3968 978 4017 (ιιὶ
1029 3968 1178 4033 pedes
1234 3970 1284 4023 in
1329 3952 1744 4043 prteparationem

181 4035 453 4109 Evangelii
497 4050 651 4101 Daris.
717 4053 814 4116 Qui
869 4056 1009 4108 enim
1051 4062 1129 4111 sic
1164 4044 1539 4128 evangelicam
1587 4066 1742 4119 lidcm

184 4178 257 4199 υ

290 4185 1361 4221 Ἣ

1864 3242 1985 3307 test,
2020 3234 2141 3303 quia
2176 3242 2398 3305 populus
2445 3240 2545 3291 sub
2577 3238 2690 3307 iege
2740 3240 2960 3307 positus,
3002 3243 3100 3293 Sili)
3130 3243 3409 3295 maledicto

1865 3324 2159 3380 tenebatur.
2190 3326 2337 3392 Quod
2375 3329 2628 3394 scriptum
2659 3339 2738 3382 est
2772 3346 2783 3379 :
2832 3329 3132 3381 Maledictus
3176 3331 3261 3396 qui
3310 3348 3411 3383 non

1860 3427 2117 3481 permanet
2153 3418 2205 3468 in
2243 3418 2548 3469 sermonibus
2590 3417 2711 3485 legis
2756 3417 2926 3485 hujus,
2972 3422 3060 3469 nec
3101 3418 3217 3470 illos
3264 3435 3413 3485 opere

1859 3507 2002 3575 facit.
2040 3505 2277 3573 Denique
2304 3505 2492 3571 Judaei,
2532 3508 2838 3561 traditiones
2864 3508 3190 3563 l'ltarisaicas
3227 3510 3413 3564 obser-

1858 3604 2063 3657 vantes,
2096 3597 2338 3651 mandata
2369 3599 2496 3667 legis
2514 3611 2964 3668 ciuilempserunt.
3002 3601 3053 3654 In
3071 3600 3215 3654 Novo
3232 3612 3404 3658 autent

1856 3681 2199 3739 Testamento
2226 3688 2407 3751 gratia:
2447 3688 2743 3743 bent-dictio
2786 3690 2836 3743 in
2869 3692 3118 3757 populum
3147 3691 3406 3746 Cbristiu~

1855 3786 1981 3824 num
2017 3774 2353 3841 redundavit,
2386 3792 2493 3845 quo
2535 3778 2773 3831 Christus
2817 3780 3032 3834 elevans
3081 3798 3314 3846 tnanum,
3354 3796 3408 3837 et

1853 3847 2120 3918 benedixit
2140 3869 2423 3933 apostolos.
2456 3867 2741 3937 Utrumque.
2757 3870 3147 3924 Testamentum
3167 3872 3409 3941 Moysen,

1851 3958 1968 4023 quia
1996 3968 2273 4023 utrumque
2302 3959 2620 4012 intellectum
2668 3962 2839 4013 habet.
2868 3964 3033 4026 Quem
3082 3962 3247 4016 ,Ιυώυἰ
3298 3980 3401 4017 nun

1852 4046 2219 4113 ittlclligootcs,
2245 4051 2339 4096 sub
2371 4066 2461 4098 tot:
2482 4049 2639 4100 tlcntc
2672 4066 2761 4100 vos
2786 4054 2955 4102 littera
2990 4054 3185 4105 vivunt.

2062 4215 3401 4242 *Ἥ

385 4320 577 4447 DE
671 4277 1821 4473 TABERNACULO
1909 4352 2102 4472 ET
2190 4350 2642 4477 VASIS
2729 4355 3182 4510 EJUS,

840 4582 997 4690 AC
1080 4592 1705 4701 VESTIBUS
1793 4598 2684 4709 SACERDOTUM.

1343 4884 1683 4967 LIBER
1737 4887 2201 4971 PRIMUS.

1710 5050 1868 5061 ι-.

694 5114 915 5172 CAPUT
947 5118 1225 5175 PRIMUM.

191 5224 390 5290 Moyses
421 5238 467 5271 in
500 5239 710 5297 montem
747 5226 855 5285 Dei,
891 5247 999 5280 cum
1029 5231 1186 5282 Insue
1226 5236 1522 5297 ascendens,
1568 5236 1735 5290 Aaron

534 5302 581 5343 ct
616 5291 727 5345 Ilur
756 5300 971 5367 regimen
1004 5302 1176 5368 populi
1206 5304 1423 5367 reliquit.

259 5378 526 5441 Locntnri,
573 5380 790 5447 juvante
838 5385 1079 5453 Domino,
1125 5390 1189 5443 de
1222 5392 1380 5458 ﬁgura
1416 5393 1734 5449 tabernaculi

185 5480 239 5522 et
261 5484 522 5534 vasnrum,
551 5480 704 5540 atque
730 5478 1028 5531 utensilium
1060 5481 1192 5547 eius,
1231 5482 1397 5549 primo
1426 5484 1589 5536 situm
1609 5486 1732 5549 loci,

184 5566 238 5609 et
266 5559 684 5613 circumstantias
729 5578 924 5628 rerum,
972 5571 1236 5634 quomodo
1282 5585 1398 5625 sese
1430 5573 1730 5642 habuerint,

188 5649 503 5721 quandoque
532 5652 642 5705 liazc
689 5652 797 5705 ﬁeri
829 5668 1088 5725 praecepta
1122 5663 1245 5731 sint,
1277 5664 1535 5733 inspicere
1579 5677 1733 5738 atque

582 5763 843 5821 I’ATROL.
904 5764 1058 5825 XCI.

1772 5134 1817 5187 D
1845 5135 2095 5187 attentius
2120 5135 2457 5189 considerare
2488 5137 2533 5188 .li
2557 5138 2760 5192 bemus.
2812 5140 2993 5195 Omnia
3022 5160 3187 5203 autem
3206 5196 3217 5216 ,
3252 5156 3384 5209 sicut

1841 5226 2123 5291 Apostolus
2171 5226 2259 5288 ait,
2295 5226 2343 5279 in
2380 5228 2545 5296 ﬁgura
2597 5234 2942 5301 contingebant
2990 5240 3089 5291 illis
3132 5258 3150 5295 :
3194 5249 3378 5316 scripta

1837 5325 1950 5365 snnl
1978 5324 2143 5393 autent
2168 5327 2366 5381 propter
2413 5334 2501 5369 nos
2534 5319 2580 5379 (1
2624 5318 2740 5372 Cor.
2789 5324 2861 5386 ι).
2890 5325 3073 5378 Omnia
3105 5333 3366 5400 videlicet,

1840 5418 1941 5453 non
1972 5402 2136 5455 solum
2170 5401 2301 5454 facta
2332 5406 2410 5458 vel
2444 5409 2620 5467 verba,
2653 5424 2763 5474 qua!
2784 5414 2955 5463 'sacris
2988 5417 3171 5471 litteris
3202 5428 3374 5479 conti-

1842 5503 2049 5555 nentur,
2080 5501 2257 5544 rerum
2289 5494 2445 5547 etiam
2481 5500 2731 5558 locorum,
2780 5511 2830 5552 et
2865 5502 3131 5573 borarmn,
3161 5521 3211 5564 et
3241 5524 3376 5569 tein.

1842 5598 2022 5650 porum
2074 5582 2228 5644 situs,
2277 5593 2329 5639 et
2359 5585 2584 5651 ipsarum
2631 5604 2837 5656 quoque
2883 5592 2932 5646 in
2980 5600 3164 5665 quibus
3212 5618 3379 5674 gestu,

1840 5674 1950 5727 sive
1978 5673 2116 5729 dicta
2146 5686 2266 5729 sunt
2294 5675 2681 5731 (circumstantia
2724 5695 2920 5735 rerum.

2888 5795 2954 5851 13
