3898 6260
417 390 429 402 “
467 429 565 483 sas

951 421 1148 478 BEDE
1192 417 1626 476 VENEllABlLlS
1666 412 1938 469 Ol‘ERUM
1988 411 2158 466 PARS
2199 409 2257 464 ll.
2303 439 2370 450 —
2409 409 2789 464 EXI-EiiE'l‘lCA
2831 406 3149 464 GENUINA.

3549 405 3654 461 590

534 540 727 608 (Exod.
756 540 922 602 x-xtv.)
955 536 1087 588 Dixit
1119 532 1360 586 Dominus
1387 529 1454 582 a'd
1487 529 1696 596 Moysen
1723 541 1738 577 :
1772 523 1998 576 Ascende
2029 525 2072 580 Α
2103 530 2266 587 ρτιιιιι,
2291 535 2435 588 quasr
2459 529 2650 587 scripta
2673 534 2724 572 ιιι
2754 519 2925 586 lapide
2948 525 3142 570 statuta
3162 517 3434 608 sure-legis
3461 526 3647 608 osten‘

471 630 534 680 nd
579 643 653 680 me
698 630 747 679 in
791 634 1025 690 mentem,
1070 633 1172 677 etc.
1205 621 1429 674 Daturus
1455 632 1580 685 ergo
1625 618 1791 684 legem
1837 615 1998 679 Moysi

470 719 732 782 ltominus,
766 716 930 783 primo
957 713 1102 767 illunt
1134 713 1184 765 in
1212 711 1462 765 verticem
1490 709 1684 760 montis
1714 716 1920 768 evocat,
1944 715 2000 758 ut

468 825 514 860 ιιι
545 807 647 861 alto
674 819 850 860 secum
878 803 1176 858 demoratus
1207 798 1421 853 liberius
1444 797 1621 850 audiat
1649 811 1764 864 qua:
1799 795 1861 848 ad
1913 794 1997 847 in-

467 896 649 948 let‘iora
679 894 884 947 rediens
919 891 1164 959 populum
1194 896 1452 956 praecepta
1485 885 1703 948 doceat;
1733 883 1997 952 simulque

465 999 522 1035 es
552 982 824 1036 altitudine
855 980 953 1034 loci
983 979 1192 1046 colligat
1221 992 1371 1046 quant
1404 976 1542 1030 celsa
1573 983 1892 1040 quantumve
1931 974 1997 1026 ab

463 1074 700 1128 humanis
737 1079 939 1126 secreta
969 1069 1220 1123 doctrinis
1249 1068 1314 1120 sit
1357 1066 1437 1119 lex
1466 1080 1621 1132 quam
1671 1063 1902 1129 accipit',
1943 1074 1998 1116 et

462 1161 720 1232 quomodo
761 1162 828 1215 ab
875 1159 974 1213 illis
1018 1155 1342 1211 solummodo
1373 1155 1608 1223 perfecte
1656 1151 1879 1220 intelligi
1911 1152 1996 1206 vel

464 1253 707 1308 custo‘diri
739 1261 919 1320 possit,
950 1251 1033 1316 qui
1064 1263 1180 1302 sese
1210 1262 1238 1300 a
1285 1247 1510 1302 terrenis
1538 1245 1796 1314 contagiis
1826 1242 1993 1296 subli-

463 1343 680 1396 miusac
724 1341 996 1408 perlectius
1045 1337 1264 1390 vivendo
1318 1336 1698 1403 separaveriut.
1753 1331 1900 1386 Unde
1945 1339 1996 1385 et

465 1433 702 1499 populum
735 1431 784 1483 in
835 1429 1165 1483 inferioribus
1214 1437 1542 1494 exSpeetare,
1573 1425 1740 1478 donec
1788 1423 1996 1492 Moyses

461 1524 657 1584 reticat,
692 1521 970 1590 praecepit;
1011 1529 1065 1571 ιιι
1096 1517 1322 1570 insinuet
1353 1516 1544 1586 typice,
1591 1513 1711 1582 quia
1757 1512 1994 1567 ctelestia

460 1611 662 1674 quidem
689 1609 792 1662 sint
821 1621 1010 1660 arcana
1039 1621 1146 1660 suae
1177 1605 1322 1674 legis,
1375 1613 1429 1657 et
1457 1617 1573 1668 qua:
1603 1617 1630 1655 a
1662 1599 1997 1669 perfectiori-

463 1700 554 1752 lius
586 1706 782 1752 tantum
811 1697 1107 1764 capiantur,
1157 1708 1254 1748 nec
1302 1705 1474 1746 tamen
1520 1678 1747 1745 inﬁrmis
1789 1693 1998 1744 occasio

457 1791 636 1842 salutis
665 1788 819 1852 des'it,
846 1790 891 1840 si
917 1785 1188 1852 sapientia:
1212 1785 1465 1850 majorum
1493 1781 1761 1834 humiliter
1788 1779 1996 1833 auscul-

2101 611 2196 662 dit.
2227 609 2354 663 Nam
2381 618 2429 662 et
2462 608 2642 662 Daniel
2676 610 2806 661 vidit
2835 609 3109 664 Dominum
3159 607 3214 661 in
3264 606 3430 675 ﬁgura
3460 606 3650 675 lapidis

2101 700 2287 765 excisi,
2320 699 2383 754 de
2409 709 2586 754 monte
2611 700 2725 754 sine
2756 699 3019 764 manibus,
3046 697 3359 752 contrivisse
3399 712 3648 766 pompam

2097 791 2245 855 regni
2293 789 2595 856 mundialis,
2628 800 2682 843 ut
2734 805 2948 857 regnum
2999 790 3159 858 ipsius
3189 789 3359 842 solum
3389 791 3506 843 sine
3545 793 3650 844 line

2096 891 2401 950 permaneat
2433 879 2592 950 (Dan.
2620 882 2703 950 tt).
2732 881 2793 934 Et
2827 880 3011 934 Petrus
3041 879 3225 934 ﬁdeles
3271 879 3524 934 admonet
3565 880 3649 933 cli-

2094 983 2219 1023 ceus
2251 987 2261 1020 :
2294 967 2360 1021 Et
2386 986 2471 1022 vos
2500 979 2737 1032 tanquam
2785 969 2979 1035 lapides
3007 968 3125 1034 vitii,
3169 969 3648 1037 supercdiﬁcautiui

2095 1060 2268 1113 domos
2296 1060 2583 1125 spirituules
2615 1059 2663 1131 (1
2704 1059 2812 1112 Pet.
2833 1059 2916 1127 ιι).

2164 1149 2500 1204 Surrexerunt
2533 1148 2735 1219 Moyses
2762 1159 2807 1202 et
2836 1149 3014 1210 Josue.
3050 1159 3278 1203 nnmster
3299 1165 3431 1222 ejus.
3456 1149 3643 1216 Iosue,

2095 1236 2335 1292 minister
2363 1238 2546 1308 Moysi,
2570 1238 2849 1292 Dominum
2876 1239 3224 1303 Salvatorem,
3243 1249 3296 1293 et
3316 1241 3530 1294 nomine
3550 1241 3648 1293 de-

2093 1330 2301 1400 signat,
2355 1339 2408 1383 et
2457 1327 2682 1382 actione.
2709 1328 2806 1394 Qui
2863 1329 3101 1382 minister
3152 1329 3320 1400 Moysi
3368 1341 3512 1383 recte
3559 1346 3645 1380 vo-

2094 1433 2264 1484 catur,
2302 1421 2426 1492 quia
2457 1435 2715 1490 apparens
2747 1423 2798 1475 in
2832 1436 3012 1485 carne,
3044 1421 3290 1475 Mosaiea:
3341 1422 3471 1490 legis
3517 1414 3569 1475 in
3592 1437 3649 1477 se

2095 1514 2436 1566 catremonias
2490 1507 2770 1581 suscipere'
2785 1513 3028 1582 dignatus
3056 1523 3137 1568 est
3182 1530 3195 1566 :
3229 1514 3350 1581 quia
3397 1529 3502 1566 non
3533 1514 3649 1567 sol-

2094 1615 2216 1654 vere
2246 1601 2436 1668 legem,
2470 1603 2562 1654 sed
2611 1602 2752 1655 venit
2800 1603 3112 1670 adimplere.
3165 1603 3327 1673 Moysi
3358 1604 3410 1658 in
3473 1608 3649 1657 omni-

2099 1691 2196 1744 bus
2223 1690 2440 1759 vestigia
2463 1691 2705 1759 sequitur
2745 1709 2756 1744 :
2801 1693 2920 1758 quia
2954 1693 3004 1745 in
3035 1694 3243 1747 cunctis
3273 1707 3392 1761 qua:
3422 1693 3650 1761 loquitur

2102 1779 2184 1832 vel
2216 1781 2399 1832 scribit
2425 1778 2650 1848 Moyses,
2685 1779 2772 1834 ille
2802 1781 2881 1833 vel
2924 1781 3097 1849 typice
3126 1782 3208 1836 Vel
3239 1783 3526 1839 maniteste
3555 1784 3649 1838 de-

457 1888 566 1932 tare
611 1876 924 1930 studuerint.
954 1851 1042 1927 Sic
1068 1881 1120 1925 et
1149 1873 1201 1924 in
1233 1869 1514 1937 Evangelio
1562 1867 1811 1921 Dominus
1833 1882 1995 1922 novos
2025 1851 2071 1910 Β
2097 1868 2349 1936 signatus,
2378 1869 2525 1934 quasi
2555 1883 2732 1922 comes
2775 1868 3095 1934 individuus,
3129 1871 3173 1925 si
3205 1872 3340 1926 bene
3367 1873 3645 1942 quaeritur,

455 1970 634 2036 gratia:
681 1979 949 2034 prmcortes
991 1964 1041 2016 in
1071 1970 1303 2016 montem
1347 1973 1663 2020 convocans,
1719 1957 1995 2027 praeceptis

455 2057 771 2112 salutaribus
816 2053 1070 2115 instituit;
1101 2062 1159 2106 ut
1188 2065 1249 2105 ex
1283 2050 1381 2103 loci
1409 2050 1565 2103 etiam
1600 2048 1700 2101 situ
1753 2057 1992 2115 patesce-

459 2157 560 2212 ret,
601 2147 719 2214 quia
751 2144 988 2198 sublimia
1021 2143 1145 2206 illis,
1199 2141 1282 2195 vel
1333 2139 1574 2194 mandata
1620 2139 1867 2202 vivendi,
1911 2138 1992 2192 vel

460 2238 714 2303 promissa
735 2235 886 2289 daret
915 2230 1278 2288 renmnerandi
1312 2230 1496 2300 :juxta
1521 2231 1646 2285 illud
1672 2230 1988 2296 l’salmistzn,

456 2324 663 2379 Iustitia
707 2335 793 2377 tua
820 2325 946 2377 sicut
988 2333 1174 2376 montes
1216 2321 1310 2374 Dei
1339 2321 1510 2389 (Prol.
1553 2319 1759 2392 sum).
1790 2321 1893 2377 Sed
1939 2330 1993 2374 ct

458 2426 572 2482 post
598 2415 1050 2478 resurrectionem,
1079 2427 1283 2467 rursum
1305 2411 1504 2467 eisdem
1533 2412 1584 2465 in
1607 2420 1786 2465 monte
1808 2420 1992 2464 saneto

425 2497 730 2573 apparens,
755 2516 950 2572 eosque
978 2501 1042 2554 ad
1073 2499 1483 2570 priedicandum,
1515 2513 1618 2552 non
1660 2500 1747 2552 uni
1790 2507 1989 2551 tantum

456 2593 644 2660 populo
675 2591 854 2653 lsrael,
891 2589 984 2644 sed
1015 2589 1232 2642 mittens
1279 2587 1373 2640 toti
1405 2586 1598 2639 mundo
1625 2601 1638 2638 :
1667 2584 1879 2650 Euntes,
1912 2585 1993 2638 iu-

454 2683 580 2748 quit,
612 2682 780 2732 docete
809 2692 977 2730 omnes
1007 2686 1193 2747 gentes,
1236 2676 1541 2746 baptizantes
1588 2690 1672 2726 eos
1699 2675 1752 2726 in
1795 2673 1992 2726 nomine

455 2771 639 2829 Putris,
683 2765 901 2828 et'Ftlii,
933 2777 981 2819 et
1012 2765 1235 2832 Spiritus
1263 2766 1456 2826 sancti;
1487 2765 1715 2817 docentes
1756 2778 1839 2816 eos
1883 2779 1991 2816 ser-

451 2873 566 2910 ναῖε
597 2845 761 2908 omnia
786 2870 1089 2925 quacunque
1113 2853 1344 2906 mandari
1371 2861 1446 2906 vol
1464 2870 1505 2905 ts
1536 2853 1746 2923 (.llattli.
1777 2853 1984 2921 xxvrtt).

454 2950 518 3002 Et
547 2951 670 3018 legis
714 2963 858 3016 ergo,
906 2957 958 3000 et
1003 2947 1274 3014 EVangelii
1327 2956 1583 3014 praecepta
1636 2946 1885 2999 Dominus
1934 2948 1984 2999 in

452 3045 625 3090 monte
653 3035 814 3098 dedit,
852 3046 908 3087 ut
931 3035 1299 3087 sublimitatem
1334 3049 1424 3102 per
1453 3033 1552 3088 hoc
1584 3036 1856 3103 utriusque
1884 3036 1986 3090 Te-

448 3123 689 3175 stamenti
715 3121 1120 3174 commendaret.
1158 3121 1364 3185 Verum,
1394 3123 1516 3190 quia
1549 3123 1818 3189 Scriptura
1851 3124 1983 3191 legis

461 3215 548 3266 uni
593 3222 714 3265 tunc
765 3212 951 3280 populo
1000 3211 1158 3265 Israel
1207 3213 1600 3277 committenda,
1637 3213 1807 3280 gratia
1863 3228 1984 3266 vero

453 3301 718 3368 Evangelii
751 3300 812 3352 ad
858 3314 1040 3354 omnes
1088 3315 1180 3368 per
1221 3302 1400 3354 orbem
1449 3303 1687 3355 nationes
1734 3304 1986 3369 apostolis

455 3391 852 3457 pradicantibus
880 3399 992 3444 erat
1038 3400 1380 3458 perventura;
1414 3400 1552 3445 tecte
1589 3391 1653 3444 ad
1684 3391 1983 3445 discendam

448 3482 906 3550 accipiendatnque
958 3484 1124 3551 legent
1188 3484 1329 3536 solus
1382 3482 1584 3552 Mysos
1641 3483 1879 3535 ascendit
1933 3485 1982 3535 iit

449 3584 703 3638 montem,
752 3573 1042 3626 doctrinam
1085 3588 1208 3625 vero
1253 3571 1511 3640 Evangelii
1558 3571 1778 3639 apostoli
1824 3572 1979 3626 simul

451 3675 638 3714 omnes
686 3660 737 3712 in
768 3669 944 3713 monte
971 3675 1087 3712 cum
1119 3660 1338 3713 Domino
1367 3661 1543 3726 positi,
1571 3661 1978 3716 auscultantibus

448 3758 502 3800 et
533 3746 694 3799 tutbis
721 3747 1014 3799 audierunt.
1044 3747 1144 3800 Sed
1174 3758 1223 3800 et
1254 3749 1476 3802 adventu
1508 3750 1676 3803 sancti
1707 3751 1938 3818 Spiritus
1962 3793 1976 3818 ,

446 3850 550 3904 quo
597 3839 708 3888 lucc
736 3834 918 3888 eadem
958 3837 1123 3904 gratia
1156 3845 1202 3888 et
1234 3837 1423 3890 veritas
1452 3836 1718 3904 Evangelii
1761 3841 1982 3895 manife-

444 3928 578 3980 stius
623 3923 870 3979 Ecclesia:
921 3928 1041 3977 data
1072 3934 1184 3988 est,
1217 3940 1318 3978 non
1366 3927 1581 3992 apostoli
1626 3928 1977 3993 solummodo,

445 4030 624 4068 verum
653 4015 808 4068 etiam
841 4015 1058 4081 plurima
1084 4015 1235 4068 sunul
1266 4025 1470 4068 caterva
1517 4017 1744 4071 ﬁdeliqu
1779 4021 1829 4072 in
1869 4036 1978 4076 ete-

444 4104 634 4156 naculo
681 4106 875 4156 montis
921 4102 1047 4157 Sion
1095 4108 1372 4159 constituta
1418 4108 1675 4174 SUSCCpil,
1707 4109 1885 4164 ethoc
1929 4129 1975 4162 ut

450 4197 707 4246 var'arum
740 4192 994 4247 divisione
1022 4193 1330 4262 linguarum,
1373 4203 1430 4249 ut
1463 4198 1549 4250 tali
1581 4213 1695 4252 esse
1727 4201 1978 4253 miraculo

451 4283 685 4334 Ecclesia
720 4293 1020 4335 cunctarum
1048 4296 1138 4350 per
1158 4284 1333 4338 orbem
1355 4286 1583 4354 gentium
1605 4287 1795 4355 linguis
1813 4288 1973 4341 Deum

446 4369 802 4435 collaudatum
834 4371 1144 4436 signaretur.

521 4457 756 4525 Dabat/ue
783 4460 890 4522 lilii,
943 4459 1133 4529 inquit,
1166 4465 1288 4515 (luas
1317 4466 1507 4517 tabulas
1547 4467 1790 4533 lapideas,
1823 4479 1866 4520 et
1907 4469 1979 4522 le-

441 4563 545 4614 gem
569 4562 626 4598 uc
653 4548 904 4610 mandata,
940 4560 1039 4601 etc.
1078 4552 1201 4602 lluic
1228 4554 1396 4605 simile
1427 4566 1504 4606 est
1535 4556 1655 4607 illud
1706 4559 1974 4624 Evangelii

439 4640 575 4699 quod
625 4651 779 4704 supra
811 4643 1072 4704 pOsnimus
1118 4659 1127 4690 :
1167 4641 1405 4696 Ducentis
1448 4662 1529 4697 eos
1577 4663 1774 4700 scrvare
1808 4652 1974 4700 omnia

437 4740 739 4794 qtta’cunque
761 4729 988 4780 mandavi
1013 4731 1162 4781 vobis.
1189 4730 1298 4784 Non
1328 4749 1450 4801 ergo
1471 4735 1691 4804 Moyses,
1721 4753 1819 4788 non
1849 4751 1976 4803 apo.-

440 4817 582 4881 stoli,
613 4833 712 4870 non
744 4820 960 4887 quilibet
989 4823 1279 4888 doctorum,
1307 4826 1404 4876 alia
1428 4827 1582 4879 debet
1611 4830 1853 4894 populum
1883 4827 1972 4881 Dei

438 4904 628 4958 docere
658 4920 932 4976 precepts,
975 4925 1127 4978 quam
1159 4926 1272 4980 qua:
1316 4915 1424 4981 ipse
1475 4915 1724 4969 Dominus
1754 4916 1931 4969 docuit
1962 4957 1976 4982 ,

438 5008 656 5060 quisque
688 4995 736 5047 in
767 5008 962 5054 aeterno
990 5001 1188 5050 Consilii
1230 5003 1306 5053 sui
1349 5002 1562 5056 decreto
1609 5006 1760 5058 nobis
1786 5006 1976 5059 obser-

438 5087 604 5136 vandi
636 5086 974 5153 prmscripsit,
1004 5099 1053 5140 ct
1086 5089 1135 5140 in
1169 5107 1385 5156 quorum
1419 5095 1787 5149 observatione
1811 5100 1969 5150 vitam

435 5188 542 5226 nos.
572 5172 765 5227 habere
816 5185 1062 5228 mternam
1120 5179 1280 5231 voluit
1323 5199 1334 5231 :
1387 5183 1521 5236 sicut
1582 5199 1678 5238 nec
1735 5186 1801 5239 de
1849 5189 1967 5253 illis,

434 5278 550 5328 qua:
598 5262 708 5314 lieri
735 5261 908 5330 jussit,
958 5264 1198 5319 doctores
1244 5269 1520 5340 quidquam
1570 5276 1971 5342 praeermittere

438 5359 666 5416 Oportet,
701 5352 794 5404 sed
844 5355 1016 5407 omnia
1062 5371 1382 5430 quaacunque
1412 5362 1498 5415 ille
1530 5366 1823 5432 mandavit,
1856 5369 1966 5422 suis

438 5455 651 5495 necesse
680 5443 871 5497 habent
899 5442 1220 5504 auditoribus
1249 5455 1596 5512 committere.
1628 5460 1848 5528 Scripsit
1869 5478 1966 5515 au-

437 5537 538 5580 tem
570 5530 678 5582 inec
706 5531 755 5583 in
787 5533 973 5588 tabulis
1005 5537 1238 5603 lapideis,
1263 5544 1380 5611 quia
1412 5543 1462 5597 in
1500 5549 1745 5604 cordibus
1774 5552 1972 5606 electo-

439 5629 549 5666 rum
583 5616 680 5668 {tde
713 5619 928 5676 fortibus
958 5624 1055 5676 lixa
1100 5628 1382 5687 intentione
1425 5636 1760 5692 cusmdienda
1795 5643 1970 5695 lirma-

441 5711 531 5783 siit.
561 5715 791 5776 Quorum
823 5723 1055 5788 exempla
1089 5740 1203 5779 cum
1241 5729 1390 5785 nobis
1416 5731 1480 5786 ad
1513 5731 1822 5789 imitandum
1847 5750 1974 5807 pro-

2096 1956 2378 2010 invenitur.
2429 1955 2561 2012 Hinc
2604 1959 2801 2012 etenim
2846 1959 2971 2014 dicit
3003 1958 3241 2016 Judzeis:
3293 1961 3355 2018 Si
3381 1966 3648 2018 crederetis

2093 2042 2284 2115 Moysi,
2315 2046 2577 2101 crederetis
2609 2050 2824 2116 [orsitan
2869 2059 2916 2103 et
2963 2049 3110 2118 mihi,
3156 2051 3220 2105 de
3267 2068 3344 2106 nte
3386 2053 3524 2107 enim
3567 2057 3648 2107 ille

2091 2137 2288 2202 scripsit
2319 2134 2529 2206 (Matth.
2560 2134 2635 2207 tl).

2163 2228 2540 2294 Asceudensque
2593 2227 2795 2298 Moyses
2837 2231 2890 2283 in
2937 2241 3161 2286 montem
3215 2232 3328 2297 Dei,
3368 2235 3647 2289 senioribus

2091 2313 2202 2366 ait:
2240 2312 2536 2382 Exspectate
2580 2314 2662 2367 Itic
2709 2318 2868 2370 donec
2915 2329 3223 2372 reuertuntur
3273 2321 3341 2373 ad
3389 2337 3498 2385 vos,
3545 2336 3646 2378 etc.

2095 2405 2271 2455 Aaron
2300 2418 2449 2456 mons
2483 2404 2823 2471 fortitudinis,
2847 2407 2956 2459 Ilur
2975 2407 3354 2477 interpretatur
3381 2409 3521 2480 ignis
3543 2416 3649 2469 sive

2093 2493 2291 2545 lumen.
2327 2490 2476 2545 Unde
2505 2497 2678 2546 Aaron
2709 2492 3039 2550 Salvatnretn
3073 2495 3375 2564 Dominum,
3424 2500 3535 2555 Hur
3560 2504 3648 2558 de-

2092 2580 2264 2648 signat
2326 2581 2579 2648 Spiritum
2644 2595 2884 2637 sanctum
2927 2602 2939 2637 :
2995 2587 3114 2654 quia
3161 2587 3318 2641 etde
3373 2595 3475 2643 hoc
3527 2593 3646 2647 dicit

2093 2669 2296 2734 Esaias,
2331 2669 2394 2722 Et
2418 2673 2509 2722 erit
2537 2673 2589 2724 in
2627 2674 2910 2728 novissimis
2949 2677 3122 2730 diebus
3150 2687 3468 2746 preparatus
3510 2697 3646 2734 utens

2093 2765 2269 2816 domus
2297 2762 2502 2816 Domini
2532 2767 2584 2816 in
2616 2768 2794 2820 vertice
2821 2752 3241 2838 montinnttEsa.
3267 2775 3340 2840 ν).
3361 2772 3427 2826 Ει
3449 2772 3542 2827 ille
3564 2790 3646 2827 su-

2091 2866 2184 2920 per
2228 2853 2494 2918 apostolos
2525 2855 2574 2905 iu
2609 2853 2802 2908 lumine
2848 2856 2985 2924 ignis
3031 2860 3295 2926 apparuit.
3340 2863 3646 2917 Ascendens

2089 2955 2212 3010 ergo
2244 2945 2304 2993 ad
2354 2942 2629 2996 Dominum
2681 2944 2906 3013 Moyses,
2956 2947 3131 3002 Aaron
3162 2960 3216 3004 et
3259 2951 3392 3016 Ilur,
3427 2952 3532 3007 hoc
3571 2965 3646 3008 est

2089 3039 2318 3083 montem
2343 3030 2682 3096 fortitudinis,
2713 3047 2763 3087 et
2783 3037 2956 3088 lumen
2980 3038 3132 3105 ignis,
3156 3038 3206 3091 in
3229 3045 3643 3110 campestribus,

2089 3120 2152 3170 ad
2185 3120 2416 3186 regimen
2451 3121 2624 3190 populi
2653 3113 2952 3193 dereliquit.
2988 3127 3054 3179 Et.
3085 3144 3180 3181 nos
3210 3130 3254 3182 si
3284 3132 3645 3188 doctoresno-

2090 3217 2230 3261 stros
2259 3210 2324 3262 ad
2379 3213 2705 3266 altitudinem
2751 3214 2941 3267 divinat
2984 3221 3452 3288 contemplationis
3498 3227 3640 3295 sequi

2098 3315 2200 3352 non
2234 3316 2527 3369 possumus,
2560 3317 2807 3359 curemus
2834 3306 3072 3372 solliciti,
3106 3324 3170 3362 ne
3204 3312 3381 3379 aliqua
3409 3330 3506 3368 nos
3531 3328 3640 3369 ten-

2091 3389 2223 3441 tatio
2251 3404 2280 3441 a
2315 3391 2497 3444 vicinia
2529 3393 2720 3445 montis
2752 3393 2841 3446 Dei
2872 3396 3136 3461 retrahat;
3166 3399 3432 3466 sedjuxta
3465 3424 3493 3454 u
3516 3419 3548 3458 ο
3570 3413 3640 3457 ru-

2088 3476 2196 3530 lum
2230 3490 2463 3532 nostrum
2508 3483 2758 3534 virtutum
2811 3485 3060 3550 operibus
3097 3487 3426 3554 insistantus,
3475 3494 3636 3545 inlue-

2087 3579 2262 3623 rentes
2293 3570 2464 3624 stabili
2497 3573 2654 3625 cetde
2679 3578 3021 3628 sacramentis
3049 3579 3213 3631 nostri
3243 3579 3634 3651 Redemptoris,

2082 3662 2267 3728 quibus
2316 3663 2502 3717 imbuti
2533 3681 2710 3717 sumus
2737 3683 2750 3730 ;
2784 3677 2836 3720 et
2865 3670 3082 3735 gratiam
3114 3669 3342 3738 Spiritus
3370 3676 3505 3740 ejus,
3542 3692 3634 3744 qm

2081 3751 2264 3817 signati
2293 3766 2498 3817 sumus,
2534 3755 2898 3810 intemeratum
2929 3757 2980 3810 itt
3015 3778 3106 3813 nos
3139 3762 3293 3815 nobis
3320 3779 3636 3819 conservare

2081 3857 2346 3899 cmantes.
2381 3844 2444 3897 Et
2497 3846 2538 3898 si
2571 3863 2668 3913 qua
2701 3863 2797 3902 nos
2837 3850 3217 3907 adversitatum
3257 3857 3477 3918 Qtttestio
3522 3860 3634 3924 pul-

2081 3945 2105 3980 s
2126 3934 2295 3996 iverit,
2329 3949 2453 3986 mox
2485 3937 2806 4003 adjutorium
2860 3939 3168 3994 iﬂthelllllS
3199 3943 3439 4011 ejusdem
3467 3948 3635 4000 nostri

2085 4020 2476 4088 ltedt-tnptoris,
2533 4026 2620 4090 qui
2673 4027 2858 4084 lideles
2907 4042 3031 4082 suos
3073 4047 3163 4096 pt'l'
3215 4035 3413 4086 donum
3469 4040 3634 4090 sancti

2080 4111 2301 4173 SpirtlUS
2333 4121 2607 4180 protegere
2637 4129 2664 4165 a
2699 4116 2849 4168 malis
2879 4121 3144 4182 omnibus,
3175 4136 3236 4174 ac
3269 4125 3490 4179 liberare
3505 4143 3634 4181 cnn-

2081 4200 2266 4253 ~uit-vit.
2293 4202 2397 4255 Nec
2419 4205 2567 4256 dubit
2586 4204 2760 4259 indum
2786 4210 2904 4274 quia
2923 4209 2965 4261 si
2987 4211 3244 4274 inemptis
3270 4220 3626 4286 persistit-ins,

2082 4306 2170 4356 per
2204 4305 2432 4347 montem
2481 4295 2801 4351 fortitudinis
2849 4301 3126 4356 inlirntitas
3172 4319 3331 4374 atque
3363 4308 3636 4367 humilitas

2082 4397 2259 4433 nosrra
2291 4385 2600 4435 conlirmata
2634 4382 2918 4453 exaltelur,
2950 4400 3003 4444 et
3034 4394 3238 4448 cunctis
3269 4398 3492 4452 hostium
3523 4411 3638 4454 ten-

2085 4471 2327 4522 tamentis
2378 4472 2562 4526 fortior
2602 4474 2885 4541 elliciatur;
2937 4494 3030 4547 per
3083 4484 3256 4537 lu-non
3306 4502 3532 4555 quoque,
3584 4504 3636 4544 et

2085 4561 2258 4627 ignem
2290 4561 2519 4627 Spiritus
2549 4565 2738 4630 sancti,
2772 4578 2946 4621 nostra
2985 4572 3272 4627 illustietur
3303 4576 3595 4645 ignorantia
3617 4623 3631 4640 ,

2079 4658 2360 4715 nosterque
2412 4652 2475 4703 ad
2533 4652 2874 4709 dilectionem
2928 4658 3163 4727 ejusdem
3218 4665 3285 4732 pii
3336 4666 3631 4724 conditoris

2078 4739 2281 4789 animus
2311 4740 2626 4794 inardescat.

2147 4826 2366 4894 Cumque
2395 4832 2694 4885 ascendisset
2724 4834 2944 4905 Moyses,
2974 4843 3170 4907 operuit
3197 4846 3350 4898 nubes
3391 4861 3629 4903 montem.

2078 4919 2226 4973 Sicut
2251 4937 2403 4973 mons
2433 4925 2483 4975 in
2535 4941 2639 4993 quo
2667 4928 2835 4998 legem
2885 4933 3087 4999 accepit
3118 4936 3345 5006 Moyses,
3397 4943 3634 4999 altitudi-

2081 5023 2196 5058 nem
2237 5011 2592 5078 perfectionis,
2627 5031 2740 5080 quae
2785 5017 2834 5070 in
2883 5020 3065 5072 eadem
3091 5022 3207 5088 lege
3238 5035 3352 5077 erat
3399 5034 3633 5086 conseri.

2077 5095 2266 5160 bemla,
2300 5097 2568 5167 designat;
2619 5104 2686 5155 ita
2739 5109 2924 5169 nubes,
2958 5121 3058 5174 qua
3091 5125 3242 5166 mons
3291 5121 3460 5170 tectus
3501 5131 3628 5187 est,

2075 5187 2294 5250 gratiam
2321 5188 2512 5241 divina:
2545 5191 2774 5244 insinuat
2805 5196 3143 5258 protectionis
3170 5223 3181 5251 .-
3211 5216 3310 5268 qua
3344 5213 3486 5259 tanto
3507 5222 3629 5262 am-

2079 5273 2208 5339 plius
2240 5277 2462 5344 quisque
2496 5279 2800 5347 perfruitur,
2846 5295 3040 5350 quanto
3067 5287 3221 5344 altius
3247 5296 3311 5346 ad
3342 5302 3627 5352 scrutanda

2077 5365 2327 5418 mirabilia
2353 5367 2418 5421 de
2448 5368 2558 5436 lege
2583 5369 2671 5422 Dei
2696 5371 2939 5425 reticlatis
2977 5379 3142 5430 Oculis
3168 5383 3340 5436 cordis
3363 5388 3628 5445 ascendit,

2075 5451 2307 5523 Namque
2353 5473 2449 5510 nec
2499 5474 2733 5512 montem
2790 5462 3143 5530 solummodo,
3173 5469 3222 5523 in
3272 5489 3378 5538 quo
3420 5477 3629 5547 Mtysa

2075 5545 2334 5614 ascendit,
2359 5548 2524 5603 nubes
2551 5552 2759 5617 operuit
2784 5568 2796 5615 ;
2827 5553 2917 5606 sed
2947 5563 2999 5609 et
3027 5560 3269 5625 populum
3297 5579 3390 5632 per
3415 5545 3630 5624 deserta

2074 5634 2413 5703 gradientem,
2440 5642 2524 5708 qui
2553 5656 2878 5709 nequaquam
2907 5647 2969 5699 ad
3001 5647 3181 5703 altiora
3209 5665 3419 5720 poterat
3445 5672 3633 5713 ascen-

2075 5723 2226 5806 dere,
2259 5729 2595 5786 nihilominus
2627 5735 2790 5790 uubss
2830 5737 3035 5794 caelitus
3073 5741 3233 5797 missa
3275 5745 3631 5810 obumbrant.
