3898 6260
180 414 275 473 597

1015 411 1098 466 DE
1133 405 1629 464 TAIIERNAGUID
1668 401 1755 456 ET
1797 399 1989 455 VASIS
2029 399 2205 456 ειυς.
2249 429 2318 441 -—
2358 400 2485 456 LIB.
2524 402 2564 457 Ι.
2598 476 2605 482 .

3225 465 3236 475 ,
3275 411 3378 467 398

178 524 326 580 unde
344 523 594 591 scriplttllt
622 531 702 576 e~t
728 522 1018 588 :Expan-Jit
1051 523 1243 576 nubem
1267 522 1318 574 in
1348 521 1722 588 prolectitntem
1752 516 1801 573 Α
1831 510 1935 579 ligo
1987 527 2212 582 namque
2262 513 2351 567 illa
2393 513 2688 568 obscuritas
2731 525 2813 570 est
2856 533 3167 576 arcanorum
3214 527 3371 581 calea-

179 629 388 680 eorum,
413 613 535 681 quia
578 613 823 667 nimirum
854 613 1104 667 Dominus
1143 627 1329 666 omnes
1358 613 1602 665 timentes
1646 625 1727 678 se,

177 704 391 773 pusillos
404 717 523 758 cum
546 701 854 772 majoribus,
871 701 1071 757 cmlesti
1094 701 1458 755 benedictione
1481 702 1724 770 protegit.

245 793 313 847 Et
342 794 580 848 habitavit
619 791 783 862 gloria
808 790 1014 846 Domini
1039 807 1190 860 super
1219 791 1388 857 Sinai,
1410 801 1511 846 etc.
1537 791 1726 846 Scien-

172 885 297 940 dum
326 885 465 956 quod
506 900 614 941 non
642 892 842 938 tantum
871 883 1189 947 sublimitas,
1222 898 1406 938 rerum
1434 883 1593 938 ctiam
1621 897 1727 937 no-

173 991 297 1032 men
328 976 546 1040 montis,
579 975 630 1028 in
656 989 764 1044 quo
806 975 888 1028 lex
917 973 1039 1027 data
1085 975 1197 1039 est',
1227 973 1600 1042 perfectionem
1647 974 1728 1043 ip-

172 1070 286 1124 sius
313 1068 443 1137 legis
472 1066 694 1138 figurate
717 1065 1014 1121 denuntiat.
1042 1064 1187 1121 Sinai
1212 1081 1438 1135 namque
1469 1065 1730 1130 interpre-

142 1170 310 1214 .tatur
335 1158 577 1213 Mensura
631 1171 768 1224 mea,
818 1155 931 1210 sive
970 1154 1237 1224 Amphora
1281 1170 1418 1213 mea.
1470 1154 1728 1210 Divinitus

169 1265 298 1320 ergo
326 1258 659 1318 procuratum
695 1256 796 1312 est,
830 1258 885 1304 ut
936 1262 1088 1301 mons
1117 1248 1168 1301 in
1216 1262 1321 1316 quo
1352 1245 1432 1302 lex
1482 1246 1724 1311 daretur,

177 1340 438 1406 Amphora
465 1353 580 1394 mea
610 1347 887 1393 vocaretur
911 1356 923 1390 :
948 1337 1097 1406 quasi
1128 1337 1242 1405 ipso
1267 1335 1488 1390 Domino
1511 1350 1605 1403 per
1627 1336 1729 1391 huc

171 1430 482 1502 vocabulum
514 1428 869 1500 significante,
898 1429 1038 1499 quod
1071 1429 1153 1493 lex
1181 1443 1274 1482 sua
1317 1427 1605 1498 perfectam
1647 1429 1726 1481 vi.

168 1522 324 1576 vendi
372 1519 606 1592 regulam
652 1521 912 1576 omnibus
931 1521 1308 1592 promulgaret,
1340 1529 1395 1576 et
1442 1520 1728 1590 unicuique

167 1615 461 1669 secundum
508 1629 666 1682 Opera
697 1629 790 1668 sua
822 1613 1070 1669 redderet
1111 1631 1124 1667 :
1161 1614 1310 1682 juxta
1354 1613 1456 1669 hoc
1480 1613 1618 1681 quod
1656 1614 1730 1667 ait

170 1704 289 1770 ipse
319 1723 331 1758 :
363 1703 428 1758 In
473 1721 573 1774 quo
601 1705 734 1759 enim
747 1705 947 1776 judicio
967 1703 1314 1775 indicaverim
1334 1745 1350 1770 ,
1369 1703 1728 1775 judicabimini

166 1791 384 1863 (Matth.
433 1791 550 1862 vn).
600 1791 665 1854 Et
703 1809 716 1846 :
762 1789 828 1845 In
873 1808 974 1862 qua
1015 1808 1252 1846 mensura
1299 1792 1460 1847 mensi
1506 1791 1722 1862 fueritis,

1826 603 2006 670 stium,
2042 605 2266 658 terrenis
2293 605 2504 674 quidem
2535 606 2787 660 cordibus
2816 608 3193 668 inaccessibilis
3218 659 3233 684 ,
3275 619 3366 672 sed

1829 693 1993 764 Moysi
2033 702 2089 749 et
2133 694 2342 748 caeteris
2371 696 2566 750 mundo
2603 697 2764 752 corde
2811 698 2980 754 beatis
3006 701 3180 758 divina
3230 722 3369 762 ress-

1825 792 1976 838 rante
2016 784 2182 851 gratia
2209 783 2545 853 penetrabilis
2572 802 2584 838 :
2617 787 2804 854 quibus
2841 787 3034 843 dicitur
3063 790 3114 845 in
3139 792 3370 860 Psalmo,

1825 875 2057 928 Accedite
2097 877 2166 928 ad
2205 892 2343 939 eum,
2378 885 2425 929 et
2471 877 2832 932 illuminantini
2887 879 3109 949 (Psalm.
3158 892 3370 954 ιιιιιηι).

1828 963 2211 1018 lnaccessibilis
2242 980 2468 1035 namque
2495 977 2577 1020 est
2619 967 2704 1020 lux
2749 969 2864 1034 ejus
2901 970 3098 1026 viribus
3149 975 3368 1040 nostris,

1824 1058 1889 1108 ad
1935 1071 2090 1125 quam
2142 1067 2315 1109 tamen
2364 1058 2634 1112 acceditur
2693 1061 3004 1117 muneribus
3053 1063 3236 1134 ipsius.
3270 1064 3367 1121 Ubi

1826 1156 1945 1215 apte
1967 1147 2301 1216 subiungitur
2325 1164 2340 1202 :
2803 1196 2818 1200 -
3174 1220 3181 1227 _

1897 1237 2022 1292 Erat
2063 1251 2228 1292 autem
2267 1239 2454 1308 species
2477 1241 2653 1310 gloria:
2683 1241 2909 1309 Domini,
2948 1246 3093 1313 quasi
3119 1248 3250 1316 ignis
3290 1265 3372 1303 ar-

1828 1329 1973 1397 dens,
2005 1336 2110 1384 etc.
2143 1329 2303 1397 Quasi
2334 1331 2466 1399 ignis
2497 1346 2721 1402 namque
2750 1333 2942 1389 ardens
2969 1337 3175 1404 species
3194 1339 3373 1409 gloria:

1830 1420 2031 1474 Domini
2079 1420 2360 1490 apparuit;
2402 1421 2523 1488 quia
2574 1423 2730 1476 corda
2780 1424 3088 1491 electorum,
3137 1436 3190 1482 et
3232 1428 3372 1483 dono

1828 1511 2059 1566 scientia:
2091 1510 2323 1565 caelestis
2354 1510 2582 1564 illustrat
2608 1552 2624 1577 ,
2650 1521 2704 1566 et
2740 1513 2930 1568 ardore
2957 1528 3066 1570 sua
3102 1516 3372 1572 cltarizatis

1828 1602 2135 1657 inflammat.
2159 1601 2214 1656 In
2242 1602 2379 1657 nube
2407 1615 2552 1672 ergo,
2577 1602 2801 1672 caligine
2828 1613 2882 1659 et
2907 1605 3027 1676 igne
3071 1607 3234 1676 gloria
3267 1609 3372 1663 Do-

1828 1695 1954 1750 mini
1994 1695 2103 1750 visa
2130 1703 2232 1750 est.
2266 1694 2321 1750 In
2365 1695 2503 1750 nube
2534 1695 2797 1761 videlicet,
2827 1697 2950 1773 quia
2992 1714 3088 1756 nos
3129 1701 3198 1756 ab
3241 1716 3373 1758 testu

1830 1787 2173 1842 tentationum
2206 1786 2446 1857 protegit.
2478 1787 2534 1842 In
2561 1787 2785 1856 caligine
2812 1803 2957 1855 vero,
2985 1791 3104 1860 quia
3136 1797 3367 1862 potentia

165 1881 454 1934 remetielar
519 1880 656 1934 vobis
706 1879 895 1952 (Marc.
942 1879 1037 1950 tv).
1089 1881 1229 1936 Bene
1279 1891 1454 1936 autem
1501 1881 1722 1947 dicitur,
1755 1869 1800 1926 Β
1828 1877 2120 1946 maiestatis
2148 1878 2262 1944 ejus
2300 1891 2330 1930 a
2371 1877 2510 1931 nulla
2542 1886 2714 1946 potest
2736 1887 2972 1932 creatura
3000 1879 3066 1934 ad
3105 1880 3363 1951 integrum

164 1969 310 2036 quod
332 2011 346 2034 ,
377 1969 556 2039 Moyse
601 1968 945 2034 ascendente,
996 1968 1164 2025 nubes
1209 1977 1265 2025 et
1299 1970 1466 2040 gloria
1496 1971 1728 2036 Domini,

163 2076 265 2116 se:
327 2061 515 2116 diebus
562 2071 792 2119 montem
850 2061 1098 2131 operuit,
1146 2063 1373 2132 septimo
1419 2072 1593 2119 autem
1643 2064 1730 2120 die

166 2151 318 2205 illum
356 2151 424 2205 ad
473 2151 656 2206 altiora
703 2151 896 2205 montis
926 2155 1151 2206 vocavit.
1210 2151 1315 2206 Sex
1361 2167 1589 2222 namque
1614 2153 1728 2209 die.

164 2242 270 2296 bus
296 2243 347 2296 in
394 2242 511 2311 lege
549 2243 785 2311 operari,
839 2242 890 2296 iu
920 2241 1147 2309 septimo
1195 2242 1532 2311 requiescere
1575 2241 1728 2308 jube-

162 2348 306 2389 mnr.
379 2333 786 2402 Ascendensque
856 2340 1092 2388 montem
1150 2332 1394 2404 Moyses,
1467 2348 1562 2389 sex
1614 2334 1728 2390 die-

161 2429 269 2484 bus
318 2428 459 2484 nube
504 2436 556 2482 et
598 2428 766 2499 gloria
803 2427 1012 2483 Domini
1057 2428 1289 2498 tegitur:
1333 2436 1389 2481 ut
1435 2431 1728 2485 insinuetur

162 2518 428 2590 mystice,
493 2517 614 2587 quia
664 2519 962 2588 quicunque
1027 2518 1273 2573 mandata
1345 2518 1550 2574 Domini
1601 2534 1729 2586 ope-

163 2609 317 2664 ribus
356 2608 512 2678 iustis
565 2608 912 2677 exsequitur,
959 2607 1140 2661 divina
1186 2608 1364 2676 utique
1407 2607 1728 2677 protectione

162 2697 358 2768 dignus
386 2697 590 2752 existit.
625 2697 766 2750 Idem
800 2709 1029 2765 namque
1079 2695 1354 2764 Dominus,
1386 2699 1475 2768 qui
1512 2698 1726 2768 Moysen

162 2790 220 2843 in
273 2796 506 2842 montem
558 2786 847 2841 ascendere
872 2786 1066 2854 jussit,
1111 2789 1478 2843 ascendentem
1523 2803 1730 2856 quoque

162 2891 265 2933 sua
295 2877 436 2932 nube
463 2884 518 2930 et
545 2875 790 2931 claritate
820 2874 1173 2930 circumdedit
1201 2894 1214 2929 :
1247 2877 1367 2945 quia
1399 2878 1487 2946 qui
1531 2878 1728 2932 donum

163 2969 327 3024 nobis
355 2967 765 3036 beneoperandi
798 2966 1005 3031 tribuit,
1049 2968 1163 3036 ipse
1209 2982 1304 3022 nos
1332 2971 1466 3023 bene
1508 2984 1731 3036 operan-

165 3070 280 3123 tes,
311 3073 377 3113 ne
405 3058 743 3123 deliciauius,
773 3058 1023 3124 illustrat,
1054 3066 1109 3112 et
1140 3072 1205 3112 ne
1235 3058 1573 3114 tentamentis
1597 3061 1731 3114 anti-

161 3151 259 3218 qui
292 3149 479 3215 hostis,
507 3151 654 3219 quasi
681 3149 975 3203 fervoribus
996 3148 1126 3205 solis
1150 3164 1454 3215 exuramur,
1483 3152 1725 3222 protegit.

163 3243 411 3312 Septimo
441 3251 617 3297 autem
653 3242 739 3297 die
767 3251 920 3295 vocat
971 3241 1035 3295 ad
1060 3240 1242 3295 altiora
1289 3242 1540 3297 Dominus
1585 3244 1730 3314 Moy-

164 3348 294 3400 sen,
325 3333 445 3401 quia
479 3341 614 3401 post‘
629 3346 848 3400 operum
893 3331 1297 3401 perfectionem,
1324 3335 1556 3402 requiem
1580 3335 1733 3388 nobis

165 3421 258 3474 lex
310 3419 568 3489 promittit
609 3429 863 3475 atternam
914 3437 927 3473 :
961 3430 1017 3474 ut
1043 3423 1131 3489 qui
1170 3421 1222 3475 in
1265 3423 1540 3477 altitudine
1576 3434 1734 3478 recta:

165 3512 400 3567 aetionis
427 3511 648 3566 Domino
665 3511 916 3566 assistere
943 3512 1267 3574 curavimus,
1288 3511 1398 3580 jam
1422 3512 1485 3565 ad
1515 3515 1630 3582 ejus
1659 3515 1733 3567 vi-

166 3607 382 3658 sionem
399 3614 558 3671 atque
579 3601 896 3669 colloquium
922 3601 1206 3655 ascendere
1229 3617 1523 3657 mereamur
1547 3621 1557 3654 :
1584 3601 1732 3671 juxta

166 3696 304 3749 illud
337 3695 652 3760 Psalzuistm,
689 3691 890 3746 Etenim
935 3684 1323 3745 benedictionem
1349 3693 1507 3755 dabit,
1537 3693 1620 3759 qui
1656 3691 1732 3744 le-

166 3802 288 3854 gem
336 3785 470 3837 dedit
503 3781 724 3850 (Psalm.
773 3782 1020 3850 autin).
1055 3779 1412 3833 Atnbulabunt
1438 3782 1503 3835 de
1541 3782 1734 3836 virtute

167 3879 222 3930 in
258 3875 528 3936 virtutem,
560 3873 821 3927 videbitur
852 3873 989 3926 Deus
1027 3871 1243 3925 deorum
1289 3871 1340 3926 in
1390 3871 1536 3926 Sion.
1582 3873 1732 3938 Quod

166 3970 340 4024 etiam
371 3967 424 4020 in
468 3967 568 4020 hac
608 3966 712 4019 vita
760 3965 1024 4019 nonnullis
1054 3968 1337 4019 electorum
1383 3975 1590 4020 constat
1616 3981 1734 4020 esse

168 4062 460 4120 donatum,
491 4065 548 4111 ut
593 4067 710 4125 post
736 4057 924 4111 activa:
957 4056 1327 4125 peifectiouem
1377 4057 1733 4110 conversatio-

169 4153 285 4212 nis,
331 4148 397 4202 ad
447 4148 638 4202 divinas
684 4149 906 4217 gratiam
953 4145 1331 4214 speculationis
1378 4146 1730 4209 ascenderiiit,

165 4240 562 4308 qualiscunque
589 4246 641 4291 et
680 4237 1136 4306 quantulacunque
1185 4239 1296 4290 hinc
1323 4235 1390 4289 ab
1435 4235 1734 4288 hominibus

168 4345 344 4384 carne
391 4330 561 4383 adhuc
591 4329 786 4383 indutis
835 4328 945 4382 fieri
980 4337 1150 4395 potest
1183 4344 1198 4380 :
1249 4327 1387 4395 quod
1419 4336 1472 4381 et
1502 4325 1733 4394 plurimis

172 4419 606 4489 patriarcharum
649 4432 710 4470 ac
742 4417 1136 4484 pr0phetarum,
1184 4426 1238 4470 et
1266 4431 1371 4483 prie
1402 4415 1609 4469 caeteris
1637 4413 1731 4482 ipsi

1826 1969 2221 2038 comprehendi.
2255 1968 2369 2022 Pax
2394 1970 2528 2023 enim
2554 1967 2642 2023 Dei
2662 1980 2928 2040 exsuperat
2958 1987 3149 2026 omnem
3167 1991 3368 2028 sensum

1827 2061 2047 2132 (Philip.
2087 2063 2194 2130 ιν).
2245 2061 2300 2115 In
2346 2064 2464 2129 igne
2501 2071 2674 2115 autem
2725 2062 2972 2125 ardente,
3003 2065 3123 2134 quia
3167 2076 3372 2122 tuentes

1827 2150 2054 2204 fidelium
2084 2165 2428 2218 supernorum
2480 2152 2753 2218 honorum,
2795 2163 2849 2207 et
2899 2156 3196 2225 cognitione
3239 2156 3376 2212 irra-

1825 2240 1932 2294 diat
1952 2281 1966 2304 ,
1997 2252 2049 2306 et
2077 2255 2168 2307 spe
2194 2240 2564 2294 ac-dilectionc
2592 2244 2854 2296 accendit.
2889 2245 2952 2298 Et
2990 2245 3124 2298 ham
3157 2248 3371 2316 quidem

1828 2331 2032 2387 Domini
2058 2330 2275 2399 gloriam
2324 2329 2412 2383 filii
2443 2330 2598 2384 Israel
2628 2330 2694 2385 de
2732 2331 2887 2402 longe
2914 2344 2966 2386 et
3011 2339 3077 2388 ab
3106 2337 3374 2392 inferiori-

1826 2424 1922 2478 bus
1945 2423 2225 2491 aspiciunt,
2263 2421 2470 2490 Moyses
2509 2435 2633 2475 vero
2659 2421 2814 2474 altius
2852 2424 3186 2478 ascendendo
3214 2441 3375 2494 pene-

1827 2521 1962 2577 trat;
1989 2511 2110 2580 quia
2157 2508 2402 2564 nimirum
2443 2508 2617 2564 abdita
2666 2511 3032 2580 mysteriorum
3075 2512 3368 2568 divinorum

1827 2605 2043 2674 perfecti
2065 2607 2258 2677 quique
2290 2605 2518 2675 perfecte
2546 2619 2609 2659 ac
2634 2607 2926 2660 sublimiter
2948 2605 3145 2660 vident.
3179 2609 3248 2662 At
3276 2624 3373 2664 nos

1828 2704 2022 2750 nostra
2066 2710 2330 2750 memores
2369 2697 2661 2766 fragilitatis
2690 2707 2741 2750 et
2773 2695 2997 2761 iuertite,
3027 2697 3125 2750 etsi
3157 2696 3258 2751 huc
3295 2701 3374 2752 in.

1829 2797 1970 2841 trare
1995 2786 2493 2855 comprehendendo
2515 2786 3069 2856 nequivimus,saltem
3090 2787 3375 2851 credendo,

1828 2874 2119 2943 sperando,
2159 2875 2469 2944 diligendo,
2519 2877 2572 2929 in
2611 2876 2855 2944 proximo
2919 2891 3174 2943 manere,
3224 2888 3382 2949 atque

1828 2977 2100 3033 aspectare
2141 2979 2405 3019 curemus.
2447 2964 2604 3032 Quasi
2633 2965 2771 3019 enim
2805 2965 2895 3019 lilii
2949 2965 3105 3023 Israel
3147 2983 3177 3023 a
3223 2969 3376 3040 longe

1832 3059 2010 3110 oculos
2036 3055 2102 3109 ad
2133 3064 2362 3109 montem
2392 3055 2504 3121 Dei,
2545 3067 2701 3125 atque
2738 3055 2803 3110 ad
2833 3069 3170 3126 conspectum
3199 3061 3395 3130 glorias

1832 3145 1946 3214 ejus
1976 3145 2190 3214 habent,
2223 3161 2343 3200 cum
2366 3144 2557 3199 inlirmi
2583 3147 2777 3216 quique
2806 3146 2856 3200 in
2878 3147 3099 3203 ecclesia
3124 3164 3184 3205 se
3215 3151 3374 3204 Deum

1837 3236 2010 3292 videre
2026 3251 2360 3305 summopere
2379 3236 2762 3302 desiderantes,
2781 3240 2962 3295 oculos
2983 3241 3174 3297 mentis
3193 3243 3380 3296 sedulo

1836 3330 1887 3383 in
1914 3329 2219 3384 memoriam
2243 3340 2456 3384 aeterna:
2483 3330 2737 3384 claritatis
2762 3331 2894 3386 fixos
2921 3341 3116 3388 tenent.
3147 3334 3303 3399 Quasi
3327 3333 3380 3388 iu

1836 3419 2023 3472 vicinia
2053 3420 2246 3473 montis
2277 3419 2404 3482 Dei,
2435 3420 2486 3472 in
2512 3434 2666 3487 quem
2699 3420 2917 3489 Moysen
2946 3422 3246 3476 ascendisse
3281 3435 3382 3477 nu-

1835 3519 2037 3572 veraut,
2075 3517 2488 3572 commorantur,
2531 3523 2649 3562 cum
2696 3507 2748 3562 in
2791 3510 2879 3562 illo
2923 3525 2981 3564 se
3020 3510 3382 3567 moderamine

1833 3599 2038 3654 vivendi
2065 3609 2332 3663 coercent,
2361 3615 2466 3670 quo
2497 3616 2759 3671 nunquam
2785 3615 3027 3670 gressum
3057 3616 3166 3657 sua
3193 3617 3374 3672 opera-

1833 3691 1994 3744 tionis
2058 3692 2262 3761 longius
2308 3692 2376 3746 ab
2431 3691 2721 3748 imitatione
2770 3707 3097 3748 summorum
3144 3694 3382 3749 vivorum

1833 3782 2156 3847 abstraham,
2200 3785 2406 3837 tametsi
2437 3783 2658 3839 necdum
2685 3783 2839 3854 plene
2868 3784 3074 3840 illorum
3116 3784 3182 3839 ad
3211 3787 3384 3854 perfo-
3479 3831 3482 3836 .

1833 3873 2062 3929 ctionem
2089 3876 2235 3944 sequi
2277 3876 2497 3946 vestigia
2531 3877 2750 3945 possint.

2452 3986 2673 4042 CAPUT
2713 3986 2770 4040 II.

1835 4074 2034 4144 Moyses
2062 4077 2273 4142 septimo
2295 4076 2378 4129 die
2401 4077 2468 4128 ad
2496 4078 2678 4129 altiora
2710 4076 2891 4129 montis
2915 4087 3140 4138 vocatus.
3168 4080 3386 4146 quadra-

1897 4147 2036 4212 ginta
2061 4146 2234 4196 diebns
2256 4161 2325 4200 ac.
2342 4146 2569 4196 noctibus
2595 4147 2664 4197 ibi
2693 4162 2804 4208 cum
2838 4146 3056 4198 Domine
3080 4159 3322 4203 moratur.

1903 4230 2268 4301 Ingressusque
2316 4232 2515 4303 Moyses
2559 4236 2775 4287 medium
2818 4235 3031 4301 nebula,
3064 4240 3290 4291 ascendit
3335 4242 3386 4292 in

1836 4331 2073 4387 mentem,
2101 4333 2147 4374 et
2171 4324 2269 4389 fuit
2303 4324 2371 4375 ibi
2399 4325 2736 4396 quadraginta
2783 4325 2955 4378 diebus
2988 4336 3033 4380 et
3054 4329 3387 4399 quadraginta

1837 4412 2082 4465 noctibus.
2123 4412 2328 4483 Moyses
2360 4414 2588 4468 medium
2621 4416 2825 4469 nebulae
2857 4418 3121 4486 ingressus
3153 4423 3389 4473 ascendit

171 4509 353 4580 Moysi
380 4523 685 4562 concessum
716 4516 817 4568 est,
848 4507 912 4560 de
941 4521 1046 4573 quo
1074 4507 1370 4573 specialiter
1407 4507 1604 4559 dictum
1628 4513 1730 4569 est,
1768 4532 1816 4595 ι)
1840 4502 1889 4554 in
1922 4513 2153 4556 montem
2173 4541 2189 4566 ,
2222 4517 2343 4556 cum
2370 4505 2745 4571 praedicatores
2773 4507 2965 4560 divinas
2994 4507 3145 4576 legis,
3180 4508 3230 4561 in
3275 4514 3390 4576 qui-

166 4602 304 4667 quia
346 4599 540 4649 locutus
569 4597 634 4648 sit
678 4612 790 4647 cum
823 4595 928 4648 Deo
957 4597 1084 4664 facie
1121 4595 1186 4647 ad
1216 4595 1416 4663 faciem,
1443 4595 1573 4647 sicut
1599 4594 1736 4661 loqui

169 4689 311 4740 solet
338 4685 485 4736 Itonia
508 4700 618 4735 cum
646 4685 808 4736 amico
835 4699 925 4736 suo
955 4682 1149 4752 (Exod.
1187 4683 1397 4752 XXXIII).
1430 4683 1576 4737 Unde
1600 4692 1653 4735 et
1674 4682 1741 4736 de

171 4776 281 4830 illo
331 4772 629 4840 specialiter
675 4771 892 4839 intelligi
942 4774 1098 4838 valet,
1146 4774 1281 4839 quod
1328 4788 1421 4826 sex
1452 4773 1640 4826 diebus
1687 4774 1739 4826 in

169 4873 370 4921 monte
400 4864 535 4918 nube
563 4874 614 4918 et
644 4863 806 4932 gloria
834 4863 1036 4916 Domini
1085 4874 1348 4931 protectus
1392 4867 1492 4928 sit;
1521 4867 1743 4934 septimo

170 4966 365 5010 autem
396 4956 482 5010 die
511 4961 726 5008 vocatus
751 4953 815 5006 ad
858 4954 1175 5021 colloquium
1205 4957 1340 5024 ejus,
1373 4956 1560 5011 altiora
1593 4973 1742 5010 mon-

170 5048 250 5101 tis
299 5044 704 5111 conscenderit,
747 5045 866 5114 quia
921 5045 1170 5097 nimirum
1222 5062 1313 5112 per
1361 5048 1496 5100 bona
1547 5063 1740 5116 opera,

171 5151 309 5207 qua:
355 5135 577 5190 Domino
603 5136 834 5190 donante
878 5146 1172 5204 acceperat,
1219 5137 1384 5205 magis
1420 5137 1488 5191 ab
1514 5139 1602 5191 illo
1625 5139 1746 5191 illu-

174 5228 371 5291 strari,
403 5238 559 5294 atque
587 5229 654 5282 ab
683 5229 924 5283 omnibus
953 5227 1204 5281 malorum
1230 5227 1522 5282 incursibus
1547 5235 1742 5283 meruit

176 5316 528 5381 obumbrari,
560 5333 622 5370 ac
649 5318 727 5372 sic
747 5319 811 5373 ad
841 5317 1145 5372 sublimiora
1178 5318 1392 5371 visionis
1421 5327 1474 5372 et
1514 5321 1744 5374 collocu-

172 5407 354 5464 tionis
375 5405 514 5460 illius
539 5407 673 5460 dona
705 5408 961 5475 pervenit.
985 5407 1208 5461 Medium
1239 5421 1464 5476 namque
1483 5409 1743 5477 caliginis,

173 5497 338 5554 unde
365 5503 584 5548 vocatus
613 5507 732 5549 esse
761 5496 969 5560 dicitur,
1002 5512 1105 5550 non
1137 5498 1312 5550 inesse
1356 5495 1466 5548 Deo
1500 5499 1744 5553 tenebras

174 5591 331 5644 ullas
351 5585 612 5654 significat
636 5601 648 5635 :
680 5587 766 5637 sed
789 5587 904 5652 quia
933 5589 1092 5639 lucem
1121 5585 1308 5637 habitat
1340 5585 1745 5641 inaccessabilem

177 5681 233 5749 (ι
273 5679 416 5732 Tim.
442 5678 540 5743 vi),
571 5687 626 5729 et
652 5677 786 5730 sicut
815 5677 954 5731 idem
995 5677 1121 5731 dicit
1150 5675 1453 5744 Apostolus,
1488 5677 1646 5741 Quem
1673 5678 1746 5730 vi-

178 5774 262 5825 dit
301 5772 477 5821 nullus
505 5768 778 5830 hominum,
810 5772 894 5822 srd
926 5785 1012 5822 nec
1043 5770 1209 5822 videre
1236 5775 1394 5836 potest
1416 5765 1622 5837 (Ibid.).
1645 5767 1744 5822 Ca-

1843 4595 1936 4647 bus
1965 4593 2076 4662 ipse
2102 4595 2309 4663 Moyses
2338 4594 2563 4647 eximius
2591 4608 2702 4647 erat
2731 4597 2794 4648 ad
2818 4596 3063 4650 intuenda
3093 4596 3388 4653 sublimiter

1842 4685 2032 4738 incerta
2080 4693 2134 4738 et
2179 4686 2380 4738 occulta
2437 4686 2710 4752 sapientia:
2764 4686 2985 4749 divince,
3028 4687 3280 4742 intritante
3327 4709 3388 4742 ai:

1843 4778 2064 4830 ducente
2095 4775 2654 4842 Domino,penetrant.
2681 4775 2794 4829 Fuit
2820 4788 2996 4830 autem
3019 4792 3136 4830 cum
3173 4780 3385 4838 Domina

1844 4870 2050 4938 Moyses
2078 4865 2418 4934 quadraginta
2450 4866 2636 4920 diebus
2661 4877 2713 4920 et
2753 4868 3028 4932 noctibus,
3064 4878 3120 4922 ut
3161 4870 3259 4926 hnc
3288 4890 3355 4925 tm

1845 4973 1988 5011 mero
2027 4956 2280 5023 temporis
2306 4954 2568 5020 disceret,
2603 4958 2739 5024 quod
2771 4958 2842 5011 illi
2868 4960 3199 5016 solummodo
3225 4965 3385 5017 deca-

1845 5051 2018 5119 logum
2041 5047 2189 5114 legis,
2207 5061 2363 5113 quem
2391 5061 2509 5100 cum
2533 5064 2628 5102 suo
2646 5050 2836 5117 populo
2856 5061 3150 5118 acceperat,
3176 5065 3391 5120 possent

1846 5138 2083 5207 implere,
2114 5150 2250 5204 quos
2277 5137 2595 5206 evangelica
2625 5140 2788 5207 gratia
2810 5126 3083 5202 veritatis,
3110 5156 3227 5207 qua:
3253 5157 3385 5209 qua-

1847 5244 1965 5285 tuor
2011 5229 2151 5283 libris
2195 5235 2310 5280 erat
2355 5228 2718 5289 describenda,
2758 5228 2986 5297 juvaret.
3011 5230 3206 5292 Quater
3244 5231 3386 5286 enim

1844 5321 1965 5377 deni
2000 5316 2341 5388 quadraginta
2383 5318 2596 5370 iaciunt.
2627 5317 2712 5371 Vel
2743 5331 2886 5370 certe
2928 5318 3065 5385 quod
3106 5327 3386 5371 venturum

1845 5421 1987 5469 esset
2010 5421 2234 5478 tempus,
2257 5409 2467 5476 quando
2494 5407 2674 5462 eadem
2706 5417 2964 5477 prmcepta
2993 5408 3249 5477 decalogi,
3272 5426 3386 5477 qu.“

1848 5512 1971 5556 tunc
1991 5515 2106 5556 cum
2135 5513 2238 5553 uno
2263 5500 2488 5553 filiorum
2515 5497 2672 5551 Israel
2709 5498 2899 5567 populo
2923 5500 3145 5567 accepit,
3174 5500 3225 5552 in
3257 5503 3386 5554 noti-

1850 5594 1973 5648 tiam
1994 5600 2294 5645 cunctarum
2317 5591 2571 5658 gentium,
2597 5604 2713 5655 quae
2737 5597 2960 5656 quatuor
2981 5589 3122 5643 orbis
3151 5589 3386 5658 partibus

1846 5681 2213 5744 continentur,
2261 5679 2432 5733 divina
2483 5677 2644 5746 gr..tia
2703 5679 2961 5746 largiente
3013 5679 3389 5745 panderentur,

1850 5786 2134 5841 omnesque
2183 5785 2274 5838 iter
2325 5769 2511 5823 horum
2564 5767 2803 5823 nationes
2851 5767 3274 5828 observantiam,
3324 5764 3388 5815 ad
