3898 6260
957 466 1148 519 ΙῖίέῐΜΞ
1194 466 1629 522 VENERABILIS
1668 465 1952 520 UPERUM
1995 465 2167 520 ΡΛῐῶ
2208 466 2267 518 ll.
2308 494 2375 505 -—
2414 464 2798 521 EXECETICA
2840 465 3154 521 CENUINA.

467 579 685 633 salutem
726 577 1057 645 pervenirent
1092 586 1365 629 teternam.
1401 574 1588 628 Verum
1611 577 1730 641 quia
1770 575 1999 628 breviter
2030 580 2074 633 Λ
2105 589 2200 627 nos
2242 584 2295 627 et
2337 588 2601 645 gemmas.
2642 576 2706 629 ad
2738 577 3028 630 ornandum
3058 575 3227 642 epbod
3256 590 3319 630 ac
3351 576 3643 639 ra'iottale,

470 682 625 735 quam
654 668 875 721 miriﬁco
895 680 1116 721 ascensu
1145 666 1349 735 Moyses
1374 668 1437 718 ad
1464 667 1817 733 accipiendam
1842 666 2006 733 legem

471 758 768 825 pervenerit
810 757 1123 823 didicimus,
1170 756 1281 826 jam
1328 772 1469 811 nunc
1516 764 1669 810 aures
1717 756 1911 818 simul,
1956 763 2010 807 ct.

470 845 675 899 animos
718 846 781 899 ad
830 846 1089 900 audienda
1130 862 1247 913 qttte
1293 844 1511 905 audivit.
1556 858 1618 899 ac
1660 860 1754 912 pro
1798 844 2009 898 modulo

467 942 647 987 nostro
674 935 983 1002 exponenda
1027 935 1139 1004 ipsa
1173 932 1302 1005 legis
1330 933 1576 989 mandata
1618 940 2004 988 convertamus.

467 1023 713 1095 Sequitur
745 1043 757 1078 :

1069 1114 1289 1170 CAPUT
1326 1114 1410 1170 ΙΙΙ.

476 1225 597 1279 Filii
636 1224 799 1280 Israel
832 1226 1074 1296 primitias
1116 1226 1326 1278 Domino
1358 1224 1539 1291 offerre
1574 1235 1623 1279 et
1666 1226 2008 1279 sanctuarittm

698 1304 704 1310 '
754 1310 759 1315 '
1024 1300 1186 1363 facere
1204 1297 1461 1361 iubentur.

539 1384 747 1450 (Exod.
786 1385 940 1453 xxv.)
981 1383 1197 1436 Locutus
1242 1395 1311 1435 est
1353 1381 1603 1435 Dominus
1646 1384 1714 1433 ad
1756 1381 1963 1449 Moysen
1993 1424 2006 1443 ,

470 1475 680 1528 dicens:
710 1473 934 1539 Loquere
962 1473 1080 1537 ﬁliis
1108 1471 1268 1523 Israel
1290 1514 1303 1533 ,
1334 1483 1385 1523 ut
1428 1473 1625 1532 tollunt,
1664 1480 1768 1525 etc.
1816 1469 1881 1525 Et
1915 1487 2009 1525 nos

474 1564 726 1630 primitias
783 1564 1035 1615 bonorum
1098 1547 1405 1614 nostrorum
1461 1561 1684 1615 Domino
1745 1562 2005 1626 tollimus,

470 1654 677 1724 quando
697 1655 739 1707 si
760 1652 881 1720 quid
906 1653 1026 1705 boni
1053 1652 1274 1720 agimus,
1306 1660 1471 1705 totum
1498 1652 1597 1705 hoc
1617 1652 1806 1706 dirinm
1829 1654 2010 1721 gratia:

474 1742 747 1796 tribuimus
773 1741 1048 1806 veraciter,
1079 1751 1133 1795 et
1164 1742 1349 1795 intimo
1379 1757 1441 1795 ex
1486 1742 1649 1795 corde
1679 1744 2005 1809 proﬁtentes.

470 1832 608 1902 quod
636 1847 698 1884 ne
725 1831 929 1895 initium
951 1832 1158 1898 quidem
1182 1831 1331 1884 bonae
1357 1829 1598 1893 actionis,
1625 1844 1709 1883 aut
1733 1831 2007 1897 cegitatio-

3550 467 3648 521 400

2107 678 2225 718 cum
2276 667 2525 720 miracula
2574 676 2874 720 sanctorum
2896 706 2912 731 ,
2940 668 3128 735 quibus
3156 667 3507 737 cognitiones
3548 669 3649 722 Deo

2106 755 2352 821 devotas,
2382 767 2436 810 et
2480 770 2643 821 opera
2688 758 2935 809 virtutum
2981 769 3255 822 ornavere,
3285 757 3444 824 digna
3493 756 3648 812 laude

2109 844 2470 915 prtedicamus.
2503 848 2669 913 Atque
2701 844 2813 897 btec
2853 844 2903 896 in
2936 842 3252 910 adiutorium
3280 852 3482 898 nostra
3507 843 3647 911 ﬁdei,

2106 936 2193 988 ubi
2234 949 2366 1000 opus
2397 934 2573 997 fuerit,
2603 933 2940 987 assumimus.
2986 933 3119 997 Quia
3147 934 3288 985 enim
3334 933 3386 987 in
3418 935 3649 989 humeris

2107 1036 2267 1076 onera
2308 1030 2516 1091 gestare
2563 1023 2793 1075 solemus
2820 1061 2835 1084 ,
2876 1030 3020 1075 recte
3065 1035 3158 1088 per
3198 1020 3410 1087 epbod,
3456 1022 3507 1075 id
3550 1032 3645 1085 est,

2106 1111 2563 1180 superltutnerale,
2590 1125 2751 1179 opera
2775 1109 3061 1178 iustorum.
3091 1120 3145 1165 et
3188 1110 3259 1179 pii
3297 1126 3391 1179 pro
3433 1112 3651 1166 Domino

2107 1201 2313 1254 labores
2341 1201 2693 1253 insinuantur.
2730 1199 2861 1264 Quia
2898 1213 3021 1252 vero
3062 1200 3112 1252 in
3142 1210 3355 1267 pectore
3382 1200 3651 1268 Cogitatio-

2108 1306 2230 1343 num
2261 1292 2415 1343 sedes
2443 1297 2526 1343 est
2544 1328 2563 1363 ,ι
2592 1297 2735 1342 recte
2783 1289 2835 1341 in
2883 1286 3162 1351 rationali,
3192 1290 3280 1357 qui
3326 1297 3407 1341 est
3448 1289 3652 1340 habitos

2111 1378 2338 1444 νεαιογίε
2367 1377 2731 1439 sacerdotalis,
2764 1378 2970 1429 mundae
2996 1377 3284 1430 electorum
3304 1377 3652 1445 cogitationes

2107 1472 2491 1536 exprimuntur.
2527 1466 2855 1534 Lapidesque
2881 1468 3125 1535 onychini
3154 1478 3207 1521 et
3227 1483 3448 1536 gemina:
3468 1479 3652 1519 ornant

2108 1556 2279 1625 ephod
2308 1571 2370 1609 ac
2400 1557 2679 1618 rutiOnale,
2712 1540 2832 1607 cum
2863 1555 3070 1608 eximiis
3090 1569 3416 1610 summorum
3444 1556 3652 1610 l‘atrum

2108 1648 2315 1700 actibus
2360 1655 2412 1699 et
2455 1644 2886 1712 cogitationibus,
2912 1644 3067 1696 etiam
3110 1644 3479 1697 miraculorum
3526 1645 3652 1697 iusi-

2108 1734 2227 1803 gnia
2269 1734 2580 1803 junguntur.
2632 1731 2811 1799 Neque
2864 1731 3059 1799 aliquid
3109 1741 3251 1785 velat
3297 1734 3349 1784 in
3398 1734 3654 1797 lapidibus

2110 1827 2412 1897 onycbiuis,
2443 1825 2530 1895 qui
2574 1824 2845 1894 sanguinei
2876 1823 3115 1877 teruntur
3143 1835 3263 1875 esse
3292 1822 3488 1875 coloris
3512 1863 3530 1887 ,
3560 1825 3652 1874 ad-

408 1938 411 1941 π
473 1892 565 1979 tiis
601 1920 791 1989 aliquid
818 1960 833 1980 ,
871 1892 1025 1974 nisi-a
1054 1920 1273 1973 Domino
1302 1921 1561 1988 possimus
1586 1892 1829 1974 habere”:
1875 1921 2006 1973 mala
2039 1892 2085 1950 Β
2113 1892 2221 1970 dita
2276 1917 2424 1970 bonis
2462 1892 2720 1983 operibus
2766 1914 3004 1980 martyrii
3056 1906 3240 1965 merita
3294 1910 3535 1980 intelligi.
3589 1912 3657 1963 De

476 2024 598 2062 vero
631 2022 804 2061 nesua
836 2024 1043 2076 semper
1071 2024 1098 2060 a
1132 2010 1282 2062 nobis
1313 2009 1438 2077 ipsis
1478 2009 1686 2063 d;abolo
1713 2008 2009 2077 instigante,

473 2107 523 2148 et
560 2107 727 2163 erepta
760 2106 811 2149 et
844 2106 1203 2149 tonsummata
1224 2139 1238 2163 ,
1272 2112 1368 2149 nec
1399 2097 1497 2150 nisi
1541 2097 1760 2151 Domino
1788 2099 2014 2150 donante

476 2185 692 2237 laxanda
732 2200 849 2239 esse
880 2185 1119 2238 fatemur.
1154 2184 1415 2253 Pelagiani
1463 2187 1714 2252 primitias
1757 2186 2011 2239 bonorum

476 2288 688 2327 suorum
717 2276 898 2325 nolunt
930 2273 1146 2326 Domino
1176 2276 1380 2339 tolierc,
1410 2274 1500 2326 sed
1529 2272 1868 2338 sibimetipsis
1897 2288 2015 2342 pos-

476 2362 690 2415 sidenda
745 2362 969 2414 retinere
1010 2378 1023 2410 :
1068 2362 1187 2425 quia
1239 2375 1297 2414 se
1353 2361 1472 2415 boni
1518 2362 1712 2430 aliquid
1754 2376 1784 2416 a
1830 2362 2039 2430 seipsis‘

478 2450 679 2517 absque
700 2450 862 2516 gratia
890 2449 979 2502 Dei
1004 2448 1219 2515 habere,
1247 2450 1399 2502 stulta
1429 2451 1841 2519 praesumptione
1867 2460 2015 2503 autu-

480 2546 643 2591 mant.
676 2538 815 2592 Bene
840 2548 1011 2592 autem
1044 2540 1339 2607 prmcipitur
1368 2540 1529 2609 Moysi
1553 2585 1567 2608 ,
1598 2542 1665 2593 ab
1691 2541 1903 2594 homine
1930 2541 2016 2608 qui

482 2626 635 2680 olIcrt
679 2627 979 2691 ultroneus,
1023 2630 1260 2694 accipere
1308 2628 1584 2693 primitias.
1622 2628 1847 2681 (litarem
1887 2628 2020 2679 enim

483 2720 705 2769 datorem
741 2717 903 2785 diligit
928 2716 1061 2768 Dens
1089 2715 1180 2784 (t1
1213 2716 1329 2769 Cor.
1364 2714 1471 2784 ιι).
1505 2717 1567 2769 Ει
1598 2719 1896 2783 Apostolus,
1921 2733 2021 2769 non

485 2824 545 2859 ατ
571 2808 769 2860 tristitia
796 2824 902 2870 nos,
935 2817 1021 2859 aut
1044 2823 1103 2859 ea:
1128 2808 1434 2874 necessitate,
1466 2809 1553 2860 sed
1583 2807 1836 2875 preposito
1856 2808 2021 2861 cordis

482 2897 607 2948 bona
635 2898 797 2965 facere
811 2897 955 2966 jubet
978 2895 1187 2966 (Ibid).
1212 2897 1358 2962 Quod
1400 2911 1457 2951 se
1498 2897 1671 2950 facere
1698 2898 1871 2951 sciens
1902 2913 2037 2965 pro-7

484 2986 633 3051 pheta
664 2986 917 3053 gloriatur
948 2987 997 3039 in
1028 2986 1253 3039 Domino
1281 2986 1459 3040 dicens
1491 3004 1502 3037 :
1541 2985 1835 3040 Voluntaria
1859 2989 2019 3041 sacri—

482 3077 639 3141 ficabo
669 3078 755 3128 tibi
775 3076 941 3145 (I'sal.
974 3080 1108 3146 Lm).
1534 3128 1540 3133 .

551 3164 676 3217 Πανί
706 3175 818 3216 sunt
855 3174 1018 3218 autem
1051 3182 1175 3234 qua:
1209 3182 1432 3235 acetpere
1471 3168 1675 3235 debetis,
1696 3184 1905 3235 aurum,
1935 3186 2021 3223 ar-

483 3265 713 3324 gentmtt,
746 3264 788 3305 ct
812 3270 880 3306 trs
903 3296 917 3318 ,
942 3264 1047 3309 etc.
1079 3254 1274 3308 Cuncta
1309 3260 1419 3311 btec
1446 3274 1562 3325 qum
1592 3260 1839 3313 Dominus
1859 3261 1957 3314 sibi
1989 3275 2020 3314 a

493 3345 666 3408 priore
699 3344 912 3411 populo,
947 3344 1010 3395 ad
1035 3344 1324 3397 iaciendum
1357 3350 1709 3401 sanctuarium
1741 3348 2021 3403 materiali-

488 3440 568 3485 ιρι·
595 3432 767 3486 ollerri
799 3432 1065 3500 pra'cipit;
1099 3448 1193 3487 nos
1225 3450 1432 3503 quoque
1461 3437 1549 3503 qui
1591 3437 1891 3503 Spirituales
1920 3438 2023 3492 lilii

490 3520 670 3588 Israel,
704 3522 752 3575 id
782 3533 886 3585 est,
929 3524 1216 3577 imitatores
1244 3525 1407 3579 Deum
1448 3526 1669 3581 videntis
1698 3528 1870 3597 populi
1905 3543 2024 3584 esse

490 3612 868 3673 desideramus,
893 3612 1148 3676 sl-irituali
1172 3614 1513 3685 intelligentia
1535 3617 1786 3672 debemus
1808 3619 2023 3685 otlerre,

494 3708 747 3767 quatenus
790 3716 879 3760 per
924 3701 1220 3767 hujusmodi
1270 3704 1562 3760 oblationes
1604 3707 1947 3774 voluntarias,
1973 3718 2026 3763 et

501 3788 598 3855 ipsi
642 3790 996 3843 sanctuarium
1039 3792 1086 3843 ei
1130 3792 1180 3844 in
1225 3793 1374 3845 nobis
1418 3794 1587 3849 facere
1631 3811 1944 3863 mereantur,
1974 3808 2027 3852 et

494 3879 603 3943 ipse
633 3877 682 3929 in
719 3878 892 3932 medio
922 3890 1153 3933 nostrum
1188 3882 1449 3948 habitare,
1485 3883 1583 3937 hoc
1629 3894 1710 3939 est
1752 3887 1801 3938 in
1848 3895 2027 3939 nostro

498 3968 598 4021 sibi
630 3968 789 4022 corde
819 3971 1141 4023 mansionem
1173 3985 1486 4026 consecrare
1528 3972 1788 4042 dignetur.
1818 3975 1914 4029 Cui
1953 3976 2030 4029 vi-

493 4057 684 4109 delicet
714 4071 895 4110 aurum
926 4056 1192 4111 oderimus
1213 4097 1227 4123 ,
1259 4074 1375 4113 cum
1399 4062 1636 4116 claritate
1661 4077 1797 4116 verte
1823 4064 2029 4131 sapien-

498 4150 603 4210 tim,
633 4163 748 4215 qua:
771 4158 850 4200 est
880 4150 928 4201 in
960 4148 1059 4201 tidc
1086 4160 1247 4215 recti,
1273 4152 1681 4221 resplendemus.
1714 4155 2025 4223 Argentum,

491 4252 607 4287 tjtllll
636 4250 682 4289 et
714 4254 776 4289 cx
820 4252 910 4291 ore
942 4248 1119 4292 nostro
1150 4241 1410 4296 confessio
1442 4244 1496 4297 lit
1531 4245 1582 4298 in
1623 4246 1867 4300 salutem.
1899 4247 2026 4315 τες,

490 4340 606 4377 cum
648 4327 883 4378 eamdem
916 4328 1066 4380 iidem
1100 4332 1305 4397 publica
1348 4333 1712 4399 prtedicatioue
1758 4336 2029 4404 divulgare

493 4413 729 4478 gaudenti
751 4428 796 4465 s.
824 4414 1193 4483 Hyacinthum,
1217 4432 1334 4469 cum
1360 4432 1567 4472 sursum
1595 4422 1752 4473 corda
1773 4423 2023 4479 levamus.

2110 2006 2297 2074 quibus
2323 2004 2542 2073 singulis
2562 2017 2658 2057 suo
2682 2003 2798 2057 loco
2826 2000 3027 2070 plenius
3054 1998 3346 2069 opitulante
3376 1999 3467 2053 Dei
3493 1998 3654 2068 gratit

2111 2093 2390 2146 dicendum
2421 2102 2521 2146 est.

2186 2179 2491 2249 Faciamque
2515 2181 2636 2233 mihi
2661 2179 2871 2248 (inquit)
2896 2189 3255 2240 scnetuarrum,
3281 2190 3325 2232 et
3348 2178 3580 2231 habitabo
3607 2181 3654 2231 in

2113 2272 2277 2324 medio
2306 2286 2495 2333 eorum,
2526 2282 2625 2324 etc.
2658 2270 2902 2324 Ostendit
2930 2270 2973 2322 Μ
3001 2271 3091 2338 ,δ’δί
3131 2270 3383 2321 Dominus
3414 2270 3653 2322 taberna-

2113 2360 2286 2412 eulutn
2328 2360 2376 2411 itt
2428 2370 2605 2411 monte
2635 2399 2649 2419 ,
2702 2372 2753 2411 et.
2796 2373 2915 2409 vasa
2970 2358 3019 2409 in
3068 2357 3264 2409 cultum
3310 2355 3427 2424 ejus
3476 2372 3657 2409 conse-

2114 2460 2257 2502 crata
2291 2466 2302 2501 :
2328 2450 2452 2517 quia
2482 2449 2651 2501 eidem
2701 2462 2879 2501 secum
2911 2456 2943 2499 ι.
2966 2457 3055 2498 nto
3085 2454 3326 2510 tempore
3368 2446 3655 2498 demorami

2118 2537 2393 2590 manifeste
2442 2535 2822 2589 demonstravit
2861 2547 3051 2603 quanta
3098 2535 3318 2602 piendo,
3370 2534 3658 2587 humilitate

2116 2634 2171 2679 ct
2198 2627 2477 2690 munditia,
2508 2628 2729 2679 virtutes
2752 2626 2995 2692 angelica.-
3022 2637 3116 2676 suo
3138 2623 3373 2677 Creatori
3399 2625 3659 2692 gaudeant

2118 2716 2352 2771 obedire.
2382 2717 2507 2783 Quae
2530 2728 2651 2769 Sunt
2675 2717 2958 2783 perlectum
2988 2715 3039 2767 in
3069 2716 3313 2767 omnibus
3354 2714 3658 2767 tabetnacu-

2122 2808 2225 2859 lutn
2255 2805 2367 2874 ejus
2386 2846 2399 2872 ,
2432 2806 2520 2874 qui
2554 2792 2817 2872 nunquam
2846 2804 2897 2856 itt
2923 2804 2999 2856 eis
3023 2848 3035 2869 ,
3067 2818 3129 2857 ex
3157 2819 3261 2870 quo
3286 2804 3484 2857 conditi
3510 2814 3623 2857 sunt
3642 2843 3657 2867 ,

2124 2910 2337 2949 manere
2362 2904 2517 2963 atque
2570 2893 2860 2947 inhabitare
2912 2893 3157 2945 cessatit.
3211 2892 3449 2957 Quorum
3504 2894 3655 2946 etiam

2121 2984 2270 3039 nobis
2300 2985 2351 3037 itt
2381 2982 2766 3038 resurrcmione
2792 2982 3080 3036 similitudo
3108 2987 3246 3045 vitat,
3275 2992 3329 3036 et
3368 2982 3660 3035 communis

2119 3092 2242 3137 ante
2287 3082 2561 3135 Dominum
2607 3080 2937 3135 conversatio
2976 3079 3300 3148 promittitur
3331 3097 3343 3130 :
3372 3078 3662 3147 quicunque

2123 3172 2278 3225 modo
2308 3172 2502 3225 relictis
2533 3172 2686 3239 hujus
2711 3169 2888 3223 mundi
2916 3170 3191 3237 contagiis,
3223 3185 3410 3244 eorum
3435 3172 3487 3222 in
3510 3169 3655 3223 terris

2123 3261 2280 3314 vitam
2323 3259 2511 3312 imitari
2558 3260 2847 3322 studemus,
2898 3258 3141 3313 videlicet
3194 3258 3246 3312 in
3298 3259 3561 3314 laudando
3606 3273 3664 3311 ac

2123 3350 2385 3419 diligendo
2441 3349 2738 3414 Dominum,
2778 3357 2832 3403 et
2869 3348 3160 3417 proximum
3208 3364 3422 3417 quoque
3465 3349 3515 3402 itt
3562 3348 3665 3402 Deo

2125 3437 2398 3507 diligendo
2432 3452 2495 3491 ac
2538 3436 2797 3506 juvando,
2848 3438 3084 3491 inimicas
3136 3438 3293 3491 etiam
3323 3440 3384 3490 ad
3437 3452 3663 3491 amorem

2125 3528 2212 3583 Dei
2247 3527 2452 3596 pietatis
2498 3528 2686 3581 ol‘liciis
2720 3527 3070 3595 provocando,
3095 3527 3273 3595 quales
3302 3536 3458 3581 erant
3482 3527 3665 3595 quibus

2122 3623 2195 3673 ait
2221 3620 2498 3687 Apostolus
2532 3636 2542 3670 :
2583 3616 2680 3670 Vos
2707 3628 2889 3681 autem,
2911 3619 3113 3685 fratres,
3144 3634 3241 3670 non
3269 3619 3387 3671 estis
3420 3620 3470 3671 iu
3492 3635 3655 3683 carne,

2082 3736 2083 3739 η
2124 3711 2212 3764 sed
2240 3711 2292 3762 in
2318 3709 2516 3778 Spiritu
2549 3709 2723 3777 (tium.
2747 3710 2879 3775 vni).
2909 3708 3327 3763 Tabernaculum
3355 3723 3502 3777 ergo,
3528 3710 3661 3778 quml

2130 3799 2296 3868 Moysi
2342 3800 2393 3851 in
2436 3807 2612 3851 monte
2662 3808 3007 3851 monstratum
3052 3808 3150 3861 est,
3200 3812 3431 3864 superna
3467 3810 3545 3851 cst
3583 3800 3662 3851 illi

2126 3890 2309 3943 civitas
2329 3899 2381 3943 et
2411 3890 2573 3956 patria
2604 3888 2863 3951 cmlestis,
2894 3903 3012 3956 qua:
3052 3888 3140 3940 illo
3178 3887 3391 3954 quidem
3438 3898 3664 3956 tempore

2127 3993 2190 4033 ex
2215 3979 2340 4032 solis
2362 3980 2623 4033 exstitisse
2652 3980 2883 4032 creditur
2907 3978 3109 4047 angelis
3136 3978 3331 4031 sanctis
3364 3997 3375 4030 :
3411 3990 3521 4046 post
3553 3992 3665 4046 pas-

2127 4071 2327 4123 sionem
2380 4082 2525 4132 vero,
2577 4068 3050 4131 resurrectionem,
3093 4077 3147 4121 et
3200 4070 3566 4120 ascensionem
3614 4068 3663 4120 ia

2129 4158 2317 4219 cmlos,
2362 4156 2658 4210 Mcdiatoris
2685 4157 2774 4209 Dei
2798 4167 2849 4209 et
2880 4155 3170 4222 hominum,
3202 4167 3253 4210 et
3281 4156 3665 4210 multitudinem

2128 4250 2454 4318 praeclaram,
2493 4258 2546 4301 et
2584 4248 2848 4316 copiosam
2896 4257 3195 4301 sanctarum
3229 4251 3427 4314 recepit
3468 4249 3663 4301 animm

2129 4354 2267 4393 rum.
2314 4338 2441 4393 Vasa
2489 4353 2612 4393 vero
2655 4336 2972 4391 tabernaculi
3012 4336 3148 4391 illius
3194 4337 3417 4405 singula:
3445 4350 3662 4406 quaque

2128 4436 2248 4483 sunt
2292 4441 2529 4497 persona:
2567 4427 2841 4496 spirituum
2880 4418 3148 4481 beatorum
3190 4444 3203 4478 :
3236 4441 3298 4479 ex
3339 4428 3521 4494 quibus
3550 4442 3667 4479 (tn-

494 4502 804 4567 l’urpuram,
834 4517 949 4555 cum
980 4518 1169 4571 corpus
1191 4507 1417 4570 passioni
1447 4510 1771 4576 subjicimus.
1798 4511 2020 4566 Coccum
2053 4532 2102 4589 ι)
2128 4520 2279 4572 nibus
2310 4520 2419 4587 ipsa
2453 4519 2772 4572 Hierusalem
2794 4558 2807 4582 ,
2854 4532 2970 4585 quae
2996 4527 3079 4572 est
3116 4527 3281 4571 mater
3307 4520 3539 4572 omnium
3571 4533 3668 4571 no-

496 4592 572 4644 bis
615 4594 861 4657 tinctum,
906 4607 1022 4645 cum
1071 4595 1306 4662 gemina,
1340 4595 1389 4648 id
1436 4607 1547 4662 est,
1582 4599 1669 4652 Dei
1710 4610 1761 4653 et
1806 4602 2025 4669 proximi

492 4682 772 4758 dilectione
799 4682 1096 4750 llagratnus.
1126 4683 1364 4752 Byssum,
1392 4700 1511 4738 cum
1535 4690 1707 4741 carnis
1736 4689 2024 4744 casdtatem

494 4784 683 4821 seivau
708 4785 785 4823 us.
823 4771 961 4823 Pilos
988 4786 1281 4838 caprarum,
1306 4790 1421 4828 cum
1453 4777 1683 4830 habitum
1711 4781 2028 4848 paenitentia:

496 4873 559 4911 ac
591 4861 756 4911 luctus
786 4861 1070 4913 induimus.
1101 4862 1269 4915 Pelles
1310 4867 1525 4919 arietum
1558 4869 1844 4922 rubricatas
1865 4911 1878 4933 ,
1908 4885 2027 4923 cum

495 4950 637 5013 ipsos
666 4948 909 5002 dominici
940 4952 1113 5017 gregis
1140 4953 1383 5008 ductores
1423 4970 1519 5009 suo
1564 4960 1817 5026 sanguine
1863 4960 2031 5027 bapti-

448 5083 451 5091 ,
494 5048 642 5091 zatns
689 5038 944 5091 videmus.
984 5041 1147 5094 l‘elles
1196 5041 1578 5110 byacimbinas,
1624 5061 1741 5099 cum
1787 5062 1881 5101 nos
1915 5059 2030 5115 post

496 5139 719 5193 mortem
769 5132 1057 5195 spiritualia
1101 5132 1150 5183 in
1180 5134 1324 5186 cadis
1363 5150 1580 5203 corpora
1614 5141 1881 5192 habituros
1913 5155 2030 5193 esse

495 5238 787 5289 speramus.
817 5222 974 5289 Ligna
1004 5224 1178 5288 setim,
1207 5238 1346 5289 cum,
1379 5231 1675 5295 expurgatis
1701 5212 2027 5297 peetatorutn

496 5318 736 5383 spinetis,
760 5318 945 5369 munda
990 5332 1146 5371 carne
1177 5329 1227 5371 et
1268 5318 1693 5381 animaDontino
1734 5324 1833 5375 soli
1864 5326 2031 5377 servi-

495 5421 626 5459 mus.
661 5407 843 5459 Oleum
874 5408 936 5459 ad
982 5408 1252 5461 luminaria
1281 5412 1670 5477 concinnanda,
1703 5428 1819 5465 eum
1854 5414 2031 5466 fructi-

495 5495 589 5546 bus
618 5496 884 5547 chatitatis
912 5506 963 5547 et
993 5496 1365 5549 misericordiae
1396 5497 1731 5567 refulgemus.
1759 5503 2028 5562 Aromata,

497 5597 810 5651 unguentum
834 5598 884 5637 et
910 5585 1188 5653 thymiama
1215 5587 1331 5639 boni
1363 5590 1559 5656 odoris,
1592 5605 1707 5643 cum
1731 5593 2027 5657 Opinionem

498 5676 647 5727 boue
698 5686 887 5729 ιιοειηε
937 5677 1175 5737 actionis,
1216 5678 1391 5730 multis
1438 5679 1502 5733 ad
1548 5684 1846 5750 exemplum
1902 5683 2033 5736 bene

496 5763 727 5833 vivendi,
755 5765 907 5833 longe
950 5765 1157 5830 lateque
1183 5766 1537 5825 ddlunditnus.
1565 5771 1784 5840 Lapides
1815 5773 2031 5841 onychi-

2127 4619 2311 4671 strum,
2337 4610 2386 4663 in
2407 4625 2525 4663 vera
2549 4624 2674 4677 pace
2697 4619 2748 4662 et
2772 4610 2969 4661 unitate
2990 4610 3244 4662 consistit.
3264 4609 3667 4681 Notandumque

2126 4701 2458 4767 diligentius,
2502 4700 2638 4767 quod
2680 4698 3041 4751 sanctuariutn
3096 4699 3315 4752 Domino
3366 4700 3536 4757 facere
3575 4702 3667 4755 lilii

2129 4787 2283 4841 Israel
2310 4789 2575 4853 iubentur,
2620 4802 2723 4839 non
2762 4803 2823 4839 ex
2867 4798 3010 4853 parte
3035 4788 3207 4843 simile
3228 4831 3242 4852 ,
3270 4791 3363 4844 scd
3387 4792 3533 4858 juxta
3554 4807 3669 4847 on-

2130 4890 2245 4928 nem
2277 4864 2665 4929 similitudinem
2692 4875 3031 4941 tabernaculi,
3056 4877 3195 4944 quod
3224 4879 3452 4933 ostendit
3476 4880 3667 4949 κομί,

2127 4965 2463 5032 omniumque
2509 4978 2612 5015 vast
2636 4979 2750 5016 rum
2792 4966 2842 5018 in
2886 4966 3079 5019 cultum
3130 4967 3267 5035 eius.
3312 4968 3367 5021 Si
3414 4969 3555 5021 enim
3604 4970 3668 5023 ad

2130 5053 2430 5119 angelorum
2484 5053 2533 5104 in
2582 5054 2729 5105 cmlis
2764 5056 3030 5108 consortia
3077 5056 3372 5120 tendimus,
3414 5056 3673 5112 debemus

2129 5146 2285 5196 vitam
2313 5160 2490 5197 eorum
2524 5146 2572 5197 in
2607 5146 2783 5206 terris,

2255 5288 2268 5300 .
2305 5289 2318 5300 .
2357 5289 2368 5299 .
2406 5290 2417 5300 .
2453 5266 2514 5313 qu
2528 5261 2681 5299 'llllllm
2704 5264 2794 5297 non
2825 5251 2962 5296 noxia
2987 5262 3182 5309 corpora
3201 5252 3411 5309 tardant.

2248 5315 2554 5372 'l'errruique
2582 5314 2813 5357 hebetant
2832 5318 2961 5357 artus
2984 5315 3362 5375 moribundaque
3380 5318 3621 5379 membra,

2130 5431 2335 5483 semper
2376 5415 2582 5465 imitari.
2611 5411 2757 5475 Quod
2802 5411 2845 5464 si
2885 5410 3015 5466 forte
3061 5416 3302 5482 requiris,
3332 5420 3384 5474 in
3426 5436 3527 5487 quo
3572 5422 3675 5475 bos

2133 5503 2519 5555 tabernaculum
2569 5501 2803 5565 cmleste,
2835 5500 2989 5552 homo
3038 5505 3319 5573 terrigena,
3376 5508 3677 5577 spiritantia

2131 5592 2352 5643 carnalis
2381 5591 2568 5643 imitari
2601 5590 2807 5642 valeas?
2842 5589 3067 5659 Diligunt
3096 5595 3258 5649 Deum
3284 5606 3339 5651 et
3368 5601 3675 5668 proximos:

2134 5684 2231 5736 boc
2258 5682 2479 5736 imitare.
2514 5682 2834 5738 Subveuiunt
2864 5685 3089 5751 miseris,
3116 5691 3214 5743 etsi
3246 5705 3351 5746 non
3370 5695 3569 5764 angelis
3588 5696 3679 5761 qui

2134 5786 2313 5827 omnes
2340 5772 2474 5828 beati
2498 5781 2636 5835 sunt,
2661 5782 2801 5826 certe
2824 5771 3117 5833 hominibus
3143 5795 3156 5833 :
3188 5779 3289 5835 boc
3320 5783 3549 5841 imitare.
3573 5783 3679 5841 llu-
