3898 6260
291 382 388 437 ιοι

1130 373 1213 429 DE
1246 365 1743 428 T.\Bl~2llNACUl.0
1782 363 1864 418 ET
1911 363 2095 420 VASIS
2134 362 2306 419 EIUS.
2340 392 2407 401 —
2447 360 2569 416 LIB.
2614 358 2651 413 1.

3388 358 3483 412 tua

292 492 445 546 miles
472 496 612 551 sunt,
643 487 795 541 mites
821 496 944 540 sunt
987 481 1447 551 inrtcctn,'placati
1473 488 1613 541 sunt,
1646 474 1837 531 divinis
1854 477 1913 533 Α
1940 484 2273 543 cognoverunt
2300 472 2537 535 discipuli
2565 472 2671 540 ejus
2693 470 2929 539 primum,
2953 470 3041 521 scd
3061 472 3263 535 quando
3288 471 3487 538 glori/i-

294 591 478 651 parent
500 576 701 650 jussis:
736 577 856 640 hoc,
885 577 936 628 in
966 585 1215 644 quantum
1253 572 1417 633 vales,
1445 570 1671 623 imitare.
1701 565 1839 619 Nihil

294 672 435 734 ntali,
459 671 585 725 nihil
613 669 787 735 otiosi,
812 654 956 722 nihil
988 665 1166 735 injusti
1199 665 1507 732 loquontur,
1535 667 1715 728 agunt,
1745 671 1838 710 eo-

291 764 462 830 gitant
486 760 675 815 divinis
706 758 953 813 indefessi
980 755 1238 819 laudibus,
1266 754 1429 808 verbo
1463 758 1517 805 et
1552 756 1726 803 mente
1750 760 1841 800 as-

291 856 522 908 sistunt:
555 854 654 905 hoc
679 860 929 921 quantum
964 856 1112 916 potes
1144 846 1368 910 imitare,
1394 850 1450 897 et
1486 838 1840 894 sanctuarinin

296 943 536 1004 Domino,
562 940 711 1009 juxta
739 941 1035 1005 exemplum
1065 932 1381 1003 quodMoysi
1410 932 1469 985 in
1494 938 1672 983 monte
1695 940 1843 979 mon-

292 1040 516 1084 stratum
548 1040 648 1090 est,
681 1027 973 1090 :edtficasti,
1005 1023 1327 1088 veniensque
1356 1019 1607 1073 Dominus
1644 1026 1696 1070 et
1726 1016 1842 1070 Sal-

290 1134 441 1177 vator
470 1130 645 1175 noster
675 1134 791 1173 cum
836 1118 991 1172 Patre
1018 1114 1341 1169 mansionem
1367 1110 1520 1179 apud
1555 1118 1603 1163 te
1633 1107 1793 1163 faciet
1826 1124 1838 1159 :

289 1214 417 1282 quin
446 1222 501 1267 et
526 1221 644 1281 post
675 1212 809 1264 hanc
851 1210 1009 1261 vitam
1039 1205 1092 1259 itt
1120 1205 1246 1259 illud
1277 1199 1667 1256 tabernaculum
1700 1196 1841 1265 quod

292 1304 610 1371 itnitabaris,
642 1309 899 1371 perpetuo
921 1298 1131 1352 beatum
1160 1293 1480 1348 introducet.
1513 1287 1764 1359 Sequitur
1790 1303 1804 1338 :

891 1427 1115 1486 CAPUT
1169 1425 1261 1480 IV.

831 1542 1108 1613 Descriptio
1162 1552 1312 1591 arcte.

363 1664 545 1729 Sicque
565 1661 762 1733 facietis
789 1658 943 1721 illud,
972 1670 1140 1709 arcam
1161 1653 1225 1706 die
1258 1650 1411 1721 lignis
1434 1646 1577 1701 actim
1610 1640 1842 1733 compitis

287 1762 408 1824 gitc.
450 1732 585 1810 Area
632 1767 748 1822 qua:
793 1752 959 1820 prima
988 1747 1223 1801 omnium
1268 1746 1318 1797 in
1360 1736 1696 1794 tabernaculo
1722 1732 1839 1787 tieri

282 1807 522 1916 iubetur,
560 1807 663 1897 non
712 1807 999 1907 incongrue
1039 1839 1203 1904 ipsam
1234 1833 1440 1887 Domini
1470 1838 1526 1883 et
1551 1825 1841 1883 Salvatoris
1874 1807 1915 1866 Β

288 1936 459 1990 nostri
506 1935 919 1989 incarnationem
958 1929 1221 1995 designat,
1262 1925 1312 1977 in
1357 1936 1461 1991 quo
1507 1928 1628 1972 sunt
1657 1929 1844 1971 omnes

284 2024 519 2080 thesauri
549 2022 823 2089 sapientiae
853 2027 906 2074 et
935 2017 1167 2073 scientiae
1190 2010 1483 2068 absconditi
1514 2007 1736 2075 (Coloss.
1761 2008 1840 2071 tt).

291 2116 422 2179 Quae
466 2112 717 2166 videlicet
761 2124 881 2163 area
930 2110 1065 2161 bene
1108 2106 1175 2159 de
1205 2103 1355 2173 lignis
1384 2101 1537 2155 seti'u
1578 2094 1843 2171 compingi

281 2205 523 2273 iubetur.
557 2203 717 2273 Ligna
748 2201 939 2269 quippe
976 2197 1129 2251 setim
1161 2195 1291 2248 levis
1319 2200 1474 2260 atque
1503 2186 1845 2250 imputribilis

284 2296 529 2351 feruntur
567 2308 684 2349 esse
726 2303 947 2354 naturm,
988 2301 1091 2342 non
1123 2283 1342 2338 multum
1372 2296 1400 2333 a
1437 2277 1691 2348 qualitate
1714 2277 1846 2329 alba:

285 2370 459 2452 spina:
490 2381 758 2438 distantia.
780 2382 914 2434 Area
938 2391 1064 2447 ergo
1093 2374 1161 2429 de
1190 2372 1344 2441 lignis
1370 2370 1522 2426 sctim
1554 2367 1691 2423 facta
1718 2376 1800 2422 est
1830 2381 1844 2419 :

285 2474 415 2542 quia
442 2487 633 2539 corpus
660 2469 980 2524 dominicum
1020 2481 1085 2521 ex
1116 2462 1369 2519 membris
1394 2459 1668 2514 conatabat
1700 2456 1845 2511 omni

288 2561 540 2614 vitiorum
574 2559 690 2613 labe
718 2556 1040 2612 carentibus.
1074 2554 1137 2607 Et
1186 2552 1298 2606 hinc
1321 2550 1506 2605 eadem
1549 2556 1668 2603 sunt
1705 2546 1843 2617 ligna

286 2648 456 2715 spinis
483 2647 770 2709 simillima,
800 2646 921 2714 quia
942 2644 1034 2696 etsi
1057 2643 1231 2695 nonin
1257 2656 1408 2694 carne
1436 2639 1649 2709 peccati,
1682 2648 1848 2691 tamen

281 2740 340 2793 in
386 2737 714 2792 similitudine
749 2736 882 2788 venit
909 2733 1076 2786 carnis
1100 2731 1312 2801 peccati,
1358 2740 1416 2784 ut
1460 2727 1741 2798 Apostolus
1764 2727 1849 2795 .ait

280 2830 464 2898 (ﬂant.
496 2827 628 2898 vin).
654 2827 899 2895 Senttitttr
925 2842 938 2877 :

360 2919 518 2989 Cujus
570 2919 829 2985 longitudo
879 2914 1058 2968 habent
1086 2914 1212 2967 duos
1262 2910 1413 2965 semis
1454 2908 1651 2962 cubitus
1678 2948 1694 2971 ,
1734 2917 1839 2962 etc.

284 3011 513 3075 Quidam
547 3008 721 3061 solent
749 3007 1073 3073 interrogare
1098 3003 1249 3069 cujus
1277 2998 1580 3068 quantitatis
1606 2999 1673 3049 sit
1699 2995 1846 3050 testi-

290 3100 517 3153 rnandus
546 3098 769 3160 cubitus,
801 3110 955 3163 quem
988 3094 1195 3162 Moyses
1226 3090 1310 3144 vel
1356 3089 1405 3141 in
1437 3102 1556 3141 arca
1596 3086 1726 3147 Noe,
1756 3083 1838 3138 vel

286 3192 345 3246 in
398 3191 594 3243 factura
643 3187 963 3243 tabernaculi
1015 3186 1286 3253 posuerit:
1340 3194 1475 3247 qua),
1528 3181 1571 3233 si
1623 3178 1839 3245 Josephi

286 3280 779 3346 verba'viderimus,
810 3280 960 3333 facile
987 3275 1206 3345 quaestio
1234 3274 1483 3329 solvetur.
1504 3271 1679 3339 Neque
1702 3272 1842 3324 enim

289 3371 583 3442 putandum
616 3378 722 3437 est,
756 3369 1024 3423 hominem
1053 3364 1289 3420 Judmum
1320 3375 1513 3431 genere
1541 3360 1843 3413 sacerdota-

287 3464 420 3527 lem,
455 3462 664 3531 ingenio
692 3458 1215 3519 excellentissimum,
1237 3462 1290 3509 et
1316 3453 1367 3506 in
1396 3450 1685 3519 Scripturis
1714 3446 1846 3502 divi-

287 3554 375 3605 nis
403 3551 559 3605 simul
590 3559 643 3602 et
668 3548 1006 3601 saecularibus
1034 3543 1418 3603 doctissimum,
1449 3540 1713 3592 ullatenus
1740 3536 1842 3589 hoc

287 3640 528 3709 potuisse
560 3639 743 3690 latere.
793 3637 879 3688 Ait
907 3648 1033 3702 ergo
1064 3651 1076 3684 :
1126 3631 1283 3685 Facta
1311 3638 1391 3682 est
1419 3636 1595 3681 autem
1642 3634 1694 3678 et
1721 3638 1843 3677 arca

286 3727 631 3799 longitudinis
686 3726 915 3792 quinque
962 3723 1285 3791 palmorum,
1340 3715 1630 3772 latitudinis
1684 3715 1840 3767 trium

285 3819 483 3889 (Antiq.
518 3818 604 3869 tib.
634 3830 714 3883 ιιι,
742 3830 855 3883 cap.
885 3814 960 3882 8).
1010 3812 1159 3867 Unde
1208 3819 1350 3880 patet
1382 3809 1680 3869 manifeste,
1724 3809 1843 3875 quia

285 3910 439 3972 illum
466 3905 708 3974 designat
732 3904 961 3958 cubitum
983 3942 998 3967 ,
1028 3916 1183 3971 quem
1216 3902 1321 3956 duo
1358 3900 1517 3968 palmi
1555 3900 1842 3966 complent.

285 3996 509 4068 MyStice
554 4005 727 4048 autem
771 3993 1041 4063 longitudo
1070 4007 1206 4046 arca:
1238 3992 1584 4059 longanimam
1634 3989 1840 4042 Domini

284 4105 351 4143 ac
378 4089 745 4154 Redemptoris
778 4087 938 4138 nostri
968 4084 1292 4153 patientiam,
1319 4096 1418 4149 qua
1444 4082 1578 4133 inter
1605 4081 1844 4133 homines

258 4189 633 4241 conversatus
697 4186 779 4229 est
827 4175 1076 4227 insinuat.
1151 4171 1390 4227 Latitndo
1442 4169 1840 4237 amplitudinem

286 4280 459 4335 ipsam
513 4260 807 4322 cbaritatis,
860 4274 959 4324 qua
1008 4258 1073 4310 ad
1110 4272 1206 4311 nos
1236 4259 1438 4319 venire,
1488 4268 1541 4311 et
1581 4258 1715 4309 inter
1746 4268 1842 4307 nos

287 4357 529 4411 habitare
562 4352 747 4405 voluit.
794 4349 1027 4402 Altitudo
1053 4362 1200 4413 Spem
1251 4350 1435 4400 lutum:
1481 4346 1839 4410 sublimitatis,

286 4447 410 4514 quia
432 4442 513 4496 vei
537 4442 768 4507 seipsum
793 4446 911 4507 post
936 4437 1227 4505 passionem
1248 4449 1395 4487 suam
1419 4434 1837 4501 glorificandum,

288 4533 377 4585 vel
399 4529 808 4597 glorificaturnm
837 4540 954 4578 esse
975 4524 1238 4593 praevidit.
1264 4522 1412 4575 Unde
1441 4531 1494 4574 et
1520 4524 1841 4591 apte'longi-

290 4621 423 4675 tudo
447 4630 557 4672 erat
587 4633 723 4670 arcae
752 4616 972 4667 duorum
1005 4614 1324 4677 cubitorum,
1358 4621 1570 4680 propter
1601 4613 1848 4667 videlicet

288 4710 585 4764 doctrinam
636 4715 688 4759 et
735 4719 893 4771 Opera
943 4702 1133 4771 quibus
1184 4702 1475 4770 refulgebat
1521 4701 1574 4754 in
1628 4702 1847 4754 mundo.

291 4804 430 4859 lline
457 4800 593 4853 enim
624 4806 676 4851 et
699 4795 1014 4863 evangelista
1040 4792 1207 4846 Lucas
1240 4800 1540 4847 sermonem
1574 4806 1633 4845 se
1660 4791 1850 4845 fecisse

293 4891 505 4953 asserit,
526 4889 588 4941 de
608 4888 685 4939 Itis
703 4899 813 4954 qua
834 4882 974 4950 cwpit
998 4878 1031 4933 J
1037 4896 1145 4933 esus
1167 4881 1334 4947 facere
1356 4891 1402 4933 et
1426 4883 1603 4932 docere
1624 4880 1758 4947 (Act.
1785 4880 1846 4946 t).

296 4982 367 5036 Et
392 4981 531 5033 cives
562 4977 725 5046 ipsius
753 4972 1069 5027 admirantes
1107 4970 1387 5023 dicebant:
1422 4968 1568 5021 Unde
1608 4970 1723 5020 huic
1763 4984 1847 5021 sa-

295 5071 487 5140 pientia
506 5073 628 5130 hare,
658 5077 704 5121 ct
735 5065 974 5121 virtutes!
1008 5060 1219 5133 (Matth.
1252 5059 1391 5128 χιιι.)
1424 5061 1737 5128 sapientiam
1772 5063 1851 5115 vi-

296 5162 489 5213 delicet
530 5158 819 5211 referentes
849 5157 912 5208 ad
941 5170 1001 5210 ea
1033 5170 1148 5221 quae
1195 5152 1429 5204 miranda
1460 5150 1669 5203 dicebat
1697 5168 1710 5197 -.
1746 5153 1851 5205 vir-

298 5260 461 5310 tutes,
490 5246 551 5300 ad
582 5262 642 5299 ea
664 5262 778 5314 quia:
803 5245 1015 5315 gerebat
1038 5263 1049 5297 :
1084 5243 1222 5311 quod
1254 5255 1379 5295 vero
1407 5248 1523 5308 post
1547 5241 1679 5293 duos
1701 5240 1852 5294 cubi-

300 5353 419 5405 tns,
457 5342 612 5393 ctiam
652 5340 923 5393 Semissem
970 5353 1088 5390 arca
1138 5338 1189 5391 in
1238 5334 1559 5403 longitudine
1603 5334 1851 5398 habebat,

299 5439 475 5500 potest
493 5428 558 5482 ad
585 5426 828 5480 humana!
848 5428 1141 5481 tarditatem
1170 5423 1458 5493 fragilitatis
1482 5422 1665 5478 referri
1693 5442 1706 5478 :
1732 5440 1850 5493 qua:

299 5522 445 5576 dicta
493 5520 574 5575 vel
605 5534 762 5587 opera
790 5508 1076 5572 salvatoris
1126 5516 1387 5577 sublimia,
1420 5515 1666 5578 necdum,
1702 5525 1855 5585 prout

299 5612 519 5679 dignum
549 5619 683 5673 erat,
713 5622 904 5675 capere
930 5608 1159 5664 valebat.
1188 5606 1335 5662 Unde
1362 5614 1418 5661 et
1445 5605 1510 5660 de
1540 5608 1853 5674 quibusdam

302 5706 543 5775 ntystic‘s
581 5705 691 5773 eius
730 5703 931 5757 actibus
969 5712 1147 5772 aperte
1184 5701 1379 5757 dictum
1414 5710 1493 5757 est
1532 5717 1542 5753 :
1599 5698 1720 5755 lla'c
1758 5716 1853 5754 ιιοιι

1939 576 2083 619 catus
2107 576 2179 619 est
2206 565 2354 618 J'csus
2377 562 2550 633 (Joau.
2578 570 2695 627 sit).
2727 560 2977 613 Similiter
2997 569 3050 613 et
3073 561 3139 613 de
3166 560 3318 614 dictis
3342 563 3480 615 illius

1939 660 2370 713 sublimioribus:
2411 656 2475 708 Et
2499 663 2606 708 erat
2635 654 2834 705 verbum
2861 651 2993 705 istud
3038 654 3383 704 absconditum
3422 654 3484 704 ab

1940 748 2030 813 eis,
2061 758 2239 801 etnon
2278 744 2616 816 intelligebant
2650 758 2765 813 quia
2800 742 3093 795 dicebantur
3133 740 3281 810 (Lac.
3312 743 3482 809 xvnt).

1944 838 2175 892 Habebat
2199 851 2318 890 arca
2348 837 2480 889 duos
2508 836 2713 887 cubitus
2751 833 3126 903 longitudinis;
3156 834 3277 901 quia
3308 833 3485 886 licini—

1945 943 2040 982 nus
2071 928 2123 981 in
2151 930 2315 982 carne
2335 927 2507 980 clarus
2535 926 2697 979 verbo
2722 933 2774 979 et
2811 926 3015 978 actibus
3040 926 3346 993 apparebat.
3386 926 3487 979 lla-

1943 1017 2098 1072 bebat
2124 1026 2180 1072 et
2207 1015 2479 1070 dimidium
2525 1013 2723 1079 cubiti;
2750 1015 2868 1082 quia
2898 1015 3056 1069 etiam
3085 1013 3380 1069 tarditatem
3409 1015 3486 1068 di-

1942 1108 2290 1175 scipulorum,
2313 1122 2412 1174 qua
2435 1106 2657 1160 necdum
2684 1102 2911 1175 perfecte
2930 1104 3066 1159 dicta
3086 1106 3163 1160 vel
3184 1116 3296 1159 acta
3324 1105 3485 1174 ipsius

1943 1211 2131 1263 capere
2177 1205 2437 1266 poterant,
2486 1193 2859 1263 longanimiter
2902 1194 3118 1249 ferebat.
3171 1195 3334 1250 Unius
3372 1203 3486 1249 erat

1942 1285 2104 1338 cubiti
2136 1285 2354 1339 latitudo
2380 1298 2535 1349 arae,
2556 1285 2625 1339 ob
2649 1283 3088 1351 dispensationem
3116 1285 3278 1351 ipsius
3308 1285 3483 1339 Domi.

1946 1374 2076 1426 nica:
2100 1374 2389 1436 cbaritatis,
2416 1387 2515 1442 qua
2542 1373 2740 1437 electos
2761 1387 2885 1427 suos
2916 1374 2968 1427 in
2995 1374 3099 1427 Deo
3128 1374 3359 1428 adnnare
3386 1388 3479 1427 cn-

1945 1464 2096 1516 tavit.
2123 1461 2272 1518 Unde
2301 1473 2355 1517 et
2386 1478 2478 1530 pro
2504 1464 2580 1517 eis
2609 1462 2910 1530 supplicans
2936 1463 3073 1516 Patri
3098 1463 3342 1517 dicebat:
3374 1462 3489 1515 Non

1944 1570 2034 1623 pro
2054 1553 2132 1607 Itis
2159 1566 2324 1608 au'em
2354 1570 2475 1624 rogo
2507 1563 2727 1619 tantum,
2758 1554 2843 1607 sed
2872 1565 2916 1607 et
2946 1569 3034 1620 pro
3056 1554 3126 1605 eis
3147 1555 3232 1623 qui
3252 1555 3491 1607 credituri

1942 1655 2057 1699 sunt
2098 1661 2183 1714 per
2218 1644 2420 1699 verbum
2447 1659 2619 1697 eorum
2645 1644 2699 1697 in
2742 1659 2841 1707 me,
2888 1653 2943 1696 ut
2972 1659 3138 1696 omnes
3174 1660 3330 1695 unum
3369 1646 3490 1707 sint,

1945 1734 2071 1788 sicut
2104 1742 2177 1798 tu,
2213 1731 2385 1797 Pater,
2418 1734 2471 1787 in
2496 1748 2594 1799 me,
2627 1740 2669 1785 et
2701 1746 2789 1802 ego
2816 1732 2868 1785 in
2894 1743 2957 1797 te,
2990 1739 3117 1785 utet
3151 1731 3249 1800 ipsi
3279 1732 3331 1784 in
3355 1732 3494 1785 nobis

1944 1839 2099 1876 unum
2119 1824 2221 1875 sint
2247 1821 2423 1893 (Joan.
2456 1828 2606 1889 xvtt).
2644 1822 2707 1875 Et
2738 1825 2891 1889 paulo
2920 1828 3039 1889 post
3068 1837 3081 1872 :
3116 1817 3182 1872 Et
3205 1830 3377 1873 notum
3401 1821 3495 1890 {cci

1942 1913 2015 1965 cis
2050 1927 2228 1964 nomen
2262 1922 2423 1974 litum,
2452 1923 2497 1964 et
2532 1911 2938 1979 notunrfaciam,
2970 1920 3023 1962 ut
3049 1910 3269 1975 dilectio,
3298 1927 3395 1978 qua
3421 1927 3496 1963 me

1946 2000 2186 2062 dilexisti,
2238 2000 2290 2051 in
2333 1999 2453 2068 ipsis
2473 2001 2558 2063 sit,
2600 2007 2647 2051 ct
2679 2014 2770 2067 ego
2800 1999 2851 2049 in
2873 1997 2995 2063 ipsis
3022 1996 3226 2065 (lbid.).
3262 1999 3497 2051 Habebat

1948 2098 2065 2159 post
2093 2105 2250 2143 unum
2279 2089 2510 2143 cubitum
2541 2088 2697 2142 etiam
2729 2086 3025 2152 semissem,
3048 2087 3292 2141 videlicet
3322 2089 3388 2141 ob
3417 2089 3491 2141 si-

1947 2180 2330 2250 gnificationem
2358 2189 2551 2234 nostra:
2585 2178 2900 2248 fragilitatis,
2930 2192 3030 2247 qua
3062 2178 3280 2233 necdum
3310 2178 3361 2232 in
3394 2178 3492 2233 hac

1950 2270 2053 2324 vita
2084 2271 2259 2340 positi,
2289 2270 2520 2336 perfecte
2546 2271 2639 2324 vel
2661 2269 2771 2337 ipsi-
2794 2270 2955 2324 Deum
2986 2269 3221 2340 diligere,
3248 2269 3333 2325 vel
3359 2270 3493 2324 dile-

1948 2359 2202 2423 ctionem,
2227 2373 2381 2425 quam
2407 2372 2527 2426 erga
2559 2372 2653 2411 nos
2677 2356 2834 2412 habet
2862 2358 3023 2423 Deus,
3047 2360 3498 2427 comprehendere

1949 2449 2279 2503 sufﬁcimus:
2311 2448 2431 2516 quin
2462 2447 2633 2516 potius
2668 2447 2822 2513 sicut,
2854 2447 3105 2515 Apostolo
3137 2456 3267 2502 teste
3298 2445 3353 2514 (Ι
3374 2448 3496 2501 Cor.

1953 2540 2090 2608 xm),
2136 2554 2199 2594 ex
2245 2549 2391 2608 parte
2431 2538 2812 2609 cognoscimus,
2856 2546 2909 2592 et
2934 2553 2997 2594 ex
3026 2552 3171 2605 parte
3217 2540 3490 2607 propheti-

1952 2643 2091 2693 ntus,
2135 2628 2203 2682 ita
2234 2628 2479 2682 nimirum
2527 2629 2683 2681 etiam
2714 2643 2775 2681 ex
2822 2636 2967 2696 parte
2993 2628 3281 2701 diligimus.
3332 2628 3496 2683 llabet

1949 2732 2077 2787 ergo
2105 2731 2225 2771 arca
2256 2732 2417 2771 unum
2465 2717 2721 2780 Cubitum,
2751 2716 2909 2771 habet
2956 2726 3011 2771 et
3047 2718 3339 2781 dimidium,
3373 2720 3495 2788 quia

1952 2806 2201 2859 Dominus
2229 2804 2378 2865 unica
2424 2821 2520 2861 nos
2548 2807 2739 2875 pietate
2764 2805 2862 2860 sibi
2901 2821 2962 2859 ac
2991 2807 3130 2861 l’azri
3158 2809 3498 2864 associandos

1951 2900 2139 2967 diligit,
2188 2910 2239 2951 et
2289 2912 2484 2954 nostra:
2532 2914 2738 2968 quoque
2787 2900 3130 2968 capacitatem
3176 2901 3495 2963 dilectionis.

1948 2990 2331 3057 qualiscunque
2362 2990 2415 3043 in
2448 2991 2543 3043 bac
2570 2990 2672 3042 vita
2700 3004 2817 3045 esse
2845 2999 3033 3055 potest,
3061 3005 3210 3057 :uqne
3240 2991 3317 3057 pia
3344 2990 3492 3044 beni-

1947 3079 2144 3146 gnitate
2193 3078 2601 3145 complectitur,
2628 3077 2798 3131 donec
2826 3076 2889 3129 ad
2929 3077 3042 3145 ejus
3085 3077 3364 3141 visionem,
3405 3080 3491 3131 ubi

1948 3184 2067 3221 eum
2096 3184 2162 3221 ex
2193 3176 2303 3221 toto
2349 3168 2527 3231 corde,
2562 3176 2666 3220 tota
2708 3167 2901 3229 anima,
2934 3175 3038 3219 tota
3089 3168 3280 3220 virtute
3309 3168 3488 3234 diliga-

1951 3273 2086 3325 tnns,
2116 3258 2316 3312 intrare
2352 3272 2665 3311 mereamur.
2692 3257 2924 3310 Altitudo
2946 3273 3151 3324 quoque
3171 3270 3306 3309 arca:
3335 3260 3491 3325 aptis-

1949 3350 2083 3403 sime
2112 3358 2223 3401 erat
2250 3348 2410 3401 cubiti
2461 3349 2613 3399 nnius
2641 3354 2694 3399 et
2742 3344 2965 3410 dimidii,
2997 3343 3238 3398 videlicet
3282 3357 3491 3413 propter

1948 3435 2379 3507 significationem
2404 3435 2570 3488 unicae
2591 3434 2722 3502 spei,
2747 3449 2845 3502 qua
2871 3434 2947 3487 vel
2976 3432 3222 3486 Dozninus
3240 3433 3349 3501 ipse
3372 3449 3491 3487 cunt

1949 3535 2089 3578 esset
2114 3523 2165 3578 in
2195 3540 2356 3577 carne
2388 3524 2679 3586 nobiseum.
2711 3523 2897 3577 lutum
2923 3539 3032 3577 suze
3063 3524 3492 3581 resurrectionis.

1950 3621 2004 3667 et
2036 3614 2339 3680 posterioris
2364 3613 2544 3681 gloria:
2571 3613 2971 3682 praestolabatur
3000 3606 3269 3676 evetitum,
3296 3612 3373 3664 vel
3404 3627 3499 3665 nus

1953 3701 2092 3754 inter
2130 3702 2348 3754 adversn
2381 3702 2558 3755 smeuli
2590 3710 2803 3769 promer
2843 3699 3133 3753 futurorum
3166 3700 3376 3767 ρι’έιξιιιὶςι
3410 3700 3497 3752 bo-

1952 3805 2139 3845 norum
2168 3791 2399 3858 gaudere
2448 3804 2657 3857 semper
2702 3788 2967 3841 admonet.
2999 3788 3167 3841 llabet
3210 3801 3334 3854 ergo
3380 3802 3499 3841 arca

1954 3882 2163 3950 plenum
2192 3881 2420 3935 cubitum
2453 3882 2503 3935 in
2539 3880 2837 3944 altitudine,
2870 3880 2989 3948 quia
3025 3879 3275 3932 Dominus
3303 3890 3355 3932 et
3384 3878 3498 3932 Sal-

1951 3980 2099 4024 vator
2126 3978 2304 4024 noster
2333 3970 2632 4038 plenissime
2656 3978 2893 4034 noverat,
2920 3968 3032 4037 ipse
3056 3970 3213 4021 etiam
3236 3970 3500 4033 corrupti-

1952 4062 2040 4115 bili
2066 4060 2235 4113 adhuc
2262 4070 2603 4113 conversatus
2632 4060 2681 4111 in
2714 4074 2896 4124 carne,
2925 4069 3118 4127 quanta
3147 4060 3228 4111 vel
3260 4059 3488 4110 sibimet:

1958 4147 2078 4215 ipsi,
2109 4148 2186 4199 vel
2226 4147 2474 4199 nzcmbris
2503 4146 2639 4209 suis,
2673 4160 2787 4213 qua:
2819 4159 2913 4199 nos
2943 4159 3142 4207 sumus,
3176 4155 3311 4200 esset
3338 4146 3503 4214 gloria

1952 4246 2261 4290 conservata
2288 4237 2359 4289 «in
2400 4234 2597 4289 futuro.
2646 4234 2815 4288 liabet
2856 4244 2910 4289 et
2952 4235 3224 4289 dimidium
3269 4236 3501 4289 cubitum

1951 4331 2267 4395 altitudinis,
2301 4330 2421 4399 quia
2452 4338 2645 4383 nostra:
2684 4342 2891 4397 quoque
2916 4327 3245 4382 devotionem
3277 4328 3501 4393 parvita-

1956 4424 2020 4476 tis
2052 4423 2273 4476 libenter
2304 4422 2352 4474 in
2380 4435 2473 4474 suo
2499 4434 2722 4487 corpore
2748 4418 3001 4487 suscepit,
3043 4418 3129 4486 qui
3174 4419 3251 4484 pia
3284 4417 3495 4483 quidem

1953 4514 2248 4567 intentione
2290 4509 2514 4563 futuram
2548 4510 2766 4576 patriam
2796 4508 3059 4573 diligitllm
3092 4524 3105 4559 :
3136 4506 3225 4559 sed
3276 4505 3495 4560 necdum

1951 4601 2200 4675 perfecte,
2222 4616 2339 4669 qua:
2366 4600 2433 4652 sit
2459 4600 2575 4667 ejus
2606 4599 3051 4665 l’elieitas,capere
3080 4601 3338 4663 valemus,
3365 4607 3499 4652 atta-

1950 4674 2068 4747 ti’tcn
2093 4701 2342 4761 quantum
2366 4691 2621 4758 capimus,
2645 4688 2745 4743 ltoc
2768 4704 2872 4743 non
2898 4689 2997 4742 nisi
3020 4690 3085 4740 ab
3113 4688 3199 4739 illo
3226 4688 3501 4746 habemus.

2022 4787 2085 4840 Et
2115 4783 2377 4839 deaurabis
2402 4799 2509 4836 eam
2533 4798 2661 4834 auro
2683 4781 3029 4842 mundissimo,
3064 4788 3164 4834 etc.
3196 4784 3328 4833 Area
3360 4782 3501 4833 intus

1953 4890 2000 4933 et
2032 4878 2154 4930 furis
2177 4888 2304 4927 auro
2330 4873 2679 4926 mundissimo
2698 4873 2998 4935 deauratnr,
3019 4871 3137 4938 quia
3171 4881 3436 4939 assumpta
3467 4889 3496 4923 ιι

1955 4970 2085 5023 Filio
2117 4966 2204 5020 Dei
2238 4964 2457 5017 humana
2485 4973 2689 5027 natura,
2720 4971 2773 5016 et
2797 4961 2934 5014 intus
2964 4961 3157 5013 virtute
3177 4961 3339 5013 sancti
3368 4958 3491 5024 Spi-

1955 5058 2085 5109 ritus
2133 5055 2279 5121 plena
2329 5061 2463 5117 erat,
2512 5058 2567 5105 et
2615 5051 2743 5104 foris
2785 5050 3080 5103 hominibus
3109 5056 3289 5116 aperte
3329 5048 3500 5102 saneti

1954 5146 2176 5213 Spiritus
2216 5158 2370 5211 opera
2417 5142 2868 5210 praemonstrabat.
2920 5140 3012 5193 Cui
3064 5138 3321 5191 nimirum'
3355 5152 3494 5192 areas

1955 5236 2088 5290 bene
2113 5248 2302 5290 corona
2323 5247 2478 5287 aurea
2509 5246 2664 5299 supra
2692 5230 3000 5306 circumdari
3031 5229 3347 5297 praccipitur,
3370 5234 3491 5299 quia

1953 5338 2207 5395 apparens
2248 5324 2299 5376 in
2327 5338 2504 5389 carne,
2536 5306 2691 5388 atque
2730 5322 2795 5374 ad
2828 5321 3239 5387 redemptionem
3281 5324 3494 5376 humani

1954 5419 2160 5489 generis
2188 5416 2405 5469 veniens
2429 5414 2590 5467 Filius
2617 5412 2731 5477 Dei,
2758 5422 2959 5466 certum
2993 5414 3328 5479 exspectabat
3360 5421 3493 5466 tem-

1956 5504 2049 5583 pus
2075 5520 2128 5567 et
2157 5510 2337 5563 horam
2356 5550 2370 5572 ,
2400 5508 2604 5576 quando
2634 5516 2930 5574 susceptam
2961 5521 3053 5573 pro
3082 5506 3231 5557 nobis
3270 5515 3493 5559 mortem

1948 5621 2074 5673 cum
2098 5606 2211 5673 ipso
2240 5604 2421 5656 mortis
2441 5610 2653 5655 auctore
2682 5607 2971 5668 sitperaret,
3001 5606 3154 5664 atque
3184 5598 3247 5650 ad
3283 5597 3491 5652 Patrem

1956 5700 2124 5754 victor
2174 5698 2225 5750 in
2274 5695 2436 5749 cu‘los
2482 5692 2808 5757 ascenderet.
2864 5690 2935 5745 De
2983 5689 3077 5743 hac
3124 5702 3319 5744 corona
3364 5688 3494 5743 dicit
