3898 6260
483 368 590 423 ηδ

973 360 1168 416 Bi-LDJ'I
1213 357 1659 414 VENEﬂABlLIS
1698 351 2194 411 Ol'liilUilPAllS
2233 350 2293 405 ll.
2331 380 2411 439 -κ
2445 352 2828 409 EXEGETICA
2865 353 3182 413 GENUINA.

3593 364 3686 423 601

490 479 802 544 Apostolus:
835 477 963 527 bum
991 482 1152 525 autem
1183 475 1267 542 qui
1296 473 1490 526 modico
1525 473 1726 542 quidem
1756 473 1816 522 of»
1838 471 2031 539 angelis
2060 472 2109 529 Α
2204 464 2467 534 Panaque
2505 469 2558 521 in
2607 485 2728 524 arca
2773 471 3172 536 testiﬁcatioueut
3197 515 3214 539 ,
3261 489 3368 530 etc.
3418 477 3557 544 Quia
3611 482 3687 534 illa

491 570 761 620 minoratus
784 575 876 627 est,
895 565 976 617 vid
985 569 1108 617 Fntus
1134 563 1310 623 Iesum
1332 575 1533 632 propter
1554 565 1834 629 passionem
1855 564 2030 614 mortis

492 656 650 722 gloria
675 665 722 707 et
748 653 935 707 honore
960 664 1247 707 coronatum
1271 652 1454 717 (flebr.
1480 651 1559 721 tt).
1587 653 1658 704 De
1681 651 1778 705 hac
1807 652 1860 704 in
1890 654 2033 717 Apo-

491 745 683 813 r-alypsi
713 743 964 808 Joannes,
996 744 1058 797 Et
1087 744 1210 802 vidi.
1239 743 1431 812 inquit,
1459 752 1506 796 et
1539 757 1648 795 ecce
1680 758 1833 811 equus
1865 742 2030 808 albus,

488 846 531 886 rt
559 835 644 904 qui
664 834 863 888 sedebat
891 849 1042 900 super
1062 833 1210 885 illum
1236 832 1445 884 Italrebat
1464 848 1657 895 arcu-rt,
1686 841 1730 884 et
1751 831 1872 883 data
1895 840 1966 885 est
1985 833 2032 885 ei

489 943 688 993 corona,
721 933 766 978 et
793 926 910 978 exiit
949 925 1147 977 uincens
1185 934 1237 975 ut
1265 925 1475 977 vinceret
1513 926 1689 991 (Apoc.
1717 924 1812 989 vt).
1859 923 2031 990 Equus

489 1019 684 1086 quippe
714 1017 865 1069 albus
895 1015 1143 1078 Ecclesia,
1175 1029 1339 1082 eques
1370 1015 1454 1082 qui
1501 1013 1575 1066 illi
1607 1014 1883 1078 insidebat,
1927 1012 2031 1066 Do-

488 1106 665 1160 minus
692 1113 794 1163 est,
823 1104 910 1172 qui
944 1103 1168 1156 ltabcbat
1196 1118 1393 1164 arcum,
1424 1103 1543 1170 quia
1572 1112 1753 1155 eontra
1797 1111 2028 1170 potesta.

488 1207 566 1248 tcs
595 1195 764 1247 aerias
805 1192 868 1247 ad
903 1192 1034 1247 bella
1069 1193 1327 1246 veniebat.
1374 1195 1604 1261 Dataque
1642 1203 1722 1248 est
1755 1192 1806 1246 ei
1835 1207 2027 1247 corona

487 1285 740 1348 victoriae,
767 1284 852 1352 qui
878 1299 1096 1353 regnum
1132 1283 1312 1336 mortis
1344 1284 1617 1336 moriendo
1646 1283 1923 1337 subvenit.

554 1375 621 1428 Et
664 1385 877 1444 quatuor
919 1374 1132 1426 circulos
1178 1389 1376 1436 aureos,
1425 1384 1526 1427 etc.
1577 1373 1810 1439 Quatuor
1848 1373 2028 1427 circuli

489 1468 654 1532 aurei,
683 1479 902 1535 quatuor
943 1475 1064 1520 sunt
1101 1465 1498 1533 Evangeliorunt
1541 1465 1680 1530 libri,
1710 1465 1796 1530 qui
1842 1463 2030 1517 merito

486 1539 630 1613 aurei
660 1565 800 1620 sunt,
829 1566 1038 1624 propter
1063 1555 1346 1610 claritatem
1371 1555 1637 1622 sapientia:
1667 1569 1767 1622 qua
1800 1552 2034 1620 fulgeat;

491 1649 680 1700 merito
707 1645 916 1702 circulis
959 1645 1270 1713 comparati,
1302 1647 1422 1714 quia
1452 1655 1644 1698 :eterna
1674 1653 1754 1697 est
1797 1642 1908 1711 ipsa
1938 1643 2031 1697 Dei

495 1736 751 1805 sapientia
777 1751 932 1802 quam
966 1735 1268 1804 pra-dzcant.
1300 1735 1476 1801 Neque
1506 1735 1755 1802 incipiens
1796 1748 1859 1789 es
1892 1744 2027 1789 tem-

2137 559 2467 611 solununodo
2507 559 2575 613 de
2603 559 2960 617 incarnatione
3002 558 3092 618 Dei
3142 565 3259 619 Filii
3289 568 3430 634 loqui
3475 579 3531 623 et
3575 587 3684 625 cre-

2139 646 2270 701 dere
2289 646 2569 714 debemus,
2597 663 2716 719 qua:
2738 649 2892 706 nobis
2911 651 3024 716 ipse
3054 651 3304 708 Dominus
3327 672 3422 724 per
3443 669 3686 714 auctores

2131 733 2304 793 sacrm
2335 738 2621 806 Scriptura:
2649 743 2883 796 revelare
2910 743 3156 812 dignatus
3183 755 3283 802 est.
3314 748 3370 801 Si
3403 761 3583 804 autem
3613 755 3688 805 vis

2131 827 2268 881 scire
2295 842 2410 896 qua:
2434 834 2505 883 sit
2528 829 2614 882 illa
2650 831 2951 886 testificatio
2975 847 3129 902 quam
3161 833 3212 886 in
3234 849 3356 888 arca
3390 839 3681 903 ponendam

2130 935 2158 972 a
2203 920 2421 974 Domino
2467 921 2672 990 Moyses
2714 925 2956 994 accepit,
3000 927 3304 994 Apostolutn
3350 929 3475 981 auJi
3512 948 3525 981 :
3566 931 3680 983 I’ost

2130 1010 2456 1061 velamentum
2493 1021 2682 1075 autem,
2723 1011 2907 1079 inquit,
2952 1013 3226 1066 secundum
3276 1015 3679 1078 tabernaculum,

2127 1100 2267 1166 quod
2295 1101 2478 1154 dicitur
2504 1111 2678 1156 sancta
2704 1113 2990 1156 sanctorum
3012 1145 3029 1170 ,
3065 1121 3275 1159 aureum
3303 1106 3489 1160 habens
3520 1110 3682 1160 thuri-

2130 1186 2342 1254 bulum,
2379 1199 2426 1241 et
2469 1206 2638 1243 arcam
2669 1193 2980 1255 testamenti,
3027 1194 3405 1247 circumtextum
3440 1212 3508 1250 ea:
3550 1198 3683 1248 austri

2131 1286 2274 1343 parte
2300 1292 2455 1337 auro;
2501 1279 2555 1330 in
2581 1295 2681 1346 qua
2703 1295 2829 1332 urna
2854 1297 3005 1333 aurea
3033 1281 3217 1334 habens
3244 1299 3450 1348 incana,
3475 1295 3522 1336 et
3549 1287 3683 1353 virga

2131 1370 2298 1420 Aaron
2322 1384 2431 1435 qua:
2451 1369 2769 1436 (maduerat,
2791 1379 2837 1422 et
2867 1371 3048 1423 tabula:
3075 1372 3352 1424 testamenti
3376 1371 3560 1438 (Hebr.
3585 1381 3680 1439 ts).

2135 1458 2274 1513 Urna
2317 1475 2443 1528 ergo
2475 1475 2632 1514 aurea
2662 1463 2712 1513 in
2750 1476 2869 1514 arca
2911 1461 3108 1517 habens
3137 1477 3325 1516 manna
3348 1503 3365 1526 ,
3400 1464 3574 1517 anima
3607 1477 3683 1517 est

2132 1561 2310 1604 sancta
2344 1552 2394 1603 itt
2433 1551 2674 1612 Christo,
2708 1552 2902 1605 habens
2948 1551 3005 1606 in
3048 1566 3104 1606 se
3149 1567 3359 1607 omnem
3404 1556 3684 1619 plenitudi-

2137 1656 2256 1695 nem
2287 1641 2593 1696 divinitatis.
2629 1641 2780 1711 Virga
2807 1640 2980 1695 Aaron
3007 1657 3123 1709 qua:
3148 1645 3327 1697 excisa
3355 1645 3681 1708 lronduerat,

2133 1741 2364 1800 potestas
2404 1743 2482 1787 est
2527 1735 2715 1787 invicta
2757 1733 3056 1790 sacerdotii
3082 1725 3257 1800 illius;
3300 1736 3368 1790 de
3413 1750 3518 1804 qua
3557 1737 3682 1790 ᾱςεέι

490 1843 636 1897 pore,
681 1842 849 1894 neque
879 1842 996 1880 esse
1039 1825 1287 1879 desinens
1333 1835 1530 1880 teter-na
1567 1825 1834 1888 divinitas,
1871 1842 2025 1894 quam
2059 1816 2103 1876 Β
2132 1824 2413 1892 propheta:
2441 1823 2594 1894 Virga
2615 1825 2860 1893 tequitatis
2886 1826 3022 1894 virga
3046 1827 3187 1896 regni
3214 1828 3288 1880 tui
3310 1827 3482 1896 (Psol.
3517 1831 3678 1893 sus).

500 1921 654 1971 homo
675 1916 910 1970 Christus
940 1915 1159 1981 accepit.
1220 1913 1368 1969 Unde
1407 1915 1712 1968 imminente
1755 1915 1879 1969 hora
1924 1931 2031 1969 sine

492 2007 748 2074 passionis
779 2015 1018 2074 precatur
1049 2005 1276 2067 Patrem,
1299 2007 1478 2058 dicens
1505 2024 1515 2057 :
1553 2004 1617 2058 Et
1639 2023 1768 2059 nunc
1799 2007 2026 2075 clari/ira

487 2111 581 2158 me,
615 2103 669 2146 tu
700 2093 873 2156 Pater,
913 2093 1052 2161 apud
1088 2096 1398 2160 temetipsum
1436 2094 1661 2148 claritate
1697 2111 1846 2163 quam
1879 2096 2030 2148 habui

486 2184 621 2253 prius
663 2198 815 2252 quam
841 2182 1055 2235 mundus
1084 2183 1222 2247 ﬁeret
1267 2184 1406 2248 apud
1432 2193 1478 2236 te
1507 2176 1680 2253 (Joan.
1704 2183 1852 2252 xvtt).
1893 2183 2030 2251 Qua-

491 2284 807 2326 tnorantem
837 2272 1054 2341 angulos
1087 2272 1244 2327 habet
1279 2289 1420 2338 arca,
1474 2275 1593 2343 quia
1641 2289 2026 2330 sacramentum

489 2363 762 2416 dominica:
791 2364 1162 2416 incarnationis
1194 2379 1284 2428 per
1316 2380 1499 2418 omnes
1529 2366 1708 2418 mundi
1739 2367 1939 2434 plagas,
1976 2367 2023 2418 iu

495 2455 684 2522 quibus
713 2467 889 2507 sancta
917 2452 1152 2507 Ecclesia
1185 2453 1450 2520 dilatatur,
1485 2454 1740 2508 celebrari
1771 2469 1874 2506 non
1896 2453 2030 2506 desi-

487 2544 582 2595 ttit.
616 2543 798 2608 Et'per
828 2541 1040 2594 eosdem
1072 2541 1293 2608 angulos
1324 2550 1569 2608 quatuor,
1593 2549 1821 2607 quatuor
1846 2541 2025 2594 circuli

487 2641 608 2683 sinit
639 2630 824 2695 positi;
873 2630 992 2697 quia
1021 2629 1069 2681 in
1101 2630 1302 2682 cunctis
1346 2630 1523 2684 mundi
1569 2629 1757 2684 ﬁnibus
1801 2631 2026 2699 Evange-

493 2719 616 2770 liutn
642 2699 830 2770 Christi
863 2717 1128 2770 salvandis
1161 2718 1389 2770 fidelium
1422 2717 1667 2772 cordibus
1691 2718 2024 2786 praedicatur.

491 2806 604 2858 Duo
627 2816 789 2858 autent
816 2806 989 2859 circuli
1011 2809 1062 2860 in
1087 2808 1243 2861 latere
1264 2825 1382 2873 uno,
1410 2819 1455 2862 et
1483 2809 1584 2862 duo
1609 2819 1724 2862 sunt
1756 2811 1806 2862 in
1830 2811 1986 2864 altero
2007 2824 2027 2863 .°

491 2899 571 2951 vel
600 2898 718 2967 quia
762 2898 866 2952 duo
905 2901 1236 2968 evangelista:
1278 2901 1605 2968 discipulatui
1653 2902 1943 2957 Salvatoris
1973 2904 2021 2957 in

490 3007 648 3045 carne
673 2993 1021 3059 prmtlicantis,
1048 3003 1100 3046 et
1124 2995 1369 3047 miracula
1401 2996 1634 3048 facientis
1656 2996 2024 3058 adlncrehant;

492 3085 598 3137 dno
633 3095 802 3136 autem
829 3084 916 3137 alii
952 3095 1064 3152 post
1095 3085 1533 3137 resurrectionem
1560 3087 2025 3154 ascensbnemque

2129 1915 2255 1979 Qure
2287 1924 2559 1984 postquam
2589 1915 2652 1968 ad
2686 1926 2889 1985 tempus
2927 1931 3019 1984 per
3049 1927 3267 1971 mortem
3299 1920 3409 1972 visa
3442 1931 3524 1972 est
3558 1934 3675 1993 esse

2130 2006 2332 2058 Succisa
2361 2045 2376 2068 ,
2421 2005 2764 2061 illucescente
2807 2021 2960 2060 mane
3001 2009 3400 2062 resurrectionis
3447 1999 3677 2063 vivacius

2131 2099 2431 2150 rellornisse
2457 2097 2668 2151 iuventa
2691 2105 2791 2161 est,
2814 2111 2876 2151 ac
2901 2107 3152 2165 perpetuo
3183 2099 3504 2154 inviolabilis
3526 2110 3682 2166 atque

2133 2185 2584 2240 immarcescibilis
2627 2199 2966 2254 permansura
3006 2201 3122 2239 esse
3162 2186 3407 2240 innotuit.
3454 2185 3680 2239 Christus

2128 2280 2258 2331 enim
2296 2294 2503 2346 surgens
2539 2295 2572 2331 a
2614 2278 2825 2330 mortuis
2864 2281 2976 2348 jam
3015 2293 3114 2330 non
3157 2279 3388 2342 moritur,
3434 2294 3570 2330 mors
3606 2278 3678 2328 itli

2131 2369 2262 2419 ultra
2290 2385 2388 2420 non
2430 2367 2770 2418 dominabitur
2795 2367 2968 2433 (Rom.
3002 2369 3100 2431 τι).
3133 2365 3346 2418 Tabula:
3381 2367 3675 2445 testamenti

2133 2456 2181 2508 irt
2213 2471 2334 2508 arca
2364 2470 2574 2510 orunem
2604 2454 2656 2508 in
2695 2455 2906 2510 Christo
2935 2465 2986 2508 et
3025 2455 3296 2508 scientiam
3342 2464 3675 2521 paternorum

2130 2556 2459 2600 secretorum
2486 2586 2502 2610 ,
2541 2556 2593 2601 et
2624 2547 2908 2614 potentiam
2945 2544 3258 2614 judiciorttm
3290 2544 3590 2612 designant.
3620 2544 3675 2599 la

2133 2636 2319 2688 tabulis
2359 2649 2585 2703 namque
2631 2635 2968 2700 testamenti,
3008 2646 3060 2689 et
3108 2633 3236 2687 fides
3265 2643 3382 2689 erat
3429 2635 3677 2699 inscripta

2128 2735 2343 2779 aeternae
2362 2724 2669 2790 divinitatis,
2697 2741 2814 2794 qum
2840 2725 3089 2779 mundum
3111 2734 3316 2780 crearet
3339 2739 3403 2778 ac
3430 2734 3635 2793 regeret
3658 2739 3671 2786 ;

2131 2825 2178 2868 et
2218 2815 2462 2869 mandata
2493 2815 2682 2884 quibus
2725 2815 2833 2870 Deo
2860 2816 3043 2869 serviri
3073 2826 3312 2884 oportet,
3347 2823 3401 2868 ct
3430 2815 3674 2868 discretio

2121 2902 2303 2970 jndicii
2326 2946 2340 2968 ,
2371 2919 2472 2972 qua
2505 2905 2616 2972 ipse
2644 2903 2881 2956 odietttcs
2923 2918 2980 2958 se
3029 2903 3148 2972 jure
3178 2904 3556 2959 condemnaret
3584 2922 3596 2965 ;
3623 2914 3672 2955 ct

2128 2995 2405 3060 diligentes
2462 3009 2518 3047 se
2573 2994 2930 3048 misericordia
2959 2995 3112 3062 digna
3143 3005 3524 3048 remunerarct.
3556 2994 3671 3047 "mc

2131 3093 2207 3133 eSt
2237 3095 2362 3149 ergo
2405 3082 2734 3144 testificatio,
2773 3097 2927 3151 quam
2960 3080 3208 3135 Dominus
3248 3082 3414 3151 Moysi
3455 3083 3506 3135 in
3552 3098 3668 3135 arca

487 3175 598 3240 ejus
628 3175 691 3227 ad
721 3176 908 3239 cmltts,
938 3148 1000 3227 ad
1031 3174 1182 3227 [idem
1206 3183 1461 3228 venerunt
1487 3190 1499 3225 :
1526 3176 1606 3227 vel
1630 3175 1750 3242 quia
1783 3175 1833 3228 in
1863 3148 2026 3241 figura
2050 3148 2099 3210 (ἶ
2134 3148 2423 3238 ponendam
2456 3169 2598 3224 dedit
2637 3185 2754 3224 cum
2791 3148 3136 3227 conﬁtendam
3179 3148 3424 3227 nobisin
3465 3173 3673 3226 Christo

489 3274 709 3330 quatuor
727 3264 1051 3325 animalium,
1079 3263 1180 3316 duo
1207 3265 1295 3334 qui
1319 3279 1414 3332 per
1437 3263 1697 3318 hominem
1728 3275 1780 3319 et
1805 3265 2025 3320 vitulum

487 3356 746 3425 designati
799 3363 938 3420 sunt,
993 3357 1292 3422 passionum
1341 3362 1395 3409 et
1452 3355 1636 3408 mortis
1676 3353 1791 3423 ejus
1841 3355 2027 3410 indicia

492 3445 859 3511 pra2tulerunt;
883 3443 991 3497 duo
1013 3457 1137 3496 vero
1167 3442 1239 3496 illi
1265 3443 1354 3511 qui
1374 3457 1466 3511 per
1491 3443 1696 3497 leonem
1725 3451 1780 3497 et
1798 3443 2027 3512 aquilam

489 3531 799 3600 pra-ﬁgurati
828 3541 965 3594 sunt,
997 3518 1225 3584 victoriae
1254 3547 1353 3603 qua
1382 3542 1604 3588 mortem
1636 3534 1916 3599 destruxit,
1949 3534 2029 3588 irt-

490 3620 652 3687 signia
701 3621 1145 3672 demonstrarunt.
1192 3621 1357 3675 llomo
1401 3622 1592 3692 quippe
1630 3622 1903 3690 Dominus,
1935 3640 2030 3692 per

491 3706 900 3760 incarnationem
929 3707 1164 3759 mortalis
1194 3706 1357 3760 factus
1383 3710 1644 3774 apparuit.
1671 3709 1872 3764 Vitulus
1905 3727 2032 3765 vero

492 3795 630 3850 idem
660 3795 862 3847 oblatus
895 3811 985 3860 pro
1015 3796 1162 3849 nobis
1187 3795 1238 3850 in
1268 3798 1415 3850 altari
1439 3798 1608 3852 crucis
1635 3800 1855 3852 exstitit.
1885 3800 2028 3854 Idem

490 3884 577 3937 leo
630 3882 834 3938 fortiter
886 3885 1169 3954 subigendo
1219 3898 1466 3950 mortem,
1519 3887 1690 3956 aquila
1747 3889 1810 3942 ad
1867 3890 2032 3943 cmlos

489 3973 821 4028 ascendendo
852 3973 1016 4028 factus
1045 3985 1143 4029 est.
1187 3976 1355 4040 Atque
1382 3976 1500 4030 ideo
1524 3977 1623 4029 duo
1651 3978 1828 4030 circuli
1864 3979 1917 4031 in
1957 3981 2032 4034 la-

490 4073 752 4132 lll'tlﬂo,
797 4077 842 4118 et
881 4066 980 4120 duo
1023 4077 1138 4120 sunt
1178 4069 1228 4119 in
1270 4068 1448 4130 altera,
1490 4068 1894 4134 quisnimirum
1930 4071 2034 4123 duo

491 4161 865 4227 evangelium,
927 4176 1019 4228 per
1063 4175 1208 4213 suam
1263 4161 1476 4228 figuram
1516 4161 1926 4228 assumptionem
1978 4161 2032 4216 iu

496 4247 714 4301 Domino
755 4249 991 4303 humanm
1021 4249 1345 4316 fragilitatis;
1393 4262 1442 4303 et
1472 4249 1578 4302 duo
1621 4250 1708 4303 alii
1739 4249 2030 4314 vict0riatn,

491 4351 590 4403 qua
623 4337 686 4390 de
714 4337 896 4391 eadem
928 4346 1191 4402 assumpta
1236 4335 1514 4402 fragilitate
1568 4350 1629 4389 ac
1659 4346 1828 4392 morte
1852 4340 2032 4392 trimu-

490 4427 690 4495 pbavit,
721 4427 1007 4478 insinuant.
1041 4425 1169 4478 Nam
1193 4426 1338 4492 quasi
1364 4425 1548 4477 laevum
1578 4427 1715 4478 latus
1740 4442 1872 4479 arca:
1894 4427 2029 4482 duos

491 4518 670 4571 habuit
699 4517 945 4580 circulos,
975 4531 1093 4570 cum
1123 4515 1458 4583 evangelista:
1489 4516 1591 4568 duo
1624 4516 2028 4570 incarnationem

494 4611 538 4663 ι)
558 4609 696 4662 ιηιίηἰ
726 4624 787 4661 ac
815 4609 1106 4674 passionem
1131 4608 1434 4675 ligurarcnt.
1457 4605 1707 4661 Similiter
1729 4606 1875 4659 lateri
1905 4605 2033 4660 dex-

500 4712 612 4753 tero
640 4701 743 4752 duo
770 4699 973 4756 inerant
1004 4700 1209 4761 circuli,
1233 4698 1368 4765 quod
1396 4714 1545 4768 mque
1566 4698 1672 4752 duo
1697 4699 2032 4766 evangelista:

497 4786 933 4842 resurrectionem
962 4796 1015 4842 et
1054 4789 1413 4848 ascensionem
1441 4790 1574 4856 ejus,
1601 4805 1714 4856 que
1743 4789 1806 4842 ad
1849 4790 2032 4842 future

497 4879 717 4950 gloriam
745 4879 866 4933 vita:
893 4881 1174 4948 pertinent,
1207 4883 1491 4952 figuraliter
1514 4885 1835 4950 exprimunt.

567 4967 748 5022 Facies
775 4985 969 5038 quoque
1009 4983 1166 5025 vectes
1193 4973 1253 5026 de
1293 4974 1442 5042 lignis
1483 4974 1658 5037 seum,
1707 4981 1810 5026 etc.
1844 4970 2035 5024 Vectes

495 5059 680 5131 quibus
710 5073 829 5114 arca
863 5069 1096 5126 portatur
1124 5061 1286 5114 sancti
1324 5071 1446 5114 sunt
1488 5062 1765 5126 doctores,
1807 5061 1894 5126 qui
1930 5059 2033 5112 Do-

498 5154 689 5204 minum
740 5149 1074 5220 prauiicando
1120 5149 1440 5202 audientium
1485 5149 1730 5204 cordibus
1780 5149 2033 5202 inferunt.

503 5245 590 5307 Qui
618 5243 862 5297 videlicet
884 5251 1060 5295 vectes
1083 5254 1291 5306 semper
1311 5253 1427 5291 esse
1447 5237 1696 5304 iubentur
1718 5240 1767 5291 in
1795 5239 2032 5298 circulis,

498 5334 616 5395 quia
649 5334 892 5386 nimirum
925 5344 1140 5384 necesse
1167 5338 1248 5409 est
1279 5337 1334 5380 ut
1363 5328 1654 5396 quicunque
1682 5330 1767 5381 alii
1799 5330 2032 5382 coelestia

425 5438 427 5441 ·
498 5430 824 5476 sacramenta
850 5421 1158 5487 praedicant,
1188 5431 1451 5484 nunquam
1483 5417 1579 5484 ipsi
1607 5427 1835 5473 mentem
1864 5434 1891 5470 a
1926 5433 2034 5470 me-

503 5513 664 5561 moria
694 5524 855 5560 sacra:
882 5508 1164 5575 Scriptura
1190 5552 1204 5570 ,
1250 5522 1514 5569 nunquam
1547 5522 1730 5560 manus
1761 5523 1788 5561 a
1819 5509 2030 5562 divino-

500 5613 612 5650 rum
650 5598 972 5649 observantia
1006 5604 1367 5652 mandaturum
1398 5600 1718 5654 contineant.
1769 5598 1906 5653 Bene
1937 5613 2030 5649 att-

501 5697 606 5741 ιεη)
639 5685 864 5752 sequitur
888 5701 900 5738 2

2131 3261 2358 3329 signavit
2385 3262 2657 3315 veritatem
2679 3262 2869 3326 carnis,
2897 3266 3085 3316 anima:
3111 3273 3166 3316 et
3191 3264 3331 3318 v‘erbi
3363 3281 3376 3316 :
3403 3264 3665 3332 ipsamque

2131 3366 2343 3405 carnem
2377 3359 2494 3420 post
2532 3351 2825 3419 passionem
2857 3353 3038 3405 mortis
3066 3354 3451 3407 resurrectione
3480 3355 3666 3423 gloriﬁ-

2099 3450 2298 3495 ‘catam
2325 3482 2338 3505 ,
2371 3452 2422 3496 et
2451 3443 2632 3506 mterni
2665 3445 2802 3512 regis
2830 3457 2890 3497 ac
2929 3445 3188 3512 pontiﬁcis
3215 3443 3470 3511 dignitate
3510 3446 3666 3496 subli-

2132 3543 2322 3586 tnatam
2354 3532 2705 3598 monstravit,
2735 3547 2851 3587 cum
2883 3533 3049 3602 ipsum
3076 3547 3193 3587 esse
3222 3531 3555 3587 solummodo
3585 3549 3664 3598 pa-

2131 3630 2398 3676 ternorum
2421 3622 2690 3676 conscium
2713 3637 3044 3688 arcanorum,
3069 3621 3218 3689 quasi
3240 3624 3498 3676 veraciter
3521 3625 3669 3675 unius

2131 3713 2467 3782 ejusdemque
2507 3729 2624 3767 cum
2674 3714 2827 3768 Patre
2857 3714 3150 3783 majestatis
3198 3714 3366 3784 ipsum
3408 3727 3525 3770 esse
3560 3729 3668 3769 om-

2136 3804 2282 3856 nium
2307 3803 2537 3873 iudicem
2562 3806 2739 3860 docuit
2766 3806 3096 3860 seculorum.

2744 3895 2964 3951 CAPUT
3006 3898 3064 3948 V.

2395 3982 2743 4050 Propitiatorii
2768 3995 2814 4037 et
2841 3984 3087 4037 Cherubin
3119 3985 3402 4053 descriptio.

2206 4075 2453 4129 Facieset
2477 4077 2896 4143 prapitiatorium,
2925 4089 3028 4128 etc.
3057 4076 3232 4142 Qua’ri
3253 4079 3386 4130 Solel
3404 4077 3523 4144 quid
3555 4094 3670 4145 pro-

2140 4164 2456 4231 pitiatorium
2489 4165 2658 4229 dicat,
2699 4179 2804 4234 quo
2834 4163 3115 4232 operienda
3145 4164 3214 4217 sit
3250 4179 3395 4220 arca.
3423 4166 3525 4220 Sed
3552 4184 3664 4221 cum

2133 4255 2199 4307 de
2225 4267 2353 4307 auro
2385 4253 2496 4306 ﬁeri
2521 4253 2731 4320 iubeat,
2763 4260 2817 4306 et
2846 4261 3004 4306 tanta
3038 4251 3374 4322 longitudinis
3402 4267 3465 4307 ac
3491 4255 3665 4307 latitu-

2134 4346 2272 4400 dinis
2293 4386 2307 4406 ,
2337 4354 2548 4414 quanta:
2576 4359 2750 4397 aream
2785 4343 2894 4398 fieri
2943 4355 3291 4410 praeceperat;
3322 4355 3525 4400 constat
3554 4361 3666 4415 pro-

2137 4436 2220 4488 cul
2247 4435 2427 4500 dubio,
2469 4435 2590 4502 quia
2621 4434 2859 4495 tabulam
2879 4434 2992 4488 fieri
3023 4433 3179 4487 Voluit
3209 4450 3421 4489 auream
3453 4447 3663 4498 tantam,

2135 4535 2325 4590 quanta
2367 4539 2543 4579 arcam
2577 4534 2751 4592 tegere
2779 4522 3060 4578 sufﬁceret.
3087 4523 3239 4590 Quod
3280 4526 3518 4580 videlicet
3549 4541 3664 4594 pro-

2134 4613 2454 4677 pitiatoriutn
2488 4629 2590 4667 non
2633 4613 2772 4666 aliud
2801 4627 2956 4681 quam
2992 4613 3267 4667 Dominum
3312 4615 3660 4676 Salvatorem.

2133 4702 2224 4754 sed
2251 4703 2529 4769 specialius
2557 4704 2608 4756 in
2630 4718 2692 4757 eo
2722 4702 2916 4756 viscera
2948 4703 3152 4771 pietatis
3176 4705 3414 4773 designat
3441 4723 3453 4756 :
3481 4705 3546 4758 de
3566 4719 3662 4770 quo

2135 4789 2262 4842 dicit
2293 4793 2606 4857 Apostolus:
2638 4791 2792 4856 Quem
2817 4789 3069 4860 proposuit
3094 4791 3229 4844 Deus
3266 4794 3662 4860 propitiationis

2137 4897 2225 4949 per
2253 4883 2404 4950 [idem
2431 4883 2483 4933 in
2522 4883 2759 4949 sanguine
2787 4883 2940 4950 ipsius
2969 4883 3145 4943 (Rom.
3175 4883 3273 4951 III).
3307 4884 3434 4935 Nam
3475 4892 3527 4935 et
3555 4883 3662 4934 ideo

2133 4973 2359 5038 desuper
2407 4974 2644 5037 ponitur,
2690 4972 2810 5040 quia
2852 4975 3206 5037 superexaltat
3256 4973 3660 5028 misericordiam

2131 5061 2346 5130 judicio.
2383 5057 2528 5114 Unde
2556 5064 2610 5108 et
2638 5054 2928 5119 Psalmista.
2967 5059 3171 5122 Suavis,
3203 5061 3388 5127 inquit,
3423 5063 3662 5116 Dominus

2136 5149 2376 5202 universis
2394 5188 2409 5212 ,
2437 5157 2482 5200 et
2507 5147 2847 5200 miserationes
2875 5150 2982 5213 eius
3007 5163 3157 5212 super
3193 5154 3359 5206 omnia
3383 5169 3531 5224 opera
3557 5156 3662 5222 ejus

2136 5238 2282 5310 (Psal
2341 5241 2544 5302 (τηις).

2210 5331 2346 5383 Duos
2371 5344 2562 5398 quoque
2593 5328 2853 5382 Cherubim
2881 5346 3077 5396 aureos,
3117 5341 3219 5386 etc.
3247 5334 3528 5390 Cherubin
3554 5348 3663 5388 esse

2139 5434 2327 5472 nomen
2375 5420 2726 5488 angeliearum
2781 5419 3072 5486 virtutum,
3126 5423 3369 5479 Ezechiel
3421 5426 3661 5494 propheta

2139 5508 2410 5562 manifeste
2431 5509 2680 5571 declarat.
2705 5521 2832 5575 quas
2860 5510 3014 5563 etiam
3036 5510 3182 5583 juxta
3209 5513 3536 5583 exemplum.
3565 5524 3663 5578 quo

2140 5597 2224 5649 hic
2253 5597 2361 5648 fieri
2385 5597 2654 5664 iubentur,
2678 5611 2796 5650 eum
2826 5597 2923 5651 alis
2947 5601 3044 5652 sibi
3071 5580 3384 5670 apparuisse
3408 5580 3663 5668 designat,

2139 5687 2318 5739 dicens
2344 5704 2355 5735 :
2390 5687 2451 5738 Et
2480 5704 2574 5741 vos
2600 5687 2799 5739 alarum
2827 5687 3088 5743 Cherubim
3116 5691 3413 5743 audiebatur
3440 5705 3590 5757 usque
3609 5691 3662 5740 in
