3898 6260
243 379 346 437 ιοε

1068 382 1152 437 DE
1189 381 1683 438 τΑΒεηΝλουιο
1723 381 1808 436 ΕΤ
1853 381 2033 439 VASIS
2073 387 2250 444 EJUS.
2295 421 2362 431 —-
2403 392 2524 448 ιιιε.
2567 393 2605 450 Ι.

3325 403 3424 458 £06

241 497 428 548 ηενίωπ
450 494 681 560 ηένίιιεο
707 495 832 549 είειιι
857 510 952 548 υοιτ
980 493 1184 550 Domini
1211 497 1454 565 loquentis
1478 495 1687 566 (Ezech.
1713 493 1790 561 ι).
1824 497 1873 554 Α
1900 501 2114 556 scientia
2137 488 2327 560 divina:
2347 508 2677 576 cognitionis,
2703 523 2818 560 cum
2844 508 2941 562 hoc
2965 509 3028 562 de
3058 524 3230 578 setpso
3257 512 3429 566 Domi.

243 587 306 640 Et
332 586 539 656 quidem
572 600 788 640 numero
819 586 1064 654 singulari
1104 587 1344 650 Cherub,
1384 586 1570 653 plurali
1616 595 1790 639 autem

240 673 522 729 Cherubini
552 675 761 738 dicitur,
800 684 853 729 et
881 683 962 729 est
991 691 1180 729 nomen
1223 677 1433 745 generis
1465 675 1748 729 masculini
1776 715 1792 740 ,

241 764 336 817 sed
366 762 550 818 Graeca
590 763 913 819 consuetudo
944 776 1128 819 neutro
1154 781 1350 835 genere
1395 767 1569 834 posuit
1596 766 1795 821 Cheru-

241 854 354 918 bin,
387 871 435 906 in
465 856 630 907 littera
662 854 712 907 in
741 871 771 906 n
800 864 1015 909 mutata.
1062 855 1254 909 Verum
1285 866 1463 910 noster
1510 857 1790 924 interpres,

241 944 519 999 Ilebrazum
549 956 762 999 secutus
794 945 985 998 idioma
1008 985 1024 1010 ,
1060 947 1347 1000 masculino
1374 962 1568 1012 genere
1599 948 1791 1014 posuit.

241 1034 385 1096 Duos
427 1035 711 1090 Cherubim
756 1050 944 1092 aureos
989 1045 1042 1090 et
1083 1038 1400 1105 productiles
1450 1037 1611 1091 facies
1636 1077 1650 1101 ,
1693 1053 1792 1091 non

237 1126 348 1180 duo
377 1123 655 1181 Cheruhim
684 1142 838 1181 aurea
861 1136 915 1194 et
944 1129 1254 1196 productilia
1275 1169 1289 1190 .
1320 1128 1458 1197 quod
1479 1130 1790 1194 scriptorum

239 1214 440 1269 incuria
497 1217 657 1270 credo
687 1217 738 1270 in
767 1219 882 1285 ejus
927 1218 1269 1271 translatione
1297 1232 1415 1272 esse
1455 1227 1755 1283 corruptum
1777 1255 1790 1278 ,

240 1315 302 1359 nt
329 1321 423 1373 pro
450 1305 732 1360 Cberuhim
762 1307 1098 1375 antiquorum
1130 1322 1277 1361 more
1311 1308 1630 1360 scriberetur
1656 1306 1795 1361 Che-

239 1396 417 1450 rubin.
447 1397 822 1465 Interpretatur
848 1398 1153 1462 Cherubim,
1183 1398 1293 1451 sive
1315 1397 1600 1458 Cherubin,
1627 1399 1797 1451 scien-

239 1489 329 1538 tia:
360 1486 658 1552 multitudo,
694 1489 774 1541 vel
818 1487 1057 1543 scientia:
1087 1488 1386 1541 intellecnis
1419 1505 1430 1540 :
1473 1487 1612 1556 quod
1647 1487 1794 1540 vide-

242 1576 371 1629 licet
423 1592 611 1632 nomen
678 1587 821 1631 tauto
881 1579 1075 1631 rectius
1133 1578 1384 1646 angelicis
1452 1579 1797 1646 potestatibus

239 1669 511 1737 congruit,
541 1679 736 1739 quanto
782 1671 1012 1738 perfecte
1039 1671 1107 1725 ab
1148 1672 1290 1726 omni
1322 1673 1546 1739 impulsu
1579 1672 1796 1740 impnrze

237 1759 579 1827 cogitationis
605 1760 793 1824 alieni,
829 1758 1016 1815 visioni
1045 1762 1125 1816 sui
1167 1761 1464 1816 Cooditoris
1500 1761 1791 1816 adhzerent.

1896 608 1993 646 nus
2022 594 2217 664 Moysi,
2248 597 2383 662 quod
2418 597 2725 664 patriarcltis
2753 613 2854 649 non
2888 597 3225 663 indicaverat,
3257 611 3429 655 osten-

1894 684 1989 737 dit.
2022 684 2182 738 David
2223 701 2310 753 qui
2355 686 2404 738 in
2446 686 2559 756 lege
2607 687 2808 740 Domini
2853 686 3197 742 meditabatur
3239 691 3323 741 die
3368 707 3427 743 ac

1896 783 2084 838 nocte,
2139 774 2409 828 videamus
2456 789 2520 826 an
2565 790 2622 828 se
2651 815 2665 839 ,
2717 777 2832 845 ipso
2875 776 2963 844 qui
3011 776 3177 845 legem
3225 778 3431 843 scripsit

1896 867 2094 936 Moyse,
2124 867 2316 935 aliquid
2344 868 2568 934 amplius
2600 867 2665 922 de
2695 866 2916 921 Domino
2956 867 3277 922 intellexisse
3305 881 3428 921 sen-

1894 958 2042 1012 serit.
2078 958 2338 1022 Quomodo
2365 999 2378 1021 ,
2414 958 2600 1026 inquit,
2632 959 2787 1012 dilexi
2808 959 2965 1028 legem
2993 968 3149 1020 tuam,
3187 958 3392 1010 Domine
3414 997 3429 1020 ,

1895 1057 1998 1099 tota
2043 1046 2125 1099 die
2152 1046 2407 1099 meditatio
2439 1063 2546 1099 mea
2575 1056 2646 1100 est
2691 1046 2862 1116 (Psat.
2892 1046 3096 1112 cxvtn).
3146 1046 3430 1110 Statimque

1895 1135 2201 1203 subjunxit:
2239 1136 2402 1204 Super
2447 1150 2619 1188 omnes
2649 1136 2877 1189 docentes
2908 1152 2984 1188 me
3010 1136 3247 1188 intellexi.
3285 1134 3432 1188 Unde

1897 1237 1948 1281 et
1976 1227 2096 1280 alibi
2126 1226 2370 1294 gloriatur
2400 1226 2450 1279 in
2501 1227 2721 1280 Domino
2745 1267 2760 1290 ,
2789 1227 2972 1280 dicens
3005 1245 3016 1279 :
3051 1226 3250 1279 Incerta
3276 1234 3321 1277 et
3351 1240 3436 1275 oc-

1895 1318 2032 1371 culta
2061 1318 2318 1386 sapientia:
2346 1329 2446 1370 tute
2485 1316 2811 1385 manifestasti
2855 1318 2975 1368 nti/ii
3007 1313 3174 1385 (Psal.
3208 1316 3279 1382 1.).
3310 1313 3433 1366 Item

1898 1407 2165 1476 apostolos
2196 1406 2390 1474 majora
2438 1406 2705 1474 prophetis
2736 1418 2892 1459 nosse
2929 1406 3156 1458 declarat
3187 1401 3436 1456 Dominus

1899 1498 2011 1565 ipse
2033 1542 2046 1564 ,
2081 1499 2169 1567 qui
2219 1499 2413 1552 eisdem
2460 1499 2706 1565 loquitur,
2737 1498 2918 1551 dicens
2949 1515 2961 1548 :
3007 1497 3154 1550 Multi
3184 1496 3437 1565 propheta

1897 1601 1945 1644 et
1965 1591 2097 1662 justi
2126 1590 2387 1659 cupierunt
2418 1588 2582 1640 videre
2610 1604 2719 1652 qua:
2749 1588 2940 1647 ridetis,
2969 1597 3012 1638 et
3045 1602 3144 1637 non
3173 1586 3396 1636 viderunt
3419 1599 3438 1648 ,'

1896 1683 2076 1735 audire
2100 1696 2212 1749 qua:
2249 1680 2455 1742 auditis,
2497 1688 2541 1731 et
2585 1693 2682 1730 non
2724 1677 2990 1729 audierunt
3022 1672 3166 1742 (Luc.
3215 1675 3293 1740 ι).
3334 1672 3439 1726 Sed

1899 1770 2097 1826 eisdem
2147 1777 2262 1838 post
2305 1768 2736 1822 resurreCtionem
2781 1764 3244 1829 ascensionemque
3289 1776 3434 1812 suam

243 1846 447 1901 Idcirco
485 1857 660 1901 autem
691 1852 826 1913 alas,
861 1851 938 1903 vel
973 1852 1022 1903 in
1069 1851 1234 1921 ligura
1259 1850 1539 1904 Cherubim
1590 1851 1796 1920 Moyses

1909 1863 2154 1931 majorem
2178 1861 2349 1914 adhuc
2369 1859 2601 1912 scientia:
2625 1858 2843 1928 gratiam
2871 1855 3202 1923 reproniittil,
3226 1851 3436 1905 dicens:

241 1937 419 1992 facere
458 1937 696 2006 jubetnr,
737 1939 815 1993 vel
849 1941 897 1992 in
938 1940 1047 2006 ipsa
1083 1955 1266 1994 eorum
1314 1942 1491 2004 specie
1521 1941 1713 1995 vidisse
1742 1956 1799 1994 se

243 2030 500 2097 propheta
532 2040 777 2095 testatur,
807 2033 945 2100 quod
994 2034 1152 2088 etiam
1192 2033 1402 2088 licentia
1443 2033 1579 2088 solet
1609 2028 1799 2086 imitari

245 2121 506 2187 pictorum
534 2162 548 2184 ,
581 2131 639 2174 ut
669 2126 717 2174 in
749 2123 855 2176 alto
885 2123 1064 2176 sedem
1099 2123 1292 2177 habere
1322 2125 1496 2192 angeli
1521 2163 1536 2189 ,
1571 2132 1625 2177 et
1653 2121 1799 2192 quasi

244 2212 351 2265 levi
385 2211 559 2265 volatu
585 2212 776 2280 ubique
801 2214 1098 2267 discurrere
1126 2228 1282 2282 posse
1309 2214 1604 2283 signentur,
1633 2228 1802 2283 neque

242 2300 405 2354 ullam
439 2301 632 2355 habere
660 2302 956 2356 tarditatem
983 2343 998 2366 ,
1031 2304 1155 2371 quin
1189 2302 1468 2356 confestim
1501 2305 1802 2371 ubicunque

246 2390 514 2443 voluerint
542 2391 735 2445 adsint.
765 2392 912 2457 Quod
945 2394 1110 2460 ipsum
1148 2407 1359 2461 quoque
1389 2393 1537 2446 nobis
1569 2403 1684 2461 post
1717 2409 1803 2448 re-

242 2481 623 2555 surrectionem
655 2484 914 2550 spirituali
952 2483 1060 2552 jam
1091 2498 1318 2552 corpore
1350 2485 1552 2538 vestitis
1593 2485 1801 2538 indubi-

243 2582 423 2626 tanter
464 2575 797 2639 promittitttr.
833 2575 1147 2641 Expandunt
1177 2589 1304 2642 ergo
1333 2575 1444 2627 alas
1473 2574 1759 2629 Cliernbim
1787 2613 1802 2638 ,

244 2673 303 2716 et
349 2664 766 2729 propitiatorinni
821 2672 1002 2729 tegunt
1034 2682 1045 2714 :
1077 2665 1322 2730 quoniam
1372 2664 1542 2727 angeli
1590 2678 1800 2715 onmem

244 2767 361 2805 sua:
409 2764 608 2804 natura:
660 2755 979 2821 petentium,
1028 2769 1126 2821 qua
1175 2754 1223 2804 in
1269 2752 1388 2804 altis
1433 2752 1668 2804 habitare
1697 2791 1712 2815 ,
1754 2761 1806 2804 et

249 2851 443 2896 cuncta
474 2857 712 2907 superna:
740 2841 878 2896 illius
909 2844 1086 2909 patriaa-
1118 2842 1227 2895 loca
1261 2841 1357 2893 levi
1384 2856 1442 2892 ac
1468 2841 1586 2893 ἱεριο
1618 2841 1803 2892 itinere

253 2943 533 3002 penetrare
583 2943 918 2995 meruerunt,
952 2935 1002 2986 in
1044 2933 1352 2998 obsequium
1391 2930 1469 2983 sui
1505 2928 1805 2982 Conditoris

243 3027 510 3089 oll‘erunt,
543 3040 601 3078 ac
650 3026 792 3079 velut
832 3026 1248 3092 prttpitinttn‘hlnt
1282 3029 1590 3075 contuentes
1617 3020 1801 3072 obum-

250 3118 409 3170 brant
432 3157 445 3177 ,
479 3115 528 3168 id
572 3124 653 3168 est
681 3115 940 3169 honorant
985 3113 1207 3166 vetando
1235 3130 1247 3162 :
1280 3110 1399 3179 quia
1451 3119 1614 3164 totum
1647 3125 1800 3176 quem

1903 1953 2081 2004 Adhuc
2109 1955 2267 2003 multa
2300 1951 2456 2002 habeo
2483 1948 2616 2002 vobis
2643 1949 2821 2010 dicere,
2852 1946 2937 2000 sed
2967 1960 3066 1998 non
3095 1942 3292 2012 poteszis
3321 1956 3441 2011 por-

1901 2051 2005 2091 tare
2033 2041 2218 2102 modo;
2250 2055 2364 2090 cum
2402 2049 2565 2090 autem
2613 2038 2794 2089 uenerit
2831 2035 2917 2087 ille
2947 2033 3166 2102 Spiritus
3205 2031 3440 2096 veritatis,

1901 2130 2093 2182 docebit
2124 2145 2207 2182 vos
2239 2146 2430 2180 omnem
2460 2130 2712 2184 veritatem
2744 2125 2897 2194 (.loan
2932 2125 3062 2192 va).
3089 2123 3284 2189 Quibus
3311 2132 3362 2177 et
3393 2124 3442 2175 in

1905 2221 2076 2272 loturo
2114 2219 2283 2287 majus
2321 2218 2598 2280 onmihus,
2648 2232 2764 2284 qua:
2816 2218 2864 2266 in
2915 2213 3012 2268 hac
3055 2215 3158 2266 vita
3200 2213 3443 2282 cognosci

1903 2317 2117 2382 possunt
2142 2347 2155 2370 ,
2206 2307 2556 2360 revelaturum
2595 2320 2654 2358 se
2696 2317 2815 2356 esse
2861 2301 3133 2370 pollicetur
3158 2339 3174 2363 ,
3215 2299 3442 2352 dicens;

1907 2397 2004 2462 Qui
2047 2405 2209 2447 autrm
2239 2395 2401 2461 diligit
2451 2408 2546 2455 me,
2577 2391 2812 2460 diligetur
2840 2405 2869 2440 a
2915 2387 3066 2440 Patre
3105 2401 3246 2450 meo,
3282 2393 3326 2437 et
3355 2399 3444 2450 ego

1905 2489 2111 2557 diiigmn
2141 2503 2275 2549 cum,
2309 2495 2352 2536 ct
2393 2484 2716 2552 inanifestabo
2755 2484 2797 2534 ei
2836 2468 3073 2547 nicipsunt
3106 2476 3280 2546 (Joan.
3313 2475 3442 2540 xiv).

1910 2576 2068 2629 licere
2096 2591 2220 2642 ergo
2263 2573 2549 2627 Cherubin)
2592 2572 2808 2626 scientia
2852 2569 3188 2638 multiplicata
3232 2564 3442 2625 dicitur,

1905 2665 2020 2732 quia
2055 2665 2104 2717 in
2138 2676 2360 2732 utrisque
2401 2663 2736 2716 Testamento
2767 2660 3001 2714 lidelihus
3031 2657 3193 2726 magis
3220 2671 3283 2710 ex
3312 2662 3446 2708 tem-

1910 2769 2034 2820 pore
2060 2756 2332 2822 magisque
2353 2755 2585 2823 cognitio
2614 2755 2841 2807 veritatis
2867 2753 3104 2805 innotuit.
3133 2751 3290 2802 [tecte
3312 2746 3443 2800 Che-

1909 2843 2078 2893 rubirn
2122 2842 2306 2909 gloria:
2349 2843 2762 2909 propitiatorium
2808 2841 3118 2894 obumbrare
3162 2839 3442 2898 dicuntur;

1905 2935 2024 3002 quia
2062 2943 2380 2988 testamento
2408 2943 2676 2987 crescente
2717 2948 2808 3002 per
2839 2943 3064 2999 tempus,
3095 2942 3146 2981 αῖ
3194 2927 3442 2994 multipli-

1907 3035 2022 3078 cata
2053 3026 2294 3090 scientia,
2329 3025 2746 3092 propinationem
2780 3025 2924 3076 nobis
2970 3021 3168 3074 Domini
3201 3020 3446 3073 Salvato—

1909 3118 1981 3169 ris
2022 3117 2342 3184 praedicant;
2374 3125 2427 3168 et
2457 3118 2584 3168 hane
2614 3115 2775 3183 gratis
2814 3129 3021 3180 semper
3062 3109 3278 3163 vocibus
3306 3107 3449 3176 quasi

252 3174 446 3259 habent
472 3213 661 3258 statum
696 3215 958 3272 perpetuae
983 3202 1265 3266 fel‘citatis,
1295 3174 1411 3268 ejus
1436 3200 1615 3269 gratiae
1641 3174 1803 3264 depu-

1912 3209 2156 3274 exi-ansis
2186 3248 2201 3274 ,
2250 3207 2314 3261 ad
2362 3209 2587 3260 volatum
2624 3207 2721 3259 alis
2773 3205 3028 3259 hei-.orare
3070 3219 3169 3256 non
3217 3210 3444 3257 cessant.

251 3303 386 3359 tant,
415 3310 443 3347 a
466 3310 569 3363 quo
595 3303 648 3348 ut
677 3295 802 3348 nihil
834 3294 954 3348 mali
981 3294 1120 3348 velle
1146 3307 1299 3360 posse
1324 3297 1659 3355 acceperunt.
1693 3287 1803 3339 Duo

250 3392 380 3436 sunt
408 3394 582 3438 autem
631 3393 846 3454 prepter
873 3383 1264 3452 signiﬁcandam
1298 3380 1602 3434 societatem
1649 3391 1806 3444 ange-

252 3474 373 3527 lie'az
407 3475 585 3544 pacis;
619 3476 740 3540 quia
770 3476 943 3527 minus
973 3489 1129 3542 quam
1153 3474 1289 3527 inter
1315 3473 1446 3525 duos
1474 3469 1650 3522 haberi
1683 3468 1806 3520 cha-

252 3566 385 3618 ritas
413 3581 516 3619 non
551 3575 741 3633 potest.
773 3566 919 3620 Unde
950 3574 1004 3617 et
1045 3579 1161 3616 sese
1198 3563 1458 3629 respicere
1502 3566 1722 3620 mutuo,
1756 3566 1806 3607 et

255 3655 311 3705 in
341 3655 757 3722 propitiatorium
788 3654 960 3706 vultus
988 3653 1235 3719 iubentur
1258 3651 1470 3709 habere,
1503 3649 1619 3716 quia
1649 3646 1803 3697 niini-

249 3759 374 3796 rum
419 3744 472 3796 iti
522 3743 902 3811 glorilicatione
948 3742 1140 3795 divina:
1168 3740 1385 3794 visionis
1416 3740 1622 3791 sibimet
1651 3738 1806 3789 alter-

257 3844 434 3884 utrum
480 3840 791 3883 consoiiant.
839 3831 964 3883 Item
1013 3846 1104 3898 per
1132 3830 1236 3883 dno
1277 3828 1560 3883 Cheruhim
1591 3836 1808 3894 possunt

250 3923 365 3975 duo
411 3922 740 3975 Testamenta
793 3921 1048 3991 ﬁgurari,
1098 3935 1320 3989 quorum
1371 3934 1530 3972 unum
1583 3917 1807 3970 futuram

268 4013 473 4064 Domini
511 4009 942 4076 incarnationem,
976 4011 1116 4063 aliud
1151 4011 1335 4064 factam
1365 4010 1577 4064 clamat.
1629 4009 1811 4074 ltespi-

255 4101 512 4167 ciuntque
556 4116 614 4153 se
659 4112 882 4164 mutuo,
929 4100 1048 4169 quia
1094 4101 1146 4153 in
1196 4100 1530 4153 aue-latione
1575 4099 1812 4152 veritatis

257 4205 422 4253 quam
469 4190 793 4256 praedicant,
825 4189 876 4242 in
925 4187 1068 4241 nullo
1107 4190 1174 4241 ab
1222 4190 1444 4242 invicem
1488 4189 1807 4254 discrepant.

262 4278 492 4331 Vertunt
521 4278 693 4331 vultus
725 4279 775 4330 in
803 4276 1219 4345 propitiatoriunt
1245 4294 1258 4340 ;
1283 4277 1404 4343 quia
1432 4285 1484 4331 et
1513 4277 1812 4330 misericivr-

259 4370 408 4424 diam
440 4370 674 4432 Domini,
709 4371 758 4421 in
788 4383 887 4436 qua
937 4370 1087 4421 unica
1121 4370 1313 4422 mundo
1351 4384 1472 4434 Spes
1517 4380 1630 4431 est,
1664 4369 1814 4422 Valde

263 4459 664 4511 commendant.
698 4461 867 4525 Atque
897 4457 1013 4510 ideo
1043 4469 1250 4510 suntex
1281 4469 1497 4526 utraque
1526 4469 1670 4527 parte
1695 4474 1814 4512 ora-

1906 3299 2035 3363 Qnia
2067 3299 2203 3351 enim
2240 3299 2395 3353 \erba
2440 3298 2842 3365 Colloquentinm
2868 3334 2882 3358 ,
2923 3295 3066 3361 quasi
3105 3295 3324 3345 volando
3356 3307 3446 3355 per

1907 3403 2084 3442 aerem
2112 3388 2178 3440 ab
2207 3402 2301 3440 ore
2331 3386 2613 3439 dicentium
2632 3424 2646 3445 ,
2677 3383 2738 3435 ad
2764 3397 2854 3434 cor
2888 3382 3192 3449 perveniunt
3221 3379 3444 3429 aulicu-

1911 3481 2036 3530 tium
2064 3515 2078 3537 ,
2111 3475 2299 3528 merito
2339 3474 2585 3540 expansis
2623 3471 2902 3524 Cherubim
2935 3469 3033 3522 alis
3059 3509 3072 3529 ,
3103 3478 3155 3520 et
3198 3467 3339 3519 velut
3381 3465 3442 3516 ad

1909 3566 2183 3620 velandum
2214 3564 2402 3631 aptatis
2434 3571 2650 3631 possunt
2676 3562 2959 3629 designari.
3395 3552 3398 3553 ν

1984 3653 2105 3706 Inde
2128 3653 2419 3720 praecipiant
2444 3693 2457 3715 ,
2481 3661 2526 3704 et
2556 3651 2736 3717 laqunr
2757 3651 2823 3701 ad
2863 3659 2910 3702 te
2929 3689 2945 3714 ,
2969 3664 3122 3715 supra
3147 3646 3445 3715 prapitiuto-

1910 3747 2092 3800 torium
2119 3745 2324 3805 scilicet,
2349 3752 2450 3797 etc.
2473 3741 2638 3809 Supra
2664 3741 2952 3809 propitiato:
2969 3740 3072 3792 iuni
3099 3739 3327 3805 loquitur
3353 3735 3450 3787 Do-

1911 3839 2084 3892 minus
2114 3837 2176 3888 ad
2202 3835 2623 3904 Moysencnncta
2648 3847 2760 3900 quae
2784 3846 2874 3899 per
2906 3830 3052 3882 illum
3089 3827 3299 3880 mandat
3331 3823 3452 3876 liliis

1913 3930 2105 3990 Israel;
2138 3927 2256 3994 quia
2292 3940 2380 3989 per
2407 3923 2627 3990 gratiam
2675 3918 3061 3988 propitiationis
3119 3918 3207 3969 Dei
3255 3916 3446 3968 factum

1912 4028 2011 4082 est,
2053 4029 2110 4071 ut
2152 4015 2448 4069 hominibus
2478 4021 2590 4079 post
2634 4013 2839 4076 culpam
2879 4004 3316 4077 prmvaricationis
3347 4017 3443 4066 ap-

1914 4124 2131 4179 parere,
2164 4117 2217 4160 et
2244 4107 2322 4159 eis
2347 4105 2479 4154 γὶειιιι
2514 4103 2746 4155 veritatis
2796 4110 2912 4168 post
2961 4114 3190 4154 errorem
3235 4099 3451 4149 demon-

1913 4209 2084 4254 strare
2113 4197 2355 4264 dignatus
2394 4193 2481 4244 sit.
2520 4191 2594 4244 De
2627 4190 2799 4243 medio
2848 4189 3132 4243 Cherubim
3185 4187 3450 4256 loquitur;

1915 4288 2036 4355 quia
2071 4301 2162 4354 per
2191 4283 2486 4353 angelicam
2519 4279 2774 4333 visionem
2803 4323 2816 4346 ,
2854 4289 2908 4333 et
2961 4294 3062 4333 non
3113 4278 3163 4332 in
3195 4293 3288 4330 sua
3337 4277 3460 4328 sub-

1916 4376 2106 4432 stantia
2140 4374 2279 4429 Deus
2326 4372 2600 4443 apparuit,
2652 4378 2705 4423 et
2734 4371 2936 4423 locutus
2967 4380 3048 4423 est
3079 4369 3276 4438 Moysi,
3328 4375 3462 4445 alte-

1921 4475 2092 4520 stante
2121 4463 2358 4534 apostolo
2385 4480 2396 4515 ε
2418 4457 3282 4530 Quialexproptertransgressiones
3299 4454 3461 4522 posita

263 4548 371 4600 culi
397 4588 411 4612 ,
442 4563 558 4615 qua
588 4557 640 4600 et
682 4547 1024 4615 praecedentia
1054 4558 1173 4601 ante
1203 4550 1608 4602 incarnationem
1641 4551 1812 4603 donii~
1849 4527 1900 4586 D
1925 4567 1993 4611 cst
2014 4597 2028 4621 ,
2061 4555 2215 4607 donec
2243 4553 2425 4605 veniret
2450 4565 2612 4602 semen
2634 4549 2713 4599 cui
2743 4548 3075 4614 promiserat,
3105 4544 3334 4594 ordinata
3371 4554 3460 4609 per

266 4637 444 4689 uicani
476 4647 727 4703 tempora,
757 4645 810 4688 et
832 4639 1102 4704 sequentia
1133 4637 1502 4703 prazdicatione
1530 4639 1818 4707 spiritualis

267 4729 510 4782 scientia:
541 4729 762 4796 replent.
790 4730 988 4795 Quibus
1014 4733 1172 4784 etiam
1205 4748 1394 4786 nomen
1423 4734 1656 4789 scientia:
1685 4738 1820 4790 mul-

269 4821 510 4874 tinnliuis
534 4861 550 4886 ,
578 4822 658 4874 vel
703 4821 936 4874 scientia:
977 4823 1331 4890 multiplicata:
1362 4829 1649 4892 convenit,
1676 4829 1817 4896 quod

273 4907 520 4962 videlicet
549 4910 818 4976 Scriptura
844 4923 990 4962 sacra
1021 4912 1277 4978 Spirituali
1304 4927 1363 4965 ac
1393 4915 1566 4967 divina
1599 4918 1820 4973 scientia

271 4996 430 5066 plena
464 5008 563 5064 est,
593 5000 884 5067 eademque
915 5002 1154 5061 scientia,
1189 5017 1249 5054 ex
1278 5017 1378 5068 quo
1409 5002 1516 5067 ipsa
1551 5005 1822 5073 Scriptura

273 5085 431 5138 condi
462 5090 642 5154 cmpit,
671 5092 847 5158 augeri
891 5106 1099 5158 semper
1129 5107 1189 5144 ac
1229 5089 1557 5157 nmltiplicari
1597 5108 1700 5146 non
1731 5097 1826 5149 de-

273 5178 423 5230 sinit.
448 5176 594 5230 Unde
618 5191 667 5230 et
687 5183 901 5249 angelus
929 5184 1127 5236 Danieli
1157 5201 1166 5235 :
1205 5181 1604 5244 I’crtransibunt,
1632 5183 1821 5250 inquit,

271 5267 505 5334 plurimi,
530 5275 575 5318 et
602 5269 864 5338 multiplex
892 5273 982 5323 erit
1013 5273 1215 5324 scientia
1246 5269 1404 5333 (Dan.
1439 5269 1556 5335 sit).
1589 5268 1823 5336 Namque

278 5356 494 5425 Moysen
527 5359 829 5425 aiuplzorein
869 5363 1175 5427 patriarchis
1208 5353 1479 5414 scientiam
1530 5362 1824 5426 percepisse

279 5455 502 5498 testatur
535 5449 643 5510 ipse
693 5446 943 5500 Dominus
973 5490 985 5512 ,
1028 5453 1114 5516 qui
1167 5452 1237 5502 illi
1272 5463 1527 5516 apparens
1559 5449 1628 5498 ait
1664 5465 1674 5498 ε
1718 5445 1828 5515 Ego

285 5534 564 5600 Dominus,
603 5537 684 5602 qui
711 5538 922 5603 apparui
965 5540 1214 5589 Abraham
1242 5550 1287 5590 et
1331 5537 1478 5590 lsauc
1518 5548 1561 5588 et
1589 5535 1747 5588 Jacob
1778 5539 1828 5590 in

286 5627 394 5679 Deo
419 5630 772 5696 enmipotente,
796 5639 842 5679 et
873 5645 1048 5680 nomen
1075 5648 1235 5682 meum
1264 5631 1462 5684 Δάαιιαὶ
1489 5645 1588 5681 non
1612 5629 1830 5680 indicari

284 5718 356 5770 ris
387 5763 402 5783 κ
434 5717 596 5772 I'xest.
647 5735 698 5774 ιιι
727 5720 767 5788 ).
807 5720 1136 5788 Multipliezita
1189 5731 1269 5776 est
1310 5737 1435 5792 ergo
1480 5737 1541 5776 cx
1597 5730 1827 5788 tempore

1921 4647 2124 4718 angelos
2147 4646 2198 4696 in
2224 4656 2375 4692 manu
2401 4630 2697 4690 Mediatoris
2721 4636 2737 4698 (
2757 4634 2928 4686 Galut.
2955 4633 3056 4697 nt).
3101 4631 3227 4684 Item
3254 4629 3318 4682 de
3347 4642 3460 4681 me-

1923 4739 2011 4792 dio
2039 4737 2257 4788 duorum
2301 4727 2582 4780 Cherubiin
2615 4723 2843 4788 loquitur
2873 4721 3124 4774 Dominus
3146 4760 3159 4783 ,
3192 4719 3311 4787 quia
3361 4731 3456 4785 per

1922 4830 2080 4883 verba
2114 4822 2382 4884 utliusqne
2417 4813 2713 4867 testamenti
2744 4825 2971 4865 consona
3004 4825 3099 4862 nos
3145 4823 3272 4861 voce
3302 4809 3363 4859 ad
3398 4808 3459 4859 li-

1923 4920 2043 4972 dem
2069 4911 2297 4968 veritatis
2329 4905 2519 4959 erudit.
2574 4902 2663 4954 Vel
2694 4912 2836 4955 certe
2864 4901 2928 4952 de
2957 4899 3130 4952 medio
3182 4896 3462 4951 Cherubini

1925 5008 2153 5072 loquitur
2179 5043 2191 5063 ,
2241 4997 2356 5066 quia
2412 5008 2503 5061 per
2534 4990 2867 5058 Un‘genitum
2916 5003 3068 5041 suum
3093 5028 3105 5050 ,
3139 4990 3225 5056 qni
3268 4988 3316 5039 in
3348 4999 3461 5036 me-

1925 5095 2013 5148 dio
2061 5094 2282 5145 duorum
2331 5083 2784 5137 Testamentornm
2853 5080 2904 5131 in
2971 5093 3129 5130 carne
3185 5074 3460 5142 apparuit.

1926 5185 2156 5238 humano
2186 5177 2358 5247 generi
2393 5173 2532 5226 Deus
2563 5171 2713 5224 I‘ater
2741 5169 3058 5221 voluntatem
3113 5178 3257 5217 suam
3290 5162 3461 5213 mani-

1926 5274 2119 5326 festare
2143 5272 2383 5336 dignatus
2411 5273 2513 5316 est.
2544 5261 2659 5326 Quo
2703 5274 2859 5312 sensu
2908 5258 3066 5309 etiam
3116 5251 3240 5305 illud
3291 5261 3463 5319 potest

1928 5362 2115 5428 accipi,
2138 5357 2273 5426 quod
2293 5356 2364 5406 ait
2385 5353 2652 5406 llabaeuc:
2680 5346 2740 5400 lu
2759 5347 2919 5399 medio
2939 5347 3152 5398 duorum
3170 5342 3466 5396 animalium

1930 5453 2203 5503 innotesces
2237 5443 2460 5512 (llabac.
2503 5444 2597 5504 in).
2661 5440 2838 5492 Potest
2862 5445 3032 5488 autem
3062 5435 3111 5485 in
3138 5447 3256 5485 arca
3305 5431 3463 5484 etiam

1931 5548 2112 5594 sancta
2142 5535 2375 5589 Ecclesia
2411 5531 2695 5603 liguraliter
2725 5528 2912 5594 accipi,
2944 5539 3058 5594 qua:
3088 5523 3154 5576 de
3188 5523 3339 5591 lignis
3371 5523 3466 5575 im-

1933 5627 2290 5696 pntribilibns,
2324 5624 2423 5676 hoc
2450 5632 2528 5675 est
2555 5603 2827 5672 animabus
2852 5614 3047 5668 sanctis
3079 5612 3386 5672 :rdilicatnr,
3417 5620 3471 5663 et

1932 5719 1981 5773 in
2014 5718 2112 5773 lide
2144 5715 2311 5771 sancti
2360 5710 2629 5781 Evangelii
2683 5726 2773 5778 per
2815 5717 3036 5775 quatuor
3088 5704 3262 5758 mundi
3297 5705 3473 5771 plagas
