3898 6260
241 415 349 470 409

1076 418 1161 473 DE
1196 417 1699 475 nusnuscrm
1736 414 1824 473 ET
1864 415 2056 472 VASIS
2095 416 2272 473 HJL‘S.
2315 448 2383 458 -
2422 392 2546 473 LIB.
2580 418 2617 473 ι.

3351 421 3450 474 410

242 524 341 578 stis
384 524 614 577 insonat.
648 523 752 590 ‘Cui
795 523 1037 579 videlicet
1092 526 1232 580 labio
1294 542 1488 582 corona
1533 528 1784 591 additur;
1815 528 1862 582 Α
1890 526 2030 587 ctelo,
2056 537 2104 580 et
2140 528 2269 591 ueni,
2308 544 2509 596 sequare
2548 543 2626 580 me
2667 527 2877 598 (litim).
2904 528 2982 583 Ad
3026 529 3159 584 banc
3202 546 3448 586 coronam

246 611 370 679 quia
426 613 597 681 lingua
638 614 1028 681 praedicandum
1059 616 1167 668 suis
1190 615 1516 670 auditoribus
1559 618 1793 671 retribu-

247 702 444 755 tionem
474 704 593 755 vita:
618 703 871 770 promittit
901 713 1129 779 aeternae.
1166 704 1234 758 Et
1262 707 1397 759 bene
1435 705 1546 769 ipsa
1591 720 1789 759 corona

246 800 477 860 quatuor
501 791 681 861 digitis
718 792 822 845 alta
853 793 965 847 ﬁeri
996 794 1336 861 praecipitur;
1370 796 1490 863 quia
1532 795 1791 848 celsitudo

243 880 402 934 nobis
424 896 633 935 corona:
666 882 941 948 perennis,
969 899 1061 950 per
1091 895 1312 951 quatuor
1338 886 1506 939 sancti
1541 884 1785 951 Evange-

244 968 301 1021 lii
334 969 495 1024 libros
527 972 826 1024 ostenditur
848 1012 864 1037 ,
908 974 988 1026 vel
1018 974 1156 1042 quod
1188 990 1281 1040 per
1306 976 1603 1029 custodiam
1632 990 1794 1028 evan-

242 1056 423 1124 gelicre
443 1057 562 1112 lidei
585 1069 637 1112 et
657 1059 1005 1127 operationis,
1036 1061 1100 1113 ad
1124 1075 1373 1116 coronam
1407 1078 1500 1118 uos
1534 1063 1652 1116 vitae
1675 1078 1794 1132 per-

241 1144 425 1198 venire
449 1154 675 1212 Oportet.
698 1147 1024 1215 Pulcureque
1047 1164 1136 1214 per
1158 1149 1350 1218 digitos
1371 1152 1489 1204 libri
1513 1153 1794 1222 designau-

243 1247 367 1300 tur,
423 1236 545 1304 quia
606 1236 852 1289 nimirum
927 1245 981 1292 et
1037 1237 1226 1291 tabulae
1285 1239 1434 1307 legis,
1490 1241 1652 1311 digito
1701 1243 1791 1297 Dei

245 1340 367 1379 esse
414 1327 624 1393 scriptae
672 1325 971 1383 referuntur
1010 1346 1021 1379 :
1073 1329 1198 1382 etin
1231 1328 1515 1399 Evangelio
1544 1332 1793 1386 Dominus

247 1414 633 1469 districtiottem
680 1414 808 1484 legis
838 1424 1223 1484 tetnperatttrus
1250 1458 1265 1481 ,
1315 1419 1479 1487 digito
1529 1422 1796 1475 scribebat.

247 1506 302 1557 in
359 1514 533 1571 terra,
593 1504 775 1559 dicens
822 1505 889 1559 de
928 1506 1203 1572 adultera,
1252 1523 1407 1573 quant
1477 1511 1796 1563 accusabant

247 1594 496 1646 Pltariszci
526 1604 575 1646 et
606 1595 826 1649 scribae:
860 1594 918 1649 Si
944 1591 1055 1665 quis
1083 1607 1298 1650 vestrum
1324 1600 1431 1651 sine
1468 1611 1673 1667 peccato
1699 1610 1793 1666 est,

245 1684 441 1748 primus
460 1684 512 1737 in
534 1684 675 1738 illam
694 1686 912 1755 lapidem
937 1689 1094 1740 mittat
1118 1686 1293 1758 (Joan.
1320 1692 1454 1757 vttt).
1482 1693 1676 1761 Digitus
1705 1710 1796 1746 au-

249 1781 358 1823 tem
387 1771 507 1843 Dei,
538 1772 763 1844 Spiritus
809 1774 899 1831 Dei
932 1777 1261 1849 intelligitur.
1312 1780 1461 1835 Unde
1502 1782 1627 1836 illud
1657 1785 1793 1853 qttod

246 1860 415 1915 Lucas
444 1863 720 1918 Dominum
750 1865 951 1921 dixisse
973 1868 1135 1923 refert
1160 1887 1171 1921 :
1204 1870 1263 1925 Si
1289 1887 1406 1941 ergo
1426 1872 1478 1924 in
1516 1873 1672 1942 digito
1703 1873 1792 1927 Dei

239 1967 282 2016 ι,
294 1951 392 2003 icio
414 1953 662 2005 daemonia
686 1954 813 2023 (Luc
839 1958 935 2023 XI).
974 1957 1247 2013 Mattltteus
1267 1960 1461 2013 clarius
1483 1964 1793 2028 exponendo

239 2038 375 2094 dixit
399 2083 414 2106 ,
457 2040 524 2094 In
563 2041 762 2111 Spiritu
789 2042 884 2097 Dei
925 2044 1197 2116 (Matth).
1224 2048 1400 2116 Itaque
1424 2050 1568 2109 labio
1598 2066 1793 2105 mensae

242 2141 409 2181 aureo
432 2143 622 2182 corona
644 2145 798 2184 aurea
824 2141 1047 2198 quatuor
1072 2133 1248 2201 digitis
1270 2136 1373 2189 alta
1399 2139 1789 2206 superponitur;

240 2218 361 2285 quia
419 2221 693 2288 purissima
746 2232 1057 2277 sanctorum
1114 2225 1515 2293 praedicatorum
1546 2229 1790 2297 eloquia,

242 2322 394 2377 spem
422 2324 662 2378 superna:
688 2311 1025 2367 beatitudinis
1060 2326 1390 2383 exspectant,
1415 2334 1531 2387 qua:
1556 2321 1793 2373 ministe-

242 2402 328 2452 rio
356 2400 523 2454 sancti
553 2398 782 2468 Spiritus
813 2401 864 2455 in
888 2415 1113 2473 quatuor
1138 2404 1308 2459 sancti
1344 2406 1615 2474 Evangelii
1642 2409 1792 2463 libris

242 2487 513 2557 descripta
561 2493 881 2545 continetur.
912 2492 1021 2549 Nec
1054 2493 1228 2548 solum
1269 2496 1641 2563 prtedicatores
1696 2498 1793 2566 ipsi

238 2581 514 2645 praemium
538 2580 590 2634 iu
610 2582 759 2637 caelis
781 2583 861 2636 sui
893 2583 1089 2637 laboris
1114 2585 1397 2652 accipiunt,
1422 2602 1602 2641 verum
1631 2589 1789 2643 etiam

237 2672 485 2727 omnibus
529 2673 629 2726 sibi
679 2673 1167 2743 obtemperantibus
1212 2677 1450 2731 eamdem
1476 2680 1598 2732 vita:
1643 2693 1795 2733 enro-

238 2775 362 2815 natn
396 2773 540 2816 certa
582 2766 899 2833 evangelicae
946 2768 1185 2821 veritatis
1220 2769 1531 2823 auctoritate
1578 2771 1793 2837 promit-

243 2860 379 2904 tunt.
442 2851 580 2906 Bene
620 2861 794 2907 autem
842 2854 1028 2907 eadem
1068 2853 1271 2910 corona
1317 2858 1627 2910 iuterrasitis
1680 2858 1791 2911 tieri

239 2940 581 3009 prmcipitur;
651 2942 771 3009 quia
834 2943 1078 2995 nimirum
1132 2945 1314 2997 :eterni
1374 2946 1651 2999 retributio
1710 2963 1797 2999 rt-

236 3034 328 3102 gui
358 3049 458 3087 non
482 3033 842 3088 iudiﬂ‘creoter
879 3036 1126 3089 omnibus
1158 3036 1314 3089 datur
1339 3081 1353 3103 ,
1380 3037 1473 3090 sed
1529 3053 1621 3104 pro
1667 3054 1793 3105 qun-

238 3124 387 3178 litate
416 3124 783 3194 accipientium
815 3124 1087 3179 distinctio
1110 3127 1357 3180 diviuitus
1412 3128 1655 3181 examine
1681 3130 1813 3179 ειη-κ

240 3214 380 3281 gulis
409 3215 703 3282 quibusque
749 3215 1098 3269 distribuitur.
1127 3214 1333 3270 Corona
1390 3217 1585 3270 etenim
1633 3231 1788 3269 aurea

244 3317 444 3355 mensa:
468 3302 675 3357 Domini
708 3319 836 3371 pura
859 3316 910 3359 et
941 3320 1045 3358 non
1074 3305 1386 3359 iuterrasilis
1425 3314 1586 3368 esset,
1616 3307 1659 3359 si
1689 3305 1795 3358 cla-

242 3392 378 3449 ritas
400 3384 867 3460 luturaejustorutu
893 3396 1250 3449 retributionis
1295 3396 1511 3463 aequalis
1551 3396 1795 3450 omnibus

248 3480 610 3547 panderetur:
661 3481 826 3536 instar
852 3483 1097 3537 videlicet
1138 3485 1292 3551 bujus
1330 3484 1457 3537 solis
1514 3484 1793 3547 mundani,

242 3572 399 3637 cujus
444 3572 780 3639 splendorem
835 3573 972 3627 Deus
1017 3573 1379 3629 iutlill‘erenter
1424 3590 1583 3640 super
1629 3576 1795 3627 bonos

249 3669 307 3708 et
340 3657 505 3709 malos
532 3658 655 3711 facit
702 3659 848 3712 oriri.
874 3661 933 3711 At
957 3661 1074 3727 quia
1118 3662 1247 3711 sicut
1283 3660 1427 3712 stella
1463 3678 1493 3711 a
1525 3663 1666 3711 stella
1696 3662 1800 3724 dif-

250 3748 350 3815 fert
392 3747 442 3797 in
484 3747 744 3807 claritate,
789 3748 859 3798 ita
910 3750 1003 3798 erit
1034 3758 1079 3798 et
1118 3750 1413 3799 resurrectio
1465 3758 1794 3800 mortuorum.

250 3836 457 3890 Corona
514 3851 699 3888 mensa:
747 3836 949 3888 Domini
1010 3839 1162 3889 variis
1211 3838 1448 3891 distincta
1500 3840 1799 3907 sculpturis,

251 3927 344 3978 sed
382 3934 712 3993 competenter
760 3926 1005 3977 ordinatis
1051 3928 1283 3994 apposita
1329 3937 1416 3980 est.
1449 3926 1673 3981 Eterua
1722 3940 1803 3982 et-

250 4016 399 4067 enim
433 4015 539 4065 vita
572 4014 741 4065 futura
780 4013 1027 4068 omnibus
1072 4024 1151 4067 est
1186 4017 1441 4082 pientissa
1478 4016 1659 4083 justis,
1708 4017 1798 4069 sed

254 4088 597 4157 multiformis
627 4102 677 4154 in
707 4102 792 4155 illa
828 4117 919 4171 pro
949 4102 1258 4157 diversitate
1298 4105 1605 4157 meritorum
1635 4106 1801 4173 gloria

251 4204 341 4250 est
368 4193 715 4262 singulorum.
747 4194 897 4257 Quod
926 4209 1050 4248 vero
1096 4195 1356 4264 descripta
1388 4197 1533 4265 prius
1566 4212 1666 4249 una
1716 4211 1806 4249 cn-

250 4299 383 4341 rona
415 4283 745 4348 subiungitur
771 4298 784 4333 :

327 4360 391 4424 Et
420 4387 567 4439 super
602 4372 742 4422 illam
773 4370 978 4422 alterum
1008 4388 1245 4424 coronam
1274 4374 1549 4426 aureolam.
1585 4372 1656 4425 De
1686 4373 1805 4423 illo-

250 4478 370 4515 rum
428 4468 595 4527 potest
649 4459 864 4524 praemio
918 4474 1059 4511 rt'c‘e
1114 4461 1362 4527 intelligi,
1412 4460 1495 4525 qui
1541 4466 1803 4529 generalia

253 4550 543 4616 Scriptura:
574 4556 768 4599 sancta:
799 4548 1039 4599 mandata
1067 4562 1353 4615 Spontanea
1383 4554 1503 4603 vitm
1533 4552 1808 4617 pet-femiu-

253 4640 334 4692 ris
371 4634 627 4687 electione
669 4634 1080 4697 trausccnduut,
1125 4636 1346 4702 ideoque
1389 4639 1667 4703 specialem
1702 4658 1808 4707 pra:

256 4726 467 4777 ueteris
496 4721 734 4773 liilelibus
772 4720 1167 4774 retributionem
1198 4727 1503 4778 voluntaria:
1531 4728 1688 4780 oblati
1718 4732 1809 4782 nis

256 4821 587 4880 exSpectzeut.
637 4809 841 4862 Corona
889 4826 1110 4875 uanique
1158 4826 1316 4866 aurea
1367 4826 1589 4882 quatuor
1634 4818 1810 4884 dignis

256 4907 367 4957 alta
398 4902 533 4954 labio
564 4913 758 4952 mensae
788 4914 949 4951 aureo
975 4900 1274 4966 apponitur,
1302 4920 1419 4957 cum
1454 4921 1543 4972 per
1572 4907 1807 4976 Evange-

260 4995 390 5047 tinm
431 4992 511 5045 bis
538 4988 629 5056 qui
668 4988 909 5061 mandata
948 4988 1142 5043 divina:
1187 4991 1315 5061 legis
1342 4995 1679 5058 eustodtuut,
1712 5001 1814 5050 vita

258 5089 458 5132 a-terna
492 5077 813 5144 promittitur
844 5092 858 5127 :
891 5076 1351 5134 dicente‘Domino
1379 5082 1442 5134 ad
1472 5082 1690 5136 divitem
1717 5100 1732 5136 :
1758 5086 1816 5139 Si

259 5165 336 5215 eis
364 5166 428 5215 ad
456 5167 608 5215 vitam
634 5164 850 5231 ingredi,
881 5179 1019 5217 serva
1050 5166 1309 5219 mandata.
1344 5167 1461 5220 Non
1492 5168 1819 5224 homicidium

260 5256 439 5323 facies.
454 5253 571 5307 Non
596 5256 927 5308 adulterabis.
949 5255 1064 5309 Non
1086 5261 1239 5326 facies
1266 5259 1475 5325 furtum.
1496 5259 1614 5312 Non
1637 5263 1821 5328 falsum

262 5343 602 5396 testimonium
626 5345 776 5396 dices.
796 5343 1010 5397 Ilonora
1038 5356 1227 5410 patrem
1245 5358 1290 5398 et
1317 5359 1546 5412 matrem,
1570 5358 1613 5400 et
1640 5352 1819 5418 diliges

264 5435 549 5505 proximum
578 5443 716 5484 tuum
743 5437 868 5486 sicut
899 5438 1105 5504 teipsum
1132 5437 1339 5506 (.llatt/t.
1366 5439 1495 5507 XIX).
1525 5440 1625 5495 Sed
1648 5442 1817 5496 eidem

261 5534 481 5576 coruus!
501 5522 661 5571 altera
683 5535 875 5573 corona
898 5524 1107 5575 aureola
1129 5527 1523 5590 suinerponitur,
1550 5544 1666 5580 cum
1692 5546 1817 5597 pro-

264 5613 410 5666 tinus
447 5607 769 5661 subinfertur
800 5628 813 5662 :
847 5611 905 5665 Si
944 5614 1016 5664 eis
1046 5618 1291 5681 perfectus
1320 5632 1456 5688 esse,
1487 5621 1640 5686 t'ad'e,
1668 5624 1821 5675 vende

262 5717 381 5773 qua:
406 5700 556 5751 habes
594 5709 641 5751 et
669 5700 734 5750 da
775 5702 1098 5768 pauperibus,
1127 5714 1171 5756 et
1211 5704 1414 5760 habebis
1450 5709 1737 5765 thesaurum
1768 5713 1817 5765 in

1898 616 2115 682 pertinet
2137 618 2397 670 canticum
2424 618 2547 670 illttd
2571 632 2787 680 uovuut,
2813 619 2950 683 quod
2981 619 3208 687 virgines
3242 630 3445 676 tantum

1892 722 2068 759 curam
2106 707 2254 774 Agno
2291 716 2533 760 cantasse
2562 710 2882 770 releruntur,
2915 707 3001 775 qui
3032 710 3191 772 empti
3222 720 3345 762 sunt
3378 724 3448 765 ex

1893 797 2191 850 hominibus
2236 797 2478 865 primitiae
2518 797 2626 851 Deo
2665 805 2720 851 et
2766 798 2934 865 Agno.
2982 798 3059 851 Ad
3108 798 3263 863 hanc,
3306 800 3446 869 quod

1893 886 2053 939 iidem
2094 898 2388 953 sequuntur
2428 891 2631 956 Agnum
2676 902 2988 955 quocunque
3028 888 3217 942 abierit
3264 890 3444 959 (Apoc.

1892 974 2023 1042 xiv).
2073 976 2159 1029 \‘et
2203 987 2349 1031 certe
2388 991 2583 1031 corona
2622 991 2779 1029 aurea
2823 976 2958 1029 labio
2998 992 3195 1030 mensa:
3237 978 3444 1033 Domini

1893 1067 2192 1131 apponitur,
2222 1080 2341 1120 cum
2391 1068 2442 1120 in
2472 1067 2648 1120 verbis
2682 1082 2848 1120 sacra:
2890 1066 3171 1134 Scriptura:
3199 1066 3443 1135 dicimus,

1892 1156 2219 1222 egredientes
2248 1171 2278 1209 e
2303 1170 2463 1209 carne
2490 1156 2698 1209 animas
2726 1157 2791 1209 ad
2824 1166 3021 1210 aeterna
3051 1156 3101 1208 in
3131 1155 3277 1210 cadis
3307 1172 3443 1225 prte-

1894 1248 1994 1298 mia
2024 1260 2143 1299 esse
2186 1246 2535 1312 recipiendas.
2572 1245 2636 1297 Et
2663 1259 2822 1310 super
2852 1245 2993 1297 illam
3040 1244 3201 1297 altera
3231 1246 3443 1298 aureola

1892 1334 2261 1401 superadditur
2288 1348 2506 1398 corona,
2536 1348 2654 1387 cum
2699 1335 2749 1386 in
2779 1333 2963 1386 eadem
2997 1331 3263 1398 Scriptura
3294 1348 3446 1401 repe-

1894 1425 2037 1487 titur,
2063 1422 2203 1491 quod
2224 1422 2303 1477 eis
2324 1422 2599 1476 sublimior
2630 1422 2679 1475 in
2708 1424 2810 1475 line
2841 1420 3019 1475 surculi
3047 1421 3211 1488 glori'a
3242 1422 3295 1474 in
3324 1436 3445 1476 cor-

1894 1528 2075 1581 porum
2105 1527 2313 1579 quoque
2339 1512 2712 1566 immortalium
2747 1510 3049 1579 receptione
3072 1519 3332 1564 servetur.

1966 1601 2196 1666 Quatuor
2238 1616 2432 1669 quoque
2479 1600 2691 1653 circulos
2736 1615 2916 1652 aureos
2963 1599 3287 1666 prwpnrabis,
3336 1608 3442 1654 etc.

1897 1690 2039 1758 llaec,
2071 1701 2126 1745 ut
2164 1706 2319 1760 supra
2348 1692 2414 1745 de
2443 1705 2561 1744 arca
2591 1692 2949 1759 exposuimus,
2993 1690 3147 1745 etiam
3190 1691 3274 1744 bic
3300 1692 3443 1746 acci-

1898 1781 2087 1849 pienda
2114 1792 2255 1837 sunt.
2287 1781 2521 1848 Quatuor
2548 1796 2771 1848 namque
2797 1780 2979 1835 circuli
3033 1781 3177 1834 aurei
3221 1789 3443 1849 quatuor

1825 1859 1871 1920 Β
1900 1874 2302 1943 Evangeliorum
2332 1883 2454 1927 sunt
2476 1872 2594 1927 libri
2617 1891 2631 1937 ;
2658 1888 2750 1939 per
2775 1886 2998 1941 quorum
3027 1870 3181 1924 ﬁdem
3203 1871 3443 1939 contigit,

1894 1960 2148 2018 ut’omnis
2176 1964 2445 2032 Scriptura
2473 1972 2655 2019 sancta
2688 1979 2779 2032 per
2821 1964 3071 2016 mundum
3104 1962 3365 2031 legeretur
3392 1970 3445 2016 et

1884 2055 2269 2123 intelligeretur
2299 2055 2619 2108 universum.
2647 2056 2885 2119 Quatuor
2904 2063 3077 2106 autem
3109 2054 3264 2117 pedes
3291 2052 3447 2104 liabet
3519 2119 3524 2123 ν

1892 2157 2108 2204 melisa;
2148 2144 2267 2211 quia
2306 2141 2645 2210 quadril’ormi
2686 2141 2890 2195 ratione
2931 2141 3104 2194 omnis
3145 2140 3442 2193 divinorum

1890 2232 2214 2301 eloquiorum
2242 2229 2404 2284 series
2429 2228 2792 2296 distinguitur.
2820 2228 2873 2281 In
2905 2228 3054 2281 libris
3082 2241 3305 2292 namque
3328 2240 3445 2281 om-

1892 2322 2044 2377 nibus
2070 2318 2264 2376 sanctis
2305 2319 2495 2374 intueri
2526 2327 2767 2386 Oportet,
2810 2332 2928 2384 qua!
2970 2316 3040 2369 ibi
3083 2327 3278 2369 aeterna
3322 2314 3445 2367 inti-

1893 2422 2120 2475 tueutur,
2151 2424 2269 2478 qua:
2307 2409 2442 2462 laeta
2483 2420 2782 2469 narrentur,
2826 2421 2943 2475 quae
2982 2404 3152 2458 futura
3197 2417 3443 2471 praenun-

1892 2503 2105 2563 tieutur,
2152 2514 2271 2567 qua:
2316 2498 2517 2566 agenda
2570 2496 2937 2564 praecipiantur
2982 2495 3060 2547 vel
3107 2505 3442 2547 moneantur.

1894 2592 2022 2646 item
2050 2604 2230 2645 mensa
2273 2586 2593 2641 tabernaculi
2624 2596 2847 2653 quatuor
2887 2584 3045 2637 liabet
3084 2582 3280 2650 pedes;
3320 2583 3442 2651 quia

1892 2686 2055 2741 verbo
2083 2683 2317 2740 caelestis
2342 2680 2576 2745 oraculi,
2619 2678 2701 2731 vel
2747 2677 2997 2730 historico
3032 2674 3292 2728 intellectu
3315 2712 3331 2736 ,
3362 2673 3444 2727 vel

1852 2844 1855 2847 ν
1894 2776 2198 2846 allegorico,
2228 2773 2310 2828 vel
2338 2769 2680 2839 tropologico.
2711 2768 2761 2822 id
2792 2776 2868 2820 est
2893 2807 2909 2833 ,
2942 2766 3162 2831 morali,
3193 2768 3269 2819 vel
3302 2775 3445 2819 certe

1895 2857 2175 2933 anagogico
2202 2861 2376 2929 solent
2413 2858 2598 2926 accipi.
2646 2857 2872 2910 llistoria
2904 2870 3126 2921 namque
3168 2865 3279 2918 cst,
3322 2867 3441 2906 cum

1894 2968 1980 3007 res
2026 2954 2196 3019 aliqua
2239 2949 2504 3017 quomodo
2547 2945 2836 3001 secundum
2886 2943 3108 2997 litteram
3155 2943 3289 2996 faeta
3336 2944 3447 2995 sive

1895 3042 2037 3095 dicta
2066 3040 2157 3105 sit,
2190 3040 2347 3107 plano
2375 3051 2620 3091 sermone
2644 3035 2867 3088 refertur
2896 3050 2907 3084 :
2936 3032 3196 3099 quomodo
3226 3032 3446 3097 populus

1899 3131 2055 3185 lsrael
2096 3144 2160 3183 ex
2207 3127 2437 3195 Egypto
2484 3128 2735 3189 salvatus,
2791 3121 3180 3174 tabernaculum
3226 3121 3448 3172 Domitio

1897 3219 2083 3273 fecisse
2110 3217 2162 3272 itt
2192 3216 2401 3270 deserto
2441 3224 2703 3267 narratur;
2750 3210 3005 3276 Allegoria
3038 3220 3146 3273 est,
3177 3223 3293 3262 eum
3325 3223 3448 3261 ver-

1896 3307 1997 3370 bis,
2035 3305 2147 3359 sive
2186 3304 2347 3358 rebus
2388 3303 2624 3373 mysticis
2656 3300 2932 3369 przcscutia
2964 3298 3155 3368 Cbristi
3183 3304 3233 3348 et
3274 3296 3451 3349 Eccle-

1896 3397 1991 3452 sia:
2011 3403 2336 3450 sacramenta
2368 3395 2641 3461 signantur
2665 3409 2678 3443 :
2704 3391 2876 3444 verbis
2902 3389 3165 3450 videlicet,
3192 3397 3245 3439 ιιι
3276 3387 3452 3439 Esaias

1900 3488 1975 3539 ait
2000 3503 2012 3536 :
2046 3483 2342 3551 Egredietur
2364 3482 2501 3548 virga
2528 3480 2590 3530 de
2620 3479 2786 3535 radice
2813 3479 2974 3540 Iesse,
3004 3484 3048 3528 et
3077 3478 3169 3542 [los
3199 3476 3259 3525 de
3286 3468 3452 3527 radice

1899 3574 2005 3640 ejus
2031 3568 2265 3623 ascendet
2292 3566 2437 3631 (Esa.
2472 3566 2551 3633 tt).
2584 3565 2730 3631 Quod
2772 3576 2851 3618 εει
2886 3573 3065 3630 aperte
3104 3564 3278 3615 dicere
3306 3578 3319 3615 :
3352 3562 3453 3614 Na-

1900 3670 2075 3716 scetur
2106 3658 2253 3725 virgo
2281 3655 2439 3710 Maria
2480 3655 2546 3709 de
2584 3657 2746 3721 stirpe
2790 3653 2975 3715 David,
3018 3665 3065 3706 et
3111 3653 3351 3706 Christus
3388 3651 3456 3704 de

1907 3753 2072 3819 stirpe
2119 3751 2234 3819 ejus
2283 3749 2503 3802 orietur.
2554 3747 2727 3799 Rebus
2768 3755 2974 3809 autem,
3024 3752 3080 3795 ut
3124 3742 3346 3807 populus
3391 3742 3457 3793 de
3528 3776 3529 3779 η

1904 3840 2150 3911 Egyptia
2181 3838 2431 3891 servitute
2460 3852 2549 3904 per
2576 3835 2880 3904 sanguinem
2910 3833 3039 3899 Λειιί
3069 3832 3322 3895 salvatus,
3360 3830 3456 3882 Ec-

1904 3932 2118 3988 clesium
2150 3931 2437 3997 signiticet,
2481 3928 2721 3994 passioiie
2750 3924 2942 3978 Christi
2987 3939 3013 3974 a
3045 3922 3332 3976 daemonica
3364 3922 3459 3971 du-

1907 4022 2190 4076 miuatioue
2222 4018 2510 4071 liberatam.
2548 4012 2879 4079 Tropologia,
2926 4011 2974 4063 id
3006 4023 3083 4063 est
3126 4008 3335 4060 moralis
3382 4008 3460 4057 lo-

1907 4111 2067 4171 cutio,
2101 4107 2164 4159 ad
2194 4104 2568 4158 institutionem
2599 4111 2651 4154 et
2678 4102 3059 4152 correctionem
3091 4112 3316 4159 morum,
3349 4094 3459 4148 sive

1906 4197 2100 4263 apertis
2154 4208 2245 4245 seu
2297 4190 2531 4258 ﬁguratis
2584 4189 2780 4253 prolata
2834 4188 3163 4238 St'l‘ttmltiittts
3213 4185 3454 4250 respicit.

1907 4282 2115 4349 Apertis
2146 4280 2420 4341 videlicet,
2465 4285 2520 4328 υι
2558 4275 2786 4327 Joannes
2824 4274 3069 4325 admonet
3100 4274 3280 4325 dicetis
3320 4289 3331 4322 :
3367 4269 3459 4322 Fi-

1909 4373 2014 4425 lioli
2046 4369 2160 4432 mei,
2190 4384 2290 4420 non
2320 4355 2588 4434 diligamus
2618 4365 2761 4415 verbo
2789 4377 2875 4413 nec
2902 4362 3097 4430 lingua,
3125 4360 3211 4413 sed
3240 4372 3388 4426 opere
3413 4369 3460 4410 et

1909 4462 2111 4513 veritate
2139 4456 2186 4528 (1
2210 4455 2364 4508 Joan.
2396 4453 2492 4523 ιιι).
2527 4451 2789 4519 Figuratis
2817 4465 2961 4513 veto,
2994 4459 3045 4502 ut
3075 4450 3321 4504 Salomon
3348 4449 3415 4497 ait
3444 4464 3456 4499 :

1918 4549 2068 4604 Omni
2093 4559 2309 4617 tempore
2336 4546 2435 4597 sint
2462 4542 2751 4594 vestimenta
2781 4546 2868 4591 tua
2894 4538 3127 4597 candida,
3150 4546 3195 4587 et
3218 4536 3379 4586 oleum
3400 4536 3463 4585 de

1915 4642 2077 4707 capite
2105 4649 2190 4690 tuo
2218 4652 2316 4688 non
2343 4633 2543 4696 deﬁciat
2574 4627 2762 4697 (Eccle.
2793 4630 2892 4689 Ix).
2916 4624 3063 4689 Quod
3082 4634 3160 4675 est
3184 4632 3361 4688 aperte
3385 4621 3463 4673 di-

1915 4746 2035 4785 cere
2061 4747 2073 4780 :
2097 4727 2247 4781 Omni
2282 4732 2514 4787 tempore
2544 4718 2649 4769 sint
2676 4726 2830 4781 opera
2862 4724 2945 4764 tua
2975 4711 3183 4773 munda,
3214 4719 3265 4762 et
3290 4710 3464 4762 citari-

1918 4834 1994 4875 tas
2024 4790 2090 4873 de
2118 4817 2275 4871 corde
2302 4824 2391 4864 tuo
2432 4823 2533 4860 nou
2566 4806 2795 4859 deficiat.
2836 4804 3124 4868 Auagogte,
3167 4800 3217 4852 id
3247 4808 3359 4862 est,
3400 4800 3463 4850 ad

1916 4907 2187 4974 superiora
2214 4903 2433 4963 ducens,
2464 4896 2658 4949 locutio
2685 4904 2761 4946 est
2783 4934 2797 4956 ,
2831 4907 2946 4958 qua:
2975 4892 3039 4944 de
3072 4892 3298 4958 prmmiis
3328 4890 3468 4943 lutu—

1921 4999 2013 5059 ris,
2046 5007 2093 5047 et
2125 5008 2182 5046 ea
2218 5005 2331 5057 qua:
2363 4990 2412 5039 in
2441 4986 2595 5039 εωιιε
2620 4994 2703 5038 est
2729 4985 2829 5033 vita
2861 4981 3063 5044 futura,
3096 4981 3207 5033 sive
3234 4978 3467 5045 mysticis

1920 5100 2012 5139 seu
2058 5079 2253 5147 apettis
2298 5074 2628 5128 sermonibus
2675 5072 2923 5136 disputat.
2977 5068 3186 5134 Apertis
3228 5063 3462 5125 scilicet,

1922 5183 1975 5227 ut
2005 5189 2017 5221 :
2050 5167 2189 5220 Beati
2222 5165 2408 5216 mundo
2436 5164 2607 5225 corde,
2640 5160 2875 5229 quoniam
2914 5159 3010 5223 ipsi
3050 5155 3209 5233 Deum
3237 5151 3469 5203 videbunt

1923 5259 2133 5331 (.llattlt.
2164 5258 2235 5321 v).
2268 5255 2499 5323 Mysticis
2530 5268 2678 5314 veto,
2707 5260 2759 5301 ut
2796 5266 2806 5299 :
2845 5246 2982 5299 Beati
3008 5244 3092 5309 qui
3117 5246 3283 5293 lnrant
3314 5242 3470 5293 stolas

1917 5367 2056 5411 suas,
2087 5358 2138 5399 ut
2164 5347 2224 5397 sit
2251 5354 2463 5415 potestas
2491 5344 2590 5394 illis
2617 5342 2666 5392 in
2697 5341 2832 5407 ligno
2858 5336 2987 5397 ritte,
3017 5342 3060 5383 et
3085 5348 3173 5400 per
3200 5342 3365 5397 portas
3393 5334 3471 5381 in-

1922 5446 2048 5491 trent
2078 5437 2129 5487 in
2159 5436 2403 5487 civitatem
2431 5434 2611 5503 (Apoc.
2641 5429 2794 5490 χιιι).
2836 5423 2981 5488 Quod
3010 5434 3090 5474 cst
3129 5430 3364 5487 patenter
3394 5419 3475 5470 di-

1921 5542 2083 5581 cere:
2122 5526 2260 5579 Beati
2301 5524 2389 5593 qtti
2431 5520 2688 5575 anlld-tlll-
2726 5514 3066 5584 cogitationes
3107 5521 3159 5563 ct
3202 5522 3372 5574 actus,
3418 5519 3471 5560 ut

1924 5626 2231 5687 potestatem
2262 5616 2489 5668 babcaut
2510 5609 2721 5663 videndi
2758 5607 3033 5661 Dominum
3057 5602 3134 5655 (ιιι
3172 5604 3347 5661 istum,
3379 5596 3468 5660 qui

1922 5711 1992 5765 ait
2023 5726 2037 5766 :
2072 5708 2177 5777 Ego
2206 5723 2315 5764 sum
2355 5704 2433 5761 ria
2459 5714 2503 5759 et
2530 5702 2709 5759 veritas
2740 5710 2784 5753 ct
2814 5700 2942 5763 vita;
2972 5704 3023 5751 et
3063 5710 3153 5765 per
3179 5688 3468 5746 doetriuatn
