3898 6260
496 411 595 466 Ml

981 401 1182 457 neos:
1223 355 1672 453 VENEItABlLlS
1709 392 1987 454 orenuu
2030 389 2208 447 esus
2249 392 2314 448 u.
2365 423 2425 434 —
2467 387 2850 462 tzsttcertcs
2893 391 3211 449 GENIIINA.

3615 388 3705 441 ll!

502 534 658 586 atque
687 516 924 584 etempla
958 512 1364 582 praecedentium
1399 519 1603 577 patrum
1636 507 1832 561 intrent
1875 506 1927 557 in
1959 518 2043 556 re-
2072 500 2122 558 Α
2153 499 2226 555 les
2269 500 2488 555 faciendi
2511 543 2524 568 ,
2564 499 2645 555 vel
2683 500 2944 570 quomodo
2984 499 3207 568 ponendi
3251 498 3484 562 iuerint,
3533 497 3705 550 reler-

499 625 656 680 guttm
687 609 958 661 (αξιοι-ατη.
1477 647 1486 656 ,

577 696 758 748 Sublcr
782 708 1016 747 coronam
1038 701 1180 745 erunt
1202 689 1375 742 circuli
1403 686 1567 750 aurei,
1587 693 1690 738 etc.
1709 683 1842 751 Apte
1870 679 2052 733 subter

506 800 754 839 Coronam
778 791 932 838 erunt
960 781 1167 840 circuli,
1195 782 1318 846 quia
1345 779 1490 832 libris
1515 776 1678 828 sancti
1705 770 1969 840 Evangelii
1998 771 2049 822 in

511 879 605 930 bac
634 875 741 929 vita
781 876 998 940 utimur,
1042 886 1290 925 cmouam
1322 883 1447 922 vero
1475 866 1592 920 vitze
1636 879 1877 930 superna:
1918 863 2052 914 lutit-

512 983 620 1021 ram
662 967 714 1021 in
743 967 892 1021 cmlis
927 979 1222 1034 speramus.
1267 961 1364 1015 l‘er
1401 973 1533 1029 quos
1562 957 1799 1011 videlicet
1827 956 2052 1008 circulos

511 1058 859 1111 immittuntur
887 1065 1063 1109 vectes
1092 1053 1155 1106 ad
1197 1050 1590 1105 subveltendam
1613 1060 1864 1102 mensam
1887 1089 1901 1110 ,
1933 1045 2052 1112 quia

510 1150 753 1203 doctores
797 1146 1000 1209 sancti,
1041 1153 1095 1198 ut
1136 1143 1312 1195 verbis
1353 1141 1486 1195 sacri
1527 1138 1718 1205 eloquii
1764 1135 1920 1191 corda
1963 1148 2054 1185 au-

512 1236 766 1289 dientium
811 1233 1078 1295 reﬁciant,
1132 1231 1228 1295 ipsi
1277 1245 1367 1294 per
1410 1227 1584 1281 omnia
1632 1233 1859 1278 mentem
1907 1236 2052 1274 suam

514 1339 733 1379 necesse
772 1331 854 1378 est
902 1323 952 1376 in
991 1321 1289 1392 evangelica
1337 1319 1558 1374 lectione
1605 1316 1759 1369 lixam
1809 1321 2052 1376 teneant,

511 1426 771 1486 quatenus
812 1415 875 1469 ad
919 1414 1071 1468 [idem
1113 1425 1428 1480 sensumque
1471 1408 1607 1462 illius
1646 1419 1855 1461 omnem
1896 1405 2058 1456 inter-

514 1505 823 1574 pretationis
870 1505 934 1557 ad
977 1503 1227 1556 doctrinm
1276 1515 1384 1554 sua:
1429 1497 1769 1552 intentionem
1815 1492 2056 1560 dirigant,

511 1607 798 1667 rurentque
825 1595 1008 1650 sedulo
1032 1608 1097 1648 ne
1123 1592 1244 1662 quid
1269 1591 1407 1645 aliud
1440 1588 1719 1657 agendum,
1746 1581 2058 1652 sperandum

513 1689 862 1743 amanduntve
904 1687 953 1741 in
998 1683 1284 1752 Scripturis
1324 1681 1591 1743 omnibus,
1635 1690 1790 1745 quam
1831 1671 1969 1741 quod
2009 1671 2060 1724 in

515 1789 740 1849 quatuor
767 1779 1030 1846 Evangelii
1063 1776 1208 1830 libris
1237 1772 1519 1838 invenitur,
1543 1770 1783 1823 doceant.
1815 1760 2058 1829 Quidum

2152 601 2254 656 tur,
2300 592 2509 651 dicente
2549 591 2770 645 Domino
2814 591 2879 644 ad
2924 591 3132 658 Moysen
3180 605 3193 640 :
3243 587 3471 651 Accipies
3518 601 3706 652 quoque

2148 681 2399 744 similam,
2445 691 2494 734 et
2532 697 2708 749 coques
2750 695 2813 732 ea:
2849 695 2909 731 ea
2947 677 3209 730 duodecim
3248 690 3432 744 partes,
3476 673 3566 740 qui
3606 674 3703 726 sitt-

2102 770 2108 777 ’
2150 769 2255 839 guli
2287 770 2497 822 habeant
2526 768 2652 822 duas
2691 769 2930 834 decimas,
2976 781 3185 833 quorum
3226 780 3368 816 senos
3407 761 3706 814 altrinsecus

2151 879 2301 933 super
2349 878 2566 915 mensam
2615 861 2935 930 purissimam
2982 873 3150 911 coram
3197 855 3412 909 Domino
3460 863 3704 907 statues:

2151 964 2195 1007 et
2223 969 2372 1023 pones
2393 970 2543 1020 super
2570 967 2656 1007 eos
2697 952 2812 1006 thus
2857 950 3247 1014 breuissimum,
3278 959 3329 1000 ut
3359 948 3426 1000 sit
3477 947 3632 1014 panis
3659 947 3705 996 ir-

2153 1048 2510 1100 monimentum
2551 1035 2816 1103 oblationis
2870 1041 3095 1107 Domini,
3129 1057 3216 1111 per
3243 1039 3446 1111 singula
3502 1039 3706 1090 sabbata

2154 1136 2479 1187 mutabuntur
2529 1150 2701 1186 coram
2756 1133 2966 1185 Domino
3019 1130 3236 1199 suscepti
3289 1144 3320 1179 a
3373 1128 3498 1191 ﬁliis
3543 1125 3707 1178 Israel

2155 1225 2335 1293 [ledere
2353 1225 2652 1291 sempiterno
2675 1239 2691 1276 :
2719 1232 2956 1290 eruntque
2974 1219 3138 1272 Aaron
3163 1228 3210 1271 et
3235 1216 3460 1284 ﬁliorum
3492 1216 3627 1284 ejus,
3659 1225 3708 1265 ut

2156 1314 2417 1368 comedunt
2437 1330 2519 1367 eos
2542 1315 2590 1366 in
2606 1313 2714 1366 loco
2734 1323 2906 1366 sancto
2931 1311 3109 1378 (Levit.
3130 1308 3297 1377 μιν).
3318 1306 3415 1360 Ubi
3432 1306 3708 1358 manifeste

2158 1403 2210 1456 in
2248 1401 2428 1470 primis
2457 1403 2569 1468 ipso
2597 1401 2757 1454 etiam
2788 1414 3010 1452 numero
3046 1412 3234 1465 panum
3266 1394 3544 1447 duodecim
3581 1406 3707 1458 apo-

2157 1495 2411 1546 sto'orum
2427 1493 2587 1544 lorma
2604 1496 3002 1558 prmntonstratu
3013 1503 3055 1547 r,
3071 1499 3200 1555 quos
3213 1496 3473 1551 apparens
3487 1480 3538 1533 in
3552 1495 3708 1532 carne

2163 1583 2415 1638 Dominus
2437 1583 2632 1649 primos
2652 1581 2828 1649 elegit,
2844 1594 3063 1648 quorum
3087 1576 3375 1630 ministerio
3394 1575 3571 1628 cibum
3596 1573 3710 1625 vita-

2159 1677 2366 1730 cuuctis
2412 1675 2655 1741 gentibus
2682 1674 2853 1726 daret.
2887 1672 3117 1738 Denique
3161 1670 3518 1723 esurientibus
3541 1666 3594 1720 in
3625 1668 3712 1718 de-

2161 1775 2302 1819 serto
2327 1764 2514 1828 turbis,
2542 1764 2666 1817 dicit
2689 1764 2888 1818 eisdem
2911 1761 3178 1829 discipulis
3199 1760 3328 1820 suis,
3354 1760 3547 1810 nostris
3564 1756 3711 1808 vide-

513 1869 758 1923 uuiversa
809 1866 1197 1934 Scripturarum
1253 1861 1455 1928 eloquia
1479 1899 1494 1922 ,
1550 1858 1615 1910 ad
1671 1869 1787 1910 eam
1839 1865 1957 1920 qua!
2008 1849 2059 1903 in
2089 1840 2138 1902 Β
2166 1859 2281 1911 licet
2305 1843 2554 1920 apestolis
2586 1872 2597 1906 :
2633 1852 2879 1906 Dateillis
2904 1868 2987 1904 vos
3017 1850 3340 1902 manducare.
3374 1845 3441 1898 Et
3465 1847 3706 1899 saturatis

513 1955 780 2026 Evangelii
809 1955 1002 2021 scripta
1039 1963 1120 2006 est
1154 1952 1307 2004 [idem
1337 1965 1396 2002 ac
1427 1949 1760 2001 dilectionem
1791 1942 2025 1998 referunt
2045 1981 2057 2003 ,

511 2049 661 2116 quasi
704 2057 864 2100 totam
898 2045 1102 2097 Domini
1146 2056 1380 2095 mensam
1422 2054 1541 2093 cum
1584 2034 1801 2105 panibus
1839 2046 1900 2086 ac
1929 2030 2063 2083 vasis

514 2139 676 2207 ipsius
706 2139 756 2192 in
787 2146 1007 2208 quatuor
1036 2134 1246 2188 circulis
1277 2139 1500 2199 portant.

1108 2246 1326 2300 CAPUT
1370 2244 1472 2296 VII.

573 2337 818 2390 Vasorum
848 2351 1028 2389 mensa:
1057 2343 1104 2388 et
1133 2350 1318 2405 panum
1350 2328 1698 2401 propositionis
1724 2324 2014 2392 descriptio.

593 2425 798 2479 Parabis
817 2435 864 2479 ct
891 2425 1151 2478 acetabula
1181 2439 1238 2475 ac
1269 2422 1483 2489 phialas,
1507 2429 1609 2473 etc.
1627 2417 1780 2471 Varia
1803 2430 1922 2467 vasa
1949 2427 2067 2478 qum

515 2517 583 2566 ad
611 2516 870 2570 oll'erenda
905 2515 1150 2567 libamina
1182 2523 1302 2567 sunt
1333 2513 1497 2574 facta,
1528 2512 1684 2562 varia!
1726 2515 1847 2561 sunt
1885 2505 2068 2558 distin-

517 2606 722 2660 ctiones
752 2605 945 2675 eloquii
976 2605 1170 2670 divini,
1203 2619 1295 2672 pro
1321 2602 1512 2670 dispari
1542 2599 1828 2666 capacitate
1857 2595 2070 2646 audien-

525 2695 672 2747 tium.
714 2694 827 2748 Non
858 2695 999 2748 enim
1031 2710 1131 2748 una
1161 2693 1447 2760 eademque
1473 2690 1719 2744 omnibus
1749 2694 1918 2755 potest
1945 2699 2073 2735 con-

519 2782 703 2837 venire
748 2784 984 2836 doctrina
1035 2801 1046 2836 :
1099 2783 1248 2836 aliter
1295 2795 1518 2850 namque
1566 2779 1866 2846 sapientes,
1919 2774 2072 2827 aliter

524 2872 863 2941 insipientes;
915 2874 1068 2926 aliter
1115 2873 1336 2936 divites,
1385 2871 1538 2925 aliter
1587 2879 1877 2936 pauperes;
1922 2864 2074 2915 aliter

526 2965 672 3031 sani,
703 2965 855 3019 aliter
885 2965 1108 3030 inlirmi;
1140 2965 1295 3018 aliter
1321 2977 1498 3029 senes,
1527 2961 1681 3015 aliter
1704 2958 1950 3028 juvenes;
1983 2953 2076 3007 ali-

529 3064 609 3105 ter
638 3053 732 3106 viri
758 3095 772 3117 ,
800 3053 952 3108 aliter
981 3055 1221 3118 lctninze;
1259 3053 1413 3121 aliter
1442 3051 1680 3112 cmiibes,
1717 3048 1868 3101 aliter
1896 3043 2078 3113 (ξυνίη-

525 3145 665 3211 gati;
697 3145 845 3198 aliter
876 3147 1096 3213 praelati,
1127 3146 1276 3198 aliter
1305 3143 1497 3197 subditi
1524 3138 1745 3194 docendi
1776 3144 1917 3192 sunt.
1949 3136 2078 3200 Qua:

531 3245 704 3289 tamen
735 3249 852 3288 vasa
879 3237 1052 3289 omnia
1083 3236 1146 3287 ad
1179 3249 1409 3288 mensam
1441 3231 1787 3294 tabernaculi,
1813 3227 1986 3282 omnia
2015 3228 2078 3280 ad

531 3321 799 3377 offerenda
845 3321 1092 3375 libamina
1135 3322 1429 3390 pertinent,
1463 3321 1580 3386 quia
1611 3331 1934 3383 qnzecunque
1963 3330 2084 3383 prti-

531 3413 665 3465 dens
705 3413 889 3465 doctor
912 3413 1116 3464 diversa
1162 3426 1254 3479 pro
1295 3411 1600 3464 diversitate
1644 3407 1964 3462 audientium
2008 3405 2086 3458 lo-

535 3499 733 3566 quitur,
763 3501 1002 3554 universa
1035 3501 1084 3553 itt
1111 3501 1285 3569 regula
1312 3515 1476 3553 sacra:
1505 3498 1787 3562 Scriptura?
1814 3495 2087 3565 reperiun-

537 3600 651 3654 tur,
689 3600 844 3655 atque
874 3593 937 3642 ad
969 3592 1235 3646 oll’erenda
1271 3591 1492 3646 Domino
1520 3601 1639 3644 vota
1671 3590 1926 3644 bonorum
1961 3602 2088 3657 ope-

537 3691 652 3728 runt
685 3677 842 3731 corda
869 3679 1099 3733 excitant
1127 3679 1443 3734 auditorum.
1469 3679 1596 3745 Qum
1622 3677 1866 3732 videlicet
1892 3690 2088 3744 Oppor-

543 3777 666 3820 tuna
705 3766 982 3820 diversitas
1024 3777 1220 3821 sanctte
1259 3766 1645 3836 pradicationis
1684 3769 1845 3835 ipsius
1886 3765 2089 3820 Domini

539 3870 633 3910 ore
658 3854 1050 3923 designabatur.
1079 3871 1199 3909 cum
1229 3855 1427 3911 diceret
1453 3873 1466 3909 :
1501 3856 1625 3921 Quis
1651 3865 1796 3921 putas
1825 3866 1897 3908 est
1928 3855 2092 3919 ﬁdelis

539 3946 854 4010 dispensator
881 3954 927 3999 et
957 3945 1192 4012 prudens,
1215 3962 1363 4015 quem
1393 3946 1646 3999 constituit
1678 3944 1920 3997 Dominus
1946 3957 2095 4009 super

542 4035 792 4103 familiam
823 4052 984 4099 suam,
1027 4046 1082 4089 ut
1118 4040 1198 4088 det
1225 4036 1329 4090 illis
1368 4037 1420 4089 in
1461 4045 1679 4105 tempore
1716 4033 1864 4085 tritici
1892 4046 2095 4083 mensu-

543 4140 657 4176 ram
688 4122 1113 4194 (Matth.'sxtv)‘l
1142 4125 1436 4182 blensuram
1471 4128 1664 4195 quippe
1697 4123 1852 4178 tritici
1879 4134 2087 4176 conser-

546 4216 629 4266 vis
666 4214 757 4267 dat
797 4217 847 4268 in
890 4225 1127 4286 tempore
1173 4218 1340 4272 ﬁdelis
1379 4219 1710 4285 dispensator
1750 4225 1803 4269 et
1847 4212 2095 4280 prudens.

545 4302 759 4372 quando
782 4304 1049 4361 discretus
1073 4305 1214 4362 verbi
1255 4306 1496 4361 minister
1534 4319 1636 4358 non
1675 4303 1844 4359 solum
1892 4311 2099 4367 tempus

545 4404 904 4464 opportunum
934 4394 988 4450 in
1022 4395 1247 4449 dicendo
1273 4396 1546 4453 observat.
1573 4407 1752 4445 verum
1782 4393 1939 4443 etiam
1971 4405 2099 4456 qua-

550 4487 751 4542 litatem
779 4498 1096 4552 sensumque
1122 4482 1419 4536 auditorum
1451 4479 1726 4547 diligenter
1750 4476 2008 4543 exquirit,
2040 4485 2092 4527 et

550 4580 696 4645 iuxta
713 4576 1014 4631 distantiam
1033 4573 1188 4642 ltujus
1207 4571 1420 4626 modum
1443 4570 1522 4624 sui
1546 4567 1805 4623 sermoois
1826 4573 2098 4632 temperat.

624 4667 688 4717 Et
716 4682 867 4732 pones
885 4680 1035 4733 super
1058 4679 1278 4722 mensam
1302 4676 1452 4730 panes
1482 4657 1852 4726 propositionis,
1874 4664 1973 4708 etc.
2011 4654 2104 4706 l'a-

554 4769 654 4807 nes
683 4755 1052 4822 propositionis
1095 4769 1253 4819 super
1293 4765 1526 4806 mensam
1571 4748 1722 4817 positi
1755 4762 1982 4814 semper,
2013 4745 2104 4797 do-

555 4855 734 4895 ctores
777 4851 899 4895 sunt
944 4826 1387 4912 spirituales,‘qui
1437 4842 1488 4894 in
1533 4839 1646 4909 lege
1688 4839 1890 4892 Domini
1922 4838 2006 4891 die
2043 4849 2105 4889 ac

559 4939 718 4983 nocte
758 4929 1090 4993 meditantes.
1121 4932 1323 4987 cunctis
1357 4930 1642 4986 Ecclesium
1683 4927 1996 4982 intrantibus
2024 4941 2107 4978 re-

561 5021 846 5075 fectionem
878 5018 1018 5074 verbi
1060 5022 1289 5076 ctelestis
1316 5021 1562 5076 oll'erunt.
1596 5020 1692 5087 Qui
1725 5028 1866 5072 recte
1910 5028 2101 5086 propo-

561 5111 768 5166 sitionis
808 5125 966 5181 panes
1007 5119 1274 5173 vocantur,
1318 5111 1435 5176 quia
1485 5112 1536 5164 in
1583 5108 1856 5178 propatulo
1897 5116 2105 5169 semper

562 5219 683 5258 esse
708 5203 863 5258 debet
904 5200 1164 5256 universis
1206 5199 1444 5252 ﬁdelibus
1473 5213 1645 5252 sermo
1685 5197 1905 5261 salutis,
1938 5204 2106 5259 neque

571 5309 798 5363 unquam
831 5295 881 5347 in
915 5293 1148 5346 Ecclesia
1177 5289 1362 5343 deesse
1404 5295 1608 5353 oportet
1647 5288 1746 5354 piis
1785 5283 2108 5340 auditoribus

574 5383 788 5437 verbum
811 5381 1004 5442 Sttlalii,
1027 5378 1161 5446 quod
1190 5375 1436 5446 Dominus
1465 5389 1555 5441 per
1584 5388 1849 5439 prmeones
1873 5369 2112 5427 veritatis

571 5469 773 5523 mundo
802 5482 1118 5537 proponens,
1156 5467 1206 5519 in
1236 5440 1518 5531 conspectu
1558 5473 1654 5513 suo
1696 5474 1900 5526 semper
1941 5474 2112 5526 appa-

579 5553 736 5618 rere.‘
767 5567 820 5612 et
864 5572 1025 5625 usque
1065 5557 1127 5609 ad
1171 5556 1323 5608 linem
1370 5552 1576 5614 saculi,
1631 5550 1710 5602 ltis
1752 5549 1838 5614 qui
1881 5551 2118 5602 esurlunt

576 5653 632 5694 et
678 5641 859 5693 sitiunt
905 5642 1193 5708 justitiam,
1249 5641 1572 5695 incessanter
1620 5634 1886 5690 abundare
1934 5635 2115 5688 voluit.

577 5729 650 5781 De
683 5728 762 5781 bis
789 5731 1004 5797 panibus
1038 5732 1089 5785 in
1133 5731 1414 5786 chiticum
1457 5725 1694 5799 plenius,
1725 5731 1854 5795 quot.
1904 5732 1953 5778 et
1982 5737 2120 5792 qua-

2164 1947 2224 2000 de
2266 1947 2482 2013 quinque
2509 1945 2720 2014 panibus
2771 1943 2987 2012 quinque
3028 1940 3248 1993 millibus
3283 1938 3563 1997 hominum,
3623 1935 3715 2002 ipsi

2163 2037 2469 2104 collegerunt
2512 2033 2780 2086 duodecim
2819 2030 3059 2101 cophinos
3098 2030 3496 2099 fragmetttorunt
3526 2022 3710 2093 (Marc.

2167 2142 2236 2188 Vl,
2269 2126 2388 2178 Luc.
2417 2140 2487 2187 Is,
2511 2124 2666 2176 Joan.
2699 2121 2773 2190 vt)
2803 2139 2815 2174 :
2848 2123 2964 2188 quia
2991 2121 3233 2173 nimirum
3267 2117 3633 2185 apostolorum
3664 2124 3714 2166 et

2165 2215 2578 2282 apostolicorom
2613 2211 2847 2264 virorum
2876 2221 2977 2272 est,
3002 2225 3060 2263 ea
3086 2223 3203 2277 quae
3233 2208 3402 2259 turba:
3429 2212 3710 2271 nequeunt,

2165 2310 2554 2375 Scripturarum
2611 2314 2938 2358 sacramenta
2989 2315 3196 2368 capere.
3253 2296 3541 2350 Duodecim
3593 2308 3713 2359 ergo

2168 2410 2328 2466 panes
2354 2397 2402 2446 in
2433 2408 2613 2446 mensa
2654 2391 3001 2452 tabernaculi,
3025 2387 3298 2440 duodecim
3323 2397 3440 2437 sunt
3476 2382 3714 2450 apostoli,

2168 2493 2222 2538 et
2264 2496 2448 2536 omnes
2478 2480 2734 2532 doctrinm
2789 2479 2995 2531 illorum
3044 2487 3299 2542 sequaces
3354 2471 3405 2523 in
3462 2468 3713 2522 Ecclesia.

2168 2572 2268 2638 Qui
2293 2570 2544 2638 quoniam
2574 2582 2738 2636 usmte
2766 2567 2830 2619 ad
2857 2565 3365 2619 consummationem
3395 2558 3592 2620 sa-culi,
3625 2573 3715 2623 po-

2173 2661 2349 2729 pulum
2377 2659 2465 2712 Dei
2497 2657 2759 2710 alimoniis
2787 2655 2930 2709 verbi
2955 2653 3172 2707 reticere
3209 2665 3313 2704 non
3336 2649 3604 2708 desinunt,
3635 2661 3716 2714 pa-

2174 2772 2265 2810 nes
2309 2753 2586 2809 duitdecim
2647 2749 3020 2820 propositionis
3091 2760 3358 2812 nunquam
3422 2745 3490 2796 de
3542 2754 3718 2794 mensa

2177 2846 2381 2901 Domini
2407 2844 2680 2899 recedunt.
2707 2841 2769 2894 Et
2789 2841 2923 2894 bene
2939 2838 3093 2891 iidem
3115 2849 3277 2904 panes
3299 2832 3481 2886 nonde
3499 2831 3721 2899 qualibet

2177 2935 2366 2998 farina,
2391 2932 2481 2987 sed
2513 2931 2580 2986 de
2616 2931 2789 2986 simila
2822 2928 2930 2980 licri
2959 2926 3205 2993 jubentur
3239 2941 3252 2975 :
3304 2922 3426 2989 quia
3481 2921 3719 2972 nimirum

2176 3030 2472 3097 quicunque
2499 3025 2616 3078 aliis
2643 3022 2858 3076 verbum
2891 3021 3010 3070 vitm
3039 3017 3363 3077 ministrant,
3395 3012 3569 3078 primo
3590 3011 3721 3077 ipsos

2183 3129 2399 3170 necesse
2420 3123 2502 3166 est
2526 3113 2774 3164 virtutum
2805 3105 3040 3174 frugibus
3060 3118 3269 3170 operam
3298 3099 3450 3164 dare,
3475 3107 3724 3165 quatenus

2105 3184 2155 3248 θ
2183 3225 2245 3264 ea
2275 3221 2392 3276 qua:
2421 3203 2757 3274 praedicando
2785 3200 3092 3259 admouent,
3126 3195 3284 3247 etiam
3303 3191 3563 3248 ~faciendo
3590 3204 3722 3243 com-

2185 3297 2459 3360 mendent,
2497 3288 2811 3361 eonligurati
2857 3285 3113 3353 exemplis
3143 3284 3282 3336 illius
3314 3283 3406 3350 qui
3435 3280 3504 3335 de
3547 3290 3727 3333 scatet-

2186 3390 2299 3456 ipso
2336 3387 2448 3440 ait:
2487 3383 2602 3437 Nisi
2657 3395 2868 3451 granum
2909 3375 3166 3446 frumenti,
3193 3373 3379 3424 cadens
3427 3372 3479 3422 in
3531 3379 3727 3424 terrain.

2187 3489 2435 3532 mortuum
2467 3476 2637 3544 fuerit,
2661 3472 2826 3540 ipsum
2856 3469 3018 3521 solum
3048 3475 3209 3515 manet
3241 3459 3423 3527 (Joan.
3458 3458 3576 3527 xu).
3604 3458 3729 3509 Bene

2188 3571 2343 3626 etiam
2396 3568 2551 3621 iidt-m
2596 3576 2758 3633 panes
2806 3560 2916 3614 seni
2946 3557 3257 3610 altrinsecus
3309 3567 3472 3618 super
3508 3563 3728 3601 mensam

2189 3660 2346 3716 διειιυί
2372 3633 2765 3727 prmcipiuntur,
2791 3657 3002 3718 propter
3023 3643 3356 3698 concordiam
3388 3641 3598 3694 scilicet
3618 3636 3733 3690 eba-

2192 3752 2359 3807 ritatis
2383 3763 2433 3803 et
2459 3745 2755 3809 societatis,
2808 3755 2927 3795 nam
2956 3746 3009 3793 et
3037 3735 3289 3789 Dominus
3312 3730 3468 3785 binos
3499 3730 3566 3782 ad
3599 3741 3726 3794 pr:-

2191 3841 2472 3897 tlicandnm
2513 3835 2814 3903 discipulos‘
2830 3830 3036 3886 misisse
3069 3825 3415 3894 perhibetur:
3452 3821 3732 3888 ﬁguraliter

2195 3934 2481 3992 insinuans,
2510 3928 2627 3995 quia
2656 3925 2821 3979 sancti
2853 3923 3095 3976 doctores
3120 3930 3381 3982 nunquam
3413 3913 3733 3970 abinvicr'a,

2195 4023 2276 4075 vel
2307 4021 2359 4073 in
2386 4018 2678 4070 assertione
2728 4010 2996 4072 veritatis,
3016 4007 3095 4059 vel
3125 4008 3175 4057 in
3209 4002 3399 4057 el'l‘ectu
3438 3998 3734 4053 dilectionis

2197 4111 2516 4174 discrepant.
2564 4100 2716 4168 Quod
2747 4110 2923 4152 autem
2965 4109 3123 4161 super
3153 4104 3314 4158 panes
3339 4089 3463 4142 thus
3485 4086 3737 4140 lucidissi-

2199 4215 2339 4253 mttm
2369 4196 2594 4264 ponitur,
2611 4192 2853 4244 virtutem
2873 4185 3125 4241 orationis
3145 4180 3407 4249 designat,
3438 4179 3562 4246 qu‘a
3584 4174 3734 4230 iidem

2197 4262 2439 4343 doctores
2464 4299 2570 4337 sua:
2597 4281 2943 4333 ministerium
2971 4266 3382 4343 prtdicationis,
3405 4265 3564 4320 simul
3587 4262 3737 4317 etde-

2200 4379 2459 4430 vutionem
2487 4372 2662 4438 operis
2697 4369 2915 4423 Domino
2943 4360 3331 4419 commendant.
3356 4358 3486 4411 Nam
3511 4371 3606 4424 per
3625 4354 3739 4405 tlins

2201 4468 2489 4517 orationem
2521 4460 2779 4525 designati
2830 4463 3049 4510 testatur
3098 4448 3391 4508 Psalmista,
3427 4445 3516 4512 qui
3571 4442 3735 4496 dicit:

2130 4525 2176 4582 θ
2208 4556 2470 4621 Dirigatur
2507 4554 2669 4606 oratio
2702 4566 2811 4602 mea
2846 4548 2972 4600 sicut
3002 4547 3255 4597 incensum
3283 4540 3335 4591 in
3360 4547 3631 4602 conspectu
3660 4545 3740 4586 tuo

2205 4643 2370 4708 (l’sal.
2401 4643 2540 4708 cn).
2593 4642 2657 4694 Et
2701 4640 2819 4693 tlms
2866 4634 3238 4689 lucidissintnm
3269 4643 3426 4695 super
3457 4641 3625 4694 partes
3653 4639 3739 4690 po.

2206 4735 2346 4788 nitur
2377 4735 2424 4786 in
2453 4732 2834 4785 monimentum
2857 4719 3138 4779 oblationis
3161 4715 3385 4778 Domini,
3413 4714 3629 4782 quando
3651 4715 3741 4776 pizc

2206 4833 2504 4879 sanctorum
2524 4817 2715 4872 actioni
2737 4833 2797 4870 ac
2817 4814 3066 4868 doctrinae
3089 4807 3257 4861 oratio
3287 4818 3413 4874 pora
3441 4800 3744 4866 superaddi-

2208 4927 2312 4978 tur,
2326 4928 2430 4981 quo
2445 4927 2536 4978 per
2558 4911 2670 4963 bzec
2686 4920 2901 4974 utraque
2922 4904 3021 4958 rite
3041 4901 3257 4960 sociata,
3271 4909 3482 4960 semper
3498 4889 3747 4943 memoria

2205 5021 2369 5059 sacra:
2397 4999 2678 5055 oblationis
2701 4998 2750 5052 in
2767 5003 3049 5061 conspectu
3069 4987 3260 5042 summi
3278 4983 3459 5036 arbitri
3480 4987 3748 5046 appareat.

2211 5095 2348 5148 liene
2367 5103 2538 5147 autem
2571 5105 2662 5158 per
2685 5085 2885 5155 singula
2905 5082 3120 5136 sabbata
3139 5091 3301 5147 panes
3331 5086 3506 5126 coram
3533 5068 3750 5122 bonum

2208 5186 2400 5243 mutari
2432 5185 2781 5242 mandantur;
2812 5189 2974 5246 panes
3025 5183 3250 5236 namque
3278 5166 3367 5235 qui
3397 5179 3490 5232 per
3518 5179 3618 5218 sex
3649 5163 3752 5218 dies

2209 5275 2459 5344 operandi
2487 5276 2537 5327 in
2563 5286 2742 5327 mensa
2778 5263 2982 5321 Domini
3005 5262 3211 5314 fuerant
3231 5254 3406 5325 positi,
3431 5254 3660 5308 sabbato
3677 5267 3756 5306 no-

2213 5367 2292 5420 bis
2322 5375 2749 5430 mutanturhcum
2781 5361 3023 5412 doetores
3049 5350 3240 5418 quique
3267 5354 3462 5401 sancte
3486 5344 3754 5402 Ecclesia,

2213 5458 2474 5524 completo
2503 5466 2738 5523 tempore
2764 5449 2842 5506 sui
2865 5443 3030 5500 sancti
3063 5438 3277 5503 Iabmis,
3311 5449 3508 5492 :eterna
3539 5439 3596 5491 in
3619 5433 3755 5490 etatis

2172 5561 2174 5563 ‘
2215 5545 2393 5612 quiete
2433 5548 2859 5601 remunerantur,
2887 5543 2940 5589 et
2959 5533 3089 5584 alios
3115 5537 3235 5596 post
3262 5543 3321 5582 se
3348 5528 3400 5580 in
3449 5525 3597 5580 idem
3635 5532 3758 5592 opus

2218 5611 2486 5684 laborandi
2507 5630 2558 5682 in
2583 5631 2763 5692 verbo,
2787 5624 2884 5680 sub
2905 5618 3138 5690 ejusdem
3168 5629 3262 5681 spe
3291 5611 3664 5669 retributionis
3685 5622 3757 5659 re-

2222 5722 2484 5788 l'tuquuut.
2510 5721 2700 5788 Sicque
2727 5720 2783 5773 tit
2811 5725 2866 5773 ut
2892 5724 3072 5769 mensa
3097 5705 3300 5761 Domini
3323 5714 3596 5774 nunquam
3626 5696 3762 5766 panis
